3076 5025
1239 319 1370 386 Lm.
1413 319 1508 387 111,
1548 319 1702 375 CAP.
1741 319 1916 375 XLW.
2667 322 2763 375 311

340 454 453 498 nec
476 439 682 498 omnia
708 439 1009 498 intellecta
1036 439 1403 520 speculativa
1430 439 1612 497 simul
1645 445 1884 511 accepta
1910 440 2225 513 adaequant
2251 438 2417 497 illam
2457 439 2768 510 perfectio-

341 524 478 568 nem
509 510 849 567 intellectus
879 515 1113 582 agentis
1164 510 1493 567 secundum
1565 511 1684 567 uod
1713 510 1991 582 intelligit
2036 511 2406 568 substantias
2435 515 2762 581 separataS‚

337 595 478 640 cum
509 580 714 638 omnia
741 581 868 638 haec
896 594 1018 638 non
1048 580 1171 638 sint
1214 580 1532 652 intelligibi
1562 581 1621 637 ia
1660 580 1778 636 nisi
1816 581 1878 637 in
1921 585 2208 652 quantum
2236 585 2378 637 sunt
2412 578 2564 636 facta
2591 579 2765 636 intel-

340 653 520 710 lecta.
556 650 661 707 Illa
693 665 831 708 vero
860 656 1001 708 sunt
1045 649 1448 722 intelligibilia
1492 651 1824 707 secundum
1872 665 2042 709 suam
2091 656 2382 707 naturam.
2413 652 2542 708 Nou
2584 649 2766 721 igitur

339 736 446 794 per
472 721 587 779 hoc
619 721 779 803 quod
808 721 1011 779 omnia
1039 720 1406 792 speculativa
1432 720 1838 792 intelligibilia
1858 721 2142 788 sciemuS,
2166 719 2464 791 oportebit
2497 721 2653 788 quod
2683 721 2768 779 ita

339 791 598 865 perfecte
627 792 964 850 intellectus
999 805 1186 865 agens
1221 789 1325 849 fiat
1370 790 1548 848 nobis
1577 792 1770 848 forma
1793 791 1952 864 quod
1978 805 2085 863 per
2128 791 2325 861 ipsum
2355 790 2766 862 intelligamus

342 861 711 921 substantias
740 866 1064 933 separatas.
1093 861 1197 919 Vel
1227 861 1280 920 si
1329 861 1443 920 hoc
1490 875 1613 919 non
1648 862 1989 934 requiritur,
2020 860 2311 932 oportebit
2354 860 2553 917 dicere
2606 861 2766 932 quod

341 933 732 1006 intelligendo
763 932 1072 1005 quodlibet
1097 931 1496 1005 intelligibile,
1527 931 1924 1005 intelligimus
1953 930 2324 991 substantias
2349 935 2672 1002 separatas.

1307 1169 1561 1233 CAPUT
1600 1168 1808 1233 XLIV.

344 1369 498 1424 QUOD
535 1369 754 1414 mmm.
786 1365 1087 1413 me'rAs
1117 1367 1362 1413 HOMINIS
1390 1367 1510 1414 NON
1558 1366 1855 1414 GONSISTIT
1886 1367 1950 1412 IN
1986 1365 2337 1413 GOGNITIONE
2388 1367 2772 1416 suns'rfflta-

607 1458 731 1503 lttm
763 1456 1218 1514 smm'rmmt,
1257 1455 1496 1509 oum
1527 1455 1851 1502 PRAEDIGTAE
1888 1455 2192 1502 OPINIONES
2226 1456 2498 1502 meum.

415 1641 544 1697 Non
576 1642 669 1695 est
698 1643 896 1696 autem
925 1635 1216 1708 possibile
1247 1635 1588 1693 felicitatem
1618 1636 1942 1693 humanam
1972 1635 2037 1693 in
2080 1636 2182 1693 tali
2241 1637 2586 1708 cognitione
2629 1639 2770 1698 sub-

323 1710 701 1768 stantiarum
759 1713 1163 1779 separatarum
1222 1720 1463 1778 ponere,
1493 1706 1653 1765 sicut
1704 1706 1968 1777 praedicti
2017 1705 2364 1779 philosophi
2421 1716 2770 1780 posuerunt,

345 1795 564 1838 vanum
592 1778 751 1836 enim
797 1783 889 1835 est
930 1777 1232 1858 quodest
1274 1777 1349 1834 ad
1391 1777 1569 1835 finem
1622 1791 1797 1849 quem
1846 1790 1969 1836 non
2012 1783 2213 1848 potest
2258 1779 2571 1852 consequi.
2625 1781 2770 1838 Cum

347 1851 532 1932 igitur
570 1848 710 1907 finis
741 1849 1007 1907 hominis
1036 1847 1117 1906 sit
1145 1847 1399 1906 felicitas
1423 1847 1488 1903 in
1531 1862 1710 1927 quam
1756 1847 1945 1905 tendit
1991 1848 2260 1906 naturale
2306 1849 2500 1918 ipsius
2539 1850 2772 1908 deside·

354 1936 532 1991 rium,
565 1934 688 1977 non
717 1923 910 1990 potest
941 1920 1083 1989 poni
1115 1918 1367 1976 felicitas
1398 1916 1663 1974 hominis
1691 1918 1747 1974 in
1796 1932 1867 1975 eo
1915 1918 1989 1975 ad
2027 1918 2187 1990 quod
2237 1919 2416 1976 homo
2466 1922 2775 1991 pervenire

350 2006 470 2049 nou
503 1997 719 2062 potest,
751 1990 1018 2061 alioquin
1055 1993 1404 2060 sequeretur
1431 1988 1589 2060 quod
1622 1990 1803 2045 homo
1834 1993 1995 2046 esset
2022 1988 2086 2045 in
2123 2003 2364 2059 vanum,
2397 1994 2454 2046 et
2505 1992 2771 2048 naturale

349 2063 483 2143 ejus
512 2061 879 2119 desiderium
907 2065 1069 2117 esset
1112 2060 1312 2116 inane.
1342 2059 1512 2128 Quod
1560 2065 1651 2116 est
1697 2059 2093 2129 impossibile.
2126 2060 2295 2128 Quod
2345 2066 2542 2118 autem
2598 2061 2770 2118 intel-

354 2135 537 2205 ligere
567 2130 940 2189 substantias
969 2135 1273 2202 separatas
1306 2130 1536 2186 homini
1565 2130 1644 2186 sit
1672 2130 2047 2201 impossibile
2077 2131 2409 2188 secundum
2458 2132 2771 2202 praedictas

349 2204 706 2275 positiones,
733 2216 806 2257 ex
835 2200 1011 2258 dictis
1062 2206 1154 2258 est
1202 2201 1608 2258 manifestum.
1639 2201 1766 2256 Non
1818 2205 1908 2258 est
1954 2200 2137 2272 igitur
2171 2201 2233 2257 in
2277 2201 2380 2259 tali
2428 2202 2773 2274 cognitione

350 2273 821 2333 substantiarum
848 2277 1252 2343 separatarum
1283 2271 1537 2328 felicitas
1566 2271 1831 2328 hominis
1860 2270 2205 2327 constituta.

422 2348 709 2406 Praeterea,
742 2342 816 2399 ad
847 2342 962 2399 hoc
1004 2341 1160 2413 quod
1206 2342 1547 2398 intellectus
1590 2353 1776 2412 agens
1826 2341 2069 2397 uniatur
2117 2339 2293 2397 nobis
2342 2346 2407 2397 ut
2456 2341 2666 2411 forma,
2693 2342 2777 2401 ita

351 2415 514 2488 quod
566 2427 670 2485 per
719 2413 916 2483 ipsum
965 2411 1152 2468 intelli
1201 2425 1373 2468 amus
1421 2411 1791 2468 substantias
1838 2416 2173 2480 separataS‚
2224 2425 2283 2467 re
2330 2411 2545 2468 uiritur
2617 2412 2776 2484 quod

353 2484 661 2559 generatio
691 2483 1029 2540 intellectus
1059 2482 1122 2539 in
1160 2426 1374 2540 ffiabitu
1419 2481 1499 2539 sit
1544 2481 1859 2552 completa,
1890 2480 2220 2561 secundum
2250 2484 2296 2537 A
2322 2482 2646 2561 exandrum
2674 2483 2777 2555 (De

351 2557 557 2614 anima
576 2554 876 2625 paraphr„
896 2552 999 2611 lib.
1029 2566 1120 2621 111,
1149 2557 1289 2609 text.
1321 2566 1536 2609 comm.
1575 2551 1685 2622 36),
1719 2550 1807 2607 vel
1837 2551 1996 2623 quod
2024 2564 2228 2608 omnia
2252 2551 2619 2623 speculativa
2657 2554 2783 2611 sint

353 2627 512 2685 sacta
541 2626 601 2683 in
625 2625 801 2683 nobis
823 2625 883 2681 in
905 2623 1406 2693 actu,secundum
1426 2628 1771 2689 Averroem3
1800 2635 1932 2693 quae
1955 2621 2073 2679 duo
2094 2621 2157 2678 in
2173 2621 2330 2679 idem
2351 2621 2617 2680 redeunt.
2633 2626 2780 2682 Nam

356 2695 685 2756 secundum
713 2696 828 2752 hoc
859 2693 1198 2750 intellectus
1228 2694 1291 2772 in
1319 2693 1526 2749 habitu
1556 2697 1872 2773 generatur
1900 2691 1962 2748 in
2010 2691 2207 2761 nobis,
2240 2693 2569 2751 secundum
2617 2695 2781 2767 quod

353 2767 654 2825 intellecta
681 2764 1047 2836 speculativa
1071 2762 1222 2820 fiunt
1249 2777 1314 2819 in
1344 2763 1520 2820 nobis
1552 2776 1613 2819 in
1639 2768 1794 2819 actu.
1826 2762 2049 2819 Omnes
2079 2769 2277 2819 autem
2308 2764 2542 2832 species
2575 2779 2774 2823 rerum

356 2837 736 2897 sensibilium
771 2840 914 2893 sunt
939 2833 1254 2891 intellectae
1283 2834 1348 2889 in
1397 2833 1680 2904 potentia.
1709 2831 1811 2911 Ad·
1840 2832 1953 2889 hoc
2002 2831 2186 2905 igitur
2228 2833 2387 2904 quod
2439 2834 2777 2893 intellectus

355 2922 546 2981 agens
575 2907 887 2977 copuletur
911 2905 1114 2973 alicui,
1142 2909 1374 2975 oportet
1416 2903 1578 2975 quod
1624 2901 1919 2983 intelligat
1967 2902 2028 2958 in
2074 2908 2209 2960 actu
2256 2917 2362 2974 per
2410 2904 2775 2964 intellectum

360 2978 788 3051 speculativum
827 2990 1039 3034 omnes
1088 2981 1332 3032 naturas
1380 2988 1577 3030 rerum
1632 2972 2123 3053 sensibilium-et
2168 2986 2378 3032 omnes
2422 2975 2671 3034 virtutes
2722 2982 2782 3033 et

360 3049 737 3121 operationes
767 3052 822 3104 et
852 3051 1052 3104 motus
1080 3059 1307 3102 eorum.
1338 3045 1508 3113 Quod
1540 3057 1662 3100 non
1692 3049 1784 3101 est
1826 3042 2116 3114 possibile
2160 3044 2421 3117 aliquem
2472 3046 2778 3104 hominem

360 3120 515 3179 scire
545 3134 650 3190 per
673 3117 968 3199 principia
1017 3116 1402 3174 scientiarum
1452 3115 1972 3196 speculativarum,
2002 3128 2109 3186 per
2150 3129 2301 3187 quas
2351 3129 2659 3173 movemur
2706 3116 2782 3174 ad

361 3191 873 3249 continuationem
923 3186 1261 3244 intellectus
1305 3192 1562 3258 agentis,
1612 3191 1679 3242 ut
1727 3185 1841 3257 ipsi
1892 3184 2119 3254 dicunt,
2168 3200 2306 3243 cum
2353 3200 2424 3243 ex
2485 3187 2582 3244 his
2647 3202 2780 3259 quae

360 3260 586 3319 nostris
634 3259 918 3317 sensibus
964 3257 1243 3326 subsunt,
1288 3272 1361 3314 ex
1410 3255 1630 3329 quibus
1682 3261 2002 3313 sumuntur
2049 3255 2344 3327 principia
2394 3257 2781 3315 scientiarum

362 3331 886 3404 speculativarum,
919 3342 1040 3386 non
1072 3328 1266 3400 possit
1352 3328 1604 3384 erveniri
1634 3326 1704 3383 ad
1753 3326 1959 3384 omnia
2000 3326 2282 3398 praedicta
2336 3327 2776 3398 cognoscenda.

361 3405 464 3460 Est
485 3401 668 3474 igitur
691 3400 771 3456 im
817 3398 1068 3457 ossibile
1092 3398 1251 3472 quod
1280 3413 1317 3455 a
1342 3398 1500 3471 iquis
1530 3397 1714 3455 homo
1741 3398 1815 3455 ad
1842 3397 2008 3454 illam
2038 3397 2547 3455 continuationem
2578 3412 2783 3480 perve-

361 3472 487 3531 niat
509 3485 620 3553 per
648 3484 747 3528 mo
793 3484 893 3528 um
927 3469 1001 3526 ab
1032 3469 1120 3550 eis
1147 3468 1272 3551 assi
1321 3475 1546 3549 natum.
1580 3471 1713 3525 Non
1740 3473 1833 3526 est
1861 3467 2047 3541 igitur
2071 3467 2362 3540 possibile
2391 3468 2552 3540 quod
2582 3483 2645 3526 in
2674 3469 2781 3526 tali

361 3542 814 3602 continuatione
843 3541 923 3598 sit
953 3540 1217 3601 hominis
1247 3538 1301 3595 se
1328 3544 1520 3597 icitas.

431 3612 650 3679 Adhuc,
681 3611 819 3669 dato
861 3610 1020 3683 quod
1071 3610 1207 3667 talis
1253 3608 1625 3666 continuatio
1668 3608 1935 3666 hominis
1983 3608 2058 3665 ad
2098 3608 2466 3666 intellectum
2494 3613 2771 3679 agentem

370 3682 450 3740 sit
473 3682 809 3753 possibilis,
839 3680 1078 3753 qualem
1107 3680 1221 3752 ipsi
1272 3679 1637 3748 describunt,
1676 3678 1920 3750 planum
1969 3683 2082 3749 est,
2113 3679 2273 3751 quod
2314 3679 2453 3736 talis
2498 3680 2781 3750 perfectio

366 3752 751 3823 paucissimis
801 3751 1114 3809 hominum
1163 3750 1400 3808 advenit
1444 3750 1508 3806 in
1561 3756 1789 3806 tantum
1839 3748 1999 3822 quod
2052 3762 2162 3807 nec
2211 3749 2350 3820 ipsi,
2400 3763 2509 3807 nec
2572 3750 2782 3823 aliqui,

369 3827 914 3894 quantumcumque
963 3821 1026 3878 in
1075 3818 1345 3879 scientiis
1396 3820 1781 3891 speculativis
1827 3818 2084 3877 studiosi
2132 3825 2191 3877 et
2233 3821 2427 3890 periti,
2460 3820 2593 3878 ausi
2642 3825 2787 3879 sunt

367 3892 549 3950 talem
577 3893 998 3963 perfectionem
1022 3892 1096 3949 de
1126 3905 1191 3947 se
1221 3888 1504 3962 profiteri.
1535 3891 1818 3958 Quinimo
1874 3903 2086 3948 omnes
2128 3889 2385 3961 plurima
2429 3906 2466 3949 a
2506 3904 2572 3949 se
2619 3906 2785 3950 asse-

371 3967 513 4019 runt
540 3962 832 4043 ignorata,
861 3963 1018 4020 sicut
1043 3960 1393 4019 Aristoteles
1417 3961 1835 4031 quadraturam
1879 3960 2110 4030 circuli,
2141 3965 2197 4017 et
2243 3963 2507 4020 rationes
2553 3963 2786 4021 ordinis

371 4032 707 4090 coelestium
754 4047 1092 4102 corporum,
1127 4033 1191 4088 in
1242 4031 1482 4103 quibus,
1510 4038 1577 4087 ut
1623 4032 1877 4102 ipsemet
1920 4030 2063 4088 dicit
2106 4031 2171 4087 in
2228 4034 2494 4091 secundo
2537 4037 2617 4090 De
2660 4035 2786 4090 coelo

377 4102 537 4174 (text.
568 4115 792 4182 comm2
818 4103 929 4174 61),
964 4101 1210 4160 nonnisi
1236 4101 1465 4172 topicas
1494 4101 1758 4158 rationes
1787 4100 2032 4158 reddere
2075 4105 2297 4180 potest.
2332 4106 2395 4157 Et
2428 4103 2569 4175 quid
2600 4105 2681 4161 sit
2722 4104 2786 4160 in

374 4172 465 4230 eis
492 4185 900 4229 necessarium
925 4177 1214 4230 eteorum
1245 4171 1598 4240 motoribuS,
1630 4172 1767 4229 aliis
1790 4175 2051 4228 reservat
2070 4184 2135 4226 in
2163 4170 2516 4232 duodecimo
2543 4175 2785 4243 Metapa.

375 4243 537 4315 (text.
557 4254 798 4305 comm„
822 4241 1218 4314 36).Felicitas
1244 4248 1443 4301 autem
1469 4247 1562 4299 est
1632 4242 1886 4300 uoddam
1918 4254 2236 4298 commune
2253 4240 2500 4312 bonum,
2533 4244 2605 4301 ad
2625 4242 2787 4315 quod

369 4313 579 4385 plures
606 4312 914 4383 pervenire
944 4319 1199 4384 possunt
1227 4313 1346 4371 nisi
1374 4313 1497 4370 sint
1542 4326 1609 4369 or
1690 4314 1753 4381 ti,
1788 4317 1850 4368 ut
1902 4310 2250 4369 Aristoteles
2294 4313 2439 4370 dicit
2481 4315 2541 4369 in
2590 4313 2783 4392 primo

372 4385 500 4441 Eth.
533 4382 688 4455 (cap.
741 4381 940 4464 ¹3).Et
993 4383 1108 4441 hoc
1162 4384 1341 4441 etiam
1369 4396 1573 4440 verum
1604 4387 1695 4439 est
1751 4380 1824 4439 de
1861 4380 2027 4438 omni
2078 4379 2197 4439 fine
2220 4383 2477 4441 naturali
2528 4381 2784 4450 alicujus

375 4454 621 4530 speciei,
639 4452 782 4529 quia
800 4465 1000 4524 ipsum
1016 4459 1466 4527 consequuntur
1483 4467 1557 4513 ea
1581 4466 1715 4527 quae
1730 4456 1872 4513 sunt
1888 4449 2056 4513 illius
2076 4452 2298 4527 speciei
2322 4458 2390 4514 ut
2404 4452 2469 4511 in
2485 4450 2781 4523 pluribus.
