3076 5025
1098 308 1233 367 Lm.
1272 308 1366 378 tv,
1402 309 1557 368 GAP.
1595 309 1769 369 LXXI.
2544 313 2645 370 607

211 427 357 488 dicit
380 428 544 486 enim
571 430 894 501 Apostolus
923 447 940 486 ε
968 432 1154 500 Neque
1176 431 1491 500 fornicarii,
1527 445 1701 500 neque
1720 429 1886 488 idolis
1927 434 2234 496 servientes,
2276 447 2449 505 neque
2492 432 2650 491 adul-

209 501 384 556 ter-i...
413 515 644 567 reanum
666 503 768 555 Dei
789 500 1160 571 possidebunt.
1203 503 1276 557 Et
1317 501 1429 557 haec
1477 501 1697 570 quidem
1733 503 1960 569 fuisti-55
2006 504 2102 559 sed
2145 504 2322 559 abluti
2366 505 2514 568 estis,
2551 504 2650 562 sed

208 571 543 639 sanctificati
568 572 714 633 estis,
738 572 835 627 sed
851 571 1146 641 justificati
1169 573 1319 640 estis,
1348 573 1410 625 in
1429 573 1645 627 nomine
1675 574 1895 629 Domini
1918 576 2096 628 nostri
2118 576 2246 631 Iesu
2273 574 2493 638 Christi,
2516 577 2651 632 etin

208 641 427 711 Spiritu
455 642 556 696 Dei
575 643 773 695 nostri.
801 643 854 712 (Ι
877 643 1024 710 Cor„
1050 654 1144 711 w,
1169 641 1341 713 941.)
1365 642 1743 699 Manifestum
1796 649 1890 701 est
1927 644 2104 701 etiam
2151 644 2310 718 quod
2358 644 2548 724 gratia
2584 644 2649 704 in

209 711 606 770 sacramentis
634 711 852 770 collata
895 716 1120 770 naturae
1161 711 1388 769 bonum
1415 725 1535 768 non
1568 712 1804 782 minuit,
1832 713 1938 771 sed
1977 719 2174 786 auget.
2227 716 2490 772 Pertmet
2538 729 2644 772 au-

208 785 333 839 tem
360 781 478 839 hoc
508 781 583 839 ad
606 781 832 839 bonum
861 787 1086 840 naturae
1108 782 1269 854 quod
1289 797 1328 841 a
1395 786 1597 841 eccato
1627 782 1973 843 reducibilis
2002 784 2080 842 sit
2116 783 2181 843 in
2208 790 2429 844 statum
2469 784 2649 857 justi-

207 851 342 921 tiae;
373 864 513 909 nam
539 853 807 922 potentia
832 851 906 910 ad
950 852 1174 911 honum
1205 864 1325 926 quo
1367 852 1504 910 dam
1541 852 1768 913 bonum
1810 859 1920 911 est.
1978 856 2007 911 Ι
2051 855 2186 925 ‘tur,
2242 856 2297 913 si
2336 857 2649 928 contingat

206 935 461 1048 peceare
497 928 639 993 post
676 922 932 996 gratiam
973 929 1336 996 perceptam,
1373 923 1574 985 adhuc
1590 922 1775 983 homo
1810 922 2010 984 reduc'
2058 925 2157 985 ilis
2185 925 2300 983 erit
2320 926 2395 985 ad
2424 931 2647 987 statum

234 1006 308 1052 us
337 1008 354 1049 ι
383 1007 476 1049 tae.

205 1006 230 1067 Ι
279 1064 504 1131 Adhuc,
534 1064 588 1122 si
617 1069 933 1136 peccantes
964 1069 1103 1136 post
1130 1064 1499 1137 Baptismum
1542 1062 1619 1122 ad
1659 1063 1911 1144 gratiam
1950 1065 2143 1125 redire
2190 1079 2315 1126 non
2363 1072 2642 1138 possunt,

169 1196 178 1206 ,
209 1133 444 1192 tollitur
471 1134 559 1192 eis
580 1147 721 1206 spes
748 1134 985 1192 salutis,
1012 1135 1354 1207 Desperatio
1387 1141 1585 1192 autem
1615 1140 1708 1192 est
1749 1148 1849 1194 via
1889 1134 1964 1194 ad
2011 1137 2196 1195 libere
2239 1138 2603 1208 peccandum
2628 1158 2644 1208 ;

213 1203 436 1262 dicitur
463 1206 626 1263 enim
655 1205 729 1263 de
756 1205 1114 1278 quibusdam
1144 1206 1304 1277 quod
1331 1205 1677 1276 desperantes
1698 1208 2004 1278 sanetipsos
2031 1207 2381 1264 tradiderant
2406 1208 2648 1280 impudi-

211 1276 375 1340 eitiae,
408 1277 471 1329 in
500 1278 865 1345 operationem
890 1275 1253 1333 immundities
1277 1279 1470 1345 omnis,
1499 1278 1562 1331 in
1600 1277 1917 1334 avaritiam.
1948 1277 2189 1349 (Ephes.
2221 1291 2306 1335 tv.
2336 1278 2447 1349 19.)
2493 1278 2648 1337 Peri-

215 1344 952 1474 ffilosissimadesttigitur
997 1345 1127 1407 baec
1170 1347 1417 1420 positio,
1461 1358 1595 1420 quae
1637 1345 1703 1404 in
1745 1351 1972 1409 tantam
2013 1348 2312 1409 sentinam
2367 1348 2645 1408 vitiorum

295 1429 493 1473 mines
521 1430 584 1473 in
634 1431 726 1474 ucl
759 1459 771 1472 .
2069 1467 2075 1473 .

283 1488 573 1551 Praeterea,
602 1493 916 1545 ostensum
941 1491 1036 1544 est
1061 1501 1245 1559 supra
1280 1488 1356 1559 (c.
1383 1485 1482 1559 70)
1524 1487 1689 1559 quod
1733 1486 1930 1562 gratia
1967 1488 2035 1547 in
2077 1489 2473 1548 sacramentis
2514 1503 2645 1562 per-

218 1561 393 1627 cepta
423 1571 544 1614 non
578 1557 889 1615 constituit
920 1556 1225 1616 hominem
1253 1557 1720 1629 impeccabilem.
1765 1559 1828 1616 Si
1872 1558 2059 1639 igitur
2140 1565 2237 1619 ost
2281 1561 2533 1632 gratiam
2582 1560 2647 1618 in

214 1628 612 1686 sacramentis
655 1632 991 1699 perceptam
1036 1641 1292 1703 peccans
1339 1627 1412 1685 ad
1458 1634 1681 1685 statum
1719 1628 1965 1699 ,iustitiae
2009 1642 2073 1687 rc
2118 1631 2202 1688 ire
2250 1643 2371 1687 non
2418 1636 2646 1703 posset,

209 1698 620 1826 Reticulosum
648 1704 810 1756 esset
835 1704 1210 1756 sacramenta
1235 1699 1575 1769 percipere;
1621 1699 1780 1770 quod
1819 1703 1979 1770 patet
2007 1713 2142 1758 esse
2189 1701 2643 1760 inconveniens.

212 1780 345 1896 don
397 1768 584 1894 igtitur
621 1768 1008 1841 peccantibus
1044 1773 1184 1842 post
1208 1776 1583 1828 sacramenta
1629 1776 1909 1842 percepta
1951 1770 2182 1831 reditus
2239 1771 2316 1831 ad
2352 1771 2646 1843 justitiam

254 1851 450 1911 enega
480 1852 570 1895 ur.

283 1909 408 1966 Hoc
464 1909 644 1966 etiam
701 1909 1051 1967 auctoritate
1105 1922 1294 1967 sacrae
1332 1909 1653 1980 scripturae
1689 1910 2095 1971 confirmatur.
2145 1911 2369 1971 Dicitur
2414 1912 2579 1971 enim
2629 1930 2642 1968 :

206 1980 398 2038 lilioli
415 1982 540 2043 mei,
575 1981 686 2035 haec
712 1980 886 2036 scribo
909 1980 1082 2049 vobis,
1108 1983 1174 2035 ut
1193 1995 1305 2035 non
1322 1982 1578 2049 peccatis.
1604 1980 1731 2049 Sed,
1758 1986 1812 2037 et
1831 1984 2032 2053 siquis
2065 1986 2390 2053 peccaverit,
2422 1983 2651 2038 advoca-

208 2054 329 2107 tum
356 2050 614 2105 habemus
647 2050 800 2121 apud
824 2053 1062 2120 Patrem,
1089 2051 1270 2106 Jesum
1293 2050 1567 2107 Christum
1578 2051 1831 2119 justum
1861 2056 1914 2108 et
1948 2056 2066 2123 ipse
2091 2057 2171 2108 est
2203 2055 2530 2124 propitiatio
2545 2068 2650 2123 pro

204 2123 452 2192 peccatis
475 2124 679 2177 nost-ris
707 2121 764 2191 (Ι
781 2122 1002 2184 Ιοαηη.,
1033 2134 1100 2189 11,
1136 2125 1186 2185 i,
1215 2120 1294 2193 2);
1325 2135 1457 2192 quae
1485 2121 1728 2193 quidem
1755 2122 1939 2180 verba
1959 2123 2343 2182 manifestum
2371 2131 2464 2181 est
2490 2121 2650 2195 quod

211 2190 496 2249 fidelibus
525 2191 646 2261 jam
676 2191 900 2249 renatis
921 2190 1426 2272 proponebantur.
1470 2192 1696 2249 Paulus
1747 2194 1925 2253 etiam
1975 2194 2280 2252 Corinthio
2328 2193 2649 2251 fornicario

209 2260 422 2319 scribit
451 2280 465 2318 2
497 2262 717 2331 Sufficit
743 2262 850 2331 illi,
881 2265 978 2331 qui
998 2262 1268 2332 ejusmodi
1292 2266 1388 2325 est,
1415 2261 1727 2331 objurgatio
1751 2264 1862 2321 haec
1893 2279 2014 2337 quae
2038 2268 2157 2334 fita
2174 2266 2454 2335 pluribus,
2479 2267 2564 2320 ita
2587 2267 2652 2321 ut

208 2348 240 2389 c
266 2334 542 2388 contrario
567 2336 745 2400 maqis
772 2333 1004 2400 donetis,
1045 2338 1099 2389 et
1138 2334 1486 2388 consolemini
1524 2331 1607 2403 (ΙΙ
1628 2333 1773 2402 Cor„
1814 2348 1883 2402 11,
1930 2338 1985 2401 6,
2027 2334 2108 2405 7);
2153 2343 2211 2391 et
2255 2335 2412 2391 infra
2458 2334 2601 2390 dicit
2632 2352 2645 2390 z

209 2402 455 2470 Gaudeo,
481 2419 589 2459 non
630 2405 763 2473 quia
803 2405 1113 2458 contristati
1153 2404 1281 2458 estis
1333 2401 1407 2456 ad
1443 2405 1823 2470 poenitentiam
1870 2403 1949 2473 (Π
1972 2402 2117 2465 Gor„
2146 2416 2277 2466 vm,
2308 2404 2385 2473 9);
2429 2403 2649 2462 dicitur

210 2474 394 2530 etiam
428 2488 442 2528 ε
477 2475 559 2528 Tu
585 2479 765 2529 autem
789 2474 1070 2541 fornicata
1091 2487 1145 2529 es
1171 2486 1292 2528 cum
1334 2471 1669 2527 amatoribus
1697 2472 1917 2540 multis,·
1945 2476 2127 2528 tamen
2153 2478 2414 2529 revertere
2442 2473 2519 2528 ad
2544 2488 2647 2544 me,

209 2544 354 2600 dicit
375 2546 637 2599 Dominus
666 2544 901 2614 (Jerem.,
923 2556 1014 2613 111,
1048 2543 1123 2614 t);
1148 2546 1208 2599 et
1237 2561 1253 2597 ε
1284 2542 1538 2598 Converte
1563 2556 1679 2605 nos,
1709 2545 1952 2613 Domine,
1980 2543 2149 2608 acite,
2173 2549 2225 2601 et
2255 2548 2645 2613 convertemur,-

206 2616 420 2671 imtova
445 2615 560 2669 dies
583 2618 813 2676 nostros,
844 2616 984 2669 sicut
1024 2627 1062 2668 a
1101 2613 1397 2682 principio·
1473 2611 1693 2679 Thr-en„
1721 2625 1782 2669 v.
1816 2613 1933 2683 21.)
1981 2615 2064 2670 Ex
2107 2613 2327 2686 quibus
2368 2614 2648 2674 omnibus

210 2690 460 2813 agparlet
486 2684 670 2757 quod,
699 2685 752 2742 si
782 2683 990 2742 fideles
1012 2687 1151 2754 post
1177 2682 1429 2756 gratiam
1482 2681 1614 2753 apsi
1630 2683 1873 2753 fuerint,
1894 2682 2108 2744 iterum
2130 2690 2289 2754 patet
2309 2684 2399 2742 eis
2419 2685 2645 2744 reditus

212 2768 252 2815 a
322 2769 392 2814 sa
422 2761 603 2812 utem.

288 2828 401 2882 Per
423 2824 542 2882 hoc
570 2828 768 2882 autem
798 2823 1138 2882 excluditur
1161 2838 1330 2882 error
1373 2825 1864 2894 Novatianorum,
1913 2824 2018 2897 qui
2070 2826 2457 2897 peccantibus
2510 2830 2650 2898 post

210 2896 587 2967 Baptismum
612 2895 1044 2968 indulgentiam
1074 2894 1466 2967 denegabant.
1497 2894 1805 2953 ponebant
1853 2903 2053 2976 autem
2082 2896 2178 2955 sui
2222 2895 2444 2955 erroris
2474 2909 2645 2956 occa·

210 2967 450 3026 sionem
483 2981 556 3023 ex
583 2979 655 3024 eo
684 2966 845 3038 quod
874 2965 1133 3023 dicitur:
1171 2966 1508 3035 Impossibile
1551 2969 1631 3022 est
1670 2980 1756 3021 eos
1802 2968 1900 3035 qui
1943 2967 2106 3023 semel
2149 2971 2278 3023 sunt
2321 2968 2645 3031 illuminati,

207 3040 573 3108 gustaverunt
599 3038 763 3092 etiam
789 3036 992 3092 donum
1013 3036 1234 3100 coeleste,
1262 3041 1314 3091 et
1335 3039 1633 3106 participes
1659 3037 1801 3103 tacti
1815 3040 1946 3091 sunt
1971 3037 2217 3106 Spiritus
2242 3042 2442 3102 sancti,
2466 3042 2651 3107 gusta·

206 3112 412 3164 verunt
438 3108 789 3165 nihilomnius
818 3108 1014 3162 bonum
1034 3108 1132 3162 Dei
1156 3108 1399 3175 verbum,
1423 3109 1758 3177 virtutesque
1801 3108 1988 3162 saeculi
2018 3110 2263 3179 venturi,
2303 3113 2357 3166 et
2399 3109 2651 3181 prolapsi

211 3183 369 3247 ami,
399 3193 591 3233 rursus
621 3180 880 3238 renovari
904 3177 982 3232 ad
1009 3179 1400 3248 poenitentiam.
1448 3177 1659 3249 (Helm,
1688 3189 1776 3240 vr,
1798 3181 1854 3245 4,
1885 3178 1964 3250 6.)
2013 3179 2124 3235 Sed
2179 3193 2253 3236 ex
2296 3194 2418 3251 quo
2462 3191 2647 3237 sensu

209 3247 332 3306 hoc
361 3249 683 3318 Apostolus
715 3247 929 3305 dixerit
965 3253 1210 3318 apparet
1236 3262 1308 3306 ex
1331 3248 1446 3305 hoc
1473 3247 1635 3319 quod
1663 3247 1942 3305 subditur
1971 3262 1986 3301 ε
2015 3250 2253 3305 Rursum
2280 3253 2649 3320 crucifiqentes

208 3320 568 3388 sibimetipsis
595 3320 796 3374 Filium
820 3320 937 3376 Dei.
967 3321 1022 3372 et
1038 3320 1273 3373 ostentui
1298 3319 1572 3374 habentes.
1606 3317 1790 3388 (Ibid.,
1820 3321 1903 3390 6.)
1930 3319 2009 3375 Ea
2038 3318 2224 3392 igitur
2250 3321 2503 3387 ratione,
2532 3332 2651 3391 qua

208 3391 481 3461 prolapsi
513 3395 656 3447 sunt
682 3393 820 3460 post
849 3389 1097 3459 gratiam
1130 3395 1484 3460 perceptam,
1527 3387 1802 3445 renovari
1850 3401 2064 3447 rursus
2113 3390 2187 3449 ad
2236 3391 2650 3462 poenitentiam

210 3472 339 3516 non
379 3464 657 3531 possunt,
688 3459 832 3530 quia
860 3459 1044 3516 Filius
1070 3460 1173 3515 Dei
1221 3473 1433 3517 rursus
1475 3457 1917 3530 crucifigendus
1968 3472 2091 3517 non
2143 3466 2256 3519 est.
2308 3463 2651 3531 Denegatur

207 3530 229 3587 i
284 3531 401 3587 itur
425 3530 531 3588 illa
559 3530 865 3587 renovatio
892 3528 956 3586 in
991 3530 1398 3600 poenitentiam
1446 3543 1553 3600 per
1597 3542 1775 3607 quam
1823 3529 2006 3587 bomo
2049 3531 2224 3589 simul
2275 3530 2648 3600 crucifigitur

161 3637 166 3644 ,
207 3603 260 3658 C
304 3600 474 3668 rislo,
506 3601 666 3673 quod
696 3600 936 3673 quidem
966 3605 1057 3657 est
1083 3614 1189 3671 per
1216 3601 1579 3671 Baptismum
1608 3616 1622 3666 ;
1650 3599 1867 3655 dtcitul·
1893 3600 2054 3658 enim
2088 3616 2105 3654 ε
2134 3601 2650 3672 Quicumqueiqitur

211 3672 488 3740 baptizati
512 3686 698 3728 sumus
724 3673 785 3725 in
814 3670 1026 3728 Christo
1052 3673 1195 3734 Iesu,
1221 3674 1283 3725 in
1311 3675 1481 3726 morte
1504 3672 1683 3740 ipsius
1711 3669 1983 3739 baptizati
2006 3686 2214 3728 sumus.
2244 3673 2439 3743 (Rom,
2459 3685 2545 3739 vl,
2568 3670 2651 3742 3.)

207 3741 380 3798 Sicut
414 3742 595 3813 igitur
619 3741 889 3799 Christus
918 3754 1037 3798 non
1070 3746 1163 3799 cst
1206 3741 1422 3797 iterum
1468 3740 1932 3812 crucifigendus,
1987 3740 2073 3799 ita
2115 3742 2218 3814 qui
2269 3747 2472 3814 peccat
2512 3745 2651 3812 post

208 3812 585 3883 Baptismum
614 3825 739 3868 non
769 3816 863 3869 est
897 3825 1109 3871 rursus
1136 3810 1561 3881 baptizandus;
1593 3816 1791 3882 potest
1814 3815 2014 3869 tamen
2045 3825 2257 3870 rursus
2286 3813 2546 3871 converti
2574 3811 2648 3871 ad

205 3884 468 3956 gratiam
497 3897 602 3954 per
630 3881 1043 3939 poenitentiam
1068 3901 1082 3946 ;
1111 3883 1270 3940 unde
1299 3887 1357 3937 et
1382 3883 1705 3952 Apostolus
1735 3895 1858 3939 non
1889 3881 2035 3939 dixit
2077 3882 2238 3953 quod
2277 3882 2654 3953 impossibile

205 3953 296 4010 sit
326 3967 432 4011 eos
463 3954 565 4025 qui
596 3953 782 4010 semel
810 3953 864 4009 la
908 3953 961 4010 si
991 3957 1130 4009 sunt
1161 3964 1373 4010 rursus
1401 3952 1666 4009 revocari
1694 3952 1784 4008 vel
1814 3951 2080 4009 converti
2110 3952 2183 4010 ad
2212 3953 2647 4024 poenitentiam,

210 4022 325 4081 sed
354 4024 513 4095 quod
547 4022 862 4094 impossibi
891 4037 922 4079 e
969 4023 1045 4080 sit
1088 4023 1360 4079 renovari
1417 4023 1577 4093 quod
1617 4022 1919 4092 Baptismo
1981 4022 2301 4080 attribuere
2357 4023 2531 4092 solet,
2583 4028 2651 4082 ut

218 4097 386 4164 patet
415 4113 428 4149 :
462 4094 766 4150 Secundum
788 4108 945 4148 suam
964 4093 1397 4149 misericordiam
1417 4093 1596 4148 salvos
1621 4107 1720 4148 nos
1742 4094 1896 4161 tecit,
1922 4106 2027 4162 per
2052 4093 2331 4150 lavacrum
2364 4109 2649 4165 regenera-

210 4165 384 4219 tionis
405 4165 647 4233 Spiritus
672 4166 871 4218 sancti.
904 4163 1060 4233 (Tit,
1091 4174 1179 4228 ΠΙ,
1209 4162 1288 4232 5.)
