3076 5025
461 317 570 373 474
1345 307 1479 364 Lm.
1518 307 1617 374 111,
1657 305 1810 362 CAP.
1852 304 2025 361 cuv.

464 440 658 493 trante
677 433 896 491 adsunt
912 431 1235 512 aliquando
1263 429 1326 487 in
1356 429 1558 486 divina
1579 426 1939 485 revelatione
1955 425 2162 506 aliqua
2174 424 2465 505 exteriora
2483 423 2578 505 vel
2608 423 2884 506 interiora

465 503 832 577 cognitionis
888 501 1139 569 auxilia,
1192 505 1395 571 utpote
1450 499 1671 571 aliquis
1730 511 1927 555 sermo
1982 501 2243 554 exterius
2303 494 2677 553 sensibiliter
2732 493 2883 551 audi-

466 584 584 644 tne,
607 575 709 646 qui
738 573 941 631 divina
975 570 1185 628 virtute
1214 572 1519 636 formetur,
1547 574 1650 626 aut
1676 582 1781 639 per
1807 567 2294 647 imaginationem
2329 567 2605 634 interius,
2637 568 2763 622 Deo
2804 565 2881 623 fa-

466 646 681 714 ciente,
712 646 1046 715 perceptus,
1077 642 1203 699 sive
1237 641 1416 698 etiam
1441 640 1643 711 aliqua
1669 639 2056 709 corporaliter
2083 638 2211 694 visa
2237 636 2496 694 exterius
2552 651 2591 693 a
2620 639 2744 693 Deo
2773 635 2883 693 for-

464 719 645 783 mata,
678 714 768 770 vel
808 713 986 770 etiam
1013 710 1266 768 interius
1288 712 1348 766 in
1394 710 1824 782 imaginatione
1869 709 2289 788 descripta,·e31
2323 707 2548 834 fluibus
2580 707 2765 764 homo
2791 721 2887 777 per

463 786 672 843 lumen
713 783 966 840 interius
1009 780 1193 839 menti
1237 781 1599 852 impressum
1640 779 2046 852 cognitionem
2080 783 2296 849 accipit
2364 791 2707 854 minorum,
2739 776 2887 834 unde

465 853 815 914 hu'usmodi
845 852 1069 910 auxilia
1123 851 1255 909 sine
1282 851 1551 908 interiori
1581 851 1805 908 lumine
1829 850 1902 907 ad
1931 848 2337 928 cognitionem
2379 848 2750 928 divinorum‘
2772 859 2882 928 non

465 939 541 983 su
566 924 778 982 ficiunt
800 940 815 992 ;
841 923 1044 980 lumen
1097 927 1292 980 autem
1324 922 1577 978 interius
1627 921 1851 978 sufficit
1887 920 2019 978 sine
2047 919 2203 976 istis,
2234 920 2368 975 Haec
2397 923 2597 976 autem
2628 918 2887 975 invisibi-

466 995 616 1053 lium
668 994 771 1050 Dei
803 992 1083 1050 revelatio
1114 992 1186 1050 ad
1231 992 1585 1063 sapientiam
1612 991 1886 1062 pertinet,
1909 1004 2040 1062 qnae
2064 988 2301 1060 proprie
2329 994 2421 1046 est
2447 988 2724 1058 cognitio
2757 988 2887 1044 divi·

465 1078 724 1132 norum3
774 1069 832 1120 et
880 1063 1013 1119 ideo
1052 1062 1269 1119 dicitur
1295 1061 1451 1134 quod
1486 1062 1780 1132 sapientia
1807 1060 1909 1118 Dei
1938 1076 2039 1130 per
2067 1063 2312 1115 nationes
2337 1061 2399 1113 in
2433 1061 2652 1113 animas
2681 1063 2885 1114 sanam

466 1150 524 1192 se
550 1136 908 1202 transfert...,·
960 1136 1224 1188 neminem
1251 1135 1394 1187 enim
1422 1133 1608 1200 diligit
1635 1135 1794 1195 Deus,
1824 1133 1936 1186 nisi
1956 1146 2077 1185 eum
2103 1132 2202 1199 qui
2227 1145 2347 1185 cum
2379 1131 2656 1198 sapientia
2685 1128 2889 1184 inhabi-

465 1209 552 1263 tat
580 1205 759 1277 (San,
791 1217 900 1271 vn,
929 1207 1019 1271 27,
1050 1202 1180 1274 28);
1211 1208 1268 1259 et
1288 1202 1514 1276 'dicitur
1554 1221 1567 1258 :
1602 1202 1943 1272 Adimplebit
1968 1202 2125 1256 illium
2145 1199 2436 1258 Dominus
2460 1201 2672 1270 spiritu
2686 1201 2888 1269 sapien-

465 1278 559 1332 tiae
587 1279 638 1330 et
662 1276 961 1330 intellectus
991 1274 1205 1342 (Eccli.,
1235 1285 1338 1342 xv,
1369 1271 1447 1345 5.)

540 1345 654 1403 Sed
697 1344 839 1417 quia
878 1344 1184 1398 invisibilia
1213 1342 1412 1399 Dei...
1442 1357 1548 1412 per
1588 1356 1652 1397 ea
1672 1387 1677 1392 .
1697 1358 1819 1412 quae
1837 1343 1994 1409 tacta
2014 1345 2160 1402 sunt,
2190 1340 2463 1395 intellecta
2488 1340 2889 1409 conspiciuntur

470 1415 665 1488 (Rom,
693 1429 737 1482 1,
767 1413 881 1539 202,
913 1426 1016 1485 per
1062 1413 1328 1470 divinam
1367 1413 1620 1486 gratiam
1666 1426 1787 1469 non
1835 1412 2033 1470 solum
2059 1410 2396 1468 revelantur
2424 1409 2782 1467 hominibus
2810 1410 2885 1467 di·

466 1484 628 1553 vina,
662 1484 766 1542 sed
797 1499 830 1540 a
860 1485 1000 1556 iqua
1025 1482 1097 1540 de
1130 1482 1310 1540 rebus
1363 1484 1580 1541 creatis
1611 1501 1629 1551 ς
1659 1481 1820 1554 quod
1848 1482 1922 1539 ad
1953 1482 2264 1539 scientiam
2297 1479 2596 1551 pertinere
2628 1480 2884 1549 videtum

468 1555 627 1613 unde
659 1555 877 1611 dicitur
907 1573 919 1610 ε
952 1556 1073 1625 Ipse
1100 1554 1250 1609 dedit
1274 1554 1414 1609 mihi
1443 1555 1631 1608 horum
1661 1569 1779 1622 quae
1805 1556 1934 1608 sunt
1960 1554 2243 1608 scientiam
2268 1566 2454 1605 veram
2479 1555 2542 1605 ut
2571 1551 2747 1605 sciam
2787 1550 2889 1605 dis·

461 1628 784 1699 positionem
831 1625 977 1680 orbis
1022 1628 1292 1679 terrarum
1320 1628 1372 1679 et
1396 1626 1624 1678 virtutes
1652 1625 2025 1678 elementorum
2055 1622 2232 1694 (Sem,
2262 1634 2372 1687 vn,
2398 1620 2506 1691 17);
2530 1626 2589 1676 et
2609 1619 2885 1677 Dominus

469 1696 620 1753 dixit
675 1695 746 1753 ad
801 1695 1182 1752 Salomonem
1225 1712 1239 1751 t
1280 1695 1568 1764 Sapientia
1606 1698 1661 1749 et
1697 1696 1925 1749 scientia
1968 1693 2103 1749 data
2143 1697 2273 1749 sunt
2334 1691 2453 1747 tibi.
2502 1691 2581 1762 (11
2619 1692 2885 1761 Par-clip„

494 1807 512 1835 ⁹
539 1836 621 1891 Ea
637 1764 788 1892 )vero
818 1849 950 1907 quae
979 1835 1161 1892 homo
1187 1835 1500 1907 cognoscit
1530 1833 1594 1890 in
1615 1831 1886 1890 notitiam
1917 1832 2164 1890 alterius
2190 1832 2520 1903 producere
2542 1831 2891 1888 convenien-

470 1909 561 1961 ter
594 1918 715 1962 non
744 1911 938 1976 potest
966 1905 1082 1962 nisi
1114 1918 1220 1975 per
1244 1918 1604 1963 sermonem.
1627 1904 1778 1971 Quia
1809 1904 1994 1976 igitur
2017 1904 2106 1960 illi
2133 1903 2233 1976 qui
2263 1897 2304 1960 'a
2324 1905 2446 1959 Deo
2470 1902 2888 1959 revelationem

461 1976 791 2049 accipiunt,
827 1975 1156 2032 secundum
1188 1975 1455 2031 ordinem
1487 1974 1772 2030 divinitus
1796 1974 2156 2042 institutum,
2188 1972 2265 2030 ali
2314 1986 2425 2030 uos
2469 1972 2775 2030 instruere
2802 1973 2891 2028 de-

469 2044 631 2113 bent,
662 2044 1068 2101 necessarium
1101 2044 1211 2101 suit
1232 2051 1298 2101 ut
1325 2046 1499 2101 etiam
1534 2044 1630 2100 his
1659 2044 1852 2115 gratia
1898 2044 2224 2101 locutionis
2313 2048 2531 2113 aretur,
2564 2044 2889 2100 secundum

470 2115 630 2239 33οᾱ
656 2115 918 2184 exigeret
942 2114 1172 2172 utilitas
1190 2128 1396 2171 eorum
1425 2115 1527 2187 qui
1560 2119 1728 2170 erant
1752 2114 2107 2171 instruendi.
2137 2114 2295 2171 Unde
2326 2113 2544 2170 dicitur
2576 2131 2591 2170 ε
2638 2116 2895 2169 Domi-im

538 2185 619 2239 dit
663 2186 801 2239 mihi
843 2186 1089 2252 linquam
1136 2185 1424 2246 iet-aditam,
1455 2190 1520 2239 ut
1562 2187 1732 2239 sciam
1780 2188 2081 2240 sustentare
2115 2200 2254 2250 cum,
2287 2187 2383 2255 wi
2408 2185 2587 2239 lassus
2616 2190 2716 2246 est,
2747 2183 2895 2239 verbo

472 2253 645 2324 usai„
673 2268 725 2322 L,
756 2253 834 2326 4);
866 2261 923 2310 et
953 2255 1242 2312 Dominus
1272 2254 1584 2325 discipulis
1614 2254 1758 2311 dicit
1786 2272 1799 2311 ε
1828 2258 1941 2324 qu
1958 2255 2098 2311 dabo
2117 2257 2267 2310 vobis
2282 2271 2339 2311 os
2363 2259 2413 2309 et
2431 2257 2787 2324 sapientiam,
2815 2256 2894 2308 cui

469 2340 578 2379 non
599 2329 852 2395 poterunt
879 2327 1124 2380 resistere
1173 2330 1222 2380 ct
1264 2326 1629 2380 contradicere
1670 2340 1848 2380 omnes
1880 2327 2186 2381 adversarii
2212 2328 2391 2380 vest-ri.
2424 2323 2602 2396 (Luc.,
2634 2338 2761 2386 xxi,
2790 2325 2890 2394 15.)

471 2395 634 2452 Unde
674 2400 730 2451 et
766 2402 1005 2465 propter
1037 2396 1169 2462 hoc,
1200 2396 1376 2452 etiam
1408 2395 1648 2468 quando
1679 2396 1941 2465 oportuit
1969 2410 2073 2467 per
2143 2409 2327 2453 ancos
2356 2394 2635 2451 virtutem
2667 2395 2805 2451 fidei
2837 2395 2893 2450 in

471 2464 726 2524 diversis
781 2465 1058 2538 gentibus
1103 2466 1432 2538 praedicari,
1482 2466 1755 2524 instructi
1797 2473 1935 2524 sunt
1984 2467 2083 2539 qui
2131 2481 2224 2523 am
2256 2465 2542 2523 divinitus
2578 2471 2643 2522 ut
2671 2466 2891 2538 linguis

469 2537 659 2593 variis
715 2538 773 2593 lo
821 2541 1120 2606 uerentur,
1179 2538 1336 2594 sicut
1381 2537 1639 2594 dicitur:
1688 2539 1896 2606 Repletz'
1940 2542 2067 2593 sunt
2108 2553 2285 2593 omnes
2331 2539 2546 2606 Spiritu
2592 2543 2804 2603 sancte,
2854 2539 2898 2590 et

469 2611 743 2676 ccrperunt
810 2609 939 2678 oqui
981 2610 1154 2661 variis
1202 2609 1404 2677 linquis
1431 2612 1600 2677 prout
1643 2608 1883 2677 Spiritus
1911 2613 2130 2664 sanctus
2159 2608 2327 2663 dabat
2354 2609 2534 2676 eloqui
2560 2608 2697 2663 illis.
2731 2607 2891 2678 (Act,

521 2677 675 2815 'Sed
694 2748 836 2819 quia
855 2761 1053 2805 sermo
1068 2748 1412 2818 propositus
1429 2747 1881 2805 confirmatione
1902 2747 2131 2819 indiget
2150 2748 2223 2805 ad
2244 2746 2359 2805 hoc
2378 2747 2539 2819 quod
2556 2747 2897 2818 recipiatur,

469 2817 589 2874 nisi
620 2818 697 2874 sit
722 2832 826 2900 per
849 2832 913 2875 se
936 2818 1312 2887 manifestus,
1345 2833 1414 2873 ea
1443 2824 1637 2874 autem
1669 2832 1801 2888 quae
1832 2824 1972 2875 sunt
1999 2816 2135 2874 fidei
2172 2824 2313 2875 sunt
2352 2818 2635 2874 humanae
2680 2816 2895 2875 rationi

469 2887 891 2949 immanitesta,
919 2888 1324 2945 necessarium
1355 2888 1466 2944 fuit
1496 2888 1720 2959 aliquid
1753 2888 2019 2945 adhiberi
2050 2902 2170 2961 quo
2197 2887 2661 2946 confirmaretur
2707 2900 2895 2945 sermo

470 2958 915 3028 praedicantium
942 2957 1139 3015 fidem.
1176 2961 1305 3015 Non
1332 2963 1530 3015 autem
1586 2957 1929 3016 confirmari
1959 2965 2188 3029 poterat
2218 2972 2323 3031 per
2358 2959 2562 3029 aliqua
2610 2959 2899 3030 principia

470 3029 722 3085 rationis
764 3043 869 3098 per
915 3029 1153 3086 modum
1207 3029 1758 3094 demonstrationis,
1796 3043 1933 3085 cum
1981 3042 2052 3085 ea
2102 3042 2235 3101 quae
2271 3032 2413 3086 sunt
2438 3027 2575 3085 fidei
2610 3029 2894 3087 rationem

469 3099 773 3155 excedant.
812 3100 854 3154 Ο
901 3101 1083 3156 ortuit
1108 3100 1290 3171 igitur
1318 3099 1621 3169 aliquibus
1648 3099 1890 3156 indiciis
1941 3098 2281 3156 confirmari
2309 3099 2769 3169 praedicantium
2792 3112 2895 3157 sei·-

468 3180 729 3235 monem‚
758 3168 856 3240 qui
907 3183 977 3225 us
1008 3170 1322 3225 manifeste
1364 3170 1783 3237 ostenderetur
1810 3168 2154 3240 hujusmodi
2187 3180 2527 3227 sermonem
2558 3171 2897 3239 procecisse

469 3250 506 3294 a
535 3240 674 3306 Deo,
707 3238 846 3295 dum
872 3240 1262 3309 praedicantes
1289 3239 1430 3295 talia
1462 3245 1868 3310 operarentur,
1902 3241 2173 3297 sanando
2221 3240 2493 3296 infirmos
2524 3246 2585 3296 et
2614 3240 2774 3298 alias
2801 3241 2899 3296 vir·

467 3313 625 3365 tutes
678 3310 999 3379 operando,
1037 3323 1168 3381 quae
1193 3322 1315 3366 non
1345 3316 1551 3380 posset
1580 3310 1772 3367 faeere
1800 3311 1959 3368 alius
2004 3312 2121 3368 nisi
2172 3312 2348 3367 Deus.
2387 3310 2548 3366 Unde
2583 3312 2893 3376 Dominus,

469 3377 801 3449 discipulos
829 3380 901 3436 ad
934 3379 1370 3450 praedicandum
1404 3380 1666 3441 mittens,
1698 3380 1846 3437 dixit
1878 3399 1891 3436 ε
1922 3383 2170 3451 Infirmos
2199 3386 2402 3443 curate,
2442 3384 2691 3436 mortuos
2740 3382 2897 3437 susei-

469 3452 595 3511 tate,
647 3450 879 3519 leprosos
923 3450 1201 3517 mundate,
1242 3451 1504 3505 daemones
1546 3451 1724 3519 ejicite
1755 3450 1994 3522 (Mamm,
2030 3464 2090 3520 x,
2123 3452 2197 3523 8);
2236 3456 2293 3508 et
2320 3451 2538 3507 dicitur
2567 3454 2704 3507 :Illi
2731 3456 2895 3507 autem

459 3521 715 3590 profecti,
742 3521 1404 3591 praedicaveruntubique‚
1430 3524 1655 3576 Domi-no
1681 3527 2012 3591 cooperante,
2045 3526 2098 3577 et
2121 3537 2413 3577 sermonem
2435 3526 2813 3592 confirmante,
2832 3534 2897 3576 εο-

470 3591 756 3669 quentibus
784 3593 978 3658 siqniS.
1004 3592 1226 3660 (Mas-c„
1260 3604 1385 3659 xvi,
1412 3591 1526 3673 20.)
2855 3660 2871 3670 ,

539 3661 670 3716 Fuit
698 3666 894 3717 autem
923 3667 980 3717 et
1008 3662 1163 3719 alius
1193 3662 1669 3719 confirmationis
1709 3662 1945 3731 moduS,
1991 3668 2076 3731 ut,
2110 3663 2253 3720 dum
2299 3662 2729 3733 praedicatores
2758 3675 2897 3719 veri·

467 3730 606 3787 tatis
659 3745 796 3787 vera
850 3732 1256 3788 invenirentur
1302 3732 1499 3789 dicere
1529 3732 1602 3788 de
1633 3732 1885 3790 occultis
1915 3746 2045 3807 quae
2092 3735 2474 3804 postmodum
2523 3729 2893 3792 manifestari

464 3808 741 3871 possunt,
772 3801 860 3858 eis
888 3801 1224 3859 crederetur
1249 3817 1386 3860 vera
1414 3803 1752 3859 dicentibus
1788 3803 1860 3859 de
1894 3804 1990 3859 his
2016 3817 2147 3874 quae
2182 3805 2458 3861 homines
2487 3804 2749 3875 experin·
2778 3812 2891 3861 non

464 3878 721 3941 possunt
753 3890 767 3940 ;
801 3872 955 3928 unde
981 3874 1383 3930 necessarium
1419 3874 1527 3929 suit
1559 3873 1782 3930 donum
1812 3874 2154 3944 prophetiae,
2190 3889 2294 3945 per
2322 3874 2479 3947 quod
2512 3875 2717 3932 futura
2746 3879 2804 3931 et
2827 3884 2892 3928 ea

467 3956 597 4012 quae
622 3943 1018 3999 communiter
1046 3944 1319 4000 homines
1350 3944 1551 4010 latent,
1587 3947 1706 4001 Deo
1734 3944 2050 4010 revelante,
2080 3950 2327 4015 possent
2358 3946 2639 4003 homines
2676 3955 2889 4017 cogno·

468 4023 634 4068 scere
664 4020 722 4069 et
748 4013 884 4070 aliis
910 4013 1207 4080 indicare:
1239 4020 1304 4070 ut
1330 4014 1439 4082 sic,
1469 4015 1611 4070 dum
1643 4016 1702 4070 in
1734 4015 1830 4071 his
1860 4015 2267 4071 invenirentur
2294 4030 2431 4072 vera
2460 4017 2684 4084 dicere,
2713 4016 2779 4072 in
2804 4012 2889 4070 liis

469 4095 599 4151 quse
629 4089 770 4139 sunt
793 4083 932 4139 fidei
959 4084 1048 4140 eis
1077 4084 1430 4140 crederetur.
1465 4086 1627 4141 Unde
1665 4085 1986 4154 Apostolus
2022 4085 2165 4141 dicit
2197 4104 2211 4141 ε
2242 4087 2305 4142 Si
2345 4091 2526 4141 autem
2558 4101 2740 4141 omnes
2782 4095 2893 4154 pm-

459 4153 700 4219 pheuma
729 4157 894 4208 intret
922 4159 1098 4209 autem
1127 4157 1248 4224 quis
1276 4156 1510 4225 infidelis
1549 4157 1632 4209 vel
1680 4157 1874 4218 idiota,
1922 4158 2259 4211 convincitur
2290 4158 2359 4210 ab
2389 4157 2661 4223 amnibus,
2690 4151 2890 4224 dijudi-

468 4225 626 4274 catur
668 4223 734 4276 ab
780 4226 1058 4291 omnibu83
1091 4227 1298 4280 occulta
1326 4227 1502 4280 cordis
1531 4226 1650 4295 ejus
1687 4228 1981 4293 manifesta
2024 4230 2169 4288 sunt,
2202 4232 2253 4281 et
2279 4230 2361 4281 ita
2387 4227 2587 4282 cadens
2623 4230 2683 4282 in
2708 4226 2890 4294 taciem

470 4290 723 4346 adorabit
746 4296 933 4356 Deum,
957 4298 1325 4365 pronuntians
1354 4297 1497 4365 quod
1521 4312 1643 4350 vere
1673 4300 1809 4351 Deus
1835 4299 1891 4350 in
1920 4297 2074 4352 nobis
2101 4300 2192 4352 sit.
2226 4296 2277 4368 (Ι
2301 4298 2444 4364 Gor„
2474 4310 2643 4363 XXIV,
2675 4296 2787 4366 25.)
2852 4361 2863 4371 ,

541 4362 672 4415 Non
700 4370 896 4438 autem
925 4379 1030 4434 per
1049 4365 1163 4422 hoc
1193 4367 1516 4436 prophetiae
1544 4367 1765 4423 donum
1794 4366 2105 4425 sufficiens
2131 4368 2539 4425 testimonium
2573 4368 2709 4424 fidei
2734 4362 2887 4422 adhi-

465 4426 725 4499 beretur,
780 4433 898 4490 nisi
946 4441 1105 4491 esset
1156 4436 1228 4492 de
1275 4436 1371 4492 liis
1422 4450 1553 4508 quae
1591 4452 1626 4493 a
1671 4438 1802 4494 solo
1851 4440 1972 4494 Deo
2017 4439 2302 4510 cognosci
2336 4443 2629 4509 possunt3
2661 4432 2889 4494 sicuiet
