3076 5025
365 349 465 405 148
1238 343 1372 399 ΜΒ.
1413 343 1485 411 11,
1524 341 1678 398 CAP.
1716 342 1934 398 XXXIX.

360 484 440 538 ,ex
468 466 808 527 actionibus
836 466 1091 524 infinitis
1120 464 1302 524 simul
1334 464 1793 534 exsistentibus3
1825 468 1883 521 et
1912 462 2257 535 hujusmodi
2286 469 2430 523 sunt
2453 477 2655 523 causae
2684 479 2792 537 por

368 555 435 600 se
462 538 731 607 infinitae„
760 538 900 610 quia
928 550 1135 595 earum
1154 534 1423 594 infinitas
1441 534 1514 592 ad
1541 539 1851 592 causatum
1879 534 2221 607 requiritur.
2258 537 2324 592 In
2353 536 2558 593 causis
2589 541 2792 594 autem

358 605 489 669 “non
520 608 703 666 simul
733 607 1071 680 agentibus,
1102 607 1219 664 hoc
1243 619 1366 663 non
1396 611 1490 664 est
1508 604 1904 676 impossibile,
1932 605 2264 662 secundum
2295 618 2402 663 eos
2424 606 2525 677 qui
2556 613 2795 676 ponunt

366 679 815 754 generationem
868 683 1233 748 perpetuam.
1293 679 1428 734 llaec
1474 680 1673 733 autem
1719 673 1986 733 infinitas
2020 674 2237 733 accidit
2277 675 2511 744 causis;
2575 676 2793 734 accidit

368 751 528 808 enim
559 748 710 821 patri
739 748 999 807 Socratis
1026 747 1184 820 quod
1216 745 1297 805 sit
1317 745 1566 804 alterius
1595 744 1758 804 filius
1782 745 1875 803 vel
1903 758 2025 826 non
2051 743 2243 816 fllius;
2275 758 2398 805 non
2420 751 2619 804 autem
2642 747 2792 805 acci-

365 821 451 880 dit
471 820 707 888 baculo,
738 819 802 875 in
830 823 1115 890 quantum
1165 822 1365 875 movet
1394 815 1654 889 lapidem
1682 815 1845 889 quod
1887 820 1968 873 sit
2006 820 2208 874 motus
2251 830 2288 874 a
2332 829 2545 884 manu3
2594 821 2793 877 movet

365 891 526 949 enim
555 890 617 947 in
645 895 930 963 quantum
959 894 1053 947 est
1078 894 1300 946 motus.

441 960 612 1029 Quod
640 964 838 1018 autem
867 958 940 1016 de
968 958 1286 1017 animabus
1328 957 1609 1030 objicitur
1640 955 1950 1016 difficilius
1978 965 2098 1030 est3
2127 958 2234 1018 sed
2258 962 2458 1016 tamen
2486 958 2640 1017 ratio
2668 971 2792 1018 non

370 1037 464 1089 est
492 1029 744 1088 multum
792 1028 980 1098 utilis,
1028 1028 1172 1101 quia
1220 1027 1758 1155 multasupssonit.
1809 1028 2060 1110 Quidam
2103 1042 2361 1101 namque
2398 1030 2793 1088 aeternitatem

366 1100 573 1158 mundi
609 1100 978 1171 ponentium,
1007 1104 1341 1170 posuerunt
1364 1105 1543 1154 etiam
1620 1111 1872 1156 umanas
1895 1113 2130 1158 ammas
2168 1112 2290 1157 non
2332 1113 2468 1157 esse
2492 1105 2633 1171 post
2668 1113 2797 1158 cor·

365 1184 508 1244 puS‚
537 1170 782 1243 quidam
800 1182 965 1238 vero,
993 1169 1154 1242 quod
1178 1183 1251 1226 ex
1278 1170 1561 1227 omnibus
1583 1169 1898 1228 animabus
1919 1183 2040 1227 non
2060 1173 2296 1228 maneat
2316 1168 2434 1227 nisi
2449 1169 2795 1229 intellectus

371 1246 708 1311 separatus,
737 1239 831 1297 vel
847 1252 1057 1312 agenS‚
1090 1239 1420 1297 secundum
1450 1239 1765 1320 quosdam,
1788 1240 1881 1297 vel
1910 1240 2088 1299 etiam
2119 1239 2431 1312 possibilis
2459 1241 2796 1299 secundum

377 1311 533 1369 alios
550 1328 566 1381 ;
585 1310 824 1384 quidam
847 1309 1406 1436 autem'lposuerunt
1431 1309 1879 1390 circulationem
1901 1309 1966 1367 in
1988 1311 2325 1378 animabuS‚
2345 1310 2614 1392 dicentes
2633 1313 2795 1384 quod

373 1380 595 1439 eaedem
625 1381 841 1438 animae
867 1385 1006 1451 post
1030 1394 1066 1437 a
1092 1381 1234 1452 iqua
1266 1380 1490 1438 saecula
1517 1383 1996 1450 incorporantur,
2011 1381 2250 1453 quidam
2275 1393 2416 1438 vero
2445 1394 2553 1452 pro
2580 1395 2793 1439 moon-

369 1451 640 1579 venitilntki³
662 1464 786 1509 non
815 1450 1036 1508 habent
1063 1449 1224 1521 quod
1254 1450 1379 1507 sint
1405 1449 1609 1522 aliqua
1653 1449 1892 1508 infinita
1919 1456 2055 1509 actu
2097 1450 2161 1508 in
2202 1450 2301 1509 his
2342 1465 2478 1523 quae
2518 1452 2794 1510 ordinem

438 1594 677 1649 Postest
703 1595 901 1649 autem
945 1588 1253 1648 efficacius
1302 1590 1542 1662 procedi
1577 1591 1650 1648 ad
1695 1591 1810 1650 hoc
1855 1591 2287 1651 ostendendum
2314 1606 2385 1651 ex
2414 1591 2532 1651 fine
2576 1593 2798 1654 divinae

365 1661 714 1730 voluntatiS,
745 1666 813 1718 ut
853 1674 1036 1732 supra
1063 1660 1141 1732 (c.
1185 1659 1276 1732 35)
1304 1665 1526 1718 tactum
1558 1666 1670 1718 est.
1702 1661 1864 1720 Finis
1891 1661 2052 1720 enim
2094 1661 2311 1722 divinae
2361 1663 2684 1721 voluntatis
2725 1665 2798 1722 in

368 1743 567 1791 rerum
619 1730 1013 1803 productione
1057 1735 1152 1789 est
1199 1729 1331 1803 ejus
1380 1729 1640 1800 bouitaS‚
1674 1731 1737 1788 in
1778 1738 2067 1804 quantum
2113 1748 2220 1805 per
2258 1739 2504 1792 causata
2544 1734 2800 1793 manife-

369 1805 606 1860 statur:
656 1800 968 1872 potissime
994 1806 1192 1859 autem
1239 1801 1655 1858 manifestatur
1683 1801 1884 1860 divina
1908 1802 2099 1861 virtus
2138 1809 2199 1861 et
2245 1803 2484 1862 bonitas
2528 1818 2635 1875 per
2680 1805 2800 1863 hoc

368 1871 529 1944 quod
575 1884 671 1929 res
696 1871 828 1929 aliae
854 1874 1067 1942 praeter
1089 1871 1110 1927 i
1156 1884 1289 1929 sum
1321 1883 1442 1929 non
1468 1884 1704 1942 semper
1731 1873 2003 1930 fuerunt:
2034 1888 2109 1931 ex
2135 1874 2250 1932 hoc
2269 1874 2430 1931 enim
2460 1874 2804 1934 ostenditur

367 1940 686 1999 manifeste
737 1941 899 2012 quod
944 1954 1042 1999 res
1083 1942 1217 1999 aiae
1263 1945 1474 2012 praeter
1501 1941 1697 2013 ipsum
1743 1941 1816 2001 ab
1869 1943 2004 2014 ipso
2034 1956 2170 2002 csse
2217 1944 2459 2013 habent,
2502 1945 2801 2017 quianon

370 2025 607 2082 semper
635 2013 893 2068 suerunt.
917 2011 1263 2091 ostenditur
1288 2011 1466 2069 etiam
1488 2013 1653 2092 quod
1680 2025 1802 2070 non
1828 2013 1953 2086 agit
1978 2026 2083 2084 per
2102 2015 2518 2073 necessitatem
2544 2022 2799 2086 naturae,

369 2086 430 2140 et
466 2082 625 2153 quod
669 2082 859 2140 virtus
907 2094 1020 2140 sua
1072 2085 1167 2140 est
1208 2079 1441 2139 infinita
1483 2095 1545 2139 1n
1609 2083 1863 2153 agendo.
1912 2086 2036 2143 Hoc
2083 2084 2243 2142 enim
2294 2086 2801 2145 convenientissi-

368 2165 534 2209 mum
571 2150 684 2208 suit
706 2152 920 2210 divinae
950 2150 1224 2214 bonitati.
1256 2157 1322 2209 ut
1352 2151 1530 2209 rebus
1558 2153 1774 2211 creatis
1820 2153 2177 2225 principium
2225 2154 2562 2214 durationis
2607 2156 2796 2216 daret.

439 2223 523 2278 Ex
553 2221 650 2279 his
695 2226 890 2279 autem
940 2235 1073 2294 quae
1123 2221 1402 2293 praedicta
1448 2228 1610 2290 sunt,
1652 2224 1835 2281 vitare
1873 2236 2199 2294 possumus
2245 2226 2517 2284 diversos
2559 2239 2800 2287 errores

368 2291 679 2364 gentilium
711 2292 1202 2362 pbilosophorum
1230 2304 1485 2365 quorum
1510 2293 1753 2365 quidam
1788 2299 2119 2365 posuerunt
2146 2296 2454 2354 mumdum
2479 2300 2798 2366 aeternum,

368 2361 610 2434 quidam
666 2363 971 2420 materiam
1021 2361 1231 2420 mundi
1275 2367 1577 2425 aeternam,
1610 2378 1684 2420 ex
1726 2378 1845 2445 qua
1872 2379 1946 2421 ex
1971 2364 2175 2438 aliquo
2216 2371 2482 2437 tempore
2530 2368 2799 2427 mundus

371 2433 553 2503 coepit
595 2433 890 2504 generari,
917 2431 1011 2489 vel
1040 2445 1072 2490 a
1100 2445 1268 2503 casu,
1295 2431 1388 2488 vel
1418 2431 1493 2489 ab
1518 2432 1599 2490 ali
1647 2446 1724 2490 uo
1754 2434 2079 2506 intellectu,
2101 2440 2203 2493 aut
2230 2436 2410 2493 etiam
2438 2450 2666 2502 amore,
2696 2444 2804 2497 aut

368 2501 494 2560 lite.
523 2501 610 2560 Ab
638 2502 920 2561 omnibus
952 2501 1112 2560 enim
1162 2502 1260 2562 bis
1302 2501 1548 2575 ponitur
1584 2518 1620 2562 a
1644 2502 1809 2578 iquid
1837 2509 2050 2576 praeter
2085 2506 2608 2579 Deum-aeternum,
2635 2509 2796 2583 quod

367 2569 509 2632 fidei
532 2572 842 2634 catholicae
869 2578 1179 2647 repugnat.

1303 2792 1558 2858 CAPUT
1593 2793 1861 2861 XXXIX.

921 2972 1074 3029 QUOD
1107 2973 1432 3023 msrmcno
1468 2978 1669 3023 RERUM
1700 2977 1819 3025 NON
1850 2976 1961 3024 EST
1992 2978 2037 3025 A
2070 2978 2238 3028 GASU.

438 3134 739 3216 Expeditis
766 3139 963 3194 autem
1001 3135 1101 3195 bis
1137 3151 1269 3217 quae
1295 3138 1367 3196 ad
1398 3152 1594 3197 rerum
1624 3139 2077 3211 productionem
2102 3142 2419 3214 pertinent,
2440 3148 2621 3203 restat
2647 3158 2791 3217 pro·

368 3218 541 3278 sequ1
586 3220 655 3263 ea
682 3219 815 3278 quae
843 3210 986 3264 sunt
1015 3208 1540 3266 considerandam
1571 3223 1767 3268 rerum
1796 3209 2216 3284 distinctione;
2246 3213 2309 3271 in
2346 3215 2565 3288 quibus
2593 3218 2793 3288 primo

366 3281 599 3346 oportet
638 3275 952 3356 ostendere
980 3276 1163 3356 ‘quod
1214 3291 1408 3336 rerum
1440 3278 1746 3338 distinctio
1791 3294 1911 3338 non
1956 3289 2049 3341 est
2094 3297 2132 3340 a
2177 3297 2356 3353 casu;
2397 3299 2577 3344 casus
2626 3288 2792 3347 enim

366 3359 490 3402 non
513 3346 808 3418 contingit
832 3345 949 3404 msi
975 3359 1038 3402 m
1059 3347 1452 3417 possibilibus
1482 3350 1653 3407 aliter
1679 3363 1744 3408 se
1776 3350 1992 3409 babere
2023 3366 2039 3406 :
2071 3366 2205 3425 quae
2233 3355 2391 3413 enim
2418 3363 2562 3414 sunt
2589 3371 2660 3414 ex
2689 3371 2793 3417 ne-

367 3416 665 3483 cessitate,
698 3421 758 3473 et
783 3429 1038 3486 semper,
1066 3430 1188 3475 non
1212 3417 1470 3479 dicimus
1498 3433 1634 3478 esse
1658 3434 1694 3477 a
1716 3434 1881 3479 casu.
1914 3423 2235 3482 ostensum
2261 3430 2353 3484 est
2378 3433 2575 3484 autem
2608 3440 2794 3509 supra

364 3485 440 3555 (c.
480 3486 570 3559 30)
601 3485 890 3567 quasdam
934 3499 1033 3545 res
1056 3493 1289 3546 creatas
1316 3503 1472 3560 esse,
1501 3490 1565 3547 in
1609 3505 1861 3562 quarum
1908 3497 2122 3552 natura
2150 3507 2271 3553 non
2300 3501 2393 3554 est
2414 3497 2791 3566 possibilitas

364 3557 434 3612 ad
470 3570 587 3613 nou
619 3570 774 3622 esse,
798 3560 957 3614 sicut
979 3563 1123 3615 sunt
1148 3559 1500 3619 substantiae
1527 3560 1971 3631 immateriales,
2001 3569 2062 3620 et
2084 3564 2310 3638 absque
2346 3568 2787 3628 contrarietate.

365 3627 742 3685 Substantias
798 3626 981 3699 igitur
1033 3641 1240 3685 eorum
1288 3629 1660 3701 impossibile
1706 3637 1797 3689 est
1841 3645 1977 3690 esse
2022 3648 2061 3691 a
2086 3649 2252 3694 casu.
2284 3638 2430 3694 Sunt
2456 3644 2654 3696 autem
2684 3653 2793 3710 per

365 3708 535 3753 suam
567 3697 964 3755 substantiam
992 3696 1068 3754 ad
1092 3697 1348 3757 invicem
1372 3700 1687 3760 distinctae.
1716 3704 1930 3762 Earum
1954 3703 2139 3777 igitur
2156 3705 2462 3766 distinctio
2492 3721 2615 3765 non
2645 3715 2792 3768 esta

362 3780 527 3824 casu.

403 3838 706 3916 amplius,
726 3852 864 3897 cum
893 3852 1074 3920 casus
1101 3839 1184 3899 sit
1205 3846 1434 3900 tautum
1468 3843 1531 3900 in
1561 3842 1957 3914 possibilibus
1985 3845 2157 3904 aliter
2179 3860 2246 3905 se
2275 3845 2514 3917 habere,
2531 3879 2602 3892 -—
2620 3849 2786 3921 prin-

362 3918 585 3986 cipium
626 3914 844 3989 autem·
880 3908 1061 3981 hujus
1105 3911 1525 3982 possibilitatis
1554 3920 1647 3972 est
1695 3914 1961 3985 materia,
2011 3927 2133 3972 non
2161 3921 2359 3976 autem
2389 3918 2601 3990 forma,
2649 3934 2787 3993 quae

361 3987 556 4054 magis
601 3976 955 4056 determinat
994 3981 1451 4051 possibilitatem
1497 3984 1758 4043 materiae
1805 3985 1878 4044 ad
1923 3998 2149 4056 unum;
2198 4001 2267 4045 ea
2296 3993 2492 4046 autem
2524 4004 2783 4062 quorum

362 4043 667 4127 distinctio
712 4055 803 4106 est
830 4064 866 4107 a
909 4050 1119 4121 forma,
1150 4065 1269 4110 non
1299 4051 1749 4125 distinguuntur
1799 4070 1836 4113 a
1880 4068 2045 4124 casu,
2089 4055 2194 4114 sed
2225 4059 2374 4117 sorte
2424 4073 2498 4117 ea
2525 4073 2783 4134 quorum

361 4115 666 4195 distinctio
695 4125 851 4177 esta
874 4122 1158 4192 materia3
1191 4123 1522 4194 specierum
1555 4132 1754 4184 autem
1781 4125 2087 4184 distinctio
2126 4131 2219 4184 est
2246 4142 2282 4186 a
2318 4128 2543 4199 forma3
2572 4132 2785 4204 singu-

361 4184 572 4242 larium
604 4194 800 4267 autem
830 4190 1096 4261 ejusdem
1125 4193 1347 4263 speciei
1376 4207 1412 4251 a
1439 4196 1716 4265 materia;
1736 4195 2123 4254 -distinctio
2149 4196 2329 4270 igitur
2352 4213 2547 4257 rerum
2571 4215 2785 4260 sccun-

359 4254 499 4313 dum
528 4268 787 4326 speciem
816 4267 1165 4388 nondpotest
1186 4277 1323 4322 esse
1351 4278 1388 4322 a
1430 4278 1579 4323 casu
1603 4308 1620 4336 ,
1648 4266 1754 4325 sed
1782 4266 1934 4324 forte
1962 4265 2297 4340 aliquorum
2333 4268 2780 4331 individuorum

358 4338 536 4384 casus
564 4332 757 4398 potest
784 4342 919 4387 esse
988 4333 1345 4393 istinctivus.

425 4396 643 4466 Adhuc,
685 4411 821 4455 oum
840 4468 853 4480 .
873 4403 1122 4461 materia
1176 4405 1257 4462 sit
1289 4404 1665 4485 ‘principium
1718 4413 1779 4464 et
1828 4420 2015 4465 causa
2067 4422 2263 4468 rerum
2317 4411 2675 4483 casualium,
2715 4420 2784 4472 ut

356 4471 668 4527 ostensum
694 4473 804 4540 est,
835 4482 899 4527 tn
927 4483 1133 4532 eorum
1164 4474 1422 4535 factione
1447 4481 1643 4550 potest
1672 4491 1807 4537 esse
1832 4491 2032 4552 casuS,
2059 4493 2192 4555 quae
2220 4495 2294 4540 ex
2318 4481 2569 4542 materia
2594 4496 2781 4556 gene-
