3076 5025
465 308 570 361 248
1365 302 1499 357 LIB.
1540 301 1613 368 11,
1652 301 1806 357 CAP.
1846 300 1997 356 XCV.

1448 564 1702 630 CAPUT
1739 563 1918 627 XCV.

625 754 903 810 QUOMODO
929 753 1284 800 Acamanta
1310 753 1496 799 umws
1523 753 1600 798 m·
1631 754 1859 820 SPEmEs
1882 751 1947 798 IN
1973 751 2353 799 SUBSTAN'ms
2381 749 2721 798 surmus.

543 922 785 993 Oportet
811 923 1008 976 autem
1060 916 1442 976 considerare
1496 916 1829 975 secundum
1885 915 2029 998 quid
2088 915 2523 975 diversificatur
2550 914 2787 987 species
2830 916 2905 974 iu

471 989 828 1050 substantiis
853 988 1169 1069 separatiS.
1198 991 1265 1046 ln
1292 989 1473 1046 rebus
1503 988 1663 1045 enim
1714 987 2147 1057 materialibus,
2176 1002 2309 1061 quoe
2353 992 2496 1044 sunt
2523 986 2905 1046 diversarum

471 1062 806 1133 specierum
836 1072 1020 1116 unius
1056 1059 1294 1139 generis
1340 1059 1689 1127 existenteS,
1719 1059 1873 1116 ratio
1902 1058 2143 1130 generis
2181 1072 2254 1115 ex
2279 1056 2578 1138 principio
2609 1056 2910 1116 materiali

471 1132 750 1198 sumitur,
775 1126 1110 1187 differentia
1151 1129 1370 1201 speciei
1416 1144 1452 1186 a
1491 1129 1789 1201 principio
1838 1128 2111 1198 formali;
2151 1133 2366 1186 natura
2391 1142 2555 1185 enim
2585 1129 2908 1194 sensitiva,

472 1216 547 1261 ex
616 1216 693 1259 ua
721 1200 978 1258 sumitur
1007 1199 1158 1257 ratio
1180 1199 1484 1269 animalis,
1515 1204 1608 1257 est
1635 1199 1941 1257 materiale
1979 1199 2044 1256 in
2073 1198 2340 1267 bomine,
2371 1203 2649 1270 respectu
2679 1202 2915 1256 naturae

471 1273 594 1330 inte
622 1271 867 1339 lectivae,
898 1284 971 1327 ex
999 1284 1117 1342 qua
1147 1271 1406 1328 sumitur
1442 1268 1783 1328 differentia
1808 1268 2091 1341 specifica
2117 1268 2404 1338 hominiS,
2438 1268 2675 1327 scilicet
2725 1268 2915 1327 ratio·-

307 1314 318 1323 Ἢ
362 1402 366 1415 ,
471 1343 629 1400 nale.
661 1341 721 1398 Si
756 1341 940 1414 igitur
968 1341 1319 1399 substantiae
1341 1355 1407 1399 se
1451 1346 1629 1399 aratae
1657 1354 1781 1399 non
1810 1344 1954 1399 sunt
1986 1355 2061 1398 ex
2086 1339 2337 1398 materia
2365 1345 2423 1396 et
2447 1339 2642 1398 forma
2668 1352 2923 1411 compo-

472 1414 627 1481 sitae,
661 1417 726 1470 ut
755 1426 827 1469 ex
911 1409 1301 1484 raemissis(c.
1347 1415 1416 1469 50
1485 1416 1666 1483 patet,
1716 1424 1838 1469 non
1890 1415 2133 1483 apparet
2181 1410 2513 1468 secundum
2542 1409 2691 1483 quid
2720 1411 2786 1467 in
2815 1410 2914 1468 eis

475 1496 671 1559 genus
700 1487 756 1540 et
786 1482 844 1538 di
897 1480 1125 1539 erentia
1148 1481 1428 1553 specifica
1447 1482 1636 1553 accipi
1669 1481 1881 1553 possit.

543 1553 704 1611 Scire
759 1552 943 1624 igitur
991 1556 1224 1623 oportet
1273 1552 1434 1625 quod
1481 1551 1730 1610 diversae
1784 1566 1981 1610 rerum
2036 1551 2270 1623 species
2308 1550 2600 1623 gradatim
2631 1555 2919 1609 naturam

475 1624 634 1682 entis
685 1622 1018 1695 possident.
1077 1623 1285 1680 Statim
1331 1623 1490 1680 enim
1534 1622 1599 1679 in
1644 1621 1836 1694 prima
1890 1621 2048 1680 entis
2093 1618 2387 1679 divisione
2442 1621 2745 1678 invenitur
2793 1622 2919 1680 hoc

476 1693 717 1768 quidem
745 1693 1093 1774 perfectum,
1138 1693 1369 1751 scilicet
1411 1706 1522 1751 ens
1578 1707 1685 1775 per
1716 1707 1782 1750 se
1830 1698 1888 1750 et
1921 1706 2031 1750 ens
2076 1696 2236 1760 actu,
2275 1689 2439 1750 aliud
2466 1704 2609 1749 vero
2637 1691 2921 1763 imperfe-

476 1770 661 1845 ctum,
692 1763 922 1835 scilicet
944 1776 1053 1820 ens
1083 1764 1147 1820 in
1184 1763 1304 1821 alio
1349 1768 1408 1822 et
1435 1777 1546 1821 ens
1574 1777 1638 1819 in
1664 1764 1929 1835 potentia
1949 1781 1964 1795 ·
2011 1767 2070 1820 et
2096 1762 2308 1820 eodem
2337 1760 2518 1821 modo
2541 1761 2918 1820 discurrenti

474 1849 582 1907 per
610 1835 848 1907 singula
876 1839 1119 1905 apparet
1167 1847 1347 1892 unam
1392 1834 1652 1905 speciem
1702 1847 1884 1904 supra
1912 1806 2090 1891 aliam
2133 1832 2394 1904 aliquem
2438 1831 2693 1905 gradum
2716 1832 2942 1904 perse--

476 1905 700 1963 ctionis
733 1904 1009 1976 adjicere,
1049 1904 1206 1961 sicut
1251 1903 1538 1962 animalia
1585 1918 1766 1985 super
1806 1903 2043 1976 plantas
2093 1908 2152 1961 et
2192 1902 2480 1961 animalia
2521 1903 2916 1977 progressiva

478 1989 660 2046 super
686 1974 971 2032 animalia
995 1974 1364 2043 immobilia;
1397 1974 1461 2031 in
1489 1974 1796 2033 coloribus
1825 1974 2026 2043 etiarn,
2052 1974 2428 2045 una-species
2446 1974 2565 2031 alia
2585 1973 2914 2044 perfectior

478 2045 799 2113 invenitur,
831 2045 1161 2103 secundum
1188 2044 1347 2117 quod
1377 2049 1470 2103 est
1494 2044 1756 2103 albedini
1785 2044 2204 2117 propinquior;
2236 2051 2477 2115 propter
2504 2045 2665 2116 quod
2684 2044 2915 2102 Aristo·

480 2116 630 2174 teles
649 2115 1017 2188 metaphys„
1048 2128 1180 2185 vm,
1198 2120 1338 2173 text.
1356 2129 1575 2173 comm.
1606 2115 1690 2187 10)
1722 2114 1868 2172 dicit
1907 2115 2067 2187 quod
2088 2114 2508 2173 distinctiones
2537 2128 2738 2172 rerum
2768 2118 2918 2173 sunt

479 2188 966 2253 sicutnumerus,
992 2186 1056 2242 in
1089 2198 1210 2257 quo
1241 2185 1442 2243 unitas
1470 2185 1774 2244 subtracta
1798 2186 1891 2243 vel
1912 2185 2111 2243 addita
2126 2185 2386 2257 speciem
2410 2185 2644 2244 numeri
2676 2185 2870 2246 variat
2890 2202 2910 2217 ·

481 2272 586 2328 per
626 2271 801 2329 quem
849 2255 1113 2327 modum,
1154 2255 1216 2312 in
1256 2255 1729 2324 definitionibuS,
1765 2256 1819 2313 si
1866 2269 1989 2314 una
2030 2253 2369 2313 differentia
2397 2256 2791 2315 subtrahatur
2815 2229 2915 2315 vei

481 2327 751 2398 addatur,
782 2326 1018 2385 diversa
1044 2327 1278 2398 species
1309 2327 1629 2384 invenitur.
1663 2326 1834 2385 Ratio
1865 2327 2048 2407 igitur
2075 2325 2483 2384 determinatae
2513 2325 2741 2407 speciei
2767 2339 2915 2384 con·

481 2398 642 2456 sistit
674 2398 736 2454 in
766 2398 879 2455 boc
905 2397 1065 2471 quod
1089 2401 1302 2455 natura
1323 2397 1663 2456 communis
1692 2397 1756 2454 in
1787 2397 2181 2454 determinato
2210 2396 2399 2477 gradu
2442 2404 2601 2455 entis
2646 2395 2918 2455 colloca-

481 2475 717 2539 tumet,
749 2468 891 2540 quia
914 2469 977 2526 in
1026 2467 1207 2526 rebus
1248 2482 1322 2526 ex
1347 2467 1598 2526 materia
1648 2473 1706 2526 et
1734 2467 1927 2526 forma
1977 2468 2333 2541 compositis
2370 2467 2565 2526 forma
2610 2472 2707 2527 est
2732 2467 2913 2541 quasi

481 2541 795 2607 terminuS,
819 2538 878 2596 id
902 2544 1100 2598 autem
1127 2539 1287 2612 quod
1312 2540 1666 2598 terminatur
1706 2553 1813 2610 per
1839 2552 1969 2596 eam
2018 2544 2111 2598 est
2146 2538 2397 2596 materia
2435 2538 2527 2596 vel
2575 2540 2912 2609 materiale,

481 2615 715 2682 oportet
739 2609 899 2682 quod
939 2609 1091 2668 ratio
1170 2610 1368 2668 eneris
1416 2615 1690 2668 sumatur
1723 2624 1797 2667 ex
1822 2609 2139 2679 materiali,
2168 2607 2507 2667 differentia
2531 2622 2674 2668 vero
2715 2609 2916 2681 speci·

478 2680 595 2738 fica
618 2696 689 2738 ex
714 2680 949 2738 formali
970 2699 985 2747 ;
1021 2686 1080 2738 et
1104 2679 1121 2737 i
1167 2694 1239 2738 eo
1260 2695 1334 2739 ex
1356 2679 1692 2739 differentia
1713 2686 1771 2738 et
1795 2693 2011 2751 genere
2041 2679 2106 2737 fit
2135 2693 2344 2749 unum,
2377 2680 2537 2738 sicut
2559 2694 2637 2738 ex
2658 2680 2917 2739 materia

483 2757 540 2809 et
568 2752 801 2819 forma;
835 2756 893 2808 et
945 2750 1101 2810 sicut
1139 2765 1257 2809 una
1295 2756 1354 2809 et
1398 2751 1606 2810 eadem
1648 2754 1739 2808 est
1770 2756 1982 2808 natura
2031 2764 2164 2823 quae
2199 2764 2274 2808 ex
2328 2751 2580 2809 materia
2607 2755 2667 2820 et
2715 2751 2918 2810 forma

481 2822 885 2890 constituitur,
941 2821 1023 2878 ita
1078 2820 1412 2879 differentia
1463 2835 1588 2879 non
1649 2821 1811 2879 addit
1863 2827 2203 2879 extraneam
2252 2820 2571 2893 quamdam
2629 2826 2914 2881 naturam

482 2905 662 2962 super
689 2905 902 2964 genus,
943 2891 1049 2948 sed
1077 2896 1170 2948 est
1195 2891 1466 2964 quaedam
1496 2891 1909 2950 determinatio
1936 2891 1953 2948 i
1998 2891 2129 2950 sius
2159 2896 2384 2949 naturae
2422 2891 2703 2964 generis;
2735 2896 2824 2963 ut,
2852 2892 2914 2952 si

480 2975 674 3088 genus
704 2961 1029 3031 accipiatur
1067 2961 1290 3018 animal
1381 2961 1524 3019 edes
1568 2962 1816 3030 habens,
1860 2962 1916 3019 di
1969 2962 2195 3019 erentia
2226 2960 2357 3033 ejus
2410 2967 2502 3020 est
2538 2962 2693 3020 duos
2722 2961 2911 3033 pedes

526 3030 710 3157 abe-rtis
733 3049 763 3156 ³t
779 3030 1225 3156 quamtquidem
1262 3031 1321 3088 di
1372 3032 1657 3089 erentiam
1688 3032 1839 3090 nihil
1860 3038 2206 3091 extraneum
2231 3045 2413 3103 super
2460 3046 2654 3107 genus
2684 3033 2911 3091 addere

479 3114 1084 3298 mzffld‘esplartnetffffod
1123 3171 1340 3252 accidit
1363 3173 1568 3245 generi
1609 3177 1668 3231 et
1704 3171 2062 3254 differentiae·
2101 3172 2262 3244 quod
2305 3157 2724 3231 determinatio
2755 3187 2913 3246 quae-

482 3243 639 3312 dam,
672 3256 848 3314 quam
875 3241 931 3298 dt
985 3246 1209 3299 erentia
1233 3248 1532 3314 importat,
1563 3258 1635 3301 ex
1663 3244 1783 3302 alio
1810 3244 2001 3315 princi
2048 3255 2107 3300 io
2132 3248 2414 3301 causetur
2427 3257 2606 3316 quam
2636 3257 2674 3301 a
2696 3250 2913 3302 natura

480 3313 758 3385 generis3
788 3328 861 3371 ex
889 3311 1003 3369 hoc
1033 3312 1194 3385 quod
1252 3318 1467 3372 natura
1520 3328 1698 3386 quam
1755 3313 1959 3387 signat
2027 3311 2255 3371 eflnitio
2305 3320 2398 3370 est
2450 3314 2793 3385 composita
2839 3329 2912 3373 ex

478 3384 730 3441 materia
753 3388 810 3440 et
837 3383 1049 3452 forma,
1066 3383 1223 3441 sicut
1245 3398 1320 3442 ex
1345 3385 1700 3442 terminante
1721 3389 1779 3442 et
1807 3383 2147 3442 terminato.
2169 3383 2228 3442 Si
2259 3383 2442 3455 igitur
2461 3384 2669 3457 aliqua
2692 3389 2913 3444 natura

480 3459 574 3513 est
595 3453 868 3525 simplex,
895 3454 1026 3524 ipsa
1052 3453 1292 3526 quidem
1316 3470 1423 3527 per
1464 3455 1725 3528 seipsam
1751 3455 1864 3513 erit
1908 3453 2247 3523 terminata,
2276 3467 2389 3511 nec
2417 3455 2717 3525 oportebit
2740 3454 2908 3529 quod

477 3523 693 3588 habeat
722 3524 873 3588 duas
914 3527 1112 3595 partes
1154 3539 1406 3598 quarum
1430 3540 1551 3584 una
1586 3526 1666 3583 sit
1686 3525 2018 3584 terminans
2049 3528 2108 3584 et
2134 3523 2255 3583 alia
2278 3523 2615 3582 terminata.
2647 3527 2733 3584 Ex
2778 3526 2913 3598 ipsa

477 3595 665 3676 igitur
719 3595 950 3653 ratione
1012 3599 1238 3654 naturae
1285 3602 1557 3655 sumetur
1585 3597 1737 3654 ratio
1791 3596 2070 3670 generis3
2100 3609 2175 3654 ex
2227 3596 2651 3654 terminatione
2707 3602 2912 3655 autem

479 3680 611 3738 eJus
629 3666 964 3794 ‘saecundum
994 3667 1156 3739 quod
1201 3667 1385 3724 estin
1425 3666 1529 3725 tali
1573 3667 1761 3739 gradu
1810 3668 2058 3735 entium,
2087 3671 2358 3724 sumetur
2403 3666 2536 3738 ejus
2566 3664 2910 3726 differentia

480 3749 511 3796 s
556 3751 643 3794 eci
690 3751 778 3795 ca.

515 3752 630 3865 pEx
664 3821 785 3881 quo
812 3806 988 3864 etiam
1018 3810 1179 3878 patet
1205 3808 1387 3879 quod,
1410 3807 1464 3866 si
1493 3806 1696 3881 aliqua
1723 3811 1935 3866 natura
1963 3820 2086 3865 non
2114 3811 2206 3865 est
2252 3807 2586 3876 terminata,
2619 3806 2732 3866 sed
2775 3806 2909 3866 infi-

481 3877 607 3935 nita
632 3878 695 3935 in
731 3892 818 3947 se,
853 3877 1011 3935 sicut
1039 3890 1221 3947 supra
1248 3877 1311 3949 (l.
1334 3891 1377 3947 1,
1402 3892 1460 3935 c.
1489 3878 1581 3949 43)
1608 3883 1918 3936 ostensum
1955 3883 2044 3936 est
2069 3876 2144 3933 de
2168 3881 2383 3934 natura
2409 3877 2631 3948 divina,
2664 3890 2793 3936 non
2818 3881 2909 3936 est

479 3947 544 4003 in
574 3963 642 4005 ea
673 3949 938 4020 accipere
968 3960 1160 4020 neque
1183 3961 1397 4019 genus,
1429 3961 1623 4021 neque
1652 3948 1952 4019 speciem;
1979 3946 2140 4021 quod
2166 3952 2258 4005 est
2278 3960 2616 4005 consonum
2646 3948 2749 4007 his
2776 3960 2905 4021 quat

482 4029 664 4086 supra
691 4019 751 4089 (l.
780 4034 823 4100 1,
855 4033 907 4076 c.
938 4020 1030 4090 25)
1067 4017 1460 4099 ostendimus.

508 4154 521 4166 ‚
550 4089 716 4144 Patet
739 4095 918 4147 etiam
947 4103 1021 4146 ex
1047 4100 1397 4160 praemissis,
1428 4102 1614 4162 quum
1639 4089 1888 4149 diversae
1935 4089 2169 4160 species
2197 4088 2263 4148 in
2287 4087 2643 4148 substantiis
2672 4102 2912 4161 separa·

477 4158 559 4212 tis
584 4159 950 4237 accipiantur
974 4158 1303 4219 secundum
1332 4160 1491 4234 quod
1519 4162 1789 4220 diversos
1812 4160 2035 4232 gradus
2081 4161 2433 4226 sortiuntur,
2462 4160 2526 4217 in
2558 4173 2681 4218 una
2708 4165 2911 4218 autem

480 4238 682 4297 specie
711 4241 834 4286 non
860 4229 984 4287 sint
1009 4230 1182 4302 plura
1218 4230 1547 4302 individua,
1585 4231 1743 4306 quod
1774 4244 1897 4288 non
1936 4235 2080 4289 sunt
2112 4232 2176 4288 in
2221 4230 2579 4290 substantiis
2608 4231 2912 4303 separatis

480 4295 613 4378 duae
641 4298 901 4369 aequales
953 4300 1282 4359 secundum
1344 4302 1615 4360 ordinem
1658 4302 1764 4361 sed
1813 4315 1936 4360 una
1984 4300 2334 4360 naturaliter
2386 4306 2479 4359 est
2522 4301 2713 4359 altera
2738 4314 2915 4374 supe-

476 4380 622 4426 rior.
1946 4381 1951 4386 ·

551 4437 715 4501 Unde
743 4410 960 4502 dicitur
980 4459 996 4502 ε
1015 4444 1299 4516 Numquid
1319 4446 1464 4502 nosti
1476 4444 1721 4504 ordinem
1747 4442 2310 4518 coeti(tob,xxxv1n,
2335 4442 2467 4518 33)?
2483 4444 2553 4503 Et
2579 4440 2913 4518 Dionysius
2956 4479 2961 4480 ff
