3076 5025
1154 293 1286 349 LIB.
1328 293 1397 354 11,
1438 291 1591 348 CAP.
1632 292 1860 363 Lxxm.
2613 298 2715 354 199

357 414 521 472 Sicut
548 415 709 472 enim
735 413 960 473 dictum
989 418 1102 483 est,
1133 413 1316 472 unius
1345 414 1580 486 agentis
1609 428 1731 471 una
1758 419 1850 472 est
1876 413 2056 483 actio,
2101 427 2233 488 quae
2282 414 2713 488 multiplicatur

288 485 488 544 solum
512 485 842 543 secundum
869 484 1106 543 diversa
1130 484 1398 557 subjecta
1439 484 1502 541 in
1546 498 1677 556 quae
1732 485 1947 543 transit
1984 484 2090 542 illa
2143 485 2319 545 actio.
2375 486 2711 561 Intelligere

288 561 483 613 antem
516 561 576 611 et
605 556 756 612 velle
781 561 842 613 et
868 555 1211 627 hujusmodi
1246 568 1365 611 non
1397 559 1536 611 sunt
1563 555 1831 612 actiones
1858 561 2237 614 transeuntes
2260 556 2323 614 in
2358 557 2712 619 exteriorem

285 627 624 694 materiam,
652 625 757 683 sed
787 631 1031 683 manent
1060 625 1281 696 inipso
1310 630 1521 696 agente
1550 626 1720 698 quasi
1765 626 2161 697 perfectiones
2208 626 2401 698 ipsius
2451 629 2712 702 agentis,
2784 691 2793 697 ,

283 700 354 755 ut
379 702 543 768 patet
566 711 670 766 per
697 696 1072 754 Aristotelem
1106 695 1453 767 (Metaphys„
1485 707 1592 763 xii,
1622 700 1762 753 text.
1794 709 2011 754 comm.
2043 696 2155 769 49).
2199 698 2331 756 Non
2372 702 2570 769 potest
2599 698 2714 771 igi-

285 772 387 896 “Iit
413 781 602 893 utrium
635 765 969 893 itiitelligere
997 766 1340 825 intellectus
1369 764 1681 838 possibilis
1722 765 2106 838 multiplicari
2155 781 2262 839 per
2302 767 2709 829 diversitatem

373 851 449 894 an
477 850 649 895 asma
678 851 797 894 um.

285 852 326 911 p
355 910 644 975 Praeterea,
718 908 1094 965 hantasmata
1120 920 1187 965 se
1216 905 1438 964 habent
1465 907 1537 965 ad
1569 905 1937 965 intellectum
1981 907 2331 979 possibilem
2361 913 2428 967 ut
2454 910 2715 971 activum

283 978 610 1051 quodamm
699 992 738 1035 o
767 977 839 1035 ad
911 978 1200 1059 assivum‚
1231 978 1562 1058 secundum
1592 975 1753 1104 guod
1794 977 2145 1059 Aristoteles
2187 978 2333 1036 dicit
2378 978 2476 1051 (De
2502 983 2714 1051 anima,

284 1063 375 1115 ιιι,
405 1053 548 1106 text.
583 1062 799 1106 comm.
831 1053 865 1104 2
918 1048 1077 1121 quod
1108 1047 1445 1119 intelligere
1468 1061 1589 1120 quo
1632 1048 1768 1105 dam
1796 1052 1917 1118 pati
1947 1053 2057 1106 est.
2111 1049 2238 1106 Pati
2287 1053 2484 1109 autem
2514 1050 2715 1121 ipsum

279 1114 573 1190 patientis
602 1116 1039 1200 diversificatur
1061 1118 1389 1177 secundum
1411 1118 1678 1200 diversas
1698 1118 1922 1199 formas
1943 1118 2292 1199 activorum,
2312 1119 2437 1178 sive
2458 1121 2713 1201 specim,

283 1203 411 1247 non
431 1189 769 1249 secundum
807 1188 1210 1247 diversitatem
1238 1202 1444 1246 eorum
1475 1202 1536 1245 in
1566 1202 1849 1257 numero;
1876 1201 1943 1246 in
1967 1202 2090 1247 uno
2128 1203 2289 1247 enim
2332 1203 2578 1262 passivo
2625 1203 2717 1251 se·

286 1260 495 1333 quitur
528 1260 708 1317 simul
740 1274 776 1317 a
803 1259 1042 1317 duobus
1072 1259 1302 1323 activis,
1335 1259 1567 1317 scilicet
1592 1259 1978 1317 calefaciente
2003 1259 2433 1329 etdesiccante,
2457 1259 2717 1321 calefieri

282 1336 346 1387 et
373 1330 707 1399 desiccari3
739 1344 858 1388 non
889 1335 1087 1388 autem
1117 1344 1153 1387 a
1182 1329 1418 1387 duobus
1447 1329 1936 1387 calefacientibus
1966 1331 2239 1403 sequitur
2275 1330 2341 1388 in
2391 1342 2515 1388 uno
2560 1331 2717 1390 cale-

283 1400 543 1459 factibili
576 1400 795 1472 duplex
823 1398 1106 1469 calefieri,
1137 1400 1244 1458 sed
1279 1414 1461 1458 unum
1493 1405 1743 1468 tantuin,
1776 1398 1899 1458 nisi
1929 1398 2081 1458 forte
2112 1399 2234 1458 sint
2281 1400 2529 1460 diversae
2582 1414 2719 1473 spe·

279 1472 412 1530 cies
442 1471 698 1539 caloris3
734 1485 918 1544 quum
949 1470 1110 1528 enim
1140 1471 1305 1528 calor
1334 1470 1554 1541 duplex
1581 1470 1762 1529 unius
1808 1470 2030 1542 speciei
2077 1484 2195 1529 non
2249 1472 2442 1542 possit
2488 1484 2622 1530 esse
2651 1471 2720 1531 in

281 1555 412 1600 uno
444 1542 739 1614 subjecto,
773 1547 975 1599 motus
1006 1546 1203 1599 autem
1247 1546 1592 1598 numeretur
1620 1539 1951 1599 secundum
1979 1542 2301 1600 terminum
2332 1541 2405 1600 ad
2435 1555 2633 1614 quem,
2662 1543 2719 1602 si

285 1612 368 1670 sit
397 1612 588 1670 unius
615 1612 905 1683 temporis
934 1617 994 1668 et
1021 1611 1288 1684 ejusdem
1321 1610 1596 1683 sthecti,
1624 1623 1745 1669 non
1772 1611 1990 1682 poterit
2035 1625 2170 1670 esse
2214 1611 2432 1683 duplex
2459 1611 2719 1672 calefieri

285 1683 350 1741 in
382 1697 505 1741 uno
534 1682 837 1755 subjecto;
869 1686 931 1739 et
957 1682 1070 1739 hoc
1110 1682 1267 1748 dico,
1296 1682 1415 1740 nisi
1456 1683 1537 1739 sit
1571 1682 1692 1739 alia
1729 1682 1964 1753 species
2003 1681 2244 1751 caloriS,
2275 1683 2431 1740 sicut
2476 1683 2720 1754 ponitur

282 1753 350 1812 in
375 1753 615 1812 ¹semime
639 1752 808 1811 calor
839 1752 1023 1825 ignis,
1041 1752 1196 1832 coeli·
1219 1758 1275 1809 et
1297 1752 1530 1810 animae.
1564 1754 1643 1809 Ex
1667 1751 2007 1811 diversitate
2036 1753 2220 1833 igitur
2230 1752 2719 1824 phantasmatum

285 1823 628 1897 intellig-ere
659 1823 1002 1880 intellectus
1073 1822 1345 1881 ossibilis
1372 1836 1494 1881 non
1519 1822 1973 1893 multiplicatur,
2020 1823 2141 1881 nisi
2166 1824 2496 1882 secundum
2527 1823 2717 1883 diver-

291 1906 497 1953 sarum
531 1895 866 1975 specierum
897 1894 1029 1975 'in-te
1058 1893 1387 1974 ligentiam,
1419 1898 1486 1951 ut
1524 1892 1798 1975 dicamus
1825 1892 1988 2021 (lund
2024 1893 2187 1952 aliud
2215 1899 2307 1952 est
2339 1893 2469 1966 ejus
2492 1893 2713 1952 intelli·

283 1978 451 2038 gere,
505 1970 683 2046 prout
722 1963 1004 2045 intelligit
1049 1964 1357 2022 hominem
1399 1967 1459 2020 et
1500 1970 1678 2035 prout
1720 1970 1843 2021 inte
1870 1964 1909 2021 li
1958 1968 2002 2021 it
2055 1978 2088 2022 e
2132 1978 2296 2023 uum.
2340 1965 2455 2023 Sed
2499 1965 2716 2026 horum

287 2048 481 2094 unum
511 2034 849 2107 intelligere
876 2034 1057 2093 simul
1088 2035 1367 2092 convenit
1393 2035 1676 2093 omnibus
1704 2033 1932 2093 homini
1978 2047 2071 2093 us.
2092 1978 2208 2163 {tf

296 2109 397 2164 tui·
466 2105 589 2164 uod
610 2104 778 2162 idem
800 2105 1133 2178 intelligere
1158 2118 1408 2163 numero
1431 2105 1514 2163 sit
1542 2104 1723 2177 huius
1751 2105 2018 2165 hominis
2043 2110 2104 2164 et
2128 2105 2169 2164 il
2198 2107 2313 2165 ius.

363 2177 417 2234 Α
461 2177 589 2240 huc,
635 2175 975 2234 intellectus
1025 2176 1290 2246 possibis
1331 2175 1615 2249 intelligit
1660 2175 1984 2246 hominem,
2017 2189 2141 2235 non
2182 2177 2516 2239 secundum
2555 2175 2719 2251 quod

288 2245 389 2304 bic
435 2247 647 2317 homo,
703 2246 807 2304 sed
861 2246 924 2302 in
964 2252 1254 2318 quantum
1296 2252 1388 2305 est
1425 2247 1610 2303 homo
1656 2246 2008 2318 simpliciter
2050 2248 2384 2305 secundum
2426 2247 2720 2309 rationem

289 2317 541 2388 speciei.
574 2318 708 2373 Baec
733 2321 929 2374 autem
958 2316 1108 2375 ratio
1139 2331 1257 2374 una
1285 2321 1400 2386 est,
1429 2321 1979 2390 quantumcumque
2004 2316 2423 2389 phantasmata
2452 2319 2719 2380 hominis

287 2386 762 2460 multiplicentur
785 2387 879 2444 vel
909 2386 970 2443 in
1000 2400 1121 2444 uno
1145 2387 1388 2444 homine
1418 2387 1512 2444 vel
1548 2387 1613 2444 in
1662 2387 1917 2445 diversis
1942 2387 2275 2446 secundum
2300 2388 2535 2447 diversa
2558 2388 2718 2448 indi·

287 2458 473 2517 vidua
520 2457 805 2520 bominis,
837 2469 1092 2531 quorum
1140 2457 1374 2529 proprie
1424 2462 1567 2516 sunt
1608 2458 2048 2529 phantasmata.
2078 2457 2488 2540 multiplicatio
2535 2459 2720 2532 igitur

289 2530 776 2600 phantasmatum
807 2531 928 2586 non
956 2532 1152 2600 potest
1182 2541 1317 2586 esse
1365 2542 1550 2586 causa
1577 2529 1737 2600 quod
1784 2527 2209 2601 multiplicetur
2254 2543 2271 2585 ι
2316 2542 2452 2587 sum
2488 2529 2718 2589 intelli·

289 2613 434 2727 gere
463 2600 803 2656 intellectus
831 2598 1144 2670 possibilis
1167 2605 1442 2668 respectu
1484 2598 1667 2655 unius
1695 2599 1921 2670 speciei
1949 2617 1969 2655 .·
1998 2602 2057 2656 et
2088 2598 2178 2657 sic
2215 2611 2253 2655 a
2295 2599 2411 2658 buc
2448 2612 2719 2659 remane·

330 2670 378 2727 it
397 2683 522 2727 una
553 2670 711 2726 actio
741 2683 990 2727 numero
1021 2669 1394 2726 diversorum
1425 2669 1761 2726 hominum.

2211 2049 2247 2094 o
2268 2035 2343 2094 ad
2360 2035 2475 2094 hoc
2502 2048 2716 2110 seque·

360 2741 515 2804 Item,
551 2740 856 2812 proprium
903 2738 1240 2812 subjectum
1292 2738 1531 2796 babitus
1580 2737 1846 2796 scientiae
1884 2740 1979 2795 est
2011 2737 2357 2797 intellectus
2384 2739 2696 2811 possibilis

289 2811 438 2892 qnia
475 2810 609 2882 ejus
633 2818 803 2868 actus
829 2816 925 2869 est
954 2809 1339 2891 considerare
1376 2809 1710 2888 secundum
1745 2807 2083 2889 scientiam..
2103 2809 2393 2868 Accidens
2416 2816 2634 2892 autem,
2664 2783 2720 2872 SI

291 2885 379 2939 sit
421 2895 609 2938 unum
647 2881 977 2939 secundum
1018 2893 1300 2951 speciem,
1340 2893 1463 2937 non
1499 2878 2087 2960 multiplicaturum
2124 2880 2457 2939 secundum
2494 2880 2724 2954 subiec-

292 2956 446 3010 tum.
479 2951 538 3008 Si
573 2951 759 3023 igitur
784 2951 1126 3009 intellectus
1155 2950 1466 3023 possibilis
1496 2950 1577 3008 sit
1610 2963 1767 3009 unus
1796 2961 2066 3007 omnium
2109 2950 2442 3022 hominum,
2471 2963 2722 3012 necesse

290 3021 407 3079 erit
425 3022 588 3094 quod
621 3021 892 3079 scientia}
923 3021 1188 3090 habituri,
1218 3021 1271 3079 si
1303 3021 1382 3078 sit
1412 3021 1566 3078 idem
1617 3020 1948 3078 secundum
1976 3021 2260 3091 speciem,
2333 3029 2433 3080 uta
2478 3022 2721 3082 habitus

334 3091 730 3161 rammaticae,
762 3093 844 3149 sit
868 3092 1023 3149 idem
1051 3103 1303 3148 numero
1333 3092 1395 3147 in
1425 3090 1707 3148 omnibus
1734 3089 2111 3159 hominibus;
2143 3105 2262 3164 quo
2333 3098 2424 3152 est
2445 3092 2721 3165 inopina·

335 3162 435 3220 ile.
473 3165 603 3221 Non
625 3167 726 3219 est
753 3162 770 3219 i
823 3163 940 3220 'tur
969 3161 1311 3219 intellectus
1341 3161 1651 3232 possibilis
1684 3174 1840 3219 unus
1866 3161 1931 3217 in
1961 3160 2261 3221 omnibus

363 3232 474 3312 Sed
509 3233 586 3313 ad
617 3232 732 3289 lioc
760 3177 968 3314 ‹ffcnnt
998 3232 1158 3305 quod
1193 3231 1526 3311 subjectum
1555 3231 1792 3313 babitus
1822 3229 2091 3312 scientiae
2117 3245 2239 3291 non
2264 3236 2357 3292 est
2382 3233 2723 3315 intellectus

289 3302 642 3430 possibilis,t
655 3302 766 3361 sed
793 3304 1132 3361 intellectus
1155 3315 1434 3374 passivus
1462 3308 1522 3360 et
1545 3307 1734 3361 virtus
1762 3306 2081 3374 cogitativa
2099 3322 2120 3371 ς
2140 3302 2303 3377 quod
2322 3303 2563 3376 quidem
2584 3315 2723 3365 esse

321 3446 528 3524 ⁸riam,
561 3444 718 3502 sicut
746 3443 957 3523 probat
981 3443 1330 3524 Aristoteles
1353 3443 1589 3515 (Etibc.‚
1618 3456 1688 3513 ιι,
1716 3457 1769 3501 c.
1803 3443 1878 3514 1),
1900 3456 1972 3501 ex
1996 3442 2297 3502 similibus
2316 3443 2549 3503 actibus
2570 3443 2725 3506 flunt

282 3515 518 3572 similes
547 3514 812 3580 habitus,
879 3528 944 3570 ui
973 3514 1213 3571 similes
1237 3514 1416 3571 etiam
1446 3519 1616 3572 actus
1644 3512 1918 3573 reddunt.
1954 3516 2031 3572 Ex
2060 3514 2292 3572 actibus
2320 3522 2517 3574 antem
2545 3514 2722 3575 intet-

285 3582 479 3643 lectus
515 3584 829 3655 possibilis
899 3588 926 3639 t
952 3584 1194 3642 babitus
1213 3584 1480 3642 scientiae
1509 3585 1572 3640 in
1604 3583 1802 3653 nobis,
1820 3589 1878 3641 et
1896 3583 1969 3642 ad
1998 3585 2241 3643 eosdem
2260 3593 2430 3644 actus
2448 3591 2722 3667 potentes

285 3667 500 3712 sumus
531 3655 865 3712 secundum
895 3654 1167 3711 habitum
1196 3655 1482 3713 scientiae.
1511 3654 1761 3714 Habitus
1788 3654 1974 3728 igitur
1999 3655 2273 3715 scientia}
2314 3661 2406 3714 est
2448 3668 2515 3714 ιιι
2542 3655 2722 3717 intel·

285 3724 443 3783 lectu
479 3725 779 3796 possibili,
805 3736 926 3782 non
956 3725 1221 3796 passivo.

353 3796 578 3866 Adhuc,
609 3796 866 3854 scientia
893 3801 991 3853 est
1015 3794 1089 3855 de
1124 3794 1620 3854 conclusionibus
1649 3795 2226 3857 demonstrationum
2254 3815 2268 3829 ·
2296 3810 2440 3856 nain
2475 3796 2721 3857 demon·

287 3866 499 3924 stratio
529 3872 622 3924 est
654 3867 811 3939 syllo
856 3866 1048 3947 ismus
1095 3864 1324 3924 faciens
1359 3867 1535 3935 scire,
1571 3871 1634 3922 ut
1664 3867 2013 3948 Aristoteles
2056 3867 2200 3926 dicit
2227 3841 2476 3948 (bostem,
2503 3882 2550 3937 1,
2576 3871 2721 3928 text.

287 3950 505 3994 comm.
541 3937 617 4009 5).
653 3939 816 3995 Conc
843 3949 1092 3995 usiones
1143 3941 1340 3994 autem
1365 3935 1947 3996 demonstrationum
1978 3944 2119 3996 sunt
2143 3940 2534 4008 universaleS,
2564 3939 2725 3999 sicut

283 4012 340 4063 et
375 4007 692 4079 principia.
741 4010 841 4064 Est
888 4007 1072 4079 igitur
1102 4006 1165 4063 in
1220 4006 1326 4063 illa
1369 4007 1588 4063 virtute
1617 4021 1749 4078 quac
1776 4013 1869 4064 est
1920 4008 2221 4080 cognitiva
2266 4010 2719 4070 universalium.

286 4077 631 4135 Intellectus
662 4083 866 4134 autem
895 4078 1176 4148 passivus
1215 4090 1340 4135 non
1365 4084 1459 4134 est
1477 4076 1934 4157 ⁶cognoscitivus
1967 4078 2419 4147 universalium,
2450 4080 2558 4139 sed
2585 4091 2720 4153 par·

285 4147 629 4206 ticularium
664 4148 1087 4205 intentionum.
1120 4150 1250 4204 Non
1281 4152 1374 4206 est
1407 4147 1591 4218 igitur
1616 4147 1952 4219 subjectum
1982 4148 2221 4207 habitus
2255 4150 2540 4208 scientiae.

353 4218 646 4297 Rraeterea,
695 4224 908 4276 contra
941 4217 1246 4298 hocsunt
1291 4218 1809 4297 pluresrationes
1858 4217 2127 4279 adductae
2166 4232 2365 4291 supra,
2416 4234 2601 4294 quum
2647 4218 2723 4280 do

283 4299 509 4346 unione
548 4287 891 4346 intellectus
917 4288 1232 4359 possibilis
1262 4288 1336 4345 ad
1368 4288 1671 4345 bominem
1700 4293 1996 4361 ageretur.

352 4358 596 4416 videtur
635 4365 831 4415 autem
864 4372 933 4416 ex
959 4358 1075 4417 hoc
1111 4359 1302 4416 fuisse
1332 4357 1625 4427 deceptio,
1656 4359 1715 4415 in
1749 4358 2025 4439 ponendo
2057 4358 2320 4419 habitum
2353 4359 2619 4420 scientiae
2650 4357 2720 4415 in

288 4428 594 4492 intellectu
630 4429 870 4499 passivo
897 4441 1057 4498 esse,
1091 4429 1235 4501 quia
1259 4428 1541 4488 homines
1565 4428 1954 4489 inveniuntur
1970 4431 2371 4504 promptiores
2396 4432 2491 4490 vel
2513 4428 2716 4489 minus
