3076 5025
1037 312 1171 370 Lm.
1209 312 1303 381 IV,
1343 313 1496 370 CAP.
1536 313 1599 368 V.
2202 337 2219 354 ·
2426 319 2532 374 493

191 434 316 492 Haec
358 436 553 491 autem
600 432 718 490 ruit
764 431 973 504 opinio
1000 429 1635 503 sabellianorum,‘qui
1657 435 1716 488 et
1735 430 2164 502 patripassiani
2196 430 2335 490 dicti
2368 439 2531 504 suut,

148 517 203 632 ²5¹³]
218 501 404 631 qgtodn
409 505 642 561 Patrem
670 516 919 575 passum
968 514 1106 559 esse
1132 500 1514 571 confitentur,
1545 507 1886 560 asserentes
1913 502 2112 573 ipsum
2136 505 2367 561 Patrem
2397 518 2535 563 esse

148 611 167 632 .
206 588 250 630 ri
309 588 345 631 u
419 615 433 629 .

191 645 316 701 Haec
339 650 532 701 autem
556 643 802 715 positio,
823 643 936 702 etsi
965 657 999 700 a
1027 641 1308 713 praedicta
1335 640 1571 699 differat
1597 646 1883 715 quantum
1911 642 1985 700 ad
2014 643 2229 702 Christi
2259 643 2533 704 divinita-

149 727 234 772 em
259 713 411 786 (nam
445 715 571 772 baec
600 714 899 772 Christum
927 727 1131 771 verum
1176 717 1235 770 et
1259 714 1589 770 naturalem
1629 715 1813 769 Deum
1843 726 1981 771 esse
2009 714 2341 778 confitetur,
2374 716 2535 788 quod

148 785 304 842 >rima
347 784 646 856 negabat),
678 789 879 843 tamen
907 789 1194 857 quantum
1225 783 1299 842 ad
1327 783 1774 864 generationem
1802 787 1862 840 et
1900 782 2255 864 filiationem
2286 791 2534 858 utraque

148 859 212 912 ist
237 855 556 913 conformis
585 854 816 926 opinio.
870 857 1037 921 Nam,
1069 853 1228 912 sicut
1255 867 1443 924 prima
1474 852 1695 925 positio
1725 859 1942 911 asserit
1967 852 2316 913 filiationem
2347 862 2405 912 et
2432 870 2534 928 ge·

148 925 473 983 ierationem
529 938 650 997 qua
673 926 944 984 Christus
968 927 1116 996 filius
1132 923 1368 1006 dicitur²
1400 937 1521 981 non
1551 923 1903 1004 fuisseante
1925 924 2188 994 Mariam,
2220 925 2303 982 ita
2329 931 2387 981 et
2409 927 2536 985 haec

148 994 315 1076 >pinio
354 969 694 1053 confitetur.
740 999 958 1054 Neutra
1005 995 1190 1067 igitur
1232 994 1452 1065 positio
1498 999 1948 1067 generationem
1994 1000 2053 1051 et
2078 993 2430 1053 filiationem
2457 996 2535 1056 ad

148 1064 368 1123 livinam
399 1072 673 1124 naturam
707 1067 904 1133 refert,
930 1065 1034 1123 sed
1064 1066 1263 1122 solum
1294 1064 1365 1122 ad
1395 1069 1665 1122 naturam
1690 1065 2037 1127 humanam.

191 1136 365 1194 Habet
407 1137 587 1195 etiam
634 1141 698 1194 et
742 1137 859 1195 hoc
902 1136 1204 1217 proprium
1247 1136 1365 1193 ista
1392 1136 1635 1207 positio,
1666 1135 1848 1208 quod,
1892 1149 2075 1208 quum
2103 1134 2323 1194 dicitur
2348 1136 2534 1196 Filius

148 1205 241 1274 Jei,
282 1219 400 1264 non
442 1207 798 1280 designatur
840 1206 1043 1279 aliqua
1086 1206 1427 1264 subsistens
1457 1219 1736 1277 persona,
1767 1204 1873 1264 sed
1904 1205 2174 1278 quiedam
2202 1206 2534 1278 proprietas

148 1277 537 1347 inperveniens
565 1277 966 1349 praeexistenti
995 1280 1445 1347 personae.Nam
1466 1278 1596 1347 ipse
1622 1278 1813 1345 Pater,
1844 1275 2176 1334 secundum
2217 1278 2376 1349 quod
2405 1291 2533 1336 car-

148 1358 249 1403 iem
268 1348 532 1427 ,sumpsit
573 1363 649 1405 ex
674 1349 928 1421 virgine,
959 1347 1091 1406 Filii
1138 1361 1357 1429 nomen
1385 1347 1633 1430 accepit,
1663 1359 1788 1406 non
1810 1345 1986 1420 quasi
2013 1346 2198 1406 Filius
2225 1348 2308 1407 sit
2333 1346 2536 1421 aliqua

148 1416 447 1477 subsistens
473 1431 740 1490 persona
768 1432 804 1475 a
829 1429 1092 1489 persona
1120 1420 1311 1476 Patris
1340 1417 1644 1476 distincta.

170 1487 366 1613 tnujus
391 1495 594 1549 autem
632 1488 951 1561 positionis
993 1488 1226 1548 falsitas
1265 1488 1582 1548 manifeste
1627 1487 1963 1548 ostenditur
1987 1489 2336 1549 auctoritate
2379 1493 2533 1551 Scri-

196 1630 319 1685 Nam
348 1628 619 1689 Christus
648 1642 775 1688 non
825 1630 1024 1689 solum
1051 1629 1297 1704 virginis
1324 1629 1487 1687 filius
1513 1629 1730 1687 dicitur
1752 1629 1817 1687 in
1843 1630 2180 1702 scripturis,
2213 1630 2319 1690 sed
2350 1632 2525 1691 etiam

148 1696 293 1776 Filius
320 1701 439 1770 Dei,
465 1705 534 1757 ut
560 1715 636 1758 ex
679 1701 1087 1772 superioribus
1135 1704 1310 1772 patet.
1362 1702 1483 1758 iloc
1512 1702 1709 1757 autem
1733 1712 1869 1758 esse
1899 1713 2021 1759 non
2045 1705 2260 1773 potest,
2289 1707 2354 1760 ut
2377 1704 2533 1762 idem

148 1771 202 1822 ςιῑ
234 1767 382 1828 filius
427 1770 720 1842 suiipsius
743 1789 758 1840 ;
796 1786 982 1844 quum
1029 1771 1185 1829 enim
1205 1770 1365 1829 filius
1393 1773 1712 1843 generetur
1738 1784 1775 1828 a
1796 1773 1982 1841 patre,
2007 1785 2305 1852 generans
2333 1778 2531 1831 autem

148 1835 218 1893 let
234 1852 358 1897 esse
384 1841 607 1913 genito,
637 1845 989 1915 sequeretur
1018 1841 1176 1914 quod
1203 1841 1359 1899 idem
1388 1844 1552 1900 esset
1577 1840 1729 1899 dans
1757 1844 1815 1898 et
1841 1841 2138 1913 accipiens
2168 1856 2341 1901 esse·
2372 1845 2531 1916 quod

148 1909 351 1990 mnino
400 1924 535 1969 esse
580 1925 710 1993 non
754 1915 970 1983 potest.
1015 1913 1146 1971 Non
1174 1915 1266 1972 est
1290 1911 1470 1985 igitur
1493 1913 1653 1969 Deus
1679 1912 1851 1969 Pater
1870 1910 1999 1983 ipse
2031 1912 2213 1972 Filius
2241 1886 2347 1972 sed
2378 1914 2533 1973 alius

148 1981 214 2035 ist
231 1980 400 2038 Filius
427 1986 487 2038 et
512 1982 672 2040 alius
703 1984 896 2039 Pater.

193 2050 342 2117 ltem,
373 2052 663 2111 Dominus
689 2052 864 2109 dicit:
895 2052 1157 2110 Descendi
1179 2052 1248 2109 de
1277 2054 1402 2109 coelo
1432 2056 1631 2108 utnon
1656 2053 1864 2121 faciam
1880 2054 2214 2111 voluntatem
2230 2059 2535 2122 meam,sed

148 2118 430 2177 :altentatem
456 2123 578 2191 ejus
599 2125 698 2193 qui
718 2126 870 2179 misit
888 2138 973 2178 me
1000 2123 1243 2192 (Iocum,
1276 2135 1361 2185 vi,
1386 2124 1478 2192 38)
1512 2142 1530 2178 ε
1558 2124 1811 2192 clarifica
1833 2139 1918 2179 me
1952 2128 2033 2191 tu,
2058 2127 2222 2180 Pater
2264 2129 2418 2197 apud
2456 2134 2532 2184 tc·-

148 2192 334 2315 ,semme
307 2207 405 2318 lm.
439 2193 643 2320 (Jolgzni,
675 2206 824 2257 xvii,
856 2193 935 2266 5.)
965 2197 1046 2251 Ex
1074 2193 1290 2266 quibus
1310 2194 1591 2251 omnibus
1606 2197 1666 2250 et
1685 2192 1979 2252 similibus
2001 2195 2336 2254 ostenditur
2352 2199 2533 2255 Filius

148 2269 163 2293 ²
273 2275 305 2318 a
327 2276 420 2320 ius
446 2277 482 2321 a
558 2278 593 2321 a
620 2277 706 2321 re.

177 2332 377 2409 ‘Dotest
429 2338 628 2391 autern
677 2333 792 2391 dici
830 2334 1159 2391 secundum
1200 2334 1358 2392 hanc
1398 2334 1780 2404 positionem,
1825 2333 1987 2405 quod
2016 2335 2283 2394 Christus
2321 2337 2534 2397 dicitur

148 2398 290 2459 Flhus
333 2403 433 2459 Dei
479 2404 672 2461 Patris
726 2403 924 2461 solum
954 2403 1284 2461 secundum
1313 2403 1654 2483 humanam·
1670 2408 1963 2473 naturam,
1992 2404 2129 2476 quia
2150 2406 2377 2463 scilicet
2403 2408 2530 2478 ipse

148 2468 269 2550 Deus
294 2475 460 2532 Pater
481 2473 812 2533 humanam
841 2476 1112 2532 naturam
1141 2486 1319 2547 quam
1354 2477 1683 2545 assumpsit
1700 2474 1916 2532 creavit
1935 2477 1994 2531 et
2016 2475 2420 2535 sanctificavit.
2436 2479 2528 2539 Sic

151 2544 288 2611 igitur
311 2544 434 2614 ipse
465 2546 803 2604 secundum
828 2544 1498 2614 divinitatem,suiipsius
1522 2545 1853 2601 secundum
1872 2544 2298 2603 humanitatem
2320 2547 2532 2607 dicitur

150 2612 314 2682 Pater3
343 2620 400 2672 et
422 2616 503 2674 ita
527 2617 709 2674 etiam
738 2615 881 2672 nihil
909 2615 1182 2686 prohibet
1210 2614 1485 2671 eumdem
1514 2614 1846 2673 secundum
1871 2614 2300 2674 humanitatem
2329 2618 2531 2678 distin-

150 2682 270 2739 ctum
297 2698 426 2743 esse
453 2702 490 2744 a
518 2688 724 2758 seipso
753 2686 1084 2743 secundum
1114 2683 1493 2742 divinitatem.

191 2751 294 2832 §ed
322 2757 653 2814 secundum
677 2756 794 2814 hoc
836 2759 1185 2829 sequeretur
1208 2755 1367 2827 quod
1394 2755 1662 2813 Christus
1689 2754 1918 2813 dicatur
1945 2754 2128 2814 Filius
2158 2757 2261 2814 Dei
2291 2760 2447 2818 sicut
2473 2766 2532 2820 et

150 2817 220 2878 ilii
241 2822 527 2897 homines,
556 2828 651 2884 vel
679 2826 908 2885 ratione
945 2825 1262 2884 creationis
1298 2824 1385 2882 vel
1419 2826 1647 2883 ratione
1677 2824 2182 2885 sanctificationis.
2211 2829 2532 2891 ostensum

150 2896 212 2947 est
253 2901 443 2975 autem
492 2897 656 2971 quod
696 2896 814 2955 alia
850 2896 1077 2954 ratione
1107 2895 1373 2954 Christus
1402 2896 1615 2953 dicitur
1641 2896 1746 2977 Dei
1775 2896 1957 2954 Filius
1982 2911 2161 2978 quarn
2191 2897 2290 2955 alii
2319 2903 2530 2960 sancti.

150 2960 246 3086 5an
281 2966 456 3049 igitur
490 2968 685 3050 ‘modo
728 2967 1008 3039 praedicto
1036 2970 1233 3040 potest
1255 2966 1507 3041 intelligi
1535 2966 1697 3039 quod
1724 2979 1853 3039 ipse
1878 2969 2051 3026 Pater
2075 2971 2154 3026 sit
2180 2968 2446 3030 Christus
2473 2976 2535 3032 et

192 3045 275 3090 ius
299 3044 418 3094 suu·
453 3052 604 3097 sius.

195 3052 458 3185 Rreteress.
493 3109 595 3167 ubi
623 3114 718 3168 est
741 3122 928 3166 unum
957 3108 1331 3181 suppositum
1358 3107 1719 3178 subsistens,
1749 3108 1996 3179 pluralis
2033 3109 2369 3180 praedicatio
2406 3124 2533 3172 non

152 3179 406 3243 recipitur.
433 3178 705 3239 Christus
737 3182 934 3237 autem
966 3179 1039 3237 de
1073 3193 1138 3238 se
1166 3183 1225 3237 et
1252 3179 1323 3236 de
1364 3181 1533 3236 Patre
1589 3178 1895 3249 pluraliter
1944 3179 2224 3252 loquitur,
2277 3182 2482 3240 dicens
2510 3201 2529 3240 ε

152 3238 235 3308 390
258 3249 305 3299 et
326 3249 486 3304 Pater
512 3266 685 3306 unum
712 3265 916 3306 mimus.
941 3250 1157 3322 (Joann.
1188 3262 1248 3319 x,
1279 3250 1390 3322 30.)
1417 3252 1547 3307 Non
1575 3253 1667 3308 est
1692 3262 1837 3322 ergo
1863 3249 2043 3308 Filius
2070 3250 2200 3331 ipse
2231 3254 2421 3310 Pater.

195 3313 395 3396 Adhuc,
418 3319 469 3377 si
485 3321 669 3379 Filius
686 3332 721 3378 a
737 3323 905 3378 Patre
921 3334 1043 3378 non
1060 3320 1234 3379 distin
1283 3320 1440 3377 uitur
1452 3319 1566 3401 nisi
1586 3334 1690 3391 per
1716 3319 2139 3402 incarnationis
2160 3323 2528 3395 mysterium,

152 3384 255 3439 inte
282 3391 749 3449 incarnationem
776 3390 1022 3449 omnino
1051 3390 1218 3448 nulla
1280 3391 1540 3447 istinctio
1570 3394 1714 3448 erat.
1744 3393 2042 3448 invenitur
2068 3396 2264 3448 autem
2284 3407 2355 3450 ex
2377 3395 2530 3452 Scri-

152 3453 304 3530 ptura,
330 3458 500 3516 etiam
528 3466 664 3519 ante
692 3461 1183 3532 incarnationem,
1216 3460 1395 3519 Filius
1440 3475 1477 3517 a
1522 3463 1692 3518 Patre
1731 3461 1916 3519 fuisse
1946 3461 2278 3520 distinctus.
2311 3463 2533 3523 Dicitur

152 3530 274 3579 imm
305 3544 322 3579 i
349 3530 414 3584 In
462 3533 742 3603 principio
772 3536 892 3587 erat
943 3533 1196 3602 Verbum,
1246 3536 1299 3587 ct
1342 3531 1573 3587 Verbum
1615 3536 1735 3587 erat
1779 3531 1929 3601 apud
1954 3535 2143 3601 Deum,
2168 3537 2221 3588 et
2247 3536 2388 3589 Deus
2414 3537 2536 3591 erat

152 3586 368 3674 Verbum.
400 3598 637 3671 (Joann.,
668 3615 711 3672 1,
744 3601 831 3729 μὲ
848 3602 1101 3660 Verbum
1128 3602 1330 3675 igitur,
1351 3601 1510 3682 quod
1556 3602 1711 3673 apud
1737 3604 1923 3659 Deum
1951 3607 2096 3671 erat,
2123 3603 2381 3675 aliquam
2409 3604 2530 3663 dis-

152 3660 450 3739 linctionem
496 3673 570 3729 ab
615 3673 752 3744 ipso
835 3671 1047 3732 abebat
1075 3691 1090 3742 3
1142 3671 1322 3729 habet
1350 3685 1505 3729 enim
1551 3672 1667 3730 hoc
1717 3674 2123 3731 consuetuedo
2155 3673 2436 3744 loquendi
2468 3678 2533 3732 ut

152 3726 274 3791 ilius
298 3740 448 3807 apud
477 3742 659 3800 alium
694 3756 828 3801 esse
858 3743 1105 3802 dicatur.
1138 3742 1413 3801 Similiter
1436 3743 1611 3799 etiam
1641 3742 1877 3816 genitus
1906 3757 1943 3800 a
1970 3746 2090 3802 Deo
2116 3743 2328 3801 dicitur
2355 3762 2370 3801 ε
2399 3745 2532 3802 Cum

154 3811 187 3852 ³⁰
233 3818 369 3863 eram
415 3826 730 3882 componens
761 3818 969 3869 ‘cuncta
997 3816 1206 3884 (Pr-ov„
1235 3826 1373 3882 vin,
1401 3813 1530 3886 30);
1577 3813 1641 3869 in
1738 3827 1815 3871 uo
1870 3828 2080 3872 rursus
2111 3814 2432 3873 associatio
2473 3820 2534 3874 et

154 3873 382 3937 luaedam
433 3880 731 3942 distinctio
786 3884 1152 3957 designatur.
1195 3882 1416 3940 Dicitur
1457 3883 1632 3941 etiam
1665 3901 1679 3941 :
1760 3887 1907 3940 omui
1943 3885 2091 3940 Juda
2138 3886 2447 3956 miserebor,
2480 3890 2536 3943 et

154 3939 359 4027 εαιυαὸρ.
377 3964 460 4006 eos
503 3955 564 4008 in
607 3957 835 4011 Domino
860 3958 967 4011 Deo
995 3970 1093 4011 suo
1122 3953 1285 4025 (Osa,
1313 3967 1356 4023 i,
1385 3951 1442 4024 ’7)
1473 3972 1488 4022 ;
1515 3953 1619 4012 ubi
1648 3956 1806 4012 Deus
1835 3957 2004 4011 Pater
2029 3954 2102 4013 de
2133 3954 2435 4014 salvandis
2465 3956 2532 4016 in

154 4007 245 4099 990
265 4015 400 4074 Filio
427 4025 663 4093 populis
683 4025 964 4097 loquitur,
983 4024 1155 4097 quasi
1173 4023 1245 4082 de
1263 4037 1523 4095 persona
1551 4039 1588 4083 a
1611 4037 1676 4082 se
1698 4024 1992 4094 distincta,
2014 4039 2144 4098 quae
2165 4026 2267 4083 Dei
2290 4026 2532 4087 nomine

154 4091 299 4151 *¹8⁰2
323 4085 586 4150 habetur.
620 4095 839 4153 Dicitur
860 4096 1036 4153 etiam
1063 4114 1076 4151 :
1109 4097 1393 4151 Faciamus
1422 4095 1690 4151 hominem
1716 4096 1792 4151 ad
1818 4098 2109 4164 imaqinem
2130 4101 2183 4152 et
2207 4099 2356 4154 simil
2380 4099 2529 4154 tudi-

154 4160 246 4204 tem
266 4162 498 4233 nostram
521 4165 703 4234 (Gera,
742 4180 787 4235 i,
815 4165 928 4238 26);
956 4166 1018 4223 in
1043 4177 1163 4239 quo
1187 4178 1468 4235 expresse
1498 4165 1747 4236 pluritas
1776 4169 1835 4222 et
1861 4164 2157 4224 distinctio
2189 4167 2529 4226 facientium

154 4211 412 4285 hominem
458 4232 583 4292 desi
630 4240 801 4293 natur
827 4254 843 4306 ;
895 4235 1077 4294 homo
1126 4239 1342 4316 autem·
1406 4250 1496 4317 φτ..
1524 4236 1855 4315 Scripturas
1880 4236 2074 4318 aso-lo
2106 4239 2226 4296 Deo
2253 4241 2529 4297 conditus

154 4296 260 4347 rsse
286 4294 541 4384 docetur.
613 4310 648 4362 r
666 4306 754 4364 sic
800 4306 902 4363 Dei
941 4307 1130 4364 Patris
1156 4310 1216 4364 et
1242 4307 1345 4386 Dei
1397 4305 1499 4386 'ilii
1529 4307 1777 4377 pluritas
1806 4309 1866 4364 et
1889 4305 2185 4366 distinctio
2218 4309 2325 4366 fuit
2353 4310 2527 4367 etiam

154 4362 261 4433 ime
290 4363 499 4453 Christi·
536 4375 1028 4435 incarnationem.
1059 4379 1185 4438 Non
1230 4376 1411 4450 igitur
1454 4389 1584 4448 ipse
1632 4378 1801 4436 Pater
1846 4377 2026 4438 Filius
2053 4378 2266 4440 dicitur
2289 4384 2531 4453 propter
2576 4446 2581 4451 ⁴

156 4436 535 4503 incarnationis
561 4447 929 4520 mysterium.
