3076 5025
378 276 452 331 40
1277 263 1410 323 ΗΒ.
1448 266 1512 334 1,·
1535 263 1688 322 cAP.
1724 260 1917 320 XXXV.
2795 17 3061 244 Ἴ

381 406 600 469 genere
630 403 830 450 rerum
885 387 1369 469 inanimatarum,
1401 392 1458 445 et
1488 385 1579 446 sic
1639 384 1713 443 de
1741 384 1900 466 aliis,
1945 381 2022 441 ad
2048 382 2251 465 minus
2278 378 2601 465 ‚oportebit
2643 377 2810 461 quod

380 464 589 522 vivens
615 462 689 520 de
719 464 839 520 Deo
857 465 917 518 et
944 464 1232 520 creatur-ns
1252 460 1477 519 dictum
1504 459 1821 516 conveniat
1841 467 1906 513 in
1934 459 2254 527 negatlone
2273 456 2611 521 inanimati,
2631 455 2691 509 et
2716 462 2812 511 stc

382 547 505 594 non
534 532 648 592 erit
672 546 823 605 pure
852 531 1184 604 aequivoce.

1311 746 1568 813 CAPUT
1606 747 1875 812 XXXIV.

491 930 644 985 QUOD
678 930 760 977 m
805 929 938 985 011AE
969 926 1260 976 motmunt
1290 927 1371 973 DE
1401 925 1519 972 ΠΕΟ
1547 925 1626 971 ΕΤ
1661 925 1984 973 munus
2019 924 2353 973 nummum
2387 923 2702 973 motmunt.

458 1092 556 1152 Sic
589 1092 777 1167 igitur
799 1104 875 1150 ex
923 1090 1099 1150 dictis
1135 1088 1491 1163 relinquitur
1533 1087 1697 1162 quod
1724 1102 1796 1147 ea
1822 1102 1956 1162 quae
1983 1087 2058 1146 de
2093 1090 2215 1147 Deo
2254 1091 2316 1145 et
2339 1086 2521 1147 rebus
2550 1086 2693 1147 aliis
2720 1087 2813 1148 dt·

390 1168 632 1232 cuntur,
660 1162 1057 1234 praedicantur
1099 1174 1292 1234 neque
1322 1160 1598 1229 univoce,
1624 1172 1816 1232 neque
1843 1158 2166 1240 aequivoce,
2199 1157 2304 1217 sed
2325 1158 2503 1216 analo
2551 1157 2672 1239 ’σεξ
2696 1158 2814 1219 hoc

386 1238 484 1294 est
534 1233 863 1292 secundum
919 1231 1189 1291 ordinem
1216 1230 1311 1288 vel
1357 1236 1694 1302 respectum
1745 1229 1820 1288 ad
1856 1228 2100 1301 aliquod
2129 1241 2339 1287 unum.
2370 1229 2500 1297 Quo
2565 1229 2812 1301 quidem
2847 1268 2854 1274 -

392 1303 712 1376 dupliciter
736 1302 1047 1375 contingit.
1082 1304 1208 1359 Uno
1236 1300 1417 1359 modo
1445 1300 1776 1360 secundum
1804 1300 1962 1372 quod
1988 1299 2178 1358 multa
2223 1298 2442 1357 habent
2471 1303 2810 1369 respectum

392 1374 467 1433 ad
495 1372 739 1446 aliquod
770 1386 977 1441 unum,
999 1372 1177 1441 sicut,
1196 1371 1524 1430 secundum
1545 1375 1879 1442 respectum
1905 1369 1979 1429 ad
2007 1382 2189 1450 unam
2215 1368 2554 1450 sanitatem,
2585 1369 2814 1451 animal

390 1444 611 1503 dicitur
658 1455 895 1510 sanum,
926 1447 992 1499 ut
1042 1442 1173 1513 ejus
1198 1440 1531 1512 subiectum
1556 1459 1571 1509 ;
1602 1441 1920 1509 medicina,
1943 1444 2008 1499 ut
2058 1453 2189 1512 esus
2217 1438 2552 1498 effectivum
2573 1457 2589 1508 ;
2611 1440 2789 1500 ethus

393 1519 459 1573 ut
512 1513 645 1585 ejus
688 1510 1202 1579 conservativum;
1252 1511 1450 1579 urina,
1478 1515 1547 1568 ut
1572 1511 2006 1583 signum-Alio
2042 1510 2232 1592 modo·
2289 1510 2621 1569 secundum
2650 1482 2813 1583 quod

390 1585 649 1643 duorum
706 1582 1030 1640 attenditur
1082 1582 1231 1640 ordo
1256 1580 1349 1639 vel
1404 1585 1734 1652 respectus,
1766 1593 1886 1639 non
1928 1580 2004 1639 ad
2049 1581 2274 1654 ahqmd
2304 1579 2707 1648 alterum,sed
2736 1580 2814 1639 ad

393 1666 582 1713 unum
611 1653 902 1724 ipsorum,
950 1652 1106 1710 sicut
1150 1664 1262 1710 ens
1288 1651 1362 1709 de
1410 1651 1750 1710 substantia
1778 1656 1837 1708 et
1863 1649 2168 1710 accidente
2213 1649 2450 1720 dicitur,
2478 1651 2814 1710 secundum

392 1722 552 1798 quod
580 1721 859 1782 accidens
883 1720 958 1780 ad
1007 1721 1404 1781 substantiam
1447 1726 1782 1793 respectum
1813 1720 2010 1791 hahet,
2049 1734 2171 1778 non
2200 1720 2359 1794 quod
2389 1720 2726 1780 substantia
2754 1727 2814 1780 et

392 1793 672 1852 accidens
698 1792 775 1851 ad
803 1792 1046 1865 aliquod
1075 1792 1314 1849 tertium
1342 1791 1695 1850 referantur.
1728 1790 2078 1863 Huiusmodi
2101 1791 2284 1864 igitur
2311 1791 2559 1861 nomina
2585 1791 2660 1849 de
2689 1794 2812 1852 Deo

394 1869 451 1923 et
476 1862 658 1922 rebus
682 1863 820 1922 aliis
850 1875 972 1920 non
990 1861 1270 1921 dicuntur
1297 1861 1608 1934 analogice
1637 1862 1967 1920 secundum
1995 1862 2252 1934 primum
2279 1862 2546 1932 modum,
2581 1867 2814 1936 oporte·

391 1939 482 1994 ret
507 1933 668 1992 enim
696 1932 923 2005 aliquid
946 1934 1069 1990 Deo
1106 1945 1328 2004 ponere
1399 1933 1548 2001 rius,
1570 1932 1675 1990 sed
1703 1932 1884 1990 modo
1910 1932 2195 1990 secundo.

460 2005 529 2062 In
586 2002 932 2076 hujusmodi
989 2007 1187 2061 autem
1242 2016 1358 2061 ana
1383 2002 1558 2075 ogica
1610 2002 2029 2074 praedicatione
2081 2003 2228 2062 ordo
2284 2002 2607 2062 attenditur
2650 2003 2814 2064 idem

400 2073 734 2132 secundum
755 2086 974 2131 nomen
991 2076 1051 2130 et
1064 2073 1391 2131 secuudum
1409 2087 1529 2131 rem
1547 2073 1935 2146 quandoque;
1956 2073 2314 2146 quandoque
2331 2087 2473 2132 vero
2488 2075 2810 2133 nunidem.

394 2147 539 2202 Nam
555 2143 703 2202 ordo
717 2143 984 2202 nominis
1001 2144 1273 2215 sequitur
1282 2143 1551 2201 ordinem
1570 2155 1642 2201 co
1687 2142 2209 2216 nitionis,quiaest
2220 2144 2460 2216 signum
2472 2144 2816 2218 intelligibi-

397 2214 477 2273 lis
494 2214 927 2286 conceptionis.
942 2213 1191 2282 Quando
1212 2214 1239 2294 ,i
1288 2214 1406 2294 itur
1427 2213 1488 2271 id
1508 2227 1628 2286 quo
1694 2219 1786 2272 est
1802 2214 1969 2285 prius
1989 2213 2317 2272 secundum
2354 2214 2817 2283 rem,invenitur

396 2283 579 2343 etiam
600 2285 945 2357 cognitione
967 2284 1173 2355 prius:
1208 2299 1226 2340 1
1270 2284 1690 2343 em1nvenitur
1712 2284 1879 2355 prius
1907 2290 1963 2342 et
1991 2284 2319 2342 secundum
2352 2285 2615 2343 nominis
2630 2287 2813 2344 ratio·

392 2368 556 2425 nem,
574 2360 634 2413 et
648 2353 974 2413 secundum
990 2354 1075 2412 rei
1098 2358 1390 2412 naturam.
1404 2354 1500 2412 Sic
1515 2353 1852 2413 substantia
1867 2360 1959 2413 est
1973 2356 2136 2426 prior
2149 2355 2474 2425 accidente,
2488 2361 2721 2425 natura,
2747 2356 2765 2414 i
2771 2370 2814 2414 n

393 2430 685 2498 quantum
714 2424 1049 2484 substantia
1070 2429 1164 2483 est
1185 2438 1370 2483 causa
1387 2424 1714 2483 accidentis
1746 2442 1761 2482 z
1791 2431 1850 2483 et
1872 2425 2235 2507 cognitione,
2265 2426 2330 2483 in
2358 2432 2647 2507 quantum
2678 2426 2816 2485 suh-

397 2495 621 2555 stantia
666 2495 731 2554 in
779 2493 1128 2555 definitione
1177 2495 1504 2556 accidentis
1545 2495 1788 2568 ponitur
1850 2500 1911 2554 et
1957 2495 2092 2555 ideo
2121 2509 2231 2556 ens
2286 2496 2502 2555 dicutur
2541 2497 2712 2569 prius
2738 2498 2816 2557 de

393 2566 732 2625 substantia
778 2580 958 2640 quam
990 2567 1066 2625 de
1113 2565 1444 2636 accidente,
1472 2570 1533 2625 et
1580 2538 1908 2625 secuudum
1958 2566 2051 2648 rei·
2071 2573 2342 2626 naturam
2369 2572 2429 2625 et
2478 2568 2815 2627 secundum

391 2636 661 2695 nominis
687 2637 1001 2696 rationem.
1031 2637 1283 2706 Quando
1312 2650 1452 2696 vero
1481 2636 1633 2695 illud
1667 2638 1826 2710 quod
1851 2641 1941 2696 est
1966 2651 2134 2709 prms
2157 2638 2488 2696 secundum
2513 2644 2812 2711 naturam,

393 2711 487 2765 est
533 2706 835 2778 posterius
876 2707 1210 2767 secundum
1251 2707 1681 2780 cognitionem,
1705 2708 1845 2766 hinc
1887 2708 1951 2765 in
2005 2708 2340 2781 analogicis
2389 2714 2628 2768 nonest
2655 2709 2815 2768 idem

392 2777 543 2835 ordo
562 2777 894 2837 secundum
921 2791 1068 2860 rem,
1099 2782 1158 2836 et
1186 2778 1517 2838 secundum
1540 2778 1806 2837 nominis
1834 2779 2124 2837 rationem
2149 2779 2347 2838 :sicut
2377 2780 2567 2838 virtus
2597 2793 2819 2839 sanan·

392 2846 476 2916 di,
504 2861 638 2920 quae
660 2853 753 2907 est
779 2848 841 2905 in
876 2849 1186 2916 sananvis,
1217 2851 1379 2919 prior
1396 2854 1487 2907 est
1508 2849 1856 2908 naturaliter
1882 2850 2137 2907 sanitate
2165 2864 2298 2922 quae
2327 2856 2421 2908 est
2448 2850 2509 2907 in
2536 2850 2813 2923 animali,

392 2917 551 2998 sicut
576 2930 761 2998 causa
799 2915 1033 2976 effectu.
1062 2918 1173 2976 Sed
1214 2919 1356 2990 quia
1402 2918 1559 2977 hanc
1601 2920 1875 2977 virtutem
1905 2933 2010 2991 per
2049 2919 2325 2978 effectum
2354 2921 2813 2994 cognoscimus,

392 2986 529 3045 ideo
558 2992 736 3044 enam
765 3001 839 3044 ex
880 2986 1094 3046 effectu
1136 2988 1550 3057 nominamus;
1581 2993 1642 3047 et
1679 2989 1818 3047 inde
1846 2989 2122 3062 estquod
2152 2990 2491 3049 sanativum
2518 2995 2607 3049 est
2634 2991 2808 3061 prius
3052 3011 3054 3046 l

392 3056 611 3137 ⁰?d590.
632 3057 740 3124 rei,
771 3056 877 3114 sed
905 3056 1128 3116 animal
1158 3057 1375 3116 dicitur
1401 3060 1570 3130 prius
1598 3072 1814 3117 sanum
1839 3059 2168 3118 secundum
2201 3061 2466 3119 nominis
2490 3061 2802 3118 rationem.

392 3128 492 3208 Sic
533 3131 736 3198 igitur,
775 3126 920 3199 quia
965 3142 1041 3186 ex
1091 3127 1272 3186 rebus
1299 3128 1438 3187 aliis
1469 3129 1531 3186 in
1563 3130 1667 3187 Dei
1706 3130 2110 3202 cognitionem
2150 3132 2549 3201 pervenimus,
2577 3143 2673 3187 res
2701 3142 2809 3188 no-

390 3208 622 3255 minum
650 3197 725 3254 de
766 3198 889 3255 Deo
928 3201 989 3254 et
1039 3197 1221 3257 rebus
1266 3198 1405 3257 aliis
1431 3198 1725 3258 dictorum
1776 3212 1883 3270 per
1905 3200 2072 3271 prius
2100 3201 2283 3260 estin
2324 3203 2446 3260 Deo
2473 3199 2808 3260 secundum

389 3279 572 3395 suum
601 3267 865 3348 modum,
895 3265 1002 3397 sted
1031 3267 1185 3327 ratio
1211 3269 1478 3329 nominis
1504 3283 1614 3342 per
1635 3269 1981 3342 posterius:
2014 3270 2173 3331 unde
2216 3275 2277 3330 et
2325 3272 2630 3332 nominari
2658 3269 2812 3330 dici·

1340 3506 1597 3575 CAPUT
1617 3508 1858 3575 XXXV.

693 3676 846 3731 QUOD
878 3676 1072 3725 um
1101 3676 1331 3726 nonme
1362 3677 1542 3726 mou
1573 3679 1654 3726 mt
1685 3675 1802 3727 nno
1832 3677 1956 3727 NON
1986 3679 2137 3729 sum·
2170 3681 2501 3729 antonum.

469 3825 814 3908 ostenditur
840 3829 1018 3889 etiam
1042 3843 1116 3888 ex
1141 3829 1341 3901 dictis,
1357 3831 1542 3906 quod,
1570 3835 1840 3905 quamvis
1858 3835 2104 3894 nomina
2125 3835 2201 3893 de
2219 3837 2342 3893 Deo
2360 3835 2519 3894 dicta
2536 3836 2814 3897 eamdem

390 3908 519 3956 rem
564 3896 924 3981 significent,
955 3913 1101 3983 non·
1128 3906 1328 3960 tamen
1369 3906 1893 3986 sunt-synonyma,
1917 3905 2066 3987 quia
2092 3918 2216 3962 non
2264 3904 2610 3988 significant
2636 3908 2820 3967 ratio-

393 3979 530 4025 Μ
547 3967 1953 4103 seiza{autumiegessisse*
1980 3977 2820 4109 3⁰33232280⁵25322¹¹l3¹3323

307 4121 316 4182 ς
391 4048 733 4187 ffifjualiter
751 4106 806 4164 ei
823 4083 1140 4181 similatur,
1163 4111 1228 4169 in
1248 4117 1535 4194 quantum
1562 4128 1668 4185 per
1694 4058 1976 4195 divers&
1986 4115 2386 4197 perfectiones
2401 4061 2817 4178 creatgrarum

310 4193 315 4226 ²
389 4182 1735 4330 ffiu¹83”0⁰3n330523302231⁰“381⁹525233¹32²0?
1764 4184 2021 4313 titt?
2048 4187 2817 4319 330111330¹¹3⁰123⁰iess⁰0⁵335

387 4313 1037 4399 divinumhujusmodi
1066 4327 1180 4394 est,
1210 4327 1276 4381 ut
1300 4323 1356 4381 ei
1388 4270 1720 4383 secuntfum
1749 4296 1977 4384 formas’
2006 4269 2378 4408 (tlnultiplices
2403 4272 2606 4400 alitfua
2634 4329 2812 4387 simi·

388 4385 499 4448 lan
517 4392 776 4463 possint,
804 4392 1080 4464 utsupra
1119 4396 1432 4455 ostensum
1480 4401 1593 4455 est.
1623 4395 1963 4468 secundum
2011 4400 2211 4458 autem
2251 4396 2519 4460 diversas
2547 4411 2811 4474 concep·
