3076 5025
475 196 583 252 222
1349 190 1480 244 Lm.
1523 189 1593 247 11.
1632 187 1788 242 CAP.
1828 186 2074 243 Lxxxn.

480 317 905 389 perpetuentur
936 309 1268 369 secundum
1308 309 1593 381 speciem,
1622 306 1687 364 in
1729 306 2115 380 quantumin
2143 306 2235 367 eis
2280 306 2582 366 invenitur
2607 311 2889 381 appetitus

480 383 889 460 generationis
916 395 1023 454 per
1050 394 1230 454 quam
1276 380 1510 451 species
1535 383 1920 450 perpetuatur
1943 377 2127 451 (quod
2153 377 2395 451 quidem
2424 379 2717 436 invenitur
2751 386 2803 438 et
2825 382 2887 441 in

477 455 702 529 plantis
730 453 876 510 etin
915 452 1098 510 rebus
1123 450 1515 521 inanimatis),
1549 461 1673 506 non
1723 454 1922 506 autem
1956 454 2245 520 quantum
2282 448 2357 506 ad
2395 450 2695 520 proprium
2724 465 2887 524 appe.

479 527 654 584 titum
684 523 964 582 animalis
994 522 1059 579 in
1087 527 1375 595 quantum
1406 527 1499 577 est
1525 519 1770 586 animal,
1802 520 1905 591 qui
1926 524 2018 576 est
2045 519 2343 590 appetitus
2449 520 2883 590 prehensiouem

477 607 899 675 consequens;
930 606 1092 662 nam,
1142 606 1324 665 quum
1357 591 1560 649 anima
1601 590 1888 646 sensitiva
1936 602 2061 647 non
2090 589 2387 661 apprehen
2435 595 2493 647 at
2538 591 2656 648 nisi
2702 591 2790 650 hic
2829 597 2883 650 et

479 664 1070 736 nunc,1mpossibile
1115 668 1210 721 est
1260 661 1420 735 quod
1467 659 1872 732 apprehendat
1917 673 2052 718 esse
2092 666 2467 732 perpetuum,
2518 674 2704 733 neque
2752 676 2883 735 ergo

477 736 704 813 appetit
732 735 996 807 appetitu
1025 732 1290 791 animali.
1324 735 1454 789 Non
1485 737 1579 788 est
1600 731 1784 803 igitur
1803 730 2005 788 anima
2041 729 2199 788 bruti
2228 745 2413 802 capax
2441 732 2704 802 perpetui
2738 745 2879 793 esse.

550 808 828 877 Amplius,
855 819 1039 878 quum
1062 803 1490 862 delectationes
1522 802 1903 873 operationes
1925 800 2259 873 perficiant,
2287 808 2353 858 ut
2378 807 2535 872 patet
2564 816 2667 873 per
2688 803 2876 861 Aristo·

478 876 659 936 telem
691 877 926 945 (Ethic.‚
956 888 1014 938 x,
1041 890 1095 932 c.
1124 874 1200 946 ὅ),
1233 873 1306 932 ad
1341 874 1456 931 hoc
1498 872 1811 930 ordinatur
1853 872 2121 943 operatio
2171 870 2491 944 cujuslibet
2539 873 2622 930 rei
2662 873 2799 931 sicut
2819 874 2877 931 in

479 947 663 1008 finem
710 948 774 1004 in
803 960 923 1018 quo
965 960 1075 1004 sua
1104 944 1420 1001 delectatio
1466 942 1690 1016 figitur.
1720 941 2154 1000 Delectationes
2201 949 2397 1001 autem
2444 943 2744 1000 brutorum
2769 943 2877 1001 aui·

479 1018 730 1078 melium
761 1029 972 1073 omnes
1023 1015 1366 1072 reseruntur
1391 1012 1464 1072 ad
1508 1014 1988 1071 conservantiam
2041 1014 2351 1085 corporis;
2381 1026 2503 1070 nou
2552 1013 2703 1071 euim
2744 1013 2879 1071 dele·

478 1094 718 1146 utantur
744 1086 804 1144 in
848 1087 1041 1155 sonis,
1072 1085 1362 1143 odoribus
1391 1090 1450 1141 et
1475 1083 1840 1155 aspectibuS,
1870 1083 1990 1141 nisi
2019 1084 2353 1142 secundum
2382 1084 2542 1156 quod
2572 1090 2709 1141 suut
2746 1084 2878 1141 indi-

482 1160 676 1217 cativa
723 1157 992 1215 ciborum
1046 1157 1139 1213 vel
1168 1168 1580 1223 venereorum,
1612 1154 1770 1212 circa
1798 1167 1935 1226 quae
1977 1160 2071 1212 est
2099 1154 2301 1211 omnis
2336 1168 2549 1212 eorum
2571 1154 2878 1212 delectatio

479 1230 624 1287 Tota
670 1228 853 1300 igitur
906 1225 1174 1297 operatio
1221 1239 1430 1284 eorum
1476 1231 1749 1282 versatur
1795 1224 1885 1281 ad·
1916 1226 2432 1283 conservationem
2472 1238 2608 1283 esse
2636 1224 2881 1298 corporei

480 1300 642 1358 sicut
670 1299 734 1355 in
765 1297 965 1355 tinem.
991 1298 1121 1354 Non
1152 1296 1336 1377 igitur
1366 1301 1458 1354 est
1485 1296 1576 1353 eis
1606 1295 1680 1352 ali
1731 1295 1845 1376 uod
1876 1308 2011 1353 esse
2040 1295 2266 1368 absque
2289 1309 2567 1376 corpore..
2815 1365 2826 1376 ·

554 1368 702 1427 fluie
740 1374 938 1425 autem
969 1373 1279 1425 sententiae
1305 1366 1578 1424 doctrina
1606 1373 1699 1422 cat
1745 1367 1917 1422 olicae
1940 1365 2077 1423 fidei
2108 1367 2473 1434 concordat;
2511 1366 2722 1423 dieitur
2743 1377 2885 1423 emm

482 1439 556 1498 de
584 1437 947 1497 animalibus
974 1437 1168 1495 brutis
1196 1455 1211 1494 z
1240 1439 1449 1494 Anima
1475 1437 1660 1492 carnis
1684 1439 1747 1492 in
1768 1440 2034 1506 sanquine
2058 1440 2139 1492 est
2163 1436 2386 1507 (Levit.‚
2419 1449 2566 1506 nn,
2603 1435 2704 1517 tl),
2805 1435 2887 1495 asi

481 1510 758 1568 dicatur:
802 1511 881 1566 Ex
923 1508 1240 1580 sanguinis
1287 1508 1696 1579 permanentia
1746 1520 1881 1564 esse
1928 1507 2093 1563 illius
2123 1506 2434 1578 dependet.
2464 1537 2537 1550 --
2564 1510 2629 1564 Et
2662 1520 2723 1563 m
2772 1506 2885 1563 ibro

478 1583 560 1638 De
586 1580 955 1635 ecclesiasticis
983 1578 1327 1647 doqmatibus
1354 1578 1426 1649 (c.
1463 1581 1551 1647 16,
1587 1578 1672 1650 ¹7)
1707 1595 1721 1632 :
1753 1578 1938 1634 Solum
1965 1579 2229 1633 homnem
2258 1578 2527 1634 credimus
2571 1577 2754 1633 habere
2779 1578 2883 1632 aui-

477 1666 625 1708 mam
645 1650 1046 1705 substantivam
1078 1648 1161 1718 (id
1190 1654 1284 1705 est
1314 1662 1419 1720 per
1451 1661 1516 1705 se
1547 1648 1806 1718 vitalem)
1829 1666 1844 1716 ;
1869 1649 2151 1704 brutorum
2184 1663 2310 1704 vero
2336 1651 2550 1704 aumas
2578 1662 2695 1703 caen
2720 1660 2885 1717 corpo-

480 1721 633 1776 ribus
675 1722 919 1776 iuterire.
950 1718 1300 1776 Aristoteles
1340 1719 1518 1776 etiam
1544 1717 1692 1774 dicit
1718 1718 1815 1788 (De
1852 1721 2056 1782 mima,
2097 1732 2162 1788 11,
2192 1723 2334 1775 text.
2382 1731 2601 1776 comm.
2628 1717 2716 1790 21)
2743 1715 2883 1791 quod

481 1789 850 1918 intel-guium
902 1802 1044 1860 pars
1090 1789 1308 1857 animae
1368 1794 1678 1861 separatur
1718 1788 1797 1846 ab
1838 1789 1975 1847 aliis
2021 1789 2179 1847 sicut
2217 1788 2665 1861 incorruptibile
2708 1802 2742 1844 a
2770 1801 2882 1845 cur-

479 1873 551 1918 ru
621 1876 635 1915 ι
683 1875 700 1916 ι
728 1875 768 1917 ι.

552 1874 663 1986 ger
711 1931 825 1987 boc
869 1934 1068 1986 autem
1115 1928 1451 1987 excluditur
1491 1929 1719 2000 positio
1767 1928 2034 1988 Platonis
2064 1928 2160 2000 (be
2188 1929 2399 2000 109.,1.
2432 1929 2544 2002 m),
2575 1929 2679 2002 qui
2702 1927 2881 2001 posuit

480 2000 661 2059 etiam
687 1999 996 2057 brutorum
1028 2000 1261 2058 animas
1299 2013 1436 2057 esse
1459 1998 1851 2057 immortales.

552 2071 793 2128 Videtur
817 2078 1014 2127 tamen
1046 2083 1225 2141 posse
1255 2070 1492 2141 probari
1525 2071 1830 2127 brutorum
1863 2068 2101 2127 animas
2126 2082 2261 2128 esse
2287 2070 2679 2128 immortales.

553 2141 732 2221 Cujus
762 2141 922 2197 enim
950 2146 1044 2198 est
1068 2140 1267 2212 aliqua
1318 2141 1586 2211 operatio
1616 2155 1721 2211 per
1749 2152 1815 2197 se
1861 2140 2207 2212 separatim,
2235 2145 2292 2197 et
2337 2141 2537 2213 ipsum
2587 2147 2677 2198 est
2706 2153 2803 2212 per
2825 2151 2883 2196 su

479 2211 843 2270 subsistens.
874 2210 982 2268 Sed
1031 2210 1246 2268 animae
1280 2211 1585 2268 sensitivae
1631 2211 1691 2267 in
1743 2210 1939 2268 brutis
1986 2216 2079 2268 est
2131 2211 2332 2284 aliqua
2385 2212 2653 2283 operatio
2692 2222 2880 2283 perse

482 2282 825 2341 subsistens
854 2280 914 2336 in
964 2295 1081 2353 qua
1112 2294 1233 2339 non
1262 2282 1667 2339 communicat
1709 2294 1949 2350 corpuS,
1978 2281 2210 2339 scilicet
2253 2296 2317 2339 se
2369 2295 2645 2350 movere3
2693 2285 2883 2338 natura

482 2353 639 2410 enim
674 2364 921 2410 movens
972 2352 1352 2422 componitur
1380 2366 1452 2408 ex
1501 2351 1759 2420 duobuS,
1791 2364 2045 2422 quorum
2078 2366 2263 2409 unum
2290 2359 2383 2410 est
2411 2366 2659 2411 movens
2683 2357 2738 2409 et
2762 2350 2881 2408 alte-

479 2436 610 2480 rum
643 2427 735 2480 est
771 2425 1035 2491 motum;
1067 2421 1243 2484 unde,
1272 2435 1455 2494 quum
1480 2435 1699 2493 corpus
1729 2421 1808 2479 sit
1836 2427 2084 2490 motum,
2117 2421 2477 2495 relinquitur
2516 2422 2670 2496 quod
2699 2422 2877 2479 anima

480 2493 616 2553 sola
643 2494 722 2551 sit
751 2505 1023 2550 movens.
1061 2494 1214 2565 Ergo
1243 2498 1336 2552 est
1366 2507 1472 2565 per
1498 2506 1564 2551 se
1615 2490 1976 2551 subsistens.
2006 2495 2137 2551 Non
2168 2493 2351 2565 igitur
2394 2499 2591 2566 potest
2619 2507 2718 2567 per
2743 2490 2876 2550 acci-

480 2564 629 2622 dens
654 2564 976 2634 corrumpi,
1008 2576 1256 2635 corpore
1285 2569 1601 2635 corrupto;
1628 2564 1734 2621 illa
1762 2564 1922 2620 enim
1951 2562 2145 2622 solum
2180 2578 2285 2636 per
2330 2565 2613 2623 accidens
2643 2574 2878 2622 corrum-

475 2641 701 2707 puntur
727 2648 858 2706 quae
891 2647 997 2706 per
1025 2647 1090 2691 se
1128 2646 1250 2691 non
1279 2634 1502 2692 habent
1527 2647 1662 2691 esse
1686 2651 1701 2701 3
1733 2647 1836 2704 per
1876 2646 1943 2691 se
1972 2640 2169 2691 autem
2199 2647 2320 2692 non
2352 2641 2551 2706 potest
2579 2631 2872 2713 corrumpi,

479 2720 662 2778 quum
696 2719 886 2778 neque
915 2705 1278 2762 contrarium
1304 2703 1518 2762 habeat
1549 2719 1740 2777 neque
1767 2705 1847 2761 sit
1874 2719 1947 2761 ex
1975 2705 2294 2763 contrariis
2321 2706 2676 2779 composita.
2709 2704 2878 2762 Relin-

477 2776 686 2848 quitur
707 2776 896 2848 igitur
914 2774 1076 2848 quod
1102 2775 1182 2832 sit
1212 2776 1459 2833 omnino
1485 2774 1984 2845 incorruptibilis.
2841 2841 2850 2852 ⁵

487 2911 496 2922 ,
549 2846 753 2903 Adhuc
784 2846 961 2903 etiam
991 2844 1301 2903 videbatur
1329 2845 1519 2903 redire
1549 2845 1817 2903 Platonis
1848 2845 2024 2914 rati0,
2053 2858 2173 2917 qua
2197 2844 2492 2916 probabat
2517 2857 2747 2904 omnem
2766 2855 2879 2899 am·

477 2927 636 2974 mam
685 2929 820 2973 esse
849 2916 1270 2986 immortalem,
1298 2916 1440 2988 quia
1470 2916 1705 2974 scilicet
1745 2915 1949 2972 anima
1973 2919 2065 2972 est
2100 2928 2352 2974 movens
2396 2917 2677 2988 seipsam.
2708 2916 2875 2972 Omne

473 2991 674 3043 autem
702 2999 954 3044 movens
980 2985 1246 3056 seipsum
1277 2992 1688 3057 oportetesset
1715 2984 2068 3049 immortale,
2102 2999 2320 3066 corpus
2334 2988 2495 3045 euim
2516 3001 2637 3045 non
2652 2984 2883 3043 moritur

476 3055 604 3112 nisi
630 3055 987 3113 abscedente
1015 3069 1087 3113 eo
1119 3070 1158 3114 a
1184 3070 1303 3129 quo
1316 3057 1682 3126 movebatur3
1702 3056 1857 3113 idem
1874 3062 2346 3129 autemaseipso
2363 3070 2487 3116 non
2507 3063 2698 3130 potest
2712 3055 2881 3112 disce-

476 3125 637 3194 dere,
669 3126 830 3183 unde
856 3126 1129 3198 sequitur
1156 3125 1509 3198 (secuudum
1541 3129 1557 3183 i
1640 3126 1761 3197 um)
1788 3126 1947 3199 quod
1977 3139 2224 3185 movens
2254 3128 2523 3199 seipsum
2557 3141 2677 3185 nou
2703 3123 2881 3197 possit

474 3196 651 3277 mori.
691 3198 760 3253 m
809 3196 898 3254 sic
941 3196 1094 3254 reliu
1255 3202 1390 3255 atur
1429 3213 1464 3272 q
1621 3198 1822 3254 anima
1848 3198 2048 3255 omnis
2081 3197 2302 3256 motiva
2329 3206 2495 3257 esset
2521 3194 2877 3260 immortalis,

475 3272 652 3325 etiam
699 3267 1030 3325 brutorum.
1062 3269 1088 3324 1
1130 3280 1208 3325 eo
1231 3273 1428 3326 autem
1472 3268 1627 3326 hauc
1657 3268 1947 3325 rationem
1973 3268 2035 3324 in
2061 3268 2219 3325 idem
2249 3269 2442 3327 redire
2472 3269 2727 3327 diximus
2754 3275 2874 3322 cum

471 3339 813 3419 praemissa,
847 3338 1008 3419 quia,
1042 3351 1230 3420 quum
1260 3339 1610 3411 (secundum
1644 3339 1910 3419 Platonis
1940 3338 2301 3410 positionem
2327 3339 2428 3412 [De
2449 3341 2579 3410 lep„
2609 3338 2707 3411 η)
2740 3332 2879 3414 nibil

472 3416 708 3466 moveat
753 3421 871 3466 nisi
922 3413 1171 3472 motum,
1205 3408 1266 3465 ld
1299 3409 1459 3482 quod
1488 3415 1581 3468 effi
1608 3423 1872 3480 seipsum
1902 3422 2155 3466 movens
2179 3415 2273 3466 ωε
2294 3424 2401 3481 per
2424 3412 2687 3482 seipsum
2716 3410 2872 3463 mou-

469 3491 632 3547 vum,
665 3483 723 3535 et
750 3479 840 3536 sic
869 3478 1048 3536 babet
1072 3479 1334 3551 aliquam
1360 3480 1766 3551 operationem
1798 3494 1903 3551 per
1930 3492 2018 3536 se.
2051 3482 2179 3537 Non
2206 3480 2403 3538 solum
2448 3487 2645 3539 autem
2674 3479 2731 3535 in
2761 3485 2873 3554 mq-

469 3550 684 3619 veudo,
718 3550 821 3606 sed
859 3549 1037 3606 etiam
1068 3549 1134 3618 in,
1159 3551 1495 3620 sentiendo,
1525 3551 1787 3622 ponebat
1816 3550 1983 3607 Plato
2014 3549 2097 3621 (in
2140 3551 2378 3623 Timo),
2409 3552 2669 3608 animam
2698 3558 2871 3605 sensi·

467 3618 650 3677 tivam
699 3620 994 3691 propriam
1047 3620 1458 3691 operationem
1509 3621 1727 3678 habere
1752 3637 1766 3690 3
1825 3619 2063 3677 dicebat
2102 3621 2261 3678 enim
2317 3622 2477 3693 quod
2530 3620 2744 3679 sentire
2795 3618 2872 3671 est

467 3697 670 3749 motus
708 3691 950 3762 quidam
981 3691 1175 3762 ipsius
1213 3691 1429 3749 animae
1453 3691 1791 3761 sentientis,
1821 3695 1879 3747 et
1908 3691 2038 3761 ipsa
2067 3690 2155 3748 sic
2182 3697 2344 3749 mota
2372 3692 2647 3749 movebat
2672 3695 2867 3757 corpus

470 3760 542 3819 ad
574 3761 952 3820 sentiendum
978 3780 993 3830 ;
1030 3760 1210 3826 unde,
1238 3761 1532 3820 definiens
1561 3775 1833 3831 sensum,
1864 3760 2099 3818 dicebat
2145 3762 2305 3834 quod
2331 3769 2425 3819 est
2449 3769 2650 3819 motus
2678 3759 2871 3817 anima

545 3846 576 3887 r
601 3845 705 3889 cor
748 3844 841 3889 uS.

467 3843 678 3959 pflflaec
701 3846 898 3959 {utem
929 3915 1064 3974 quae
1092 3901 1248 3960 dicta
1276 3908 1420 3960 sunt
1447 3907 1608 3973 patet
1632 3915 1767 3958 esse
1798 3901 1973 3959 fatsa.
2675 3969 2687 3981 ·

536 3973 666 4028 Non
692 3973 851 4029 enim
886 3973 1110 4030 sentire
1139 3978 1231 4031 est
1257 3986 1519 4043 movere,
1548 3971 1653 4029 sed
1682 3973 1879 4044 magis
1904 3973 2167 4043 moveri3
2198 3984 2337 4030 nam
2366 3986 2439 4029 ex
2463 3975 2730 4042 potentia
2751 3978 2866 4024 sen·

467 4038 648 4097 tiente
696 4041 760 4098 fit
788 4043 1012 4100 animal
1041 4049 1176 4100 actu
1220 4043 1490 4101 sentiens
1531 4057 1639 4122 per
1664 4043 1979 4101 sensibilia
2005 4057 2042 4100 a
2070 4043 2291 4117 quibus
2335 4042 2871 4117 sensusimmutan·

464 4114 583 4190 tur.
613 4113 740 4169 Non
767 4120 962 4170 autem
990 4118 1187 4185 potest
1214 4113 1332 4171 dici
1363 4112 1640 4171 similiter
1682 4127 1927 4172 sensum
1957 4114 2081 4184 pati
2111 4129 2147 4171 a
2180 4113 2453 4172 sensibili
2486 4113 2643 4170 sicut
2670 4112 2869 4181 patitur

464 4180 806 4240 intellectus
853 4183 927 4241 ab
967 4183 1353 4256 intelligibili,
1405 4189 1467 4240 ut
1522 4183 1613 4241 sie
1670 4185 1892 4243 sentire
1933 4184 2129 4254 possit
2180 4197 2317 4242 esse
2368 4183 2634 4254 operatio
2674 4180 2866 4238 animae

463 4248 573 4308 abs
618 4265 692 4330 ue
708 4266 996 4324 corporeo
1019 4254 1437 4324 instrumente,
1467 4254 1628 4311 sicut
1653 4261 1745 4313 est
1772 4252 2145 4327 intelligam
2179 4268 2316 4312 uam
2341 4253 2675 4310 intellectus
2688 4256 2867 4320 appre-

463 4318 583 4381 hen
649 4326 672 4378 t
715 4335 813 4381 res
855 4324 920 4383 in
961 4323 1364 4386 abstractione
1409 4339 1446 4385 a
1470 4326 1720 4387 materia
1761 4330 1822 4384 et
1839 4325 2253 4388 materialibus
2280 4323 2726 4385 conditionibus
2749 4325 2864 4391 qum
