3076 5025
1111 332 1247 390 Lm.
1287 333 1387 402 111,
1427 333 1581 389 GAP.
1619 334 1726 391 XX.
2534 333 2643 386 279

202 459 274 515 ln
300 455 441 514 aliis
468 461 667 514 autem
712 453 893 514 rebus
938 453 1051 514 hoe
1093 453 1365 512 accidere
1402 467 1524 512 non
1555 459 1790 525 potest;
1821 458 2134 512 ostensum
2166 456 2259 510 est
2286 452 2445 509 enim
2469 451 2532 525 (l.
2571 464 2639 522 11,

200 542 258 585 e.
287 526 378 599 52)
404 525 566 599 quod
594 524 764 583 nulla
791 524 1130 583 substantia
1158 530 1357 583 ereata
1380 529 1472 583 est
1498 524 1700 595 ipsum
1724 537 1900 585 suum
1934 537 2108 593 esse;
2140 522 2320 592 unde,
2352 523 2407 580 si
2430 536 2644 581 secun-

199 596 346 658 dum
375 595 538 671 quod
557 608 656 654 res
679 596 958 670 quaelibet
982 595 1143 654 bona
1172 600 1282 663 est,
1314 607 1438 654 non
1466 599 1559 654 est
1588 609 1793 654 earum
1844 594 2047 668 aliqua
2076 607 2252 675 suum
2283 606 2440 675 esse,
2472 591 2642 674 nulia

199 681 412 727 earum
466 672 560 726 est
610 680 723 726 sua
774 666 1054 735 bonitas;
1086 664 1193 724 sed
1240 679 1445 725 earum
1503 665 1786 740 quaelibet
1838 665 2129 725 bonitatis
2182 668 2641 736 partlclpatlone

199 738 367 798 bona
393 742 508 810 est,
538 737 697 795 sieut
723 743 783 794 et
810 737 1008 808 Ipsius
1035 736 1490 809 participatione
1515 742 1608 795 est
1634 750 1766 796 ens.

274 812 508 872 Rursus,
536 820 661 866 non
690 821 901 868 omnes
921 812 1206 866 ereaturae
1230 806 1294 865 in
1325 820 1447 865 uno
1471 806 1661 880 gradu
1683 806 1973 866 bonitatis
1997 806 2465 865 constituuntur.
2494 807 2641 864 Nam

200 879 597 954 quarumdam
623 877 964 937 substantia
990 878 1185 936 forma
1205 884 1262 934 et
1295 884 1466 936 actus
1494 884 1608 946 est,
1636 878 1870 936 scilicet
1896 877 1994 936 eui
2025 876 2359 935 seeundum
2386 875 2449 933 id
2478 874 2641 949 quod

197 956 320 1021 est,
347 949 633 1023 competit
669 963 806 1008 esse
861 954 997 1012 actu
1039 954 1098 1008 et
1143 948 1370 1007 bonum
1399 961 1556 1007 esse.
1584 947 1988 1018 Quarumdam
2024 961 2167 1005 vero
2199 946 2539 1005 substantia
2566 961 2642 1004 ex

196 1021 456 1081 materia
485 1026 545 1080 et
573 1020 766 1079 forma
795 1019 1133 1091 composita
1159 1025 1271 1088 est,
1304 1018 1399 1078 cui
1447 1019 1734 1090 competit
1778 1025 1914 1094 actu
1948 1031 2086 1076 esse
2114 1024 2173 1075 et
2206 1017 2432 1076 bonum
2482 1030 2642 1087 esse,

198 1091 312 1152 sed
343 1090 678 1151 seeundum
708 1089 936 1164 aliquid
964 1091 1082 1160 sui,
1101 1089 1336 1149 scilieet
1363 1089 1696 1148 secundum
1722 1090 1997 1148 sormam.
2021 1088 2235 1147 Divina
2260 1087 2445 1161 igitur
2472 1086 2648 1146 subs-

197 1162 398 1223 tantia
440 1176 556 1221 sua
598 1161 844 1220 bonitas
896 1166 1028 1232 est3
1076 1160 1417 1220 substantia
1460 1174 1603 1219 vero
1656 1160 1911 1233 simplex
1954 1158 2283 1218 bonitatem
2331 1157 2645 1231 participat

198 1232 538 1294 secundum
573 1231 631 1289 id
683 1231 845 1305 quod
891 1238 1020 1302 est;
1053 1231 1391 1290 substantia
1430 1236 1627 1289 autem
1657 1230 2015 1303 composita,
2042 1228 2375 1289 secundum
2414 1228 2645 1311 aliquid

199 1303 325 1363 sui.
360 1305 427 1361 ln
456 1304 572 1361 hoe
599 1307 799 1362 autem
826 1303 1003 1360 tertio
1033 1302 1221 1375 gradu
1246 1301 1721 1361 substantiarum
1747 1302 1965 1360 iterum
1996 1300 2313 1359 diversitas
2338 1301 2645 1358 invenitur

201 1380 498 1449 quantum
528 1372 603 1431 ad
632 1374 831 1446 ipsum
863 1386 1019 1432 esse.
1049 1376 1196 1431 Nam
1246 1372 1643 1445 quorumdam
1670 1387 1743 1430 ex
1771 1371 2023 1431 materia
2048 1377 2108 1430 et
2131 1370 2325 1430 forma
2347 1369 2648 1441 composi·

198 1451 407 1505 torum
434 1448 621 1503 totam
651 1444 913 1503 materiae
951 1445 1277 1515 potentiam
1308 1442 1500 1514 forma
1525 1444 1831 1516 adimplet,
1853 1445 1938 1501 ita
1966 1443 2126 1517 quod
2148 1455 2273 1501 non
2296 1446 2566 1499 remanet
2579 1440 2646 1500 in

197 1515 457 1575 materia
474 1515 743 1587 potentia
769 1513 844 1573 ad
875 1514 1055 1572 aliam
1084 1514 1359 1585 sormam,
1392 1519 1449 1571 et
1470 1529 1582 1597 per
1607 1529 1990 1590 consequens
2043 1528 2155 1572 nec
2192 1513 2258 1572 in
2295 1512 2497 1595 aliqua
2525 1511 2648 1570 alia

199 1586 459 1648 materia
473 1586 744 1668 potentia
758 1585 834 1643 ad
853 1586 1008 1644 banc
1030 1585 1285 1643 formam
1309 1603 1324 1654 ;
1356 1590 1415 1642 et
1434 1586 1733 1657 ejusmodi
1752 1591 1895 1645 sunt
1921 1599 2175 1659 corpora
2194 1584 2483 1653 coelestia,
2509 1595 2646 1655 quae

202 1672 279 1718 ex
303 1661 434 1716 tota
461 1662 711 1715 materia
736 1669 850 1714 sua
888 1661 1187 1714 constant.
1224 1656 1630 1725 Quorumdam
1654 1671 1795 1716 vero
1844 1656 2037 1716 forma
2073 1669 2197 1728 non
2245 1654 2431 1726 replet
2457 1659 2646 1711 totam

187 1726 473 1788 materiae
499 1726 864 1799 potentiam3
902 1726 1060 1784 unde
1107 1726 1302 1784 adbuc
1347 1727 1412 1784 in
1458 1728 1710 1786 materia
1751 1732 2017 1787 remanet
2052 1726 2322 1799 potentia
2348 1724 2423 1783 ad
2462 1723 2645 1783 aliam

201 1799 461 1859 formam
490 1841 506 1868 ,
550 1803 609 1858 et
665 1797 730 1854 in
777 1796 979 1871 aliqua
1030 1798 1295 1855 materiae
1339 1803 1505 1869 parte
1545 1804 1815 1857 remanet
1907 1798 2134 1857 otentia
2182 1796 2258 1856 ad
2314 1795 2470 1854 hanc
2524 1795 2646 1853 sor-

201 1883 389 1937 mam,
419 1868 580 1927 sicut
623 1872 784 1940 patet
830 1868 893 1926 in
946 1867 1258 1928 elementis
1304 1873 1364 1925 et
1408 1868 1802 1927 elementatis
1905 1869 2006 1928 uia
2044 1881 2187 1926 vero
2240 1865 2494 1939 privatio
2551 1870 2648 1923 est

200 1939 473 2015 negatio,
503 1939 568 1997 in
594 1938 951 2006 substantia,
998 1938 1127 2011 ejus
1165 1937 1327 2010 quod
1363 1938 1715 1998 substantiae
1752 1944 1953 2012 potest
1993 1939 2216 2007 inesse,
2256 1937 2646 1995 manifestum

202 2017 299 2070 est
327 2009 490 2083 quod
518 2023 656 2068 cum
680 2008 793 2067 hac
825 2008 1018 2067 forma
1046 2023 1177 2082 quae
1203 2023 1328 2068 non
1355 2010 1565 2081 implet
1590 2015 1777 2068 totam
1803 2010 2067 2069 materiae
2089 2008 2417 2081 potentiam
2437 2006 2648 2079 adjun-

245 2082 370 2139 itur
391 2079 646 2154 privatio
681 2079 925 2149 formae3
958 2093 1090 2153 quae
1129 2079 1368 2153 quidem
1418 2079 1663 2154 adjungi
1694 2094 1816 2139 non
1886 2086 2044 2139 otest
2085 2079 2438 2138 substantiae
2469 2077 2647 2151 cuius

226 2151 640 2232 ormaimplet
660 2155 846 2209 totam
893 2151 1551 2232 materiaepotentiam,
1591 2166 1786 2225 neque
1827 2152 1919 2209 ili
1962 2166 2093 2225 quae
2143 2156 2236 2208 est
2291 2150 2486 2208 forma
2538 2161 2689 2224 per·

199 2236 385 2283 suam
415 2227 766 2292 essentiam,
797 2227 856 2302 et
877 2221 1067 2279 multo
1101 2234 1305 2280 minus
1335 2221 1423 2279 illi
1451 2236 1625 2295 cujus
1645 2223 1914 2281 essentia
1931 2228 2023 2281 est
2047 2223 2249 2294 ipsum
2274 2234 2454 2280 suum
2484 2233 2646 2280 esse.

201 2296 406 2365 Quum
436 2297 635 2351 autem
670 2291 1058 2350 manifestum·
1085 2292 1166 2350 sit
1201 2292 1361 2364 quod
1405 2299 1607 2351 motus
1647 2307 1773 2351 non
1817 2297 2016 2365 potest
2057 2306 2194 2351 esse
2240 2291 2342 2350 ubi
2388 2304 2512 2349 non
2554 2295 2652 2349 est

197 2363 480 2438 potentia
507 2363 582 2422 ad
613 2363 797 2432 aliud,
826 2363 969 2435 quia
1012 2368 1214 2420 motus
1243 2367 1336 2422 est
1371 2368 1542 2421 actus
1576 2363 1891 2422 existentis
1931 2364 1995 2421 in
2043 2362 2338 2435 potentia,
2382 2362 2650 2435 itemque

200 2435 598 2494 manifestum
628 2434 708 2491 sit
738 2432 907 2515 quod·
922 2434 1147 2490 malum
1174 2439 1266 2491 est
1292 2433 1427 2505 ipsa
1452 2433 1705 2506 privatio
1733 2433 1900 2502 boni,
1977 2433 2180 2490 lanum
2225 2439 2316 2490 est
2356 2432 2541 2505 quod,
2582 2431 2650 2491 in

203 2507 330 2566 boc
367 2505 589 2564 ultimo
613 2504 1085 2563 substantiarum
1114 2502 1346 2573 ordine,
1378 2510 1469 2562 est
1494 2504 1722 2563 bonum
1762 2510 1924 2562 muta
1971 2504 2048 2561 ile
2079 2518 2216 2562 cum
2248 2503 2651 2576 permixtione

201 2577 355 2637 mali
384 2575 647 2649 oppositi
677 2588 745 2633 se
771 2574 1030 2644 habens3
1062 2574 1223 2648 quod
1264 2573 1330 2632 in
1359 2588 1429 2634 su
1477 2576 1773 2633 erioribus
1819 2574 2291 2634 substantiarum
2332 2573 2652 2632 ordinibus

203 2646 484 2707 accidere
509 2659 634 2704 non
660 2652 876 2718 potest.
907 2645 1185 2703 Possidet
1212 2645 1398 2718 igitur
1467 2659 1553 2703 oee
1592 2646 1930 2704 substantia
1978 2645 2190 2713 ultimo
2237 2644 2418 2703 modo
2466 2643 2648 2716 dieta,

207 2719 373 2778 sicut
400 2716 678 2776 ultimum
703 2716 955 2788 gradum
984 2716 1049 2772 in
1078 2729 1233 2778 esse,
1260 2716 1344 2773 ita
1372 2716 1651 2774 ultimum
1676 2716 1928 2789 gradum
1956 2715 2022 2773 in
2050 2714 2336 2774 bonitate.

280 2792 447 2848 Inter
469 2792 669 2859 partes
698 2788 878 2845 etiam
905 2786 1087 2859 hujus
1122 2786 1474 2847 substantiae
1521 2801 1595 2844 ex
1636 2785 1886 2845 materia
1930 2791 1991 2844 et
2032 2785 2226 2845 forma
2274 2786 2648 2858 compositae,

205 2858 502 2920 bonitatis
526 2857 673 2917 ordo
698 2857 1020 2916 invenitur.
1044 2858 1239 2926 Quum
1271 2857 1431 2914 enim
1461 2859 1711 2917 materia
1739 2857 1821 2915 sit
1851 2871 1962 2916 ens
2007 2858 2067 2916 in
2113 2856 2382 2930 potentia
2431 2870 2650 2915 secun·

210 2932 356 2991 dum
384 2944 452 2989 se
481 2927 879 2997 considerata,
911 2928 1105 2986 forma
1131 2941 1271 2986 vero
1292 2927 1372 2985 sit
1390 2933 1561 2986 actus
1591 2927 1744 2998 e‘uS,
1765 2927 2106 2987 substantia
2139 2941 2282 2988 vero
2312 2941 2448 2989 com
2492 2928 2653 2988 osita

209 3002 293 3061 sit
317 3005 456 3060 actu
481 3000 779 3058 exsistens
808 3012 914 3071 per
944 2997 1217 3061 formam,
1261 2998 1453 3058 forma
1501 2999 1607 3072 qui
1651 3012 1744 3057 em
1795 2999 1909 3057 erit
1962 2998 2293 3058 secundum
2349 3012 2417 3058 se
2507 3011 2650 3072 ona,

212 3070 556 3131 substantia
576 3083 718 3128 vero
748 3069 1084 3141 composita
1106 3073 1285 3141 prout
1313 3076 1447 3127 actu
1477 3069 1657 3143 habet
1684 3070 1958 3140 formam,
1985 3069 2233 3129 materia
2259 3083 2404 3128 vero
2432 3081 2652 3129 seeun-

213 3143 360 3200 dum
388 3140 548 3215 quod
579 3146 672 3199 est
698 3140 762 3197 in
790 3139 1057 3212 potentia
1084 3139 1160 3197 ad
1188 3139 1462 3198 formam.
1494 3143 1563 3197 Et
1592 3140 1734 3199 licet
1778 3140 2249 3214 unumquodque
2294 3141 2376 3200 sit
2419 3139 2653 3201 bonum

211 3214 283 3270 in
314 3217 602 3285 quantum
631 3216 725 3270 est
751 3224 882 3281 ens,
908 3220 1031 3269 non
1060 3215 1262 3269 tamen
1291 3216 1523 3283 oportet
1552 3211 1712 3284 quod
1741 3211 2011 3282 materia,
2042 3226 2175 3285 quae
2199 3217 2290 3270 est
2309 3224 2419 3270 ens
2448 3210 2652 3270 solum

213 3283 281 3341 in
307 3282 591 3354 potentia,
624 3282 705 3340 sit
731 3281 893 3340 bona
911 3281 1111 3339 solum
1138 3281 1510 3353 inpotentia3
1544 3295 1653 3340 ens
1681 3282 1842 3340 enim
1863 3281 2138 3341 absolute
2159 3282 2396 3353 dicitur,
2421 3280 2653 3341 bonum

211 3358 418 3413 autem
443 3353 592 3410 etin
622 3351 832 3411 ordine
861 3351 1173 3421 consistit;
1202 3365 1327 3410 non
1357 3352 1517 3409 enim
1538 3352 1737 3411 solum
1767 3353 1995 3427 aliquid
2018 3353 2244 3413 bonum
2271 3353 2490 3412 dicitur
2507 3351 2654 3425 quia

213 3430 311 3483 est
338 3423 480 3481 finis
508 3423 600 3480 vel
629 3422 772 3495 quia
798 3427 891 3480 est
917 3422 1198 3481 obtinens
1228 3421 1430 3492 finem,
1462 3422 1569 3481 sed
1600 3423 1833 3483 etiamsi
1866 3424 2132 3483 nondum
2170 3424 2245 3482 ad
2296 3422 2479 3481 finem
2515 3436 2652 3496 per-

209 3492 466 3575 venerit,
496 3492 822 3552 dummodo
851 3493 932 3552 sit
958 3492 1297 3551 ordinatum
1328 3493 1392 3551 in
1421 3492 1625 3563 finem,
1672 3508 1745 3552 ex
1799 3494 1914 3553 boe
1959 3494 2094 3567 ipso
2139 3495 2357 3553 dicitur
2398 3492 2652 3554 bonum.

208 3566 624 3647 {latenaergo
651 3577 773 3622 non
802 3567 1003 3635 potest
1029 3563 1382 3634 simpliciter
1404 3562 1524 3623 dici
1555 3577 1665 3623 ens
1686 3579 1761 3623 ex
1774 3564 1891 3623 hoe
1920 3565 2081 3639 quod
2103 3571 2196 3626 est
2225 3565 2493 3638 potentia
2514 3577 2649 3631 ens,

208 3648 282 3695 m
307 3648 431 3709 quo
458 3639 814 3706 lmportatur
841 3632 990 3692 ordo
1019 3633 1094 3693 ad
1124 3647 1290 3703 esse;
1329 3639 1527 3706 potest
1582 3639 1781 3693 autem
1829 3650 1902 3694 ex
1956 3635 2071 3695 hoe
2123 3636 2475 3709 simpliciter
2530 3635 2652 3697 dici

206 3704 379 3766 bona
400 3710 643 3778 propter
663 3704 935 3764 ordinem
969 3703 1189 3776 ipsum.
1212 3707 1278 3762 ln
1307 3720 1426 3777 quo
1455 3712 1700 3777 apparet
1721 3706 1882 3779 quod
1899 3705 2127 3766 bonum
2143 3706 2653 3788 quodammmodo

207 3775 529 3849 amplioris
585 3781 677 3835 est
728 3775 990 3834 ambitus
1019 3788 1199 3848 quam
1229 3788 1360 3833 ens.
1407 3778 1656 3848 Propter
1704 3776 1865 3850 quod
1927 3778 2253 3851 Dionysius
2299 3777 2444 3836 dicit
2487 3775 2654 3857 quod

209 3847 417 3929 boumn
441 3861 498 3903 se
524 3845 768 3928 eaetenqlit
796 3845 1189 3928 aci-existentia
1213 3850 1266 3902 et
1285 3861 1393 3902 non
1418 3849 1712 3904 existentia
1730 3846 1829 3919 (De
1851 3847 2028 3905 divin.
2049 3850 2279 3914 nomin..
2310 3863 2363 3908 c.
2399 3848 2478 3922 4);
2511 3861 2651 3908 nam

209 3922 438 3990 etipsa
462 3930 586 3975 non
617 3921 954 3987 existentia,
984 3917 1216 3975 solllcet
1242 3917 1509 3987 materia,
1543 3918 1877 3977 secundum
1889 3919 2049 3994 quod
2077 3919 2268 3977 intelli
2315 3919 2434 3979 itur
2461 3921 2654 3991 priva-

207 3986 370 4048 tioni
399 3986 687 4059 sub‘eeta,
714 3988 938 4061 appetit
964 3985 1190 4046 bonum
1220 3986 1452 4046 scilicet
1480 4001 1645 4058 esse;
1676 4002 1750 4047 ex
1790 4003 1910 4063 quo
1938 3994 2100 4062 patet
2144 4003 2264 4064 quo
2345 3988 2525 4050 etiam
2569 3989 2655 4050 sit

206 4057 414 4129 bona;
456 4072 518 4117 ni
566 4058 609 4116 il
638 4060 810 4140 enim·
827 4058 1051 4131 appetit
1067 4056 1294 4117 bonum
1316 4056 1436 4116 nisi
1459 4058 1710 4119 bonum.

287 4130 392 4188 Est
422 4133 624 4187 autem
651 4134 710 4187 et
736 4129 854 4188 alio
883 4128 1066 4188 modo
1094 4133 1378 4188 creaturae
1423 4127 1664 4189 bonitas
1710 4145 1748 4189 a
1793 4131 2060 4192 bonitate
2093 4130 2296 4191 divina
2340 4131 2648 4194 deficiens.

209 4198 390 4270 Nam,
417 4198 578 4257 sicut
604 4198 830 4280 dictum
883 4203 997 4270 est,
1057 4200 1216 4258 Deus
1271 4200 1337 4257 in
1365 4198 1498 4271 ipso
1540 4213 1652 4259 suo
1699 4215 1836 4260 esse
1877 4216 2175 4263 summam
2222 4203 2652 4277 perfectionem

214 4269 452 4351 pbtinet
498 4269 820 4350 bonitati&
869 4282 981 4351 res·
1024 4276 1223 4330 autem
1269 4275 1468 4329 creata
1507 4284 1681 4329 suam
1726 4272 2151 4344 perfectionem
2198 4289 2320 4333 non
2376 4277 2653 4349 possidet

212 4353 285 4398 m
333 4353 492 4422 uno,
542 4337 663 4421 sed·
696 4352 760 4420 in
811 4338 1045 4422 muitis.
1107 4339 1280 4411 Quod
1333 4341 1495 4400 enim
1541 4350 1634 4401 est
1684 4341 1745 4400 in
1806 4358 2088 4428 supremo
2138 4347 2394 4417 unitum,
2446 4347 2651 4407 multi-

259 4408 357 4470 lex
379 4424 447 4470 in
473 4408 701 4492 infimis
730 4414 1063 4480 invenitur-,3
1088 4411 1247 4470 unde
1292 4412 1451 4471 Deus
1494 4413 1828 4473 secundum
1876 4416 2035 4475 idem
2092 4416 2310 4475 dicitur
2349 4431 2485 4477 esse
2533 4417 2652 4473 vir·

248 4492 459 4552 uosus,
490 4493 734 4554 sapiens
762 4485 821 4539 et
840 4493 1127 4552 operans;
1161 4488 1437 4542 creatura
1471 4496 1637 4556 vero,
1686 4486 2018 4545 secundum
2056 4487 2325 4558 diversa3
2365 4493 2651 4557 tantoque
