3076 5025
1023 308 1157 366 LIB.
1197 310 1288 376 IV,
1328 309 1481 365 CAP.
1517 309 1611 365 IV.
2424 315 2522 371 491

154 429 511 501 tprosectum
540 429 725 487 oetatis
755 429 983 500 accipit,
1015 430 1272 488 esuriem
1305 445 1521 500 passus
1553 434 1644 488 est
1678 435 1737 489 et
1777 430 2128 489 lassitudine
2168 432 2445 505 fatigatus
2472 439 2530 492 et

154 501 279 558 iorti
305 500 630 570 subjectus,
660 499 820 572 quod
848 513 1084 572 semper
1111 501 1378 573 profecit,
1397 500 1604 572 jndicii
1634 514 1700 559 se
1731 502 1960 559 nescire
2008 502 2162 559 diem
2209 503 2529 564 consessus

154 577 200 630 st
221 575 275 629 et
300 571 504 629 mortis
535 577 760 629 terrore
787 583 1124 629 concussus
1152 576 1262 640 est,
1291 575 1351 628 et
1385 571 1507 628 alia
1546 571 1892 643 hujusmodi
1920 587 2053 644 quae
2081 576 2203 631 Deo
2232 589 2336 645 pei·
2364 581 2531 633 natu-

154 656 234 700 ιω
273 641 543 698 existenti
592 642 906 699 convenire
949 655 1071 699 non
1105 645 1372 714 possent.
1405 641 1569 698 Unde
1606 643 1975 700 concludunt
2051 644 2168 701 uod
2217 659 2324 716 per
2362 645 2532 702 meri-

154 726 232 794 ini
252 712 538 770 honorem
568 711 832 770 divinum
858 713 1111 786 adeptus
1138 718 1231 771 est
1273 727 1380 784 per
1418 712 1689 785 gratiam,
1725 727 1850 771 non
1896 658 2057 786 quoa
2099 719 2260 773 esset
2304 721 2530 774 naturae

154 796 310 840 ivinae

184 855 335 910 Hanc
361 858 560 912 autem
584 853 944 924 positionem
972 853 1163 926 primo
1203 853 1649 911 adinvenerunt
1688 853 1928 927 quidam
1980 855 2205 927 antiqui
2247 855 2528 928 haeretici,

154 922 411 980 :ei-imbus
458 929 518 981 et
561 924 768 992 Ebion,
813 938 994 996 quam
1045 927 1255 995 postea
1303 924 1527 981 Paulus
1580 925 2007 984 samosatenus
2046 925 2420 996 instauravit,
2471 931 2532 985 et

157 999 308 1052 ostea
337 1008 372 1051 a
400 994 654 1052 Photino
681 993 1172 1066 est-confirmata,
1205 999 1270 1053 ut
1296 994 1396 1066 qui
1428 993 1555 1051 haec
1582 995 1983 1068 dogmatizant
2013 994 2347 1054 photiniani
2377 1012 2530 1055 nun-

156 1068 490 1207 ussei'liggln'ter
518 1138 719 1216 autem
753 1135 938 1217 verba
979 1149 1165 1217 sacrm
1207 1136 1519 1216 scripturae
1553 1135 2086 1217 ‚considerantibus
2131 1141 2374 1218 apparet
2406 1151 2528 1208 non

155 1217 263 1262 ‚unc
287 1219 529 1332 sertisum
559 1218 623 1262 in
671 1220 743 1264 ea
779 1212 1070 1264 contineri
1099 1222 1277 1280 quem
1307 1206 1568 1280 praedicti
1592 1206 1867 1265 homines
1912 1221 2046 1264 sua
2068 1220 2347 1279 opinione
2393 1222 2532 1266 con-

157 1290 182 1333 e
224 1289 405 1333 erun.

233 1360 342 1415 am,
367 1360 504 1404 cum
571 1347 856 1405 Salomon
897 1347 1099 1428 dicat:
1143 1346 1395 1427 Nondum
1440 1351 1598 1402 aaut
1638 1348 1848 1428 abyssi,
1895 1350 1946 1403 et
1970 1363 2067 1417 eqo
2106 1346 2229 1417 jam
2278 1352 2533 1429 concepta

154 1418 740 1545 ffl'tssfflff
766 1415 1278 1569 iituiesfffssitr
1296 1414 2530 1570 ''gssssigil‘iiissninissq“33113’12'1‘331333

154 1557 340 1615 essendi
367 1572 402 1615 a
429 1558 753 1616 Marianon
782 1562 1055 1630 sumpsit.
1080 1503 1173 1626 (ἐκ,
1206 1558 1342 1614 licet
1380 1557 1506 1616 haec
1545 1559 1755 1639 etalia
1800 1559 2017 1616 similia
2052 1562 2394 1617 testimonia
2438 1560 2533 1617 de·

154 1641 342 1686 ›ravare
367 1628 814 1695 conati,suerint
841 1642 1120 1711 perversa
1149 1628 1537 1700 expositione,
1570 1628 1834 1686 dicentes
1858 1627 1986 1686 haec
2027 1630 2250 1687 secund
2261 1644 2356 1686 um
2384 1645 2530 1701 prae-

154 1696 552 1757 lestinationem
589 1699 806 1757 debere
852 1699 1122 1826 ¹⁰¹⁶¹¹iffi⁹
1168 1701 1306 1771 quia
1350 1699 1576 1756 scilicet
1610 1702 1746 1757 ante
1795 1699 2001 1757 mundi
2047 1700 2528 1758 constitutionem

154 1767 449 1839 lispositum
477 1770 589 1828 fuit
615 1774 682 1827 ut
716 1785 787 1826 ex
814 1770 991 1828 Maria
1067 1769 1256 1843 irgine
1280 1769 1383 1827 Dei
1409 1770 1588 1827 Filius
1619 1774 1982 1840 nasceretur,
2028 1782 2148 1828 non
2195 1770 2353 1843 quod
2398 1771 2528 1842 ejus

154 1839 266 1897 ‘ilius
295 1839 465 1899 fuerit
492 1844 631 1899 ante
660 1840 990 1910 mundum;
1021 1854 1126 1912 per
1153 1854 1224 1921 ea
1259 1843 1454 1897 tamen
1487 1854 1618 1912 quae
1648 1845 1980 1922 sequuntur
2006 1845 2163 1922 patet
2239 1841 2376 1910 uod,
2408 1856 2530 1899 non

155 1909 303 1968 olum
324 1910 385 1968 in
411 1911 954 1983 praedestinatione,
977 1911 1083 1969 sed
1111 1914 1286 1968 etiam
1316 1910 1566 1973 realiter,
1592 1911 1769 1968 fuerit
1783 1915 1918 1969 ante
1939 1912 2200 1968 Mariam.
2274 1926 2368 1968 am
2399 1918 2536 1983 post

154 1980 406 2039 »raeiiiissa
433 1982 617 2040 verba
663 1982 1001 2040 Salomonis
1045 1981 1467 2054 subiungitur:
1517 1981 1748 2048 Quando
1791 1983 2131 2052 appendebat
2172 1982 2535 2050 fundamenta

154 2065 282 2119 m,
310 2068 427 2108 cum
453 2067 513 2109 eo
542 2068 695 2108 eram
723 2058 918 2108 cuncta
950 2068 1264 2123 componens
1293 2051 1473 2124 (ἰωὰ,
1503 2055 1597 2118 29,
1625 2052 1714 2125 30)
1739 2070 1755 2120 ;
1804 2053 1857 2110 si
1889 2056 2086 2110 autem
2133 2052 2198 2109 in
2228 2053 2360 2110 sola
2389 2068 2533 2124 prae-

154 2119 494 2181 lestinatione
525 2123 760 2193 suisset,
787 2123 931 2180 nihil
958 2121 1133 2197 ag‘ere
1171 2123 1481 2194 potuisset.
1529 2125 1651 2180 Hoc
1698 2123 1873 2180 etiam
1922 2137 1993 2179 ex
2049 2123 2240 2181 verbis
2287 2124 2535 2181 ¹loannis

154 2192 478 2264 zvangelistae
506 2194 794 2262 habetur;
827 2208 985 2258 nain,
1019 2208 1202 2276 quum
1232 2192 1617 2264 praemisisset
1648 2209 1661 2248 :
1706 2196 1773 2250 In
1798 2196 2074 2264 principio
2114 2199 2232 2250 erat
2277 2195 2532 2264 Verbum,

167 2274 232 2318 uo
256 2265 485 2321 nomine
513 2265 699 2322 Filius
740 2264 842 2322 Dei
879 2265 1241 2338 intelligitur,
1271 2268 1338 2321 ut
1368 2267 1680 2322 ostensum
1710 2267 1820 2332 est,
1871 2277 1944 2322 ne
1988 2265 2126 2336 quis
2170 2264 2289 2321 hoc
2320 2278 2534 2322 secun·

167 2345 250 2388 uni
275 2334 852 2405 praedestinationem
894 2336 1157 2406 accipere
1201 2338 1427 2405 posset,
1483 2334 1727 2391 subdit:
1780 2335 1974 2390 Ornnia
2012 2350 2116 2404 per
2157 2337 2338 2404 ipsum
2381 2336 2536 2402 sacta

155 2407 252 2466 unt,
299 2409 348 2459 et
371 2408 488 2461 sine
513 2407 636 2476 ipso
663 2407 874 2474 tactum
897 2410 976 2461 est
1002 2406 1146 2460 nihil
1172 2405 1413 2485 (Ιοᾳητιυ
1443 2418 1487 2473 1,
1517 2404 1570 2476 3)
1597 2422 1612 2472 ;
1641 2403 1802 2476 quod
1830 2411 2035 2480 verimi
2064 2418 2199 2462 esse
2244 2417 2365 2461 non
2394 2418 2533 2474 pos-

154 2478 225 2541 tet,
253 2474 358 2535 nisi
385 2476 621 2535 realiter
649 2481 787 2534 ante
812 2475 1100 2533 mundum
1130 2478 1471 2533 exstitisset.

191 2544 323 2608 Rern,
353 2546 425 2604 de
452 2549 593 2606 Filio
625 2547 728 2605 Dei
759 2546 972 2604 dicitur
1002 2565 1014 2601 :
1047 2548 1209 2604 Nemo
1244 2546 1487 2601 ascendit
1513 2547 1574 2599 in
1611 2545 1817 2613 omium,
1864 2547 1977 2600 nisi
2022 2547 2120 2614 qui
2166 2544 2439 2600 descendit
2470 2546 2538 2602 de

157 2614 252 2679 into,
273 2618 440 2675 Filius
468 2620 725 2681 hominis,
763 2619 861 2688 qui
883 2621 960 2673 est
985 2619 1045 2672 in
1073 2618 1197 2673 coelo
1235 2616 1474 2687 (Ionum,
1505 2629 1595 2683 111,
1631 2616 1716 2685 13)
1742 2632 1755 2681 ;
1805 2620 1864 2670 et
1894 2615 2108 2672 iteruin
2137 2633 2151 2672 ε
2183 2617 2444 2672 uescendi
2470 2616 2537 2673 de

156 2684 256 2754 ato,
298 2703 404 2745 non
447 2693 512 2746 ut
556 2690 768 2757 faciam
820 2689 1149 2744 voluntatem
1195 2702 1387 2754 meam,
1425 2685 1520 2741 sed
1572 2686 1901 2741 voluntatem
1946 2685 2061 2756 ejus
2103 2688 2201 2756 qui
2244 2689 2395 2741 misit
2430 2702 2533 2744 me.

157 2754 343 2882 ΙΙοαιῖηη
382 2772 467 2829 vi,
516 2760 630 2833 38.)
681 2762 933 2830 Apparet
991 2772 1134 2830 ergo
1175 2770 1311 2816 eum
1355 2755 1542 2814 fuisse
1593 2759 1911 2828 antequam
1963 2756 2034 2814 de
2083 2756 2234 2814 coelo
2287 2756 2536 2836 descen·

171 2838 249 2882 ere
278 2867 291 2881 .
2184 2858 2197 2879 .

159 2964 161 2971 y
192 2895 457 2974 lffraeterea,
487 2899 823 2958 secundum
849 2898 1184 2969 praedictam
1207 2896 1584 2971 positionem,
1614 2896 1797 2955 homo
1817 2911 1924 2969 per
1947 2897 2077 2954 vitae
2106 2897 2381 2955 meritum
2406 2911 2537 2968 pro-

158 2971 252 3021 ecit
286 2968 346 3025 in
385 2972 591 3029 Deum.
651 2970 972 3041 Apostolus
1022 2974 1219 3027 autem
1251 2983 1282 3025 e
1328 2981 1621 3027 converso
1677 2967 1934 3026 ostendit
1981 2968 2162 3041 quod,
2193 2982 2328 3027 cum
2376 2970 2535 3026 Deus

158 3041 288 3105 sset,
319 3039 506 3099 sactus
537 3046 630 3099 est
663 3040 884 3108 homo;
917 3039 1055 3097 dicit
1083 3040 1240 3097 enim
1273 3057 1286 3096 ε
1319 3040 1494 3106 Quum
1522 3041 1583 3095 in
1608 3041 1791 3107 torma
1815 3041 1918 3094 Dei
1961 3043 2112 3101 esset,
2145 3055 2253 3095 non
2280 3042 2533 3109 rapinam

160 3104 404 3166 abia-atus
431 3116 649 3169 estesse
685 3127 740 3166 se
783 3112 1041 3180 aequalem
1076 3114 1204 3178 Deo,
1245 3110 1340 3165 sed
1372 3113 1714 3180 semetipsum
1755 3111 2084 3177 exinavivit,
2123 3111 2357 3177 sormam
2393 3112 2538 3164 servi

160 3178 390 3244 acipiens,
439 3185 500 3238 in
549 3181 966 3237 similitudinem
1014 3182 1287 3237 hominum
1339 3182 1523 3248 sactus
1581 3184 1632 3235 et
1685 3180 1878 3235 habitu
1934 3181 2186 3235 inventus
2236 3184 2295 3235 ut
2358 3181 2532 3234 home.

160 3244 304 3375 {billi}
345 3264 415 3323 11,
468 3256 534 3323 6,
589 3251 684 3325 7.)
731 3254 1041 3325 Repugnat
1109 3250 1288 3325 igitur
1341 3250 1619 3322 praedicta
1693 3250 1910 3323 positio
1978 3249 2321 3322 apostolicae
2398 3263 2534 3307 seii-

194 3386 390 3467 Adhuc,
432 3393 587 3452 inter
636 3397 886 3452 caeteros
928 3390 1030 3466 qui
1086 3391 1188 3449 Dei
1270 3392 1474 3449 ratiam
1519 3389 1876 3459 habuerunt,
1915 3392 2147 3464 Moyses
2174 3390 2379 3447 habuit
2403 3403 2534 3447 eam

163 3466 369 3536 991089,
395 3462 467 3520 de
495 3480 617 3537 quo
646 3464 858 3522 dicitur
886 3463 1042 3537 quod
1075 3463 1228 3534 loque
1265 3467 1393 3519 atur
1419 3464 1680 3518 Dominus
1710 3463 1784 3517 ad
1809 3464 2026 3531 Moysen
2051 3463 2196 3529 faeie
2216 3461 2293 3515 ad
2315 3464 2531 3528 faciem,

163 3530 254 3611 feu}
276 3532 397 3588 solet
423 3535 571 3604 loqui
599 3537 753 3592 homo
796 3536 871 3590 ad
898 3537 1130 3590 amicum
1170 3549 1346 3590 suum.
1400 3531 1622 3605 (Ervom,
1668 3544 1836 3602 xxiii,
1885 3534 1994 3605 ll.)
2040 3532 2098 3589 Si
2143 3531 2320 3612 igitur
2362 3535 2535 3612 lesus

162 3592 379 3675 hristus
406 3618 527 3662 non
555 3606 851 3664 diceretur
891 3605 993 3662 Dei
1043 3604 1221 3662 Filius
1259 3603 1378 3661 nisi
1457 3606 1656 3674 roptei·
1699 3602 1948 3675 gratiam
1997 3602 2109 3660 ado
2152 3602 2350 3671 tionis,
2383 3607 2537 3659 sicut

165 3662 222 3743 >¹¹2¹
245 3674 443 3744 sancti,
474 3677 682 3734 eadem
707 3676 936 3734 ratione
964 3677 1198 3748 Moyses
1225 3673 1387 3731 filius
1465 3674 1518 3730 ei
1541 3674 1833 3731 diceretur
1856 3688 1974 3745 qua
1999 3679 2056 3730 et
2082 3676 2121 3730 C
2168 3673 2367 3740 ristuS,
2400 3672 2537 3729 licet

165 3737 291 3795 ham
319 3741 728 3805 abundantiori
756 3745 944 3821 gratia
963 3745 1231 3804 Christus
1257 3744 1435 3802 fuerit
1462 3744 1700 3802 dotatus
1726 3762 1742 3813 ;
1770 3758 1909 3801 nain
1940 3747 1996 3801 et
2040 3743 2193 3800 inter
2222 3743 2371 3800 alios
2397 3756 2535 3800 san·

165 3806 249 3886 1ῑῡβ
276 3823 425 3891 unus
454 3817 570 3875 alio
598 3818 812 3889 majori
841 3816 1030 3891 gratia
1055 3816 1334 3887 repletur,
1365 3821 1423 3872 et
1470 3820 1669 3871 tamen
1699 3827 1909 3872 omnes
1940 3814 2143 3871 eadem
2177 3813 2401 3871 ratione
2432 3813 2537 3871 filii

164 3876 228 3932 lei
253 3878 535 3944 dicuntur.
568 3889 802 3960 Moyses
833 3893 1028 3946 autem
1061 3900 1182 3944 non
1209 3886 1415 3943 eadem
1465 3885 1693 3943 ratione
1722 3885 1933 3943 dicitur
1961 3884 2119 3942 filius
2150 3899 2267 3956 qua
2296 3888 2355 3940 et
2380 3884 2538 3942 Chri-

172 3948 253 4026 tus
283 3967 297 4018 3
342 3953 646 4032 distinguit
675 3960 832 4016 enim
861 3958 1182 4029 Apostolus
1212 3956 1504 4014 Christum
1536 3972 1572 4013 a
1598 3959 1797 4029 Moyse
1824 3956 1978 4013 sieut
2007 3954 2193 4011 filium
2238 3968 2273 4012 a
2318 3968 2489 4012 servo
2518 3973 2533 4025 ;

167 4014 327 4076 licitur
349 4026 501 4083 enim
535 4048 552 4083 ε
579 4031 788 4099 Moyses
814 4029 1032 4101 quidem
1059 4029 1236 4099 fidelis
1255 4032 1372 4083 erat
1395 4031 1453 4082 in
1493 4031 1610 4082 tota
1636 4027 1788 4093 domo
1817 4026 1954 4096 ejus,
1982 4029 2245 4095 tanquam
2273 4027 2533 4093 famulus,

166 4098 194 4136 n
217 4090 559 4154 testimonium
589 4116 771 4156 eorum
809 4116 927 4170 quae
953 4100 1187 4155 dicenda
1224 4103 1421 4166 erant3
1480 4099 1726 4156 Christus
1778 4113 1902 4153 vero
1949 4101 2210 4165 tanquam
2252 4098 2426 4153 Filius
2478 4099 2537 4151 in

166 4151 275 4236 ἷῡφο
296 4177 412 4244 aaa.
443 4164 644 4240 (nean,
670 4184 758 4238 111,
790 4174 844 4239 5,
876 4169 954 4243 6.)
984 4168 1358 4228 Manifestum
1392 4173 1480 4225 est
1511 4182 1655 4241 ergo
1684 4166 1841 4240 quod
1876 4165 2143 4226 Christus
2173 4180 2295 4225 non
2325 4167 2536 4224 dicitur

168 4226 422 4314 'infilius
449 4252 547 4309 per
566 4240 901 4312 adoptionis
1040 4242 1202 4310 tiam,
1235 4241 1386 4298 sicut
1416 4238 1512 4295 alii
1544 4238 1756 4296 sancti.

200 4295 403 4361 Similis
427 4310 597 4367 etiam
625 4312 772 4369 ratio
802 4326 876 4369 ex
903 4326 941 4383 ρ
969 4312 1176 4370 uribus
1216 4310 1346 4368 aliis
1375 4310 1685 4380 Scripturae
1732 4308 1882 4366 locis
1922 4308 2121 4390 colligi
2154 4314 2369 4381 potest,
2402 4319 2532 4379 quae

168 4368 376 4454 modam
402 4377 682 4452 singulari
715 4382 895 4439 modo
924 4381 1219 4440 Christum
1250 4395 1368 4452 prae
1397 4380 1529 4438 aliis
1561 4380 1661 4436 Dei
1693 4378 1898 4439 Filium
1930 4384 2195 4437 nominat
2229 4396 2241 4433 :
2272 4376 2535 4451 quando-

168 4444 245 4505 [ue
278 4445 522 4522 quidem,
553 4451 775 4528 absque
807 4452 939 4513 aliis
968 4452 1351 4527 singulariter
1380 4464 1517 4510 eum
1547 4450 1755 4509 Filium
1783 4451 2125 4523 nominans,
2155 4451 2308 4510 sicut
2346 4457 2530 4520 quum
