3076 5025
393 324 497 381 300
1221 317 1354 374 ΠΒ.
1397 317 1494 386 111,
1535 315 1689 373 CAP.
1731 315 2002 373 xxxvlll.

465 447 587 502 Hoc
617 442 793 501 etiam
824 441 898 500 ad
926 439 1079 499 nihil
1108 438 1271 498 aliud
1302 439 1615 498 ordinatur
1661 438 1819 496 sicut
1849 436 1924 496 ad
1954 436 2158 508 finem,
2190 449 2375 511 quum
2406 435 2828 508 contemplatio

393 515 659 573 veritatis
684 519 923 585 propter
951 512 1211 583 seipsam
1240 516 1559 584 quaeratur.

468 588 579 643 Per
607 586 760 642 lianc
787 583 966 641 etiam
1015 581 1420 653 operationem
1454 580 1636 638 homo
1666 578 2023 638 substantiis
2070 577 2484 660 superioribus
2513 578 2828 653 conjungi-

395 661 490 714 tur
520 670 625 727 per
648 653 1122 716 similitudinem.
1155 651 1297 724 quia
1324 652 1439 709 lioc
1467 655 1697 709 tantum
1728 650 1800 708 de
1830 649 2281 722 operationibus
2306 649 2589 709 humanis
2609 651 2672 710 in
2703 652 2824 708 Deo

395 733 456 784 et
482 727 546 783 in
569 724 924 784 substantiis
954 724 1245 804 separatis
1276 727 1386 780 est.

468 798 589 854 Hac
618 797 795 853 etiam
827 799 1171 866 operatione
1201 792 1275 849 ad
1305 792 1409 850 illa
1451 792 1763 864 superiora
1807 790 2212 865 conjungitur,
2244 792 2666 864 cognoscendo
2695 792 2832 865 ipsa
2920 820 2924 824 ·

399 880 777 940 quocumque
806 864 1006 922 modo.

468 937 553 995 Ad
583 937 738 994 hanc
767 941 942 992 etiam
991 933 1397 1005 operationem
1444 933 1626 991 homo
1674 931 1787 991 sibi
1818 932 2013 1006 magis
2042 936 2134 991 est
2162 931 2492 1003 sufficienS‚
2525 938 2723 1006 utpote
2752 933 2835 994 ad

398 1021 528 1066 eam
556 1020 764 1079 parum
795 1004 1020 1064 auxilio
1053 1005 1409 1062 exteriorum
1442 1017 1639 1061 rerum
1671 1017 1876 1077 egens.

467 1077 549 1135 Ad
579 1077 732 1134 lianc
761 1076 935 1134 etiam
969 1089 1180 1135 omnes
1209 1075 1340 1132 aliae
1369 1074 1750 1146 operationes
1769 1073 2048 1132 humanae
2077 1072 2339 1132 ordinari
2369 1072 2645 1131 videntur
2672 1074 2828 1133 sicut

400 1148 473 1207 ad
499 1148 700 1205 finem.
730 1147 812 1205 Ad
843 1145 1267 1219 perfectionem
1297 1146 1455 1202 enim
1506 1144 2032 1218 contemplationis
2078 1144 2398 1217 requiritur
2443 1144 2830 1205 incolumitas

400 1219 692 1290 corporiS,
724 1217 797 1275 ad
839 1230 1018 1299 quam
1062 1216 1414 1275 ordinantur
1438 1215 1774 1273 artificialia
1815 1215 2019 1273 omnia
2043 1229 2176 1288 quae
2212 1219 2353 1296 sunt
2381 1216 2724 1273 necessaria
2751 1216 2828 1274 ad

398 1289 599 1346 vitam.
633 1287 972 1361 Requiritur
1009 1287 1188 1346 etiam
1231 1288 1402 1360 quies
1446 1301 1481 1345 a
1529 1285 2077 1358 perturbationibus
2122 1298 2497 1356 passionum,
2529 1286 2604 1342 ad
2647 1300 2828 1358 quam

398 1359 742 1488 Bervenitur
768 1373 872 1429 per
912 1358 1160 1416 virtutes
1188 1357 1448 1438 morales
1477 1363 1537 1414 et
1564 1371 1670 1428 per
1709 1356 2104 1438 prudentiam,
2137 1360 2195 1414 et
2219 1355 2391 1437 quies
2415 1355 2495 1437 ⁸ab
2519 1356 2827 1438 exteriori-

444 1444 515 1488 us
544 1428 950 1502 passionibus,
979 1429 1054 1487 ad
1096 1441 1275 1502 quam
1321 1428 1633 1486 ordinatur
1675 1430 1864 1485 totum
1895 1438 2164 1500 regimen
2194 1431 2329 1507 vitae
2375 1425 2591 1497 civilis,
2624 1431 2690 1485 ut
2716 1440 2828 1499 sic,

401 1499 459 1627 si¹
485 1505 642 1627 rectle
687 1498 1163 1570 considerentur,
1196 1498 1400 1557 omnia
1444 1498 1710 1557 humana
1736 1497 1936 1556 officia
1962 1496 2185 1556 servire
2218 1496 2535 1555 videantur
2559 1501 2826 1556 contem·

464 1571 585 1629 anti
634 1583 705 1628 us
731 1570 1059 1627 veritatem.

399 1584 438 1643 p
473 1644 605 1698 Non
647 1645 736 1698 est
783 1645 977 1698 autem
1027 1639 1317 1712 possibile
1365 1639 1526 1711 quod
1564 1639 1776 1697 ultima
1823 1637 2090 1697 hominis
2133 1637 2389 1696 felicitas
2444 1638 2735 1696 consistat
2762 1639 2830 1697 in

401 1710 903 1781 contemplatione
951 1725 1083 1784 quae
1134 1716 1223 1768 est
1273 1710 1604 1768 secundum
1651 1709 2018 1766 intellectum
2059 1709 2513 1781 principiorum,
2561 1723 2691 1780 quae
2733 1715 2833 1767 est

400 1781 925 1853 imperfectissima
947 1823 961 1850 ‚
1012 1782 1169 1839 sicut
1232 1781 1487 1838 maxime
1564 1780 1964 1861 universalis2
2029 1793 2227 1837 rerum
2263 1778 2702 1860 ‚cogni-tionem
2763 1780 2832 1838 in

400 1852 668 1924 potentia
694 1852 1034 1923 continenS,
1075 1855 1134 1908 et
1166 1856 1258 1910 est
1284 1851 1666 1923 principium,
1700 1864 1821 1910 non
1862 1849 2002 1907 finis
2032 1849 2279 1908 humaui
2323 1848 2528 1930 studii,
2554 1864 2589 1908 a
2617 1855 2835 1909 natura

403 1922 580 1980 nobis
609 1922 987 1993 proveniens,
1021 1935 1142 1979 non
1184 1922 1512 1980 secundum
1548 1921 1813 1979 studium
1841 1920 2146 1990 veritatis;
2179 1933 2373 1992 neque
2403 1925 2584 1976 etiam
2612 1934 2831 1979 secun-

403 1992 544 2051 dum
575 1992 879 2061 scientias,
907 2005 1039 2065 quae
1057 1997 1200 2051 sunt
1226 1991 1298 2051 de
1328 1992 1507 2051 rebus
1537 1992 1785 2060 infimis,
1810 2005 1993 2064 quum
2019 2005 2055 2049 o
2099 1996 2286 2050 orteat
2318 1990 2661 2048 felicitatem
2693 2005 2831 2050 esse

402 2063 466 2119 in
492 2062 835 2134 operatione
866 2062 1204 2121 intellectus
1224 2076 1329 2134 per
1350 2063 1856 2133 comparationem
1887 2062 1962 2119 ad
1990 2075 2069 2118 no
2114 2062 2372 2119 ilissima
2400 2061 2830 2142 intelligibilia.

402 2133 779 2206 Relinquitur
807 2134 991 2206 igitur
1020 2133 1181 2205 quod
1204 2134 1266 2189 in
1292 2132 1796 2204 contemplatione
1824 2132 2133 2204 sapientiae
2164 2131 2373 2189 ultima
2399 2131 2666 2190 hominis
2698 2133 2828 2192 feli-

406 2204 556 2262 citas
577 2202 887 2273 consistat,
912 2204 1241 2261 secundum
1274 2203 1613 2261 divinorum
1645 2203 2207 2262 considerationem.

483 2277 564 2330 Ex
597 2287 715 2347 quo
761 2275 936 2331 etiam
984 2279 1163 2345 patet,
1190 2274 1563 2333 inductionis
1611 2274 1723 2344 via,
1752 2273 1911 2346 quod
1968 2286 2151 2355 supra
2191 2272 2526 2332 rationibus
2578 2279 2671 2332 est
2697 2287 2832 2345 pro·

399 2343 604 2402 batum
640 2362 654 2400 :
687 2345 854 2418 quod
882 2345 1094 2402 ultima
1131 2345 1387 2402 felicitas
1419 2345 1685 2404 hominis
1737 2357 1860 2403 non
1887 2345 2166 2402 consistit
2219 2345 2337 2403 nisi
2368 2343 2432 2401 in
2462 2346 2828 2417 contempla-

403 2414 566 2473 tione
589 2414 714 2474 Dei.
739 2416 1110 2488 (opusc.,111,
1139 2429 1193 2474 c.
1228 2415 1372 2487 ¹07.)

1305 2627 1560 2692 CAPUT
1597 2627 1923 2691 XXXVIII.

579 2799 732 2852 QUOD
768 2799 1078 2845 mimus
1123 2799 1374 2844 nummu
1411 2799 1529 2844 NON
1566 2798 1866 2844 coNSls'rrl·
1902 2797 1969 2844 m
2002 2797 2352 2845 coomnomt
2386 2799 2488 2845 Dm
2526 2800 2657 2853 011AE

1067 2886 1446 2934 communit
1481 2887 1757 2932 HABETUR
1790 2886 1834 2931 A
1867 2885 2167 2932 numus.

471 3047 896 3121 inquirendum
925 3052 1122 3106 autem
1152 3047 1507 3120 relinquitur
1535 3046 1601 3105 in
1634 3046 1796 3121 quali
1826 3047 1931 3106 Dei
1959 3047 2303 3121 cognitione
2332 3048 2542 3107 ultima
2569 3047 2833 3111 felicitas

405 3119 757 3177 substautiae
779 3118 1199 3176 intellectualis
1221 3119 1519 3177 consistit.
1542 3121 1643 3176 Est
1665 3118 1823 3175 enim
1842 3119 2110 3192 quaedam
2133 3120 2470 3177 communis
2496 3123 2551 3177 et
2571 3122 2836 3181 confusa

401 3190 504 3246 Dei
537 3189 823 3261 cognitio,
853 3203 984 3261 quae
1014 3190 1186 3269 quasi
1218 3188 1500 3247 omnibus
1551 3189 1901 3248 hominibus
1931 3189 2133 3259 adest;
2165 3190 2291 3248 sive
2320 3191 2434 3249 hoc
2465 3191 2544 3248 sit
2568 3205 2674 3262 per
2714 3192 2833 3252 hoc

402 3260 560 3333 quod
591 3263 775 3317 Deum
816 3273 951 3317 esse
994 3264 1075 3318 sit
1113 3274 1218 3332 per
1258 3274 1325 3318 se
1354 3266 1586 3329 notum,
1616 3261 1773 3318 sicut
1802 3259 1920 3318 alia
1949 3259 2480 3319 demonstrationis
2510 3261 2832 3334 principia,

402 3330 556 3389 sicut
605 3330 962 3402 quibusdam
1010 3330 1262 3399 videtur,
1295 3335 1357 3387 ut
1406 3335 1498 3389 est
1547 3330 1769 3388 dictum
1815 3330 1879 3403 (l.
1909 3344 1952 3400 1,
1984 3345 2036 3389 c.
2072 3331 2190 3404 ¹0);
2225 3332 2349 3390 sive
2398 3331 2577 3404 (quod
2630 3346 2731 3391 ma
2778 3334 2833 3392 's

399 3414 605 3458 verum
668 3400 918 3472 videtur)
981 3401 1124 3473 quia
1185 3401 1440 3458 naturali
1490 3401 1721 3459 ratione
1770 3401 1969 3459 statim
2019 3402 2200 3459 homo
2245 3403 2308 3458 in
2356 3403 2677 3475 aliqualem
2773 3405 2865 3468 ei,

401 3471 807 3543 cognitionem
843 3471 1168 3598 dpervenire
1214 3476 1443 3543 potest3
1492 3470 1763 3529 videntes
1808 3472 1968 3529 enim
2028 3472 2306 3531 homines
2361 3487 2459 3531 res
2523 3475 2830 3533 naturales

401 3541 730 3598 secundum
772 3555 841 3599 or
882 3542 1042 3599 inem
1080 3546 1304 3599 certum
1354 3556 1614 3611 currere,
1645 3554 1827 3615 quum
1871 3541 2169 3601 ordinatio
2208 3542 2434 3615 absque
2484 3543 2830 3603 ordinatore

399 3624 520 3668 non
554 3612 650 3674 sit,
686 3612 1019 3692 percipiunt
1044 3617 1110 3669 ut
1137 3612 1198 3668 in
1228 3612 1501 3683 pluribus
1532 3612 1789 3684 aliquem
1821 3627 1956 3671 esse
2003 3613 2405 3671 ordinatorem
2438 3628 2635 3672 rerum
2673 3628 2830 3687 quas
2888 3654 2895 3663 ι

397 3682 690 3740 videmus.
724 3684 870 3749 Quis
899 3689 1095 3739 autem
1124 3682 1216 3739 vel
1245 3683 1442 3754 qualis
1470 3684 1561 3739 vel
1582 3684 1632 3740 si
1666 3696 1824 3740 unus
1852 3688 2083 3741 tantum
2115 3688 2206 3742 est
2234 3684 2544 3743 ordinator
2573 3690 2826 3756 naturae,

397 3752 663 3810 nondum
705 3752 906 3810 statim
951 3768 1022 3810 ex
1063 3753 1174 3810 hac
1224 3754 1527 3811 communi
1573 3753 2054 3812 consideratione
2108 3753 2396 3821 habetur3
2429 3756 2588 3812 sicut
2641 3769 2827 3828 quum

395 3823 669 3880 videmus
699 3821 1003 3880 hominem
1033 3823 1257 3881 moveri
1280 3829 1337 3881 et
1364 3824 1481 3882 alia
1512 3837 1548 3881 o
1595 3838 1695 3881 era
1792 3839 1910 3895 ere,
1933 3825 2297 3897 percipimus
2322 3825 2384 3882 in
2408 3840 2479 3883 eo
2501 3826 2823 3898 quamdam

399 3906 643 3950 causam
673 3892 883 3951 harum
913 3894 1326 3965 operationum
1358 3909 1489 3966 quae
1519 3908 1554 3951 a
1580 3894 1657 3952 iis
1686 3909 1749 3952 re
1797 3909 1867 3954 us
1916 3908 2041 3954 non
2083 3896 2262 3967 inest,
2295 3901 2353 3954 et
2385 3897 2539 3953 lianc
2578 3909 2824 3959 causam

403 3963 663 4021 animam
714 3965 1117 4045 nominamus,
1164 3964 1429 4046 nondum
1469 3970 1668 4023 tamen
1720 3966 1991 4025 scientes
2030 3966 2174 4040 quid
2223 3967 2303 4025 sit
2358 3967 2578 4036 anima,
2624 3967 2677 4025 si
2732 3973 2827 4026 est

398 4035 760 4104 corpus,ve1
808 4035 1063 4107 qualiter
1090 4040 1466 4106 operationes
1495 4035 1810 4107 praedictas
1842 4035 2078 4095 efficiat.
2110 4040 2239 4096 Non
2270 4042 2362 4095 est
2390 4042 2586 4095 autem
2620 4037 2817 4109 possi-

396 4100 516 4160 bile
547 4105 701 4162 hanc
729 4106 1135 4179 cognitionem
1167 4105 1238 4163 ad
1270 4105 1614 4164 felicitatem
1648 4106 1952 4165 sufficere.

468 4174 827 4254 Felicitatem
856 4177 1014 4233 enim
1046 4176 1454 4247 operationem
1483 4191 1618 4235 esse
1645 4182 1878 4249 oportet
1902 4177 2127 4250 absque
2154 4178 2410 4236 defectu.
2447 4180 2582 4236 Haec
2622 4182 2813 4237 autem

397 4246 663 4314 cognitio
706 4252 797 4303 est
842 4247 1166 4304 multorum
1200 4261 1466 4307 errorum
1517 4248 1942 4305 admixtionem
1975 4248 2345 4320 suscipiens,
2383 4249 2628 4321 quidam
2659 4248 2819 4306 enim

394 4325 592 4370 rerum
624 4315 1058 4396 mundanarum
1091 4330 1210 4375 non
1246 4318 1429 4376 alium
1459 4320 1860 4377 ordinatorem
1906 4331 2041 4377 esse
2072 4319 2452 4378 crediderunt
2479 4332 2660 4401 quam
2684 4330 2818 4376 cor·

437 4385 870 4466 oraecoelestia,
898 4389 1054 4445 unde
1094 4403 1344 4460 corpora
1375 4389 1645 4447 coelestia
1690 4389 1835 4448 deos
1878 4402 2013 4449 esse
2060 4389 2373 4460 dixerunt3
2407 4391 2652 4462 quidam
2679 4401 2823 4449 vero

423 4460 648 4514 uterius
678 4469 810 4528 ipsa
854 4457 1148 4518 elementa
1190 4475 1321 4534 quae
1360 4475 1433 4519 ex
1461 4461 1552 4520 eis
1598 4465 1979 4533 generantur,
2006 4461 2179 4534 quasi
2221 4459 2589 4520 aestimantes
2617 4464 2825 4521 motus
