3076 5025
327 282 431 337 666
1235 271 1368 326 LIB.
1409 270 1499 337 IV,
1540 269 1695 324 CAP.
1729 269 1863 324 xm.

328 414 513 474 quum
541 399 804 455 humana
831 398 1043 454 natura
1078 392 1270 451 Verbo
1299 392 1403 449 Dei
1445 391 1740 459 adveniat,
1771 403 1882 469 nec
1910 389 1984 447 ad
2032 387 2165 460 ejus
2186 392 2413 446 naturae
2440 386 2753 469 integrita-

327 479 445 529 tem
475 469 785 541 pertineat,
817 478 1068 523 necesse
1095 477 1234 522 esse
1274 465 1629 534 putaverunt
1663 460 1824 533 quod
1864 459 2126 517 humana
2162 464 2375 516 natura
2419 462 2754 517 accidenta-

328 542 448 599 lem
495 540 777 597 unionem
831 536 1070 593 haberet
1116 534 1191 592 ad
1233 533 1507 591 Verbum.
1542 534 1627 603 Et,
1658 531 1803 605 quia
1842 530 2223 587 manifestum
2270 533 2363 587 est
2424 527 2757 608 quod-non

328 617 526 684 potest
553 610 754 667 inesse
801 606 993 664 Verbo
1040 608 1108 663 ut
1152 603 1453 670 accidenS,
1484 609 1607 659 tum
1649 601 1788 673 quia
1831 603 1991 658 Deus
2039 613 2162 681 non
2207 602 2303 656 est
2346 603 2758 669 susceptivum

330 680 677 760 accidentis,
710 683 773 736 ut
819 690 1002 748 supra
1028 674 1092 748 (l.
1121 687 1165 741 1,
1195 689 1247 731 c.
1277 673 1367 753 23)
1397 672 1709 753 probat-um
1732 675 1997 752 esu-tum
2044 683 2185 742 quta
2211 670 2475 727 humana
2514 674 2751 749 natura²

330 755 645 890 gwnil?
688 739 2756 893 {tramutatatratis?vttrssffsstaeatzetttt{1:35¹}⁰333

332 893 490 951 sicut
518 889 642 946 acci
688 887 960 945 entaliter
989 900 1055 944 se
1084 885 1312 943 habens
1358 883 1428 941 ad
1480 884 1700 1010 {fsum'
1747 885 1956 963 Posuit
2000 886 2183 953 igitur
2229 882 2546 938 Nestorius
2590 877 2755 959 quod

331 963 598 1020 humana
625 965 837 1016 natura
861 955 1078 1016 Christi
1105 969 1171 1015 se
1201 955 1415 1012 habeat
1442 968 1476 1010 a
1545 953 1797 1011 Verbum
1827 955 1984 1010 sicut
2008 951 2294 1022 templum
2322 948 2648 1030 quoddam,
2677 953 2761 1007 tta

335 1030 490 1104 quod
522 1028 852 1087 secundum
901 1027 1095 1085 solam
1139 1025 1636 1082 inhabitationem
1702 1027 1828 1081 erat
1872 1021 2260 1094 intelligenda
2304 1019 2653 1102 unioYerbi
2675 1018 2758 1101 ad

334 1102 656 1158 humanam
689 1104 981 1156 naturam.
1013 1099 1100 1165 Et,
1130 1094 1270 1169 quia
1304 1095 1591 1165 templum
1625 1106 1899 1151 seorsum
1930 1091 2109 1150 habet
2135 1105 2308 1149 suam
2336 1090 2758 1148 individuatio·

334 1185 470 1228 nem
503 1170 576 1227 ab
602 1183 673 1227 eo
706 1169 806 1241 qui
836 1166 1129 1225 inhabitat
1154 1165 1465 1238 templum,
1493 1163 1888 1223 individuatio
1916 1167 2113 1243 autem
2161 1161 2530 1220 conveniens
2556 1161 2766 1242 huma·

335 1255 428 1299 nas
456 1247 682 1298 naturae
730 1243 821 1297 est
861 1237 1280 1310 personalitas,
1308 1235 1602 1308 reliquum
1642 1239 1768 1293 erat
1794 1233 1956 1307 quod
2002 1233 2121 1290 alia
2162 1237 2329 1291 esset
2356 1231 2762 1303 personalitas

335 1311 616 1370 humanae
641 1314 868 1367 naturae
897 1314 958 1366 et
983 1308 1103 1366 alia
1127 1306 1340 1375 verbu
1370 1312 1430 1363 et
1449 1307 1540 1363 sic
1565 1304 1821 1362 Verbum
1845 1308 1905 1360 et
1928 1301 2033 1361 ille
2060 1302 2245 1361 bomo
2271 1308 2445 1360 erant
2470 1302 2608 1359 duae
2634 1314 2768 1373 per·

407 1450 581 1519 Quod
610 1449 847 1522 quidem
879 1446 1312 1505 inconveniens
1356 1445 1461 1503 alii
1494 1446 1675 1503 vitare
1721 1444 2013 1512 volentes,
2040 1443 2200 1502 circa
2227 1443 2558 1502 humanam
2590 1447 2766 1501 natu·

336 1533 466 1579 ram
489 1521 670 1578 talem
699 1518 1159 1600 dispositionem
1196 1515 1654 1575 introduxerunt
1678 1521 1744 1573 ut
1769 1516 1825 1573 ei
1855 1514 2252 1595 personalitas
2283 1513 2524 1594 proprie
2552 1526 2765 1571 conve-

338 1590 471 1650 nire
499 1603 622 1649 non
653 1596 868 1662 possit,
899 1588 1168 1646 dicentes
1193 1586 1456 1645 animam
1476 1590 1536 1644 et
1557 1600 1801 1658 corpuS,
1821 1585 1885 1643 iu
1913 1584 2133 1658 quibus
2152 1588 2462 1665 integritas
2484 1583 2767 1644 humanm

338 1667 567 1719 naturae
596 1660 891 1725 consistit,
922 1674 961 1717 a
985 1657 1174 1716 Verbo
1201 1657 1293 1715 sic
1340 1671 1475 1715 esse
1504 1662 1814 1728 assumpta
1848 1658 1919 1714 ut
1950 1668 2186 1727 corpori
2215 1667 2423 1712 amma.
2443 1666 2575 1712 nou
2601 1656 2767 1736 esset

338 1732 509 1790 unita
566 1731 640 1789 ad
700 1731 961 1803 aliquam
1014 1728 1412 1787 substantiam
1471 1725 1977 1795 constituendam,
2003 1738 2081 1783 ne
2148 1730 2508 1797 cogerentur
2563 1724 2764 1806 dice-re

339 1801 505 1861 illam
538 1801 936 1859 substantiam
966 1799 1054 1856 sic
1103 1798 1490 1858 constitutam
1538 1797 1825 1856 rationem
1872 1807 2146 1868 personae
2185 1795 2440 1876 hahere3
2476 1807 2765 1876 unionem

336 1885 478 1929 vero
509 1872 677 1928 verbi
706 1871 779 1929 ad
808 1871 1069 1928 animam
1096 1873 1155 1926 et
1179 1882 1398 1939 corpus
1428 1872 1759 1939 posuerunt
1778 1868 1934 1925 sicut
1952 1866 2029 1924 ad
2052 1880 2127 1923 ea
2151 1879 2285 1938 quaa
2313 1864 2766 1946 accidentaliter

337 1955 405 2000 se
437 1941 676 2011 habent,
706 1946 848 2011 puta
889 1939 1083 1998 induti
1114 1938 1190 1996 ad
1230 1938 1669 2010 indumentum,
1699 1939 1767 1996 in
1810 1938 1926 1997 hoc
1952 1935 2398 2011 quodammodo
2421 1938 2763 1995 Nestorium

337 2010 666 2069 imitantes·

408 2080 511 2138 His
537 2080 715 2153 igitur
741 2079 989 2137 remotis
1013 2093 1120 2150 per
1146 2078 1507 2151 supradicta,
1534 2078 1942 2137 necessarium
1981 2084 2074 2136 est
2096 2091 2317 2150 ponere
2362 2077 2545 2135 talem
2574 2076 2767 2135 fuisse

338 2150 618 2209 unionem
653 2149 826 2207 Verbi
868 2156 928 2207 et
972 2149 1238 2207 hominis
1266 2155 1332 2206 ut
1370 2162 1565 2221 neque
1593 2164 1665 2206 ex
1709 2149 1944 2206 duabus
1974 2161 2097 2207 una
2122 2152 2334 2206 natura
2377 2147 2642 2205 conflata
2664 2147 2766 2217 sit,

337 2232 531 2292 neque
561 2219 732 2277 verbi
789 2218 862 2277 ad
892 2220 1215 2276 humanam
1263 2224 1536 2276 naturam
1591 2219 1727 2277 talis
1759 2219 1935 2277 fuerit
1984 2218 2130 2277 unio
2181 2219 2336 2276 sicut
2384 2222 2479 2275 est
2505 2217 2765 2288 alicujus

337 2290 710 2357 substantiae,
739 2292 881 2361 puta
909 2289 1193 2358 hominis,
1233 2289 1307 2346 ad
1352 2289 1662 2351 exteriora,
1738 2302 1828 2346 uae
1872 2288 2315 2346 accidentaliter
2343 2301 2410 2346 se
2434 2287 2662 2345 habent
2687 2285 2764 2346 ad

338 2360 559 2432 ipsum,
589 2366 656 2418 ut
673 2360 887 2417 domus
916 2364 975 2416 et
1001 2359 1452 2429 vestimentum;
1477 2359 1583 2418 sed
1610 2362 1721 2416 Ver
1764 2372 1862 2417 um
1886 2359 1951 2415 in
1989 2359 2252 2415 bumana
2280 2362 2493 2415 natura
2516 2358 2677 2416 sicut
2699 2357 2765 2415 in

339 2432 452 2489 sibi
485 2430 723 2503 propria
753 2430 908 2487 facta
931 2444 1035 2500 per
1059 2430 1528 2488 incarnationem
1551 2429 1878 2488 subsistere
1908 2432 2183 2500 ponatur,
2206 2431 2346 2486 utet
2364 2441 2586 2499 corpus
2616 2426 2765 2507 illud

335 2514 473 2559 vere
502 2503 582 2560 sit
630 2515 849 2573 corpus
886 2500 1057 2558 Verbi
1110 2500 1236 2571 Dei,
1285 2505 1345 2558 et
1379 2500 1653 2559 similiter
1707 2501 1927 2568 anima,
1956 2504 2017 2556 et
2038 2499 2293 2557 Verbum
2338 2500 2439 2557 Dei
2497 2512 2636 2557 vere
2684 2503 2767 2557 sit

340 2571 544 2630 homo.
589 2576 671 2640 Et,
705 2572 977 2644 quamvis
1007 2571 1132 2629 haec
1162 2570 1305 2629 unio
1348 2572 1609 2642 perfecte
1654 2570 1729 2631 ab
1780 2571 2024 2630 homine
2064 2582 2190 2627 non
2234 2569 2430 2628 valeat
2461 2568 2764 2640 explicari,

338 2646 538 2699 tamen
568 2642 894 2699 secundum
925 2642 1170 2699 modum
1196 2645 1256 2699 et
1274 2641 1610 2699 facultatem
1645 2645 1909 2699 nostram
1931 2640 2286 2699 conabimur
2309 2639 2539 2712 aliquid
2564 2640 2764 2697 dicero

336 2712 412 2841 {d
442 2712 893 2840 aegiPcagiqnem
917 2711 1078 2780 fidei,
1106 2716 1174 2770 ut
1202 2711 1364 2770 circa
1391 2712 1508 2770 hoc
1527 2711 1877 2784 mysterium
1903 2710 2052 2772 fides
2079 2710 2380 2770 catholica
2406 2709 2481 2768 ab
2508 2708 2764 2768 infideli·

381 2796 454 2841 us
522 2797 554 2839 e
582 2796 653 2839 en
700 2798 732 2840 a
764 2797 854 2842 ur.
926 2803 930 2816 ²

408 2855 473 2910 In
500 2852 779 2910 omnibus
807 2858 1003 2909 autem
1031 2851 1211 2910 rebus
1240 2847 1456 2910 creatis
1486 2852 1639 2909 nihil
1684 2852 1983 2910 invenitur
2007 2851 2147 2909 huic
2174 2851 2385 2911 unioni
2416 2856 2539 2908 tam
2568 2850 2763 2909 simile

338 2922 494 2981 sicut
524 2924 664 2980 unio
695 2923 908 2979 animae
931 2922 1007 2980 ad
1054 2936 1310 2993 corpus;
1338 2927 1396 2979 et
1445 2923 1638 2994 major
1677 2928 1840 2982 esset
1880 2922 2230 2986 similitudo,
2264 2929 2329 2980 ut
2363 2921 2542 3001 etiam
2572 2926 2765 2995 Augu·

335 2993 534 3050 stinus
562 2993 705 3050 dicit
732 2998 940 3050 contra
985 2992 1362 3056 Felicianum‚
1385 2992 1439 3050 si
1469 2998 1633 3050 esset
1680 3006 1837 3051 unus
1882 2993 2221 3050 intellectus
2245 2992 2311 3050 in
2339 2992 2624 3050 omnihus
2652 2992 2759 3049 bo-

335 3062 619 3130 minibuS‚
669 3068 734 3119 ut
777 3062 1017 3135 qnidam
1069 3068 1430 3134 posuerunt3
1459 3063 1787 3121 secundum
1828 3076 1981 3135 quos
2035 3065 2333 3144 oporteret
2360 3062 2556 3120 dicere
2600 3060 2761 3135 quod

335 3132 672 3189 intellectus
700 3133 1080 3202 praeexistens
1115 3133 1231 3189 hoc
1257 3133 1438 3190 modo
1479 3133 1553 3189 de
1577 3147 1734 3191 novo
1775 3138 2086 3204 conceptui
2132 3133 2398 3192 hominis
2429 3133 2672 3192 uniatur
2697 3136 2765 3190 ut

337 3216 410 3259 ex
439 3208 690 3273 utroque
713 3200 812 3257 fiat
831 3213 950 3257 una
965 3212 1241 3271 persona,
1273 3201 1428 3258 sicut
1447 3204 1732 3271 ponimns
1754 3204 2007 3261 Verbum
2035 3203 2457 3275 praeexsistens
2484 3203 2761 3261 humanae

335 3276 560 3329 naturae
614 3271 678 3327 in
725 3283 1045 3342 personam
1094 3283 1273 3328 unam
1330 3271 1510 3328 uniri.
1568 3272 1753 3339 Unde,
1846 3278 2044 3342 ropter
2099 3275 2255 3331 banc
2300 3273 2756 3332 similitudinem

333 3341 646 3414 utriusque
665 3341 928 3409 unionis,
954 3340 1316 3400 Athanasius
1334 3340 1480 3398 dicit
1497 3341 1559 3398 in
1590 3341 1800 3413 symbo
1826 3355 1863 3400 o
1892 3341 2073 3414 quod,
2113 3361 2145 3394 «
2168 3344 2327 3400 sicut
2354 3344 2556 3402 anima
2583 3343 2761 3401 ratio-

335 3413 488 3469 nalis
524 3416 583 3468 et
608 3426 747 3470 caro
782 3425 938 3469 unus
963 3416 1056 3469 est
1083 3411 1285 3481 hom0,
1312 3411 1395 3468 ita
1427 3414 1586 3469 Deus
1630 3417 1688 3468 et
1713 3411 1894 3469 homo
1934 3425 2091 3470 unus
2111 3417 2204 3470 est
2231 3411 2501 3471 Christus
2534 3433 2590 3470 ».
2626 3412 2759 3482 Sed,

336 3496 519 3554 quum
550 3483 750 3540 anima
794 3481 1106 3539 rationalis
1146 3481 1388 3539 uniatur
1425 3482 1663 3553 corpori
1702 3488 1762 3539 et
1790 3482 1949 3540 sicut
1971 3483 2233 3541 materiae
2277 3488 2335 3539 et
2364 3483 2525 3541 sicut
2548 3483 2764 3541 instru-

333 3559 558 3621 mento,
592 3567 711 3610 non
737 3557 933 3624 potest
961 3564 1095 3610 esse
1134 3551 1461 3610 similitudo
1506 3556 1794 3626 quantum
1820 3553 1896 3611 ad
1920 3553 2176 3625 primum
2201 3552 2444 3611 modum
2476 3553 2758 3621 unionis;

334 3623 424 3681 sic
454 3624 612 3682 enim
644 3638 715 3680 ex
767 3625 886 3680 Deo
915 3626 976 3679 et
1018 3622 1264 3680 homine
1317 3621 1484 3680 fieret
1514 3638 1636 3681 una
1688 3628 1920 3692 natura,
1950 3638 2135 3696 quum
2183 3624 2431 3682 materia
2483 3628 2543 3681 et
2571 3624 2762 3681 forma

332 3695 571 3820 Broprie
600 3697 868 3752 naturam
898 3693 1262 3752 constituant
1308 3693 1548 3765 speciei.
1580 3694 1951 3766 Relinquitur
1974 3708 2118 3767 ergo
2148 3700 2212 3753 ut
2237 3694 2576 3752 attendatur
2604 3693 2763 3753 simi·

360 3763 522 3822 'tudo
547 3763 876 3822 secundum
908 3763 1070 3836 quod
1123 3765 1325 3821 anima
1380 3764 1585 3822 unitur
1630 3778 1736 3822 cor
1778 3764 1867 3822 ori
1899 3769 1963 3823 ut
1987 3764 2427 3834 instrumento;
2475 3764 2551 3822 ad
2601 3762 2760 3837 quod

332 3833 506 3891 etiam
538 3834 691 3892 dicta
717 3834 1093 3906 antiquorum
1141 3834 1452 3892 doctorum
1496 3848 1687 3893 conco
1760 3840 1882 3902 ant,
1911 3833 2013 3907 qui
2043 3835 2363 3893 humanam
2394 3839 2670 3894 naturam
2695 3835 2760 3893 in

285 3911 292 3918 ·
333 3904 564 3962 Christo
594 3919 887 3978 organum
917 3905 1217 3977 quoddam
1264 3905 1588 3963 divinitatis
1630 3912 1979 3977 posuerunt,
2011 3905 2169 3963 sicut
2192 3911 2251 3963 et
2279 3905 2520 3977 ponitur
2539 3917 2757 3976 corpus

331 3986 623 4053 organum
656 3976 886 4034 auimae.
916 3976 1099 4033 Aliter
1134 3974 1294 4033 enim
1332 3980 1424 4034 est
1459 3977 1673 4034 animae
1720 3990 1759 4034 o
1832 3989 2014 4034 anum
2041 3988 2261 4047 corpus
2290 3980 2349 4033 et
2375 3976 2505 4047 ejus
2532 3983 2757 4046 partes,

331 4047 389 4102 et
416 4044 586 4102 aliter
611 4046 899 4126 exteriora
925 4045 1319 4103 instrumenta
1347 4065 1362 4116 ;
1391 4046 1518 4105 haec
1563 4047 1724 4104 euim
1760 3988 2012 4127 raum-m
2055 4059 2175 4104 non
2205 4052 2298 4104 est
2323 4045 2631 4117 proprium
2674 4045 2760 4126 in·

330 4119 750 4183 strumentum,
779 4122 935 4174 sicut
959 4117 1082 4174 haec
1110 4129 1328 4174 manus
1353 4135 1370 4185 ;
1399 4131 1505 4187 per
1525 4117 1830 4175 dolabram
1854 4130 2011 4174 emm
2031 4117 2201 4174 multi
2225 4122 2485 4187 possunt
2503 4128 2755 4188 operari,

330 4185 436 4241 sed
471 4184 596 4241 haec
624 4198 841 4244 manus
885 4185 960 4244 ad
1001 4186 1300 4258 propriam
1333 4186 1734 4258 operationem
1766 4187 1946 4259 hujus
1991 4188 2206 4244 animae
2234 4187 2551 4257 deputatur
2577 4205 2592 4255 ;
2621 4198 2754 4257 pro·

328 4259 460 4325 pter
486 4253 646 4327 quod
676 4268 891 4314 manus
918 4262 1010 4315 est
1037 4270 1328 4329 organum
1351 4258 1584 4314 unitum
1610 4264 1667 4314 et
1690 4258 2015 4339 proprium,
2039 4257 2284 4315 dolabra
2311 4263 2509 4315 autem
2542 4256 2755 4335 instru-

328 4331 598 4382 mentum
626 4326 1022 4384 extrinsecum
1047 4330 1106 4385 et
1130 4340 1467 4386 commune.
1498 4328 1597 4385 Sic
1625 4328 1805 4400 igitur
1832 4328 1979 4384 etin
2014 4329 2237 4385 unione
2268 4326 2370 4384 Dei
2401 4333 2461 4384 et
2489 4326 2750 4385 bomims

330 4395 696 4455 considerari
729 4401 948 4468 potest.
976 4399 1196 4457 omnes
1223 4399 1385 4458 enim
1414 4398 1690 4460 homines
1729 4403 2150 4472 comparantur
2173 4398 2247 4457 ad
2273 4400 2459 4459 Deum
2503 4403 2573 4458 ut
2593 4407 2753 4469 qute-
