3076 5025
1061 311 1195 367 Lm.
1234 313 1306 379 ll,
1346 313 1498 369 CAP.
1537 314 1714 369 XCIV.
2482 321 2584 374 247

141 443 356 503 neque
388 443 520 501 quae
551 429 628 488 sit
655 444 793 501 pars
820 445 1045 500 earum,
1079 446 1271 504 neque
1302 432 1397 489 cui
1428 432 1714 490 uniantur
1737 440 1805 492 ut
1832 435 2055 494 formae.
2087 435 2467 508 Impossibile
2495 443 2588 496 est

141 501 348 573 igitur
382 499 543 571 quod
572 501 693 557 sint
724 501 926 572 plures
956 502 1137 559 unius
1166 502 1410 573 speciei.

213 571 511 641 Amplius,
540 570 623 627 Ad
655 571 767 628 hoc
797 585 827 629 s
873 577 939 629 nt
964 573 1137 654 plura
1164 573 1472 630 individua
1501 573 1564 628 in
1594 587 1715 630 una
1740 575 1960 646 specie,
1993 575 2054 633 in
2084 575 2264 634 rebus
2292 579 2583 650 corrupti-

137 640 407 708 bilibus,
438 646 743 698 utnatura
771 587 991 723 ερῖοξω
1044 657 1176 716 quae
1225 656 1346 701 non
1391 649 1588 714 potest
1616 649 1916 725 ⁸perpetuo
1963 648 2303 705 conservari
2352 648 2413 704 in
2461 662 2583 708 uno

139 710 476 768 individuo
504 718 888 769 conservetur
914 727 976 768 in
1006 712 1308 782 pluribus;
1340 713 1519 782 unde,
1552 718 1728 771 ctiam
1761 729 1820 771 in
1852 717 2206 788 corporibus
2232 717 2584 791 incorrupti-

139 781 407 850 bilibus,
439 795 564 839 non
589 787 680 839 est
707 782 827 839 nisi
855 796 1042 840 unum
1071 784 1441 841 individuum
1472 784 1533 840 in
1565 798 1686 841 una
1733 798 1763 843 s
1806 787 1951 844 ecie.
1982 787 2337 846 Substantiae
2384 796 2583 848 autem

142 858 450 923 separatae
481 857 692 910 natura
717 857 914 923 potest
940 854 1280 911 conservari
1314 854 1376 910 in
1407 867 1528 911 uno
1560 854 1744 913 indivi
1793 870 1890 925 uc,
1922 870 1993 914 eo
2022 858 2182 930 quod
2216 865 2357 916 sunt
2385 860 2583 919 incor-

139 922 498 1052 {Ugtibssesv
531 927 802 1004 utsupra
853 938 906 982 c.
936 924 1027 995 55)
1050 931 1366 1005 ostensum
1407 930 1517 981 est.
1552 927 1693 1007 Non·
1729 926 1912 999 igitur
1955 934 2190 999 oportet
2233 943 2368 987 esse
2412 932 2585 1002 plura

145 1007 211 1051 m
267 992 494 1062 ividua‚
525 1007 590 1050 in
620 992 743 1051 illis
768 1008 838 1053 su
884 998 1144 1060 stantiis,
1176 994 1443 1067 ejusdem
1474 1009 1717 1068 speciei.

218 1065 382 1128 Item,
417 1063 480 1121 ld
509 1064 666 1135 quod
700 1069 790 1122 est
813 1065 1033 1137 speciei
1064 1066 1126 1122 in
1158 1078 1520 1138 unoquoque
1550 1066 1795 1139 dignius
1825 1072 1918 1125 est
1946 1082 2018 1127 eo
2046 1069 2206 1142 quod
2236 1076 2330 1129 est
2368 1071 2582 1129 indivi-

143 1133 468 1192 duationis
518 1134 874 1205 principium
925 1140 1136 1207 praeter
1180 1136 1472 1194 rationem
1523 1137 1743 1207 speciei
1793 1139 2121 1209 exsistens;
2165 1141 2582 1212 multiplicatio

150 1205 350 1277 igitur
403 1203 738 1275 specierum
786 1206 920 1277 plus
961 1205 1127 1263 addit
1171 1206 1502 1264 nobilitatis
1549 1212 1609 1265 et
1641 1208 2027 1281 perfectionis
2070 1211 2350 1270 universo
2406 1227 2585 1285 quam

147 1275 582 1347 multiplicatio
635 1275 1078 1334 individuorum
1137 1276 1197 1333 in
1253 1291 1374 1335 una
1429 1277 1662 1358 specie.
1720 1280 2008 1338 perfectio
2062 1288 2259 1339 autem
2316 1284 2581 1342 universi

148 1345 421 1404 maxime
447 1346 727 1404 consistit
752 1347 815 1403 in
844 1347 1200 1405 substantiis
1224 1354 1535 1418 separatis.
1563 1349 1750 1421 Magis
1776 1349 1960 1421 igitur
2004 1354 2287 1433 competit
2333 1352 2407 1410 ad
2452 1367 2585 1424 per-

154 1415 486 1497 fectionem
517 1416 780 1475 universi
810 1417 970 1491 quod
1014 1418 1140 1475 sint
1180 1417 1383 1489 plures
1428 1418 1758 1499 secundum
1807 1421 2067 1502 speciem
2111 1422 2360 1483 diversae
2404 1437 2584 1497 quam

151 1487 1998 1643 qussffgaegafffflfflgffiffl{gsssssssggffiff’ggrgfflfffegpggffifi
2021 1575 2272 1633 corpora
2288 1565 2579 1646 coelestia.

153 1627 273 1687 Sed
301 1642 370 1687 in
398 1627 754 1699 corporibus
782 1629 990 1688 coelest
1057 1643 1148 1691 us,
1171 1635 1409 1710 propter
1431 1644 1637 1687 eorum
1666 1632 2110 1702 pei-sectionem,
2132 1646 2255 1691 non
2283 1641 2585 1694 invenitur

155 1698 278 1757 nisi
328 1713 520 1756 unum
564 1699 937 1757 individuum
986 1700 1168 1757 unius
1213 1701 1456 1782 speciei,
1488 1706 1611 1758 tum
1655 1703 1796 1782 quia
1847 1703 2313 1784 unumquodque
2373 1718 2582 1764 eorum

154 1776 399 1827 constat
440 1784 516 1826 ex
555 1775 682 1827 tota
728 1771 976 1828 materia
1022 1784 1147 1828 suae
1195 1784 1226 1826 s
1268 1785 1437 1840 eciei,
1489 1777 1613 1828 tum
1660 1787 1800 1845 quia
1841 1787 1904 1830 in
1954 1788 2077 1832 uno
2122 1775 2430 1833 individuo
2493 1783 2584 1835 est

157 1838 420 1911 perfecte
449 1840 638 1897 virtus
668 1840 892 1912 speciei
943 1840 1016 1899 ad
1054 1786 1469 1922 compfendum
1521 1842 1670 1922 illud
1714 1843 1777 1899 in
1825 1843 2107 1902 universo
2150 1845 2221 1902 ad
2268 1847 2428 1917 quod
2470 1860 2585 1905 sua

155 1911 395 1982 species
445 1910 776 1992 ordinatur²
827 1911 983 1969 sicut
1030 1926 1326 1983 praecipue
1368 1917 1637 1995 patet-in
1689 1913 1825 1994 sole·
1866 1919 1925 1970 et
1971 1915 2133 1972 luna.
2179 1916 2362 1973 Multo
2408 1917 2595 1987 igitur

155 1981 357 2053 magis
385 1980 451 2038 in
478 1981 839 2040 substantiis
864 1982 1157 2053 separatis
1197 1995 1320 2039 non
1364 1989 1665 2041 invenitur
1710 1984 1830 2042 nisi
1876 1998 2064 2043 unum
2109 1986 2483 2046 individuum
2529 1988 2591 2045 in

157 2064 283 2109 una
312 2051 539 2123 specie.
570 2051 618 2124 (1
644 2056 822 2123 part,
850 2067 907 2125 q.
937 2066 993 2123 L,
1022 2057 1134 2113 art.
1162 2057 1226 2123 43
1254 2058 1313 2109 et
1340 2055 1390 2111 11
1419 2054 1593 2119 Sent„
1621 2053 1760 2113 dist.
1789 2067 1879 2124 m,
1911 2062 2023 2114 art.
2055 2055 2133 2128 ⁴.)

1126 2274 1380 2340 CAPUT
1417 2275 1626 2339 XCIV.

349 2455 505 2510 QUOD
543 2454 903 2501 svnsnnm
940 2453 1246 2500 ssu-RATA
1279 2454 1355 2499 m
1390 2454 1585 2500 mma
1619 2453 1740 2500 nm(
1775 2454 1922 2501 stm'r
1955 2454 2129 2501 umus
2167 2456 2405 2504 smum.

231 2621 316 2679 Ex
342 2618 444 2677 his
470 2624 670 2676 autem
700 2618 954 2676 ulterius
981 2616 1318 2677 ostenditur
1341 2617 1497 2690 quod
1531 2616 1735 2675 anima
1763 2629 1887 2675 non
1923 2623 2019 2676 est
2058 2617 2326 2690 ejusdem
2369 2623 2591 2693 speciei

163 2703 301 2748 cum
330 2688 688 2748 substantiis
715 2703 782 2747 se
824 2689 1027 2747 aratis.
2012 2757 2024 2768 ι

231 2760 419 2833 Major
447 2760 606 2817 enim
641 2764 733 2817 est
802 2758 1097 2817 ifferentia
1118 2757 1335 2816 animae
1364 2757 1643 2814 humanae
1668 2771 1703 2814 a
1729 2757 2069 2815 substantia
2095 2764 2367 2830 separata
2413 2775 2592 2832 quam

167 2832 350 2890 unius
379 2830 732 2890 substantiae
761 2836 1048 2901 separatae
1080 2829 1155 2887 ab
1199 2829 1336 2886 alia.
1369 2828 1481 2886 Sed
1530 2827 1885 2888 substantiae
1928 2835 2216 2910 separatae
2264 2843 2477 2889 omnes
2519 2834 2595 2892 ad

164 2901 424 2960 invicem
467 2900 665 2972 specie
713 2899 1018 2966 differunt,
1060 2906 1124 2957 ut
1167 2905 1480 2958 ostensum
1527 2905 1619 2957 est
1664 2897 1741 2971 (c.
1784 2897 1896 2970 93.)
1939 2898 2122 2957 Multo
2170 2899 2354 2972 igitur
2397 2904 2592 2976 magis

166 2971 506 3031 substantia
533 2977 806 3043 separata
832 2971 907 3030 ab
932 2971 1153 3029 anima.
1461 3039 1472 3050 υ
2238 3041 2251 3053 .

236 3043 511 3113 Amplius,
546 3055 917 3114 unaquaeque
944 3055 1043 3099 res
1067 3039 1245 3098 habet
1274 3054 1583 3120 proprium
1611 3054 1746 3099 esse
1778 3039 2111 3121 secundum
2141 3047 2435 3102 rationem
2465 3057 2591 3104 suae

169 3113 426 3185 speciei3
516 3125 724 3170 uorum
771 3111 932 3171 enim
979 3116 1071 3170 est
1109 3111 1345 3169 diversa
1389 3117 1540 3168 ratio
1606 3111 1891 3192 essendi„
1920 3111 2136 3169 horum
2201 3119 2292 3170 est
2359 3115 2595 3174 diversa

168 3184 425 3256 species.
553 3197 619 3240 se
665 3189 864 3240 autem
909 3183 1125 3241 animae
1171 3181 1448 3240 humanae
1493 3186 1553 3237 et
1597 3182 1949 3239 substantiae
1997 3189 2284 3253 separatae
2331 3197 2453 3242 non
2502 3191 2595 3243 est

170 3255 352 3313 unius
380 3253 667 3320 rationis;
689 3266 830 3310 nam
857 3252 920 3310 in
947 3267 1083 3311 esse
1106 3252 1457 3310 substantiae
1477 3257 1764 3322 separata}
1787 3265 1909 3309 non
1932 3257 2129 3322 potest
2148 3256 2593 3314 communicare

171 3339 387 3397 corpus
412 3325 571 3382 sicut
596 3328 792 3395 potest
824 3323 1352 3381 communicarem
1385 3336 1520 3380 esse
1547 3323 1761 3380 animoe
1786 3321 2078 3386 hamanis,
2103 3337 2234 3395 quae
2260 3325 2592 3384 secundum

172 3408 344 3524 ess&b
335 3394 540 3452 unitur
566 3394 800 3465 corpori
832 3399 897 3452 ut
925 3394 1118 3452 forma
1142 3393 1425 3451 materiae.
1445 3392 1660 3451 Anima
1683 3393 1866 3466 igitur
1894 3392 2159 3451 humana
2178 3393 2377 3451 differt
2394 3395 2592 3467 specie

171 3480 264 3524 as
348 3464 589 3524 stantiis
614 3479 646 3523 s
723 3463 929 3523 aratis.

240 3538 457 3603 Adhuc,
492 3478 862 3608 quodessaiiei
892 3533 1221 3593 secundum
1246 3534 1512 3604 seipsum
1553 3534 1817 3605 speciem
1863 3546 1987 3592 non
2015 3541 2215 3605 potest
2262 3548 2398 3594 esse
2424 3537 2592 3608 ejus·

174 3606 304 3666 dem
342 3605 564 3687 speciei
600 3620 737 3663 cum
770 3618 843 3663 eo
869 3604 1030 3677 quod
1077 3617 1198 3661 non
1237 3603 1415 3662 habet
1443 3604 1775 3663 secundum
1801 3618 1867 3685 se
1892 3606 2175 3675 speciem,
2203 3605 2311 3687 sed
2336 3611 2427 3664 est
2455 3620 2593 3678 pars

173 3677 416 3749 speciei.
460 3675 804 3734 Substantia
857 3681 1054 3733 autem
1102 3681 1374 3745 separata
1397 3675 1575 3733 hahet
1616 3690 1721 3746 per
1761 3688 2023 3746 seipsam
2053 3689 2354 3747 speciem;
2392 3679 2595 3736 anima

173 3754 366 3807 autem
412 3760 556 3816 non,
589 3747 694 3804 sed
724 3752 817 3803 est
869 3760 1009 3819 pars
1063 3745 1284 3816 speciei
1342 3745 1639 3803 humanae.
1689 3746 2066 3817 impossihile
2100 3752 2193 3804 est
2224 3745 2408 3818 igitur
2431 3749 2591 3819 quod

174 3819 373 3878 anima
399 3818 479 3876 sit
517 3817 783 3889 ejusdem
835 3816 1059 3888 speciei
1108 3829 1244 3872 cum
1301 3816 1657 3874 substantiis
1689 3816 2003 3888 separatis,
2047 3816 2164 3875 nisi
2208 3815 2361 3874 forte
2412 3817 2591 3877 homo

170 3895 332 3949 esset
356 3887 623 3961 ejusdem
653 3887 876 3961 speciei
907 3901 1044 3946 cum
1069 3885 1230 3953 illis;
1259 3885 1419 3958 quod
1447 3892 1606 3958 patet
1635 3900 1769 3944 esse
1805 3887 2201 3958 impossibile.

239 3962 530 4028 Praeterea,
571 3975 642 4018 ex
679 3957 919 4039 propria
961 3956 1305 4037 operatione
1350 3957 1432 4037 rei
1463 3957 1800 4039 ⁴percipitur
1841 3958 2080 4038 species
2118 3957 2288 4029 ejus3
2322 3961 2590 4029 operatio

174 4032 329 4089 enim
359 4031 727 4088 demonstrat
754 4034 1052 4097 virtutem,
1082 4041 1215 4100 quae
1243 4026 1468 4085 indicat
1496 4033 1845 4086 essentiam.
1878 4031 2124 4099 Propria
2160 4032 2356 4086 autem
2389 4043 2591 4099 opera·

173 4103 257 4161 tio
284 4101 636 4160 substantiae
665 4105 950 4170 separatae
985 4105 1043 4156 et
1071 4099 1287 4156 animae
1317 4097 1693 4155 intellectivae
1739 4104 1832 4157 est
1859 4099 2233 4171 intelligere3
2266 4104 2357 4155 est
2390 4106 2586 4158 autem

173 4171 421 4231 omnino
450 4171 608 4230 alius
661 4170 878 4228 modus
919 4167 1293 4242 intelligendi
1330 4168 1681 4227 substantiae
1720 4174 2006 4240 separatae
2047 4175 2104 4226 et
2150 4169 2403 4236 animae;
2448 4185 2587 4229 nam

173 4244 373 4303 anima
426 4241 707 4312 intelligit
754 4254 790 4298 a
834 4238 1349 4312 phantasmatibus
1399 4238 1770 4310 accipiendo,
1828 4253 1951 4297 non
2007 4245 2201 4298 autem
2252 4240 2590 4300 substantia

173 4318 465 4386 separata,
520 4324 703 4385 quum
759 4323 882 4368 non
912 4309 1126 4369 habeat
1175 4323 1403 4390 organa
1454 4323 1744 4382 corporea
1795 4310 1862 4368 in
1906 4310 2125 4383 quibus
2168 4323 2399 4392 oportet
2452 4327 2587 4369 esse

172 4386 611 4456 phantasmata.
641 4384 771 4439 Non
829 4387 971 4438 sunt
1022 4381 1205 4453 igitur
1263 4394 1464 4438 anima
1519 4380 1784 4440 humana
1820 4386 1881 4441 et
1933 4381 2271 4441 substantia
2312 4389 2588 4453 separata

173 4456 356 4514 unius
385 4453 630 4528 speciei.
661 4452 730 4525 (ll
757 4453 938 4520 Sent„
969 4451 1108 4509 dist.
1137 4464 1228 4523 m,
1252 4458 1366 4510 art.
1403 4450 1481 4524 6.)
2311 4486 2316 4491 -
