3076 5025
1225 352 1361 411 Lm.
1402 353 1504 424 ln,
1538 354 1697 413 cal).
1729 353 1823 414 xl.
2634 351 2740 418 271

301 479 594 548 sequatur
628 474 998 533 voluntatem
1041 473 1110 533 in
1154 473 1427 549 quolibet
1467 481 1606 534 actu
1690 488 1935 547 eccare;
1963 490 2160 551 neque
2182 478 2366 537 etiam
2392 477 2660 539 casualis
2683 482 2753 539 et

305 546 591 605 fortuitus
615 562 631 614 ;
663 558 788 603 non
811 546 972 603 enim
1002 550 1165 603 esset
1191 546 1257 604 in
1285 544 1464 605 nobis
1492 557 1665 604 mora
1690 560 1722 605 e
1748 551 2057 618 peccatum
2083 566 2099 616 ;
2128 549 2397 608 casualia
2420 549 2582 607 enim
2600 553 2754 609 sunt

303 614 803 687 impraemeditata
826 621 887 674 et
912 621 1078 675 extra
1106 615 1425 674 rationem.
1457 616 1562 674 Est
1588 615 1773 689 igitur
1798 617 2198 690 voluntariuS,
2221 632 2349 679 non
2369 625 2578 680 tamen
2598 633 2749 693 pec·
2823 630 2832 670 ἐ

307 691 508 746 catum
537 685 787 756 morale,
817 698 896 744 ne
924 698 1216 759 cogamus
1242 686 1308 746 in
1330 684 1637 744 infinitum
1663 686 2005 759 procedere.
2823 715 2831 726 ·

379 756 548 826 Quod
569 756 812 830 quidem
836 756 1092 837 qualiter
1118 770 1255 815 esse
1291 757 1498 838 possit·
1527 756 2034 817 considerandum
2061 764 2174 819 est.
2201 760 2534 833 cujuslibet
2559 760 2753 836 siqui·
2824 767 2831 789 ³

303 825 446 886 dem
474 826 652 887 activi
676 827 957 899 principii
980 827 1268 901 perfectio
1294 827 1536 886 virtut1s
1569 840 1644 886 ex
1663 828 1959 901 superiori
1983 828 2178 889 activo
2205 831 2538 903 dependet;
2634 842 2751 892 ens

302 897 468 956 enim
498 898 832 957 secundum
861 897 985 973 agit
1055 911 1125 956 er
1149 897 1429 956 virtutem
1458 897 1637 970 primi
1670 898 1926 971 agentis.
1957 900 2153 968 Quum
2181 901 2367 982 igitur
2411 916 2598 961 secun
2644 914 2748 963 um

305 981 499 1049 agens
545 973 749 1049 manet
797 912 1152 1050 suh-orgine
1194 968 1374 1040 primi
1404 968 1663 1049 agentiS,
1693 967 2104 1051 indeficienter
2130 977 2287 1043 ag1t3
2317 971 2519 1053 deficit
2545 977 2749 1034 autem

307 1051 380 1096 m
403 1039 658 1112 agendO,
688 1052 742 1097 sl
772 1043 1086 1112 contingat
1113 1051 1314 1111 ipsum
1343 1037 1418 1097 ab
1443 1038 1655 1098 ordine
1681 1052 1859 1111 primi
1875 1046 2112 1112 agentis
2125 1040 2380 1112 deflecti,
2409 1048 2569 1102 sicut
2585 1047 2751 1116 patet

308 1107 379 1168 in
407 1108 830 1179 instrumento,
866 1122 1052 1184 quum
1084 1107 1284 1169 deficit
1310 1124 1347 1168 a
1368 1114 1536 1190 motu
1564 1109 1822 1191 agentis.
1851 1110 2085 1168 Dictum
2112 1116 2204 1170 est
2226 1119 2427 1171 autem
2468 1113 2651 1187 quod,
2679 1114 2752 1172 in

305 1178 525 1239 ordine
552 1180 856 1239 actionum
881 1179 1226 1251 moralium,
1257 1179 1377 1239 duo
1402 1193 1702 1252 principia
1724 1179 2092 1241 voluntatem
2160 1182 2481 1254 raecedunt,
2513 1183 2752 1243 scilicet

307 1249 408 1309 vis
436 1250 871 1332 apprehensiva
893 1255 955 1308 et
979 1250 1277 1323 objectum
1322 1250 1785 1324 apprehensum,
1814 1250 1976 1324 quod
2001 1255 2096 1309 est
2163 1252 2286 1310 nis.
2324 1255 2520 1322 Quum
2544 1259 2749 1314 autem

307 1319 641 1396 unicuique
663 1320 875 1380 mobili
907 1323 1268 1394 respondeat
1290 1321 1598 1402 proprium
1627 1321 1941 1391 motivum,
1972 1334 2097 1380 non
2166 1322 2409 1382 uaelihet
2432 1324 2527 1383 vis
2545 1338 2618 1406 ap
2662 1338 2754 1384 re·

307 1390 565 1474 hensiva
589 1397 695 1474 est·
712 1391 977 1473 debitum
1008 1392 1297 1474 motivum
1326 1391 1650 1474 cuiuslibet
1675 1392 2000 1474 appetitus2
2019 1337 2476 1475 sed‘liujusnaec
2500 1398 2559 1452 et
2576 1338 2749 1454 xifius

306 1461 453 1543 alia.
483 1463 648 1521 Sicut
676 1467 864 1544 igitur
892 1467 1495 1544 appetitussensitivp
1518 1476 1827 1546 proprium
1856 1467 2268 1546 motivumest
2291 1477 2386 1524 vis
2413 1465 2750 1540 apprehen-

304 1544 442 1592 stva
465 1533 790 1602 sensualis,
820 1538 905 1592 ita
927 1533 1253 1592 voluntatis
1281 1545 1592 1607 proprium
1618 1541 1910 1593 motivum
1929 1538 2024 1592 est
2049 1541 2204 1593 ratio
2232 1548 2387 1607 lpSa.

374 1604 609 1668 Rursus,
656 1616 843 1678 quum
886 1603 1039 1663 ratio
1084 1603 1275 1662 multa
1317 1604 1481 1663 bona
1523 1609 1587 1664 et
1614 1605 1839 1664 multos
1866 1602 2021 1664 fines
2051 1617 2126 1678 ap
2168 1605 2499 1666 rehendere
2567 1604 2747 1677 ossit‚

303 1673 633 1756 cujuslibet
674 1679 875 1732 autem
920 1674 1002 1733 sit
1028 1688 1138 1746 pro
1180 1674 1309 1733 rius
1336 1674 1504 1745 fluis,
1529 1680 1591 1733 et
1612 1676 1940 1735 voluntatis
1963 1676 2078 1735 erit
2106 1688 2143 1735 o
2180 1676 2406 1750 jectum
2431 1682 2491 1735 et
2563 1678 2663 1736 nis
2686 1681 2752 1737 et

303 1756 569 1816 primum
611 1744 923 1815 motivum,
965 1757 1092 1803 non
1178 1757 1363 1803 onum
1394 1744 1724 1819 quodlibet,
1745 1746 1853 1806 sed
1891 1746 2119 1807 honum
2148 1747 2450 1820 quoddam
2474 1747 2753 1807 determi-

304 1820 537 1874 natum.
587 1816 783 1884 Quum
828 1815 1013 1888 igitur
1057 1815 1340 1875 voluntas
1386 1815 1581 1875 tendit
1604 1816 1669 1876 in
1698 1821 1920 1888 actum,
1960 1824 2130 1888 mota
2165 1818 2240 1877 ab
2267 1818 2749 1891 apprehensione

303 1885 564 1945 rationis
591 1886 1075 1958 repraesentantis
1108 1886 1226 1944 sihi
1239 1887 1548 1959 proprium
1567 1885 1816 1958 honum,
1844 1889 2118 1962 sequitur
2130 1888 2331 1948 debita
2349 1890 2527 1948 actio,
2546 1889 2748 1958 Quum

306 1961 509 2014 autem
550 1956 833 2015 voluntas
881 1956 946 2014 in
990 1956 1227 2016 actione
1252 1957 1589 2031 prorumpit
1614 1958 1693 2017 ad
1724 1972 1761 2019 a
1801 1959 2263 2032 prehensionem
2293 1955 2748 2033 appretiensivae

305 2025 616 2108 sensualis
651 2026 745 2108 vel
784 2026 980 2099 ipsius
1020 2027 1275 2110 rationis
1301 2027 1549 2110 aliquod
1577 2028 1742 2088 aliud
1812 2042 1997 2111 onum
2041 2030 2527 2103 repraesentantis
2549 2044 2587 2088 a
2597 2041 2750 2158 lpro·-

304 2109 439 2170 prlo
463 2097 627 2156 hono
655 2097 979 2167 diversum,
1006 2105 1278 2171 sequitur
1296 2112 1362 2156 ln
1391 2104 1628 2158 actione
1650 2100 1978 2160 voluntatrs
1996 2106 2305 2172 peccatum
2324 2101 2573 2160 morale.
2643 2112 2753 2160 rae-

309 2167 474 2226 cedit
498 2168 683 2241 igitur
709 2168 774 2225 in
800 2168 1107 2227 voluntate
1147 2174 1459 2241 peccatum
1489 2169 1749 2230 actionis
1778 2170 2049 2230 desectus
2086 2170 2319 2231 ordinis
2347 2171 2420 2231 ad
2451 2171 2749 2231 rationem

303 2242 369 2296 et
406 2237 484 2296 ad
526 2238 834 2320 proprium
881 2236 1086 2297 finem.
1139 2239 1226 2297 Ad
1272 2240 1567 2321 rationem
1613 2240 1880 2313 quidem,
1926 2241 2089 2300 sicut
2133 2256 2343 2369 quum,
2380 2242 2456 2302 ad
2484 2241 2751 2301 suhitam

306 2308 852 2381 apprehensionem
895 2321 1139 2373 sensus,
1176 2309 1460 2369 voluntas
1496 2323 1563 2369 in
1596 2309 1826 2370 bonum
1870 2311 2141 2372 delectab
2167 2313 2224 2372 le
2251 2311 2587 2372 secundum
2613 2325 2753 2372 sen·

304 2392 445 2438 sum
492 2379 721 2448 tendit;
751 2379 827 2440 ad
855 2378 1037 2437 finem
1080 2392 1223 2438 vero
1252 2380 1540 2445 debitum,
1570 2381 1732 2441 sicut
1753 2394 1935 2455 quum
1968 2382 2123 2441 ratio
2151 2383 2216 2440 in
2246 2383 2491 2456 aliquod
2517 2383 2750 2442 bonum

306 2448 728 2508 ratiocinando
759 2448 997 2508 devenit
1067 2450 1187 2509 uod
1207 2463 1333 2508 non
1357 2456 1450 2509 est
1465 2449 1563 2509 vel
1585 2464 1747 2511 nunc
1764 2450 1860 2510 vel
1884 2451 2004 2510 hoc
2021 2451 2204 2511 modo
2224 2450 2448 2511 bonum
2469 2457 2751 2511 ettamen

304 2519 591 2580 voluntas
636 2521 698 2579 in
733 2521 884 2579 illud
928 2526 1029 2579 ten
1076 2521 1122 2579 it
1151 2522 1327 2595 quasi
1372 2523 1439 2581 in
1482 2523 1792 2596 proprium
1833 2521 2082 2583 bonum.
2133 2524 2239 2581 Hic
2284 2530 2484 2582 autem
2513 2522 2751 2583 ordinis

306 2590 581 2651 desectus
621 2591 999 2651 voluntarius
1045 2596 1174 2661 est3
1206 2605 1345 2651 nam
1387 2591 1452 2650 in
1480 2598 1776 2664 potestate
1802 2592 1998 2664 ipsius
2024 2593 2352 2652 voluntatis
2390 2598 2485 2653 est
2507 2593 2662 2653 velle
2689 2598 2755 2652 et

307 2673 436 2722 non
461 2662 616 2720 velle
642 2680 658 2733 ;
689 2662 950 2737 itemque
989 2666 1082 2720 est
1125 2662 1191 2720 in
1211 2667 1507 2736 potestate
1534 2663 1555 2721 i
1601 2663 1732 2723 sius
1757 2663 1920 2736 quod
1943 2664 2097 2723 ratio
2124 2668 2260 2721 actu
2288 2662 2629 2724 consideret
2652 2664 2754 2725 vel

308 2746 348 2791 a
383 2731 870 2791 consideratione
918 2733 1171 2791 desistat
1219 2737 1323 2790 aut
1358 2732 1523 2815 quod
1606 2745 1680 2791 oc
1721 2732 1816 2792 vel
1843 2732 1994 2813 illud
2023 2733 2382 2793 consideret.
2409 2736 2528 2792 Nec
2548 2740 2754 2796 tamen

306 2801 426 2862 iste
473 2802 741 2862 defectus
772 2809 868 2861 est
896 2803 1123 2861 malum
1154 2802 1383 2862 morale
1408 2820 1425 2872 ;
1472 2816 1527 2862 st
1561 2804 1722 2863 enim
1749 2807 1904 2862 ratio
1932 2803 2085 2863 nihil
2123 2804 2464 2863 consideret
2486 2804 2583 2862 vel
2612 2817 2756 2864 con·

305 2871 536 2932 sideret
560 2873 788 2934 bonum
813 2873 1257 2946 quodcumque,
1282 2873 1554 2933 nondum
1582 2879 1678 2933 est
1698 2879 2013 2948 peccatum
2043 2888 2361 2949 quousque
2387 2874 2668 2935 voluntas
2684 2877 2754 2936 in

305 2942 494 3003 finem
522 2944 856 3003 indebitum
880 2944 1123 3013 tendat3
1191 2943 1314 3003 uod
1333 2943 1459 3017 jam
1487 2950 1584 3004 est
1602 2945 1931 3004 voluntatis
1958 2951 2150 3005 actus.

380 3013 480 3072 Sic
507 3014 711 3088 igitur,
745 3019 868 3073 tam
891 3013 957 3072 in
975 2959 1308 3096 morafibus
1336 3028 1518 3096 quam
1545 3015 1612 3073 in
1640 3015 2038 3086 naturalihuS‚
2065 3019 2228 3088 patet
2267 3015 2431 3089 quod
2464 3015 2693 3080 malum
2713 3030 2757 3077 a

307 3081 473 3145 bono
498 3097 622 3152 non
649 3090 953 3155 causatur,
983 3098 1105 3144 nist
1132 3099 1240 3159 per
1262 3085 1566 3146 accidens.
1596 3086 1645 3160 (Ι
1670 3090 1862 3160 part..
1888 3101 1950 3162 q.
1976 3097 2136 3162 nix,
2156 3092 2267 3147 art.
2293 3086 2372 3161 1.)

1340 3301 1600 3370 CAPUT
1642 3302 1752 3370 xl.

883 3483 1037 3539 QUOD
1071 3481 1283 3532 mum
1313 3481 1382 3529 m
1412 3480 1633 3536 mono
1664 3479 1821 3531 Bono
1853 3481 2184 3531 rumam

389 3649 474 3708 Ex
497 3646 834 3721 praemissis
862 3647 1044 3706 etiam
1070 3644 1310 3705 ostendi
1328 3648 1528 3718 potest
1548 3642 1712 3718 quod
1725 3656 1907 3705 omne
1921 3643 2147 3705 malum
2169 3644 2344 3705 estin
2369 3644 2574 3720 aliquo
2587 3644 2757 3708 bono

307 3716 811 3848 funlffitililrlnp'enim
839 3800 965 3845 non
993 3790 1194 3861 potest
1219 3798 1357 3847 esse
1383 3798 1492 3857 per
1532 3798 1603 3845 se
1644 3783 1932 3845 existens.
1952 3800 2138 3868 quum
2163 3798 2291 3845 non
2318 3785 2398 3845 sit
2427 3786 2758 3849 essentiam
2846 3766 2857 3854 ἶ

317 3858 576 3931 habens,
607 3865 675 3918 ut
725 3872 912 3931 supra
961 3872 1014 3916 c.
1043 3856 1103 3930 7)
1129 3861 1443 3917 ostensum
1490 3861 1606 3915 est.
1635 3856 1879 3928 Oportet
1907 3855 2092 3929 igitur
2117 3856 2277 3931 quod
2313 3856 2540 3915 malum
2582 3858 2760 3917 sitin
2796 3896 2805 3907 -
2848 3870 2855 3883 ⁴

313 3929 524 4003 aliquo
581 3929 872 4002 subjecto.
971 3941 1112 3987 mne
1156 3932 1357 3985 autem
1387 3925 1743 4008 subjectum,
1773 3939 1960 4001 quum
1988 3926 2069 3986 sit
2094 3926 2432 4010 substantia
2457 3927 2760 4010 quaedam,

307 3998 872 4146 ἒὲἓιὲῐιὲιξᾶιὲἑίιὲεὲιιιι
905 4004 1021 4070 est,
1048 4003 1118 4057 ut
1142 4011 1217 4057 ex
1243 3998 1581 4071 praemissis
1613 3995 1693 4070 (c.
1722 3995 1783 4073 θ)
1805 4001 1987 4070 patet.
2015 3998 2205 4058 Omne
2232 4002 2417 4071 igitur
2443 3999 2669 4059 malum
2689 4011 2755 4058 m

383 4140 604 4204 Adhuc,
652 4140 877 4199 malum
921 4139 1178 4221 privatio
1221 4135 1497 4213 quaedam
1538 4141 1654 4209 est,
1700 4141 1871 4197 ulex
1923 4137 2256 4212 praemissis
2277 4143 2458 4213 patet.
2491 4138 2753 4201 privatio
2840 4184 2861 4192 -

311 4216 518 4271 autem
550 4214 609 4267 et
635 4210 826 4269 forma
851 4215 1084 4281 prlvata
1109 4210 1175 4269 in
1202 4208 1417 4268 eodem
1444 4206 1718 4280 subjecto
1746 4213 1927 4278 sunu
1953 4208 2287 4281 subjectum
2317 4216 2513 4269 autem
2543 4212 2755 4271 formae

311 4285 413 4342 est
459 4292 570 4339 ens
598 4280 662 4337 in
704 4280 972 4351 potentia
1016 4279 1093 4339 ad
1120 4279 1403 4363 formam.
1445 4277 1608 4360 quod
1633 4277 1863 4337 bonum
1889 4283 2003 4349 est,
2028 4292 2168 4338 nam
2207 4280 2273 4339 in
2300 4280 2508 4365 eodem
2534 4293 2760 4363 genere

310 4356 464 4412 sunt
487 4351 1062 4491 ροῑῗιιίξξαεῧὶἱεέῦωῶε.
1089 4352 1352 4410 anatio
1384 4354 1594 4422 igitur,
1622 4348 1787 4424 quod
1817 4349 2045 4409 malum
2078 4355 2193 4420 est,
2237 4357 2331 4411 est
2355 4365 2421 4411 m
2446 4352 2609 4411 hono
2643 4351 2757 4410 ali·

305 4434 662 4565 Ψὲηῗχιιῖἒιυε,
693 4505 769 4551 ex
793 4490 912 4552 hoc
938 4461 1159 4551 dieitur
1184 4489 1415 4567 aliquid
1441 4489 1670 4553 malum
1695 4491 1842 4567 qnia
1861 4496 2064 4566 nocet,
2084 4506 2208 4553 non
2232 4499 2431 4553 autem
2459 4491 2579 4549 nisi
2609 4489 2760 4563 quia
