3076 5025
377 217 490 272 400
1259 161 1422 266 'Lim
1462 209 1561 271 111,
1600 209 1754 266 CAP.
1793 207 1910 264 (211.

380 336 657 398 ordinem
684 334 858 394 illum
886 348 923 392 0
967 332 1140 391 erari.
1172 332 1384 391 Omnis
1421 336 1622 390 autem
1649 336 1925 392 creatura
1947 327 2278 389 constituta
2316 332 2411 386 est
2452 326 2565 386 sub
2604 326 2816 387 ordine

383 420 559 482 quem
587 410 746 464 Deus
775 407 839 462 in
877 419 938 462 re
984 418 1056 462 us
1084 404 1311 462 statuit.
1336 401 1512 460 Nulla
1538 414 1684 473 ergo
1713 405 1986 459 creatura
2011 403 2209 472 potest
2234 412 2417 471 supra
2439 398 2605 457 hunc
2656 397 2817 455 ordi-

382 493 522 538 nem
553 476 808 549 operari.
829 474 1000 544 Quod
1028 478 1122 532 est
1149 473 1441 532 miracula
1468 473 1684 531 facere.

453 551 608 612 Item,
640 545 882 619 quando
911 546 1113 618 aliqua
1138 545 1329 618 virtus
1365 542 1535 601 finita
1561 542 1877 624 proprium
1920 540 2197 622 effectum
2227 545 2507 622 operatur
2533 538 2622 622 ad·
2683 553 2817 598 uem

383 618 835 687 determinatur,
851 629 975 673 non
1004 621 1097 674 est
1123 613 1674 684 miraculum311cet
1701 618 1897 684 possit
1916 626 2052 672 esse
2073 625 2291 670 mirum
2314 610 2493 670 alicui
2522 625 2624 684 qui
2651 626 2673 667 i
2700 610 2815 670 lam

383 690 663 748 virtutem
693 701 818 746 non
846 684 1318 757 comprehendit,
1347 684 1506 743 sicut
1545 685 1764 742 mirum
1808 684 2043 764 videtur
2088 682 2319 764 ignaris
2357 680 2519 755 quod
2565 694 2817 763 magnes

381 760 571 818 trahit
598 759 845 827 ferrum,
871 757 964 815 vel
994 756 1154 829 quod
1176 755 1396 828 aliquis
1423 768 1644 826 parvus
1719 754 1867 813 iscis
1904 759 1987 814 sit
2025 758 2293 813 retinens
2323 765 2556 811 navem.
2606 754 2817 811 Omnis

384 836 587 889 autem
613 834 898 887 creaturae
924 827 1193 898 potentia
1214 831 1306 884 est
1332 825 1587 884 limitata
1614 839 1650 883 a
1728 825 1990 898 aliquem
2031 824 2488 882 determinatum
2516 821 2823 892 effectum,

382 900 478 959 vel
508 899 583 958 ad
614 899 876 972 aliquos.
897 897 1191 971 Quicquid
1221 897 1406 978 igitur
1424 896 1643 954 virtute
1672 895 2105 968 cujuscumque
2124 900 2411 952 creaturae
2433 893 2554 964 flat,
2579 907 2707 952 non
2722 906 2820 965 po-

384 975 508 1029 test
533 970 651 1029 dici
682 968 1036 1026 miraculum
1077 981 1409 1041 proprium,
1454 967 1567 1026 etsi
1609 967 1691 1024 sit
1730 967 1948 1024 mirum
1994 966 2271 1023 virtutem
2317 965 2483 1022 illius
2529 968 2819 1022 creatura)

383 1054 513 1101 non
541 1038 1090 1112 comprehendenti.
1165 1037 1284 1096 uod
1311 1042 1509 1096 autem
1540 1037 1607 1094 fit
1625 1037 1841 1095 virtute
1870 1036 2092 1108 divina,
2106 1050 2260 1109 quae,
2292 1050 2428 1093 cum
2454 1034 2536 1094 sit
2558 1033 2817 1102 infinita.

385 1111 461 1170 de
490 1125 557 1169 se
586 1109 1135 1182 incomprehensibi
1167 1109 1220 1168 is
1248 1113 1361 1178 est,
1392 1123 1530 1166 vere
1557 1107 1916 1166 miraculum
1946 1112 2062 1166 est.

455 1182 732 1253 Amplius,
765 1180 966 1238 omnis
991 1186 1264 1246 creatura
1289 1180 1353 1237 in
1381 1192 1494 1237 sua
1524 1179 1761 1236 actione
1803 1178 2055 1252 requirit
2096 1176 2431 1248 subjectum
2475 1175 2727 1250 aliquod
2756 1176 2818 1234 in

385 1252 551 1326 quod
580 1258 756 1324 agat3
787 1251 981 1310 solius
1010 1250 1173 1308 enim
1205 1250 1308 1308 Dei
1336 1255 1436 1308 est
1455 1263 1532 1307 ex
1577 1248 1771 1306 nihilo
1798 1248 2026 1321 aliquid
2064 1248 2281 1316 facere,
2313 1253 2378 1304 ut
2405 1260 2589 1320 supra
2615 1252 2820 1305 osten-

386 1336 525 1382 sum
553 1331 647 1380 est
676 1322 801 1394 (lib.
830 1335 875 1391 1,
903 1334 1032 1393 cap.
1067 1323 1176 1392 ¹6).
1209 1320 1368 1377 Nihil
1394 1324 1593 1379 autem
1618 1319 1779 1393 quod
1808 1319 2072 1391 requirat
2095 1319 2160 1376 in
2189 1331 2302 1376 sua
2322 1318 2556 1399 actione
2590 1316 2821 1399 subjec-

383 1398 515 1452 tum
565 1398 765 1464 potest
790 1406 991 1464 agere,
1018 1390 1137 1450 nisi
1166 1391 1231 1448 in
1259 1391 1367 1448 illa
1391 1390 1466 1448 ad
1495 1404 1629 1463 quae
1675 1389 2011 1462 subjectum
2053 1388 2207 1448 illud
2249 1393 2342 1447 est
2387 1402 2452 1445 in
2499 1393 2822 1460 potentia:

383 1464 505 1523 hoc
533 1464 693 1522 enim
725 1476 912 1536 agens
949 1462 1014 1520 in
1045 1461 1379 1533 subjectum
1418 1460 1664 1534 aliquod
1694 1465 1975 1532 operatur
1999 1465 2066 1518 ut
2093 1458 2306 1518 educat
2329 1458 2478 1541 illud
2505 1459 2579 1517 de
2607 1463 2823 1531 poten-

382 1534 475 1593 tia
498 1534 563 1592 in
592 1539 811 1594 actum.
842 1533 1021 1590 Nulla
1057 1532 1243 1606 igitur
1266 1536 1541 1590 creatura
1566 1531 1726 1590 sicut
1750 1545 1863 1591 nec
1903 1545 2105 1590 creare
2132 1534 2352 1602 potest,
2380 1534 2465 1587 ita
2491 1543 2606 1587 nec
2644 1544 2813 1603 agere

382 1604 453 1662 in
477 1604 598 1664 alia
624 1619 708 1674 re,
727 1603 845 1662 nisi
873 1602 1036 1677 quod
1055 1608 1150 1661 est
1170 1603 1234 1659 in
1258 1602 1524 1674 potentia
1550 1601 1717 1661 illius
1743 1602 1853 1660 rei.
1885 1602 2067 1680 Fiunt„
2082 1607 2281 1659 autem
2303 1600 2492 1659 multa
2528 1601 2815 1661 miraculi

386 1673 701 1744 divinitus,
732 1675 873 1733 dum
921 1674 983 1731 in
1033 1687 1098 1732 re
1137 1672 1338 1746 aliqua
1378 1673 1458 1731 sit
1502 1672 1705 1732 divina
1746 1673 1965 1731 virtute
2002 1671 2162 1746 quod
2191 1684 2316 1729 non
2341 1677 2433 1729 est
2459 1672 2523 1730 in
2551 1673 2814 1745 potentii

382 1739 556 1814 illius
580 1745 690 1813 rei,
716 1746 875 1804 sicut
901 1743 1064 1817 quod
1090 1750 1366 1802 mortuus
1410 1742 1747 1811 reviviscat,
1778 1742 1940 1817 quod
1980 1742 2077 1802 sol
2122 1742 2474 1813 retrocedat,
2548 1743 2677 1801 uod
2702 1744 2811 1803 dno

384 1828 644 1942 corpora
689 1816 816 1873 sint
855 1815 1059 1874 simul.
1100 1815 1236 1872 Haec
1271 1813 1455 1886 igitur
1490 1814 1783 1872 miracula
1822 1813 1991 1872 nulla
2030 1813 2246 1872 virtute
2286 1820 2486 1872 creata
2564 1814 2659 1872 eri
2682 1825 2812 1887 pos·

455 1955 673 2019 Adhuc,
705 1955 1039 2028 subjectum
1063 1955 1129 2013 in
1156 1954 1317 2028 quod
1343 1955 1544 2027 agitur
1568 1955 1841 2013 ordinem
1853 1953 2104 2013 habetet
2124 1954 2198 2014 ad
2227 1969 2416 2028 agens
2444 1954 2608 2029 quod
2646 1956 2809 2016 redi·-

383 2026 470 2086 cit
493 2026 690 2098 ipsum
722 2026 793 2084 de
825 2026 1090 2098 potentia
1107 2025 1172 2083 in
1200 2031 1493 2095 actum,et
1517 2024 1594 2084 ad
1619 2032 1817 2084 actum
1846 2026 1908 2082 in
1926 2040 2103 2100 quem
2129 2025 2452 2085 reducitur.
2482 2026 2655 2085 Sicut
2677 2039 2809 2101 ergo

384 2097 722 2169 subjectum
751 2097 828 2154 ali
877 2096 995 2154 uod
1022 2101 1115 2155 est
1146 2096 1210 2153 in
1254 2096 1521 2168 potentia
1564 2096 1638 2155 ad
1685 2096 1946 2169 aliquem
1991 2096 2448 2155 determinatum
2493 2103 2722 2181 actum,
2764 2102 2807 2155 et

386 2181 513 2236 non
542 2168 618 2225 ad
646 2167 845 2240 queml
871 2166 989 2230 bet,
1021 2166 1106 2225 ita
1142 2179 1268 2224 non
1293 2172 1492 2239 potest
1518 2167 1723 2225 reduci
1748 2167 1821 2225 de
1850 2167 2117 2239 potentia
2141 2166 2209 2224 in
2236 2173 2434 2225 actum
2459 2168 2806 2227 determint·

382 2243 516 2298 tum
545 2237 663 2296 nisi
694 2251 801 2309 per
828 2250 1015 2309 agens
1043 2237 1284 2310 aliquod
1306 2237 1784 2296 determinatum.
1801 2238 2142 2310 Requiritur
2167 2238 2330 2295 enim
2350 2253 2540 2311 agens
2564 2238 2806 2298 divers,-

384 2307 564 2376 mode
589 2307 661 2366 ad
692 2307 1094 2365 reducendum
1122 2308 1188 2365 in
1217 2308 1518 2366 diversum
1546 2314 1745 2367 actum
1776 2324 1791 2362 :
1824 2321 1987 2378 nam,
2021 2322 2158 2367 cum
2180 2323 2303 2378 ‚aer
2338 2309 2417 2367 sit
2444 2309 2508 2367 in
2549 2313 2807 2382 potentia

382 2378 550 2451 ignis
574 2383 634 2435 et
657 2392 831 2451 aqua,
856 2378 975 2436 alio
1003 2384 1216 2452 agente
1269 2377 1337 2435 fit
1387 2382 1523 2439 actu
1552 2378 1714 2456 ignis
1739 2378 1942 2437 etalio
1971 2393 2147 2452 aqua.
2192 2378 2478 2437 Similiter
2505 2382 2690 2440 etiam
2722 2395 2806 2453 pt·

383 2454 473 2505 tet
501 2448 661 2522 quod
691 2450 940 2507 materia
973 2449 1305 2522 corporalis
1333 2449 1398 2506 in
1426 2456 1624 2508 actum
1655 2449 1917 2524 aliquem
1943 2449 2271 2522 perfectum
2295 2463 2420 2507 non
2448 2450 2806 2511 reducitura

385 2518 526 2580 sola
547 2520 763 2578 virtute
786 2520 1202 2579 universaliter
1221 2525 1453 2594 agente,
1476 2521 1582 2580 sed
1613 2526 1845 2594 oportet
1869 2534 2005 2580 esse
2030 2521 2275 2603 aliquod
2292 2533 2479 2594 agens
2503 2523 2802 2595 proprium

384 2604 496 2663 per
522 2589 684 2663 quod
725 2590 1150 2649 determinetur
1186 2591 1505 2663 impressio
1553 2590 1912 2650 universalis
1947 2591 2186 2650 virtutis
2232 2591 2307 2651 ad
2355 2592 2806 2652 determinatum

386 2658 689 2719 effectum.
722 2664 784 2742 ln
811 2667 1009 2719 actum
1039 2668 1237 2719 autem
1265 2662 1469 2721 minus
1511 2663 1837 2734 perrectum
1864 2667 2064 2735 potest
2090 2662 2294 2720 reduci
2322 2664 2573 2721 materia
2601 2677 2809 2736 corpo-

383 2731 535 2790 ralis
565 2732 700 2789 sola
724 2737 940 2790 virtute
960 2733 1284 2791 universali
1314 2732 1542 2806 absque
1561 2733 1901 2806 particulari
2008 2738 2165 2791 ente.
2182 2733 2480 2791 Animalia
2498 2734 2664 2793 enim
2682 2748 2811 2807 per-

385 2801 545 2860 fecta
571 2815 696 2860 non
730 2808 1093 2874 generantur
1112 2818 1186 2860 ex
1215 2803 1349 2861 sola
1372 2804 1587 2861 virtute
1617 2804 1866 2874 caelesti,
1891 2818 1957 2863 se
2015 2804 2338 2878 requiritur
2354 2804 2808 2865 determinatum

386 2885 598 2932 semen
622 2891 636 2942 ;
655 2873 728 2930 ad
754 2873 1196 2945 generationem
1218 2887 1358 2932 vero
1381 2875 1776 2947 quorumdam
1806 2874 2289 2947 imperfectorum
2307 2874 2664 2934 animalium
2684 2876 2809 2936 sola

384 2942 578 3000 virtus
606 2943 870 3001 coelestis
895 2942 1119 3002 sufficit
1147 2944 1280 3003 sine
1308 2944 1833 3003 semine.Effectus
1862 2945 2048 3018 igitur
2071 2946 2173 3019 qui
2204 2946 2268 3004 in
2298 2946 2809 3007 hiS.inferioribus

384 3011 562 3095 flunt,
593 3013 645 3072 si
676 3012 798 3071 sint
826 3013 948 3071 nati
978 3014 1106 3072 fleri
1137 3029 1173 3073 a
1212 3015 1416 3074 causis
1458 3015 1871 3087 superioribus
1916 3016 2381 3085 universalibus,
2427 3016 2561 3074 sine
2603 3032 2808 3091 opera·

383 3088 621 3143 ratione
662 3097 981 3143 causarum
1029 3085 1477 3157 particularium
1523 3086 1898 3157 inferiorum,
1940 3099 2063 3143 non
2110 3092 2203 3145 est
2243 3087 2601 3145 miraculum
2640 3089 2693 3147 si
2720 3088 2808 3146 sic

384 3151 555 3223 fiant,
586 3153 743 3213 sicut
769 3168 891 3236 non
923 3160 1014 3212 est
1037 3155 1393 3214 miraculum
1410 3157 1571 3229 quod
1588 3156 1872 3215 animalia
1887 3170 1962 3214 ex
1979 3157 2405 3229 putrefactione
2427 3158 2560 3216 sine
2580 3158 2808 3217 semine

384 3230 733 3283 nascantur.
750 3227 808 3283 Si
834 3230 1033 3284 autem
1058 3238 1181 3284 non
1208 3227 1331 3285 sint
1354 3229 1478 3285 nati
1506 3226 1637 3285 fieri
1660 3241 1766 3299 per
1793 3227 1959 3285 solas
1987 3240 2203 3287 causas
2222 3228 2588 3300 superiore&
2619 3226 2809 3303 requi·

357 3300 612 3376 ·runtur
638 3295 712 3354 ad
742 3310 950 3355 eorum
979 3296 1479 3368 complementum
1527 3312 1726 3357 causae
1754 3297 2071 3357 inferiores
2097 3298 2506 3370 particulares.
2537 3301 2685 3358 Cum
2712 3313 2805 3357 au·

384 3368 509 3423 tem
536 3365 758 3448 aliquis
791 3364 1039 3448 effectus
1086 3367 1435 3440 producitur
1469 3368 1543 3427 ab
1586 3369 1787 3443 aliqua
1832 3383 2019 3427 causa
2066 3369 2360 3441 superiori
2405 3369 2804 3428 mediantibus

382 3448 648 3516 propriis
673 3450 1006 3509 principiis,
1032 3451 1160 3520 nori
1184 3444 1278 3496 est
1301 3438 1678 3498 miraculum.
1709 3440 1883 3498 Nullo
1932 3440 2115 3513 igitur
2162 3439 2344 3499 modo
2382 3442 2598 3500 virtute
2641 3454 2805 3513 supe-

383 3518 612 3564 riorum
645 3513 1049 3567 creaturarum
1084 3508 1286 3581 aliqua
1312 3510 1605 3569 miracula
1632 3511 1759 3568 lieri
1787 3515 2065 3582 possunt.

385 3646 401 3658 ·
455 3577 734 3649 Amplius,
764 3577 1031 3649 ejusdem
1059 3579 1312 3638 rationis
1342 3594 1477 3639 esse
1505 3581 1737 3639 videtur
1766 3581 1926 3654 quod
1971 3580 2198 3655 aliquid
2236 3587 2515 3654 operetur
2557 3597 2634 3640 ex
2672 3581 2803 3645 sub·

375 3651 559 3728 JectO,
590 3652 650 3707 et
677 3648 837 3720 quod
865 3656 1142 3721 operetur
1167 3649 1230 3708 id
1258 3649 1332 3709 ad
1357 3651 1517 3724 quod
1549 3657 1640 3709 est
1668 3653 1728 3708 in
1752 3651 2017 3723 potentia
2041 3651 2396 3725 subJectum‚
2427 3658 2487 3710 et
2515 3652 2680 3726 quod
2708 3665 2798 3731 03·-

385 3717 589 3799 dinate
619 3724 896 3791 operetur
934 3734 1042 3791 per
1072 3721 1463 3779 determinata
1487 3722 1708 3781 media.
1736 3725 1884 3781 Nam
1912 3722 2246 3796 subjectum
2290 3736 2415 3781 non
2458 3721 2526 3781 fit
2568 3724 2634 3782 in
2716 3734 2802 3780 ro·

381 3801 610 3863 pinqua
637 3791 906 3863 potentia
925 3790 999 3850 ad
1027 3792 1323 3856 ultimum,
1354 3792 1474 3850 nisi
1504 3807 1641 3851 cum
1688 3793 1868 3851 suerit
1912 3799 2048 3851 actu
2089 3793 2154 3851 in
2195 3792 2418 3864 medic,
2447 3794 2607 3852 sicut
2632 3808 2665 3852 c
2730 3804 2799 3849 us

347 3872 352 3879 ·
381 3872 510 3917 non
537 3865 631 3920 est
658 3862 859 3920 statim
887 3862 948 3919 in
977 3864 1244 3934 potentia
1271 3876 1411 3921 caro
1465 3862 1574 3921 sed
1601 3878 1738 3922 cum
1771 3864 1952 3921 fuerit
1976 3854 2306 3922 conversus
2330 3865 2392 3920 in
2421 3864 2794 3947 sanguinem.

383 3929 596 3989 Omnis
619 3937 817 3990 autem
844 3939 1116 3991 creatura
1136 3947 1384 3991 necesse
1413 3905 1587 3992 habet
1616 3935 1703 3992 uti
1732 3934 2002 4006 subjecto
2030 3934 2105 3993 ad
2134 3935 2251 3993 hoc
2278 3935 2437 4007 quod
2467 3934 2694 4009 aliquid
2714 3933 2797 3990 fa-

284 4024 288 4029 ’
383 4000 534 4070 ciat;
567 4015 678 4059 nec
705 4006 900 4084 potest
929 4004 1124 4062 facere
1167 4003 1286 4061 nisi
1316 4002 1391 4062 ad
1427 4003 1591 4077 quod
1620 4005 1952 4078 subjectum
1979 4011 2074 4063 est
2100 4004 2164 4062 in
2189 4006 2478 4077 potentia,
2506 4011 2571 4063 ut
2598 4009 2795 4064 osten-

283 4110 296 4129 .
382 4082 521 4129 sum
552 4078 644 4129 est
669 4071 793 4144 (lib.
824 4086 890 4144 11,
917 4087 1046 4146 cap.
1077 4073 1156 4146 2).
1195 4075 1348 4146 Ergo
1378 4088 1501 4132 non
1523 4081 1725 4147 potest
1764 4076 1961 4134 facere
2004 4075 2253 4158 aliquid,
2302 4076 2422 4134 nisi
2469 4075 2794 4149 subjectum

290 4132 314 4203 ’ζ
380 4140 629 4198 reducat
656 4142 720 4199 in
748 4148 946 4202 actum
973 4159 1079 4215 per
1106 4144 1497 4203 determinata
1531 4147 1749 4205 media.
1791 4146 2077 4204 miracula
2114 4146 2327 4219 igitur,
2358 4161 2490 4219 quae
2536 4145 2687 4204 fiunt
2725 4156 2795 4200 ex

293 4212 317 4230 ·“
379 4210 500 4270 hoc
524 4211 683 4293 quod
712 4213 931 4286 aliquis
961 4213 1209 4273 effectus
1236 4215 1586 4286 producitur
1614 4231 1738 4276 non
1767 4217 1870 4275 illo
1898 4217 2106 4275 ordine
2142 4228 2264 4290 quo
2292 4217 2641 4276 naturaliter
2668 4210 2788 4271 fleri

375 4286 603 4355 potest,
630 4287 845 4340 virtute
873 4291 1156 4346 creaturae
1183 4285 1313 4344 fieri
1341 4299 1465 4345 non
1490 4293 1768 4360 possunt.

450 4356 674 4428 Adhuc,
705 4355 862 4415 inter
889 4360 1122 4431 species
1153 4366 1351 4420 motus
1376 4359 1524 4419 ordo
1552 4360 1793 4434 quidam
1818 4358 2110 4419 naturalis
2138 4358 2477 4419 attenditur.
2507 4359 2655 4417 Nam
2680 4350 2793 4428 pri·

599 4506 606 4517 a
616 4482 694 4521 ἅττ’(
