3076 5025
761 367 968 423 BERN.
1008 366 1248 423 MAROE
1285 366 1377 422 DE
1414 366 1665 422 RUBEIS
1703 365 2173 424 DISSERTATIO.
2573 371 2686 426 xlx

310 517 485 581 Illud
507 520 603 577 est
624 514 973 577 firmissime
993 514 1371 587 tenendum,
1394 513 1749 575 naturalem
1769 521 2128 576 creatarum
2159 516 2473 577 mentium
2507 517 2684 603 illam

230 631 373 680 esse
410 611 865 694 cognitionem,
888 611 1070 692 cujus
1101 611 1508 690 principium,
1533 616 1649 673 aut
1673 611 1914 688 lumen,
1943 612 2216 672 sumitur
2231 630 2306 674 ex
2337 612 2486 691 ipsis
2516 630 2688 676 crea·

231 713 314 776 tis
355 711 686 775 mentibus
741 710 839 771 vel
888 728 965 771 ex
1014 707 1205 772 rebus
1252 706 1650 769 sensibilibus
1683 725 1700 769 ε
1733 708 2020 786 adeoque
2064 709 2442 771 naturalem·
2468 725 2685 773 rerum

231 808 511 873 aliarum
541 823 617 869 ac
644 807 758 868 Dei
788 806 1090 868 creatoris
1134 805 1563 887 cognitionem
1597 822 2035 867 commensum
2060 805 2292 868 hahere
2315 823 2463 869 cum
2495 807 2684 870 rebus

231 904 388 985 ipsis
416 903 669 978 creatiS,
702 920 779 965 ex
808 902 1040 981 qziibus
1067 902 1352 963 nativum
1404 903 1619 963 lumen
1649 901 1961 965 hauritur.
1995 904 2152 964 Rem
2199 903 2265 963 in
2317 903 2683 968 hominibus

231 1002 538 1081 explanat
555 1006 811 1062 sanctus
829 999 1129 1075 ThomaS,
1152 1003 1330 1078 parte
1351 998 1401 1075 1,
1418 1017 1530 1077 qu.
1551 1015 1793 1075 Lxxer,
1814 1001 2001 1074 art.7,
2025 999 2104 1059 ad
2124 1000 2163 1061 3
2184 1017 2202 1060 ε
2232 1018 2264 1057 «
2280 1000 2682 1077 Incorporea,

230 1097 555 1177 inquiens,
587 1113 860 1175 quorum
902 1113 1030 1158 non
1059 1099 1211 1156 sunt
1257 1093 1725 1172 phantasmata,
1755 1101 2229 1175 cognoscuntur
2254 1113 2292 1157 a
2333 1096 2516 1157 nobis
2570 1114 2682 1175 per

233 1194 791 1272 comparationem
844 1192 924 1254 ad
971 1208 1240 1270 corpora
1291 1192 1636 1269 sensibilia,
1679 1207 1959 1271 quorum
2009 1196 2160 1253 sunt
2210 1191 2680 1269 phantasmata.

236 1291 417 1355 Sicut
444 1290 778 1353 veritatem
797 1288 967 1369 (quae
984 1305 1117 1350 non
1144 1294 1240 1351 est
1267 1287 1599 1370 sensibilis)
1630 1288 2045 1368 intelligimus
2077 1305 2156 1349 ex
2178 1289 2681 1352 consideratione

239 1389 332 1451 rei
356 1384 718 1469 (sensibilis)
739 1387 908 1448 circa
949 1403 1146 1465 quam
1165 1388 1498 1448 veritatem
1532 1386 1960 1465 speculamur.
1982 1387 2183 1448 Deum
2205 1390 2422 1446 autem
2446 1402 2683 1466 cogno-

244 1481 501 1559 scimuS,
532 1487 605 1544 ut
653 1480 991 1561 Dionysius
1035 1481 1214 1558 dicit,
1246 1487 1319 1543 ut
1346 1498 1628 1556 causam,
1657 1499 1773 1560 per
1813 1498 2142 1545 excessum
2170 1480 2382 1562 (supra
2411 1501 2509 1544 res
2539 1499 2683 1545 σοι’·

248 1598 490 1658 pereas,
515 1584 580 1641 et
606 1580 956 1653 sensibiles,
984 1584 1177 1659 atque
1205 1577 1495 1658 creatas),
1526 1582 1593 1642 et
1631 1596 1745 1657 per
1771 1578 2195 1641 remotionem
2220 1577 2679 1659 (imperfectio-

250 1692 431 1749 nem,
479 1691 620 1753 qnae
664 1675 856 1737 rebus
899 1674 1243 1753 corporeis,
1287 1679 1354 1737 et
1396 1673 1813 1750 sensibilibus,
1843 1682 1909 1739 et
1949 1677 2178 1740 creatis
2222 1675 2484 1757 insunt).
2514 1675 2683 1740 Alias

259 1773 451 1834 etiam
479 1771 873 1850 incorporeas
901 1771 1285 1834 substantias
1312 1770 1379 1831 in
1407 1776 1577 1832 statu
1606 1773 1934 1850 praesentis
1964 1774 2110 1836 vitae
2136 1789 2520 1854 cognoscere
2549 1788 2683 1836 non

261 1884 581 1944 possumus
606 1913 628 1945 ,
674 1867 793 1929 nisi
850 1884 964 1946 per
1014 1867 1436 1931 remotionem
1459 1913 1477 1943 ,
1524 1868 1624 1929 vel
1669 1867 1949 1949 aliquam
1999 1870 2543 1947 comparationem
2598 1867 2680 1932 ad

255 1964 603 2044 corporalia
636 1985 696 2026 n.
743 1965 940 2027 Breve
995 1964 1455 2026 documentum
1504 1962 1701 2027 habes
1729 2008 1747 2041 ,
1803 1966 1976 2044 quod
2031 1965 2336 2044 exemplis
2388 1966 2680 2045 aptisque

249 2060 458 2124 anima
484 2060 879 2124 versionibus
919 2062 1377 2139 amplificatum
1405 2061 1473 2123 in
1497 2061 1840 2126 latissimos
1875 2064 2178 2146 redegere
2204 2068 2445 2127 tractus
2470 2063 2679 2142 philo·

246 2157 448 2237 sophi.

322 2257 486 2320 Cum
511 2256 653 2320 haec
676 2256 760 2320 sit
784 2257 1090 2320 naturalis
1117 2255 1280 2317 ratio
1311 2257 1541 2318 mentis
1580 2256 1892 2336 cujusque
1920 2261 2175 2332 creatae,
2201 2258 2337 2338 jam
2364 2256 2532 2320 facili
2560 2274 2679 2324 ne-

244 2354 417 2437 gotio
449 2353 729 2432 expediri
759 2355 956 2416 altera
984 2353 1252 2432 quaestio
1276 2359 1503 2431 potest,
1522 2370 1668 2431 quae
1686 2353 1949 2415 rationis
1967 2355 2272 2418 naturalis
2288 2354 2452 2417 vires
2477 2355 2680 2419 inves-

242 2451 429 2531 tigat,
459 2466 610 2514 cum
668 2450 837 2512 circa
889 2451 1119 2525 Deum,
1147 2465 1224 2511 ac
1268 2466 1343 2512 ea
1371 2466 1516 2528 quae
1564 2449 1677 2511 Dei
1730 2455 1884 2514 sunt
1919 2457 2224 2517 versatur.
2252 2452 2680 2526 Quaestionem

243 2546 487 2611 dirimit
540 2548 610 2609 in
665 2546 925 2611 homine
977 2546 1044 2609 S.
1072 2545 1370 2622 Thomas,
1401 2547 1609 2624 capite
1634 2549 1699 2622 3,
1729 2548 1926 2611 citato
1959 2567 1977 2611 t
2013 2570 2046 2608 a
2091 2550 2455 2613 Intellectus
2482 2549 2682 2615 nostri

244 2645 597 2708 secundum
624 2647 886 2714 modum
918 2643 1251 2723 praesentis
1276 2643 1446 2718 vitae,
1478 2644 1793 2721 inquiens,
1824 2645 2103 2725 cognitio
2130 2665 2169 2707 a
2195 2663 2379 2708 sensu
2410 2647 2678 2724 incipit:

243 2747 309 2805 et
330 2742 478 2804 ideo
504 2741 723 2824 (Deus)
752 2748 820 2805 et
844 2759 918 2804 ea
950 2758 1097 2821 quae
1124 2740 1190 2801 in
1220 2756 1475 2802 sensum
1504 2755 1634 2800 non
1661 2740 1901 2801 cadunt
1934 2757 2065 2802 non
2103 2748 2370 2818 possunt
2395 2743 2678 2804 humano

244 2836 581 2902 intellectu
610 2838 774 2917 capi,
798 2838 921 2899 nisi
961 2842 1277 2917 quatenus
1303 2853 1380 2899 ex
1429 2836 1714 2898 sensibus
1754 2853 1978 2899 eorum
2025 2836 2306 2920 cognitio
2332 2838 2677 2918 colligitur.

242 2934 575 2998 Sensihilia
603 2940 818 2997 autem
847 2934 928 2996 ad
953 2932 1080 2997 hoc
1107 2933 1339 2996 ducere
1359 2933 1757 2995 intellectum
1801 2939 2093 2999 nostrum
2122 2952 2251 2997 non
2295 2942 2576 3014 possunt,
2609 2941 2682 2999 ut

244 3031 310 3115 iu
355 3032 451 3097 eis
478 3032 691 3095 divina
734 3031 1080 3094 substantia
1102 3030 1393 3092 videatur
1432 3030 1588 3109 quid
1619 3030 1724 3108 sit,
1754 3046 1902 3094 cum
1932 3031 2059 3094 sint
2096 3032 2359 3096 effectus
2381 3033 2681 3096 virtutem

247 3144 453 3193 causae
498 3145 630 3190 non
684 3128 1111 3207 adaequantes.
1151 3127 1421 3189 Ducitur
1470 3132 1690 3188 tamen
1740 3145 1819 3190 ex
1871 3128 2270 3192 sensibilibus
2321 3130 2681 3195 intellectus

242 3229 461 3288 noster
488 3225 559 3286 in
586 3223 863 3287 divinam
889 3223 1345 3304 cognitionem,
1377 3228 1452 3285 ut
1474 3230 1815 3302 cognoscat
1844 3225 1924 3288 de
1950 3227 2083 3289 Deo
2110 3227 2282 3305 quod
2311 3231 2431 3303 est,
2460 3232 2527 3289 et
2555 3228 2681 3292 alia

245 3318 618 3403 hujusmodi
649 3338 797 3401 quae
823 3327 1079 3399 oportet
1100 3319 1361 3382 attribui
1392 3320 1599 3396 primo
1628 3320 1938 3401 principio
1964 3343 2023 3386 ι).
2049 3323 2349 3404 Angelica
2378 3325 2682 3388 naturalis

245 3419 527 3500 cognitio
557 3418 672 3480 Dei
700 3418 1039 3497 perfectior
1062 3421 1158 3481 est
1189 3435 1208 3478 ε
1238 3423 1307 3479 at
1336 3434 1543 3495 neque
1571 3418 1704 3495 ipsa
1733 3419 2009 3497 penitius
2032 3420 2446 3500 introspicere
2471 3422 2680 3485 Deum

243 3520 475 3594 potest.
504 3515 771 3577 Thomae
829 3514 1046 3592 accipe
1090 3514 1282 3576 verba
1334 3514 1572 3579 ibidem
1606 3533 1625 3578 ε
1659 3536 1694 3572 α
1731 3516 2064 3598 Cognoscit
2104 3519 2365 3598 quidem
2422 3521 2682 3600 angelus

241 3612 447 3673 Deum
474 3628 554 3671 ex
574 3610 868 3673 nobiliori
892 3610 1148 3687 effectu,
1169 3627 1367 3689 quam
1387 3612 1584 3675 homo
1607 3633 1625 3675 ε
1647 3620 1889 3693 quanto
1911 3614 2046 3694 ipsa
2072 3614 2421 3678 substantia
2445 3617 2678 3697 angeli,

244 3725 355 3785 per
380 3725 583 3789 quam
611 3709 678 3769 in
705 3708 816 3769 Dei
847 3708 1276 3789 cognitionem
1300 3709 1559 3770 ducitur
1586 3711 1858 3773 naturali
1887 3711 2273 3792 cognitione,
2303 3718 2399 3775 est
2427 3713 2681 3795 dignior

242 3805 430 3870 rebus
454 3805 858 3868 sensibilibus
886 3822 964 3868 ac
986 3806 1178 3868 etiam
1208 3806 1343 3883 ipsa
1365 3807 1602 3883 anima,
1629 3826 1740 3885 per
1757 3824 1953 3885 quam
1979 3807 2344 3872 intellectus
2362 3809 2681 3876 humanus

239 3903 303 3965 in
342 3902 461 3968 Dei
507 3903 959 3986 cognolionem
1002 3903 1312 3967 ascendit.
1336 3946 1397 3967 ..
1432 3906 1574 3968 Non
1601 3912 1818 3968 autem
1858 3906 2131 3968 naturali
2174 3909 2535 3989 cognitione
2564 3928 2678 3973 an-

242 4001 417 4080 gelus
460 4000 543 4062 de
572 4003 707 4063 Deo
734 3999 1063 4080 cognoscit
1089 3999 1245 4078 quid
1289 4008 1423 4077 est;
1458 4003 1607 4081 quia
1633 4008 1701 4065 et
1743 4003 1874 4083 ipsa
1904 4002 2250 4065 substantia
2305 4006 2538 4087 angeli,
2569 4024 2682 4085 per

238 4114 429 4177 quam
455 4097 525 4159 in
572 4099 687 4160 Dei
734 4099 1164 4180 cognitionem
1210 4098 1490 4173 ducitur,
1513 4115 1644 4161 non
1690 4105 1787 4165 est
1826 4101 2089 4164 effectus
2127 4102 2425 4165 virtutem
2471 4120 2681 4167 causae

239 4197 584 4275 adaequans
612 4216 675 4257 n.
708 4195 1131 4259 Certissimam
1176 4193 1406 4256 thesim
1452 4196 1519 4257 in
1563 4198 1785 4278 angelo
1811 4197 1972 4260 etin
1997 4198 2256 4264 homine
2298 4201 2437 4262 aliis
2477 4200 2682 4265 verbis

238 4292 510 4356 Thomas
538 4293 840 4364 illustrat,
868 4292 1096 4356 eodem
1124 4292 1190 4355 in
1219 4290 1404 4368 libro,
1428 4295 1634 4372 eapite
1653 4296 1693 4356 8
1717 4313 1734 4356 t
1764 4314 1796 4353 <t
1817 4295 1938 4356 Res
1965 4297 2222 4375 quidem
2243 4296 2566 4359 sensibiles
2585 4296 2679 4377 (et

238 4389 519 4470 creatae),
551 4407 631 4451 ex
658 4388 898 4468 quibus
923 4388 1205 4456 bumana
1229 4389 1322 4472 (et
1348 4391 1470 4452 alia
1514 4398 1727 4453 creata
1772 4395 2196 4472 quaecunque)
2235 4394 2397 4456 ratio
2445 4392 2678 4471 prinoi-

235 4486 410 4563 pinm
436 4487 668 4564 sumit,
689 4485 967 4566 aliquale
990 4487 1324 4568 vestigium
1352 4488 1419 4549 in
1441 4504 1509 4549 se
1537 4488 1766 4551 divinae
1794 4487 2166 4552 imitationis
2192 4488 2491 4564 retinent,
2515 4488 2682 4551 vide-
