3076 5025
95 1234 126 1252 l

87 1755 98 1768 Ι

137 1787 144 1796 n

143 3544 150 3556 l

141 3608 148 3615 ο

1048 284 1182 341 LIB.
1219 284 1320 351 nl,
1361 283 1515 340 CAP-
1555 283 1741 341 cvm.
2490 231 2613 344 -loe

252 407 478 477 Adhuc,
506 405 677 465 nulla
702 405 968 479 potentia
989 406 1403 480 cognoscitiva
1423 404 1627 464 deficit
1650 421 1683 465 a
1711 406 2061 479 cognitione
2087 406 2184 465 sui
2223 405 2442 480 objecti
2490 408 2614 468 nisi

173 484 426 551 propter
450 476 712 550 aliquem
739 477 1033 554 defectum
1077 483 1180 535 aut
1212 477 1656 558 corruptionem
1680 490 1894 548 suam;
1942 491 2080 535 cum
2109 476 2445 536 secundum
2471 491 2609 550 pro-

173 549 378 678 griam
431 547 728 607 rationem
772 547 849 606 ad
884 546 1292 620 cognitionem
1313 548 1454 606 talis
1480 546 1698 619 objecti
1727 547 2074 618 ordinetur;
2103 547 2463 606 sicut-visus
2489 561 2616 607 non

222 616 387 678 eficit
414 633 450 676 a
467 617 1088 690 coguitionecoloris,
1122 617 1467 691 nisi-aliqua
1487 618 1872 689 corruptione
1893 618 2056 677 circa
2075 618 2277 689 ipsum
2295 618 2608 677 existente.

178 690 398 749 Omnis
427 693 628 748 autem
656 688 928 748 defectus
947 693 1008 746 et
1036 688 1339 759 corruptio
1367 694 1462 747 est
1529 693 1703 746 raeter
1724 688 2176 762 naturam,quia
2194 694 2410 747 natura
2427 689 2619 747 inten-

176 760 271 819 dit
293 773 433 819 esse
460 759 537 818 ad
567 759 995 832 perfectionem
1024 759 1132 817 rei.
1164 762 1247 816 lm
1292 758 1481 818 ossibi
1508 773 1543 817 e
1570 763 1666 817 est
1687 759 1872 832 igitur
1893 759 2056 833 quod
2082 759 2164 817 sit
2195 759 2398 832 aliqua
2423 760 2616 819 virtus

174 842 252 890 co
299 830 597 890 noscitiva
622 844 755 903 quae
786 829 1237 888 naturaliterde
1282 830 1398 889 ciat
1424 835 1641 888 arecto
1663 829 1894 901 judicio
1910 830 2007 888 sui
2029 828 2268 902 objecti.
2300 830 2617 902 Proprium

174 915 258 961 au
324 915 384 960 m
412 900 714 974 objectum
737 899 1080 959 intellectus
1105 905 1452 959 estverum.
1484 899 1976 971 lmpossihile-est
1992 900 2178 974 igitur
2207 900 2369 972 quod
2396 901 2478 959 sit
2504 901 2616 959 ali-

174 972 324 1045 quis
352 972 693 1030 intellectus
722 971 1072 1030 naturaliter
1093 971 1254 1030 circa
1276 971 1684 1043 cognitionem
1711 971 1837 1029 veri
1865 970 2174 1030 oberrans.
2206 973 2407 1045 Neque
2430 971 2618 1044 igitur

171 1042 464 1101 ‘voluntas
492 1043 693 1116 aliqua
719 1041 1072 1100 naturaliter
1096 1046 1294 1113 potest
1325 1056 1366 1100 a
1390 1041 1551 1100 bono
1578 1040 1851 1100 deficere.

225 1115 380 1172 ‘Boc
425 1114 604 1171 etiam
640 1114 992 1171 auctoritate
1018 1113 1546 1185 sacrae-scripturae
1574 1110 1994 1181 confit-matun
2024 1111 2242 1170 dicitur
2267 1110 2616 1181 enim‚1Ti-

147 1183 403 1254 ·1noth.,
431 1197 514 1253 Π,
543 1189 579 1241 4
605 1198 621 1237 :
651 1184 837 1241 omnis
884 1188 1139 1241 ereatura
1187 1184 1374 1251 bona3
1414 1183 1574 1241 unde
1619 1184 1785 1254 Gen„
1812 1196 1858 1253 1,
1883 1187 1946 1241 31
1983 1198 2000 1237 z
2039 1183 2199 1241 Vidit
2239 1185 2383 1240 Deus
2420 1183 2620 1240 cuncta

180 1268 320 1328 quae-
334 1257 561 1325 fecerat,
588 1259 642 1311 et
658 1259 818 1312 erant
841 1255 1006 1310 valde
1031 1254 1190 1319 bona,

255 1327 369 1382 Per
418 1325 532 1383 hoc
574 1330 773 1383 autem
804 1322 1333 1383 excluditur-error
1358 1322 1821 1382 Manichaeorum
1870 1323 2222 1395 ponentium
2266 1323 2617 1396 huiusmodi

176 1394 559 1454 substantias
586 1395 1045 1466 intellectualeS,
1074 1408 1225 1468 quas
1271 1394 1579 1453 daemones
1608 1399 1898 1452 consueto
1937 1396 2180 1453 nomine
2220 1394 2478 1452 dicimus
2521 1394 2617 1453 vel

176 1465 482 1536 diabolos,
503 1479 640 1524 esse
662 1465 1012 1524 naturaliter
1030 1465 1240 1523 malas.
1263 1465 1611 1524 Excluditur
1627 1465 1805 1522 etiam
1826 1465 2033 1536 opinio
2050 1479 2228 1537 quam
2252 1465 2447 1536 Porph
2490 1465 2619 1524 rius

175 1542 388 1596 narrat
413 1537 479 1594 in
507 1537 681 1609 epist.
733 1536 809 1596 ad
843 1536 1212 1595 Anebontem
1250 1536 1460 1594 dicens
1490 1556 1522 1588 «
1549 1535 1846 1608 quosdam
1870 1536 2104 1607 opinari
2143 1549 2278 1594 esse
2316 1549 2436 1608 quo
2481 1535 2619 1596 dam

177 1606 505 1682 spirituum
533 1620 749 1680 genuS,
778 1608 879 1666 eui
907 1606 1189 1665 exaudire
1237 1620 1449 1679 magos
1491 1605 1572 1664 sit
1600 1606 1927 1677 proprium,
1956 1612 2173 1664 natura
2199 1606 2400 1676 fallax,
2422 1606 2621 1664 omni-

175 1677 376 1736 forme
426 1677 724 1736 simulans
771 1677 918 1736 deos
972 1682 1033 1735 et
1080 1677 1358 1736 homines
1390 1681 1451 1734 et
1498 1676 1734 1734 animas
1768 1676 2184 1735 defunctorum
2209 1693 2228 1732 ε
2256 1682 2335 1734 et·
2359 1677 2475 1735 hoc
2524 1679 2620 1736 est

178 1748 351 1821 quod
374 1747 601 1806 efficiat·
624 1749 753 1807 haee
781 1747 988 1807 omnia
1014 1759 1152 1820 quae
1172 1746 1450 1805 videntur
1477 1760 1617 1805 esse
1642 1746 1736 1804 vel
1763 1746 1925 1806 bona
1948 1746 2043 1804 vel
2070 1761 2272 1818 prava,
2310 1752 2620 1805 caeterum·

177 1832 314 1891 que·
333 1818 496 1877 circa
526 1832 760 1892 eaquae
782 1832 920 1877 vere
944 1823 1090 1877 sunt
1116 1816 1276 1876 bona
1304 1817 1457 1875 nihil
1482 1816 1763 1889 opitulari
1795 1835 1812 1886 ;
1834 1818 1958 1874 imo
1985 1831 2128 1876 vero
2146 1818 2263 1875 ista
2278 1830 2391 1875 nec
2410 1830 2619 1887 nosse,

175 1888 293 1948 sed
321 1894 381 1947 et
405 1889 564 1948 mala
590 1889 914 1949 consiliare
936 1893 997 1947 et
1022 1888 1395 1957 insimulare,
1424 1893 1603 1961 atque
1628 1886 1916 1959 impedire
1959 1893 2018 1946 et
2069 1887 2335 1946 invidere
2374 1887 2616 1947 virtutis

180 1958 442 2019 sedulos
462 1964 812 2029 sectatoreS,
842 1959 1167 2031 etaplenum
1195 1972 1331 2018 esse
1355 1959 1706 2017 temeritatis
1734 1963 1794 2015 et
1831 1959 2063 2029 fastus3
2114 1957 2374 2031 gaudere
2416 1957 2617 2017 odori-

174 2029 377 2100 ribuS,
406 2030 855 2090 adulationibus
886 2029 1021 2112 capi
1047 2049 1103 2088 ».

246 2102 384 2159 Raec
402 2100 645 2174 quidem
662 2101 972 2183 Porphyrii
987 2100 1167 2158 verba
1182 2100 1472 2159 malitiam
1493 2099 1929 2169 daemonorum,
1942 2113 2198 2172 quorum
2215 2099 2442 2158 auxilio
2457 2104 2615 2159 artes

181 2170 442 2243 magicae
468 2177 738 2241 utuntur,
766 2176 916 2229 satis
935 2177 1137 2243 aperte
1155 2171 1478 2229 declarant.
1503 2172 1573 2227 In
1589 2170 1705 2229 hoc
1724 2175 1925 2228 autem
1953 2170 2089 2229 solo
2117 2168 2616 2242 reprehensibilia

174 2248 333 2302 sunt
356 2241 519 2316 quod
545 2243 701 2301 banc
729 2241 1019 2300 malitiam
1046 2242 1400 2302 naturaliter
1427 2240 1519 2299 eis
1550 2240 1695 2299 dicit
1722 2240 1949 2300 inesse.

1154 2460 1412 2527 CAPUT
1449 2461 1659 2550 εγω.

434 2634 968 2693 RATIONES-,QUIBUS
1000 2633 1257 2681 enorum
1290 2633 1551 2681 vnm‘rmt
1586 2634 1742 2688 QUOD
1774 2635 1842 2681 IN
1871 2633 2219 2683 nummus
2252 2634 2375 2683 nott

1013 2721 1246 2771 ,Possm
1279 2721 1425 2767 Esse
1458 2721 1764 2769 rnomwu

254 2877 318 2936 si
344 2882 545 2935 autem
571 2876 638 2933 in
664 2873 1043 2934 daemonlibus
1068 2887 1193 2933 non
1231 2879 1327 2933 est
1352 2875 1649 2932 naturalis·
1670 2873 1920 2945 malitia,
1954 2880 2269 2934 ostensum
2297 2880 2497 2934 autem
2525 2883 2618 2936 est

207 2959 343 3019 cap.
373 2946 496 3019 106)
525 2959 634 3004 eos
662 2959 799 3004 esse
824 2945 1040 3016 malos,
1070 2945 1415 3003 necessario
1435 2945 1794 3026 relinquitur
1811 2946 1971 3019 quod
1985 2945 2107 3004 sint
2125 2946 2431 3005 voluntate
2450 2947 2616 3007 mali.

239 3023 433 3089 portet
456 3016 646 3089 igitur
665 3016 969 3089 inquirere
995 3015 1300 3088 quomodo
1325 3015 1441 3074 hoc
1462 3015 1755 3088 possibile
1781 3016 1894 3087 sit3
1929 3016 2165 3075 videtur
2181 3017 2342 3075 enim
2363 3018 2613 3077 omnino

177 3088 310 3148 hoc
334 3085 710 3159 impossibile
729 3099 886 3145 esse.
907 3086 1230 3145 ostensum
1254 3090 1349 3144 est
1361 3086 1522 3144 enim
1538 3087 1605 3143 in
1624 3087 1893 3145 secundo
1915 3086 2066 3160 (cap,
2092 3092 2166 3146 70
2189 3093 2249 3145 et
2273 3088 2365 3159 90)
2386 3088 2616 3147 nullam

179 3157 588 3217 substantiam
601 3157 1061 3216 intellectualem
1077 3170 1215 3215 esse
1234 3157 1467 3228 corpori
1488 3157 1839 3215 naturaliter
1858 3158 2085 3215 unitam
2102 3158 2221 3216 nisi
2235 3158 2495 3216 animam
2512 3159 2615 3218 bu·

179 3240 454 3297 manain,
469 3228 585 3297 vel,
603 3227 936 3308 secundum
964 3227 1279 3300 quosdam,
1312 3228 1547 3308 animas
1577 3241 1897 3300 corporum
1919 3228 2273 3297 coelestium,
2294 3228 2369 3286 de
2394 3229 2615 3303 quibus

180 3298 628 3357 inconveniens
651 3303 745 3357 est
769 3304 1067 3356 aestimare
1099 3296 1260 3371 quod
1289 3303 1410 3355 sint
1444 3298 1637 3367 malm,
1668 3312 1806 3356 cum
1831 3304 2032 3357 motus
2053 3299 2389 3358 coelestium
2408 3312 2620 3371 corpo-

179 3380 329 3428 rum
356 3368 436 3426 sit
461 3368 949 3427 ordinatissimus
994 3372 1054 3426 et
1089 3368 1276 3427 totius
1304 3367 1544 3426 ordinis
1572 3368 1867 3427 naturalis
1894 3369 2155 3442 quodam
2183 3369 2363 3430 modo
2390 3370 2613 3443 princi-

181 3438 384 3512 pium.
413 3439 618 3497 Omnis
670 3443 872 3498 autem
900 3437 1021 3498 alia
1047 3439 1460 3521 cognoscitiva
1495 3438 1760 3511 potentia
1790 3446 2001 3510 praeter
2029 3440 2400 3499 intellectum
2427 3440 2615 3500 utitur

182 3522 230 3568 ο
347 3507 444 3567 nis
469 3509 880 3589 corporalibus
907 3510 1211 3569 animatis.
1241 3512 1373 3567 Non
1393 3513 1489 3568 est
1514 3523 1660 3582 ergo
1680 3509 1977 3591 possibile
1997 3510 2158 3585 quod
2179 3512 2244 3569 in
2263 3511 2614 3593 hujusmodi

167 3592 266 3639 -su
314 3580 552 3638 stantiis
578 3581 658 3639 sit
684 3580 888 3662 aliqua
912 3580 1103 3639 virtus
1132 3580 1546 3653 cognoscitiva
1574 3580 1694 3639 nisi
1724 3581 2093 3640 intellectus.·
2114 3581 2408 3654 Quicquid
2429 3582 2616 3654 igitur

180 3657 568 3779 goffnoscunt
612 3649 804 3709 intelli
892 3656 977 3709 nt.
1007 3652 1078 3708 ln
1100 3664 1172 3709 eo
1218 3656 1435 3710 autem·
1457 3651 1621 3724 quod
1646 3651 1789 3724 quis
1811 3651 2114 3725 intelligit,
2154 3665 2278 3710 non
2308 3656 2487 3711 errat.
2531 3653 2617 3710 Ex

186 3791 417 3865 aliquis
458 3805 627 3850 error
668 3792 735 3850 in
773 3791 1121 3865 cognitione
1150 3791 1623 3850 substantiarum
1643 3791 1881 3850 talium.
1910 3791 2022 3850 Nul
2051 3805 2150 3851 um
2180 3791 2617 3850 autem-volun-

182 3861 335 3919 tatis
357 3868 667 3934 peccatum
691 3866 891 3934 potest
907 3875 1045 3921 esse
1073 3863 1300 3943 absque
1322 3875 1523 3944 errore
1546 3880 1562 3931 ;
1593 3862 1737 3989 qluia
1761 3863 1948 3944 yolun
1960 3868 2058 3944 tas
2083 3875 2319 3933 semper
2342 3860 2535 3919 tendit
2550 3861 2618 3919 in

183 3931 420 3991 bonum
449 3933 893 4015 apprehensum
920 3950 937 3989 t
970 3931 1148 4001 unde,
1174 3945 1299 3990 nisi
1324 3946 1391 3990 in
1418 3945 1599 4004 appre
1645 3945 1897 3991 ensione
1916 3933 2062 3991 boni
2091 3937 2339 4012 erretur,
2365 3943 2492 3990 non
2518 3944 2623 4003 po-

184 4006 313 4061 test
357 4016 494 4085 esse
524 4017 590 4061 in
617 4003 926 4085 voluntate
948 4009 1299 4084 peccatum..
1326 4002 1572 4060 Videtur
1610 4002 1796 4076 igitur
1823 4003 1985 4076 quod
2011 4004 2077 4060 in
2108 4000 2455 4074 huJusmodi
2483 4002 2620 4061 sub-

186 4078 442 4132 stantiis
467 4087 591 4132 non
619 4078 818 4146 possit
843 4086 984 4132 esse
1011 4073 1337 4132 voluntatis
1365 4079 1697 4144 peccatum.

263 4142 486 4208 Adhuc,
510 4145 576 4201 in
595 4144 793 4215 nobiS,
822 4149 1147 4216 peccatum·
1163 4143 1491 4210 voluntatis
1520 4142 1739 4201 accidit
1764 4144 1927 4203 circa
1948 4157 2022 4201 ea
2047 4143 2120 4201 de
2147 4142 2369 4216 quibus
2396 4144 2461 4201 in
2489 4145 2622 4207 uni-

183 4213 413 4295 versali
442 4215 760 4274 scientiam
787 4228 990 4274 veram
1019 4214 1334 4283 habemuS,
1365 4227 1470 4285 per
1493 4212 1610 4272 hoc
1628 4214 1791 4287 quod
1818 4214 1884 4272 in
1911 4212 2253 4285 particulari
2292 4214 2619 4286 impeditur

159 4283 485 4357 ·jud1cium
514 4283 768 4345 rationis
795 4298 870 4344 ex
889 4285 1095 4358 aliqua
1115 4284 1401 4356 passione
1427 4283 1723 4341 rationem
1749 4285 1997 4356 ligante.
2028 4284 2126 4342 11ae
2154 4288 2354 4342 autem
2383 4285 2620 4357 passio-

159 4367 306 4412 —nes
351 4354 419 4413 in
457 4355 835 4415 daemonibus
864 4368 1005 4414 esse
1030 4368 1150 4412 non
1176 4360 1453 4427 possunt,
1484 4353 1628 4427 quia
1653 4354 1744 4412 hoe
1772 4354 2090 4425 passiones
2119 4359 2261 4412 sunt
2278 4355 2468 4428 partis
2488 4366 2623 4413 sen-

155 4424 414 4497 veitivae,
463 4438 604 4500 qum
647 4424 878 4486 nullam
922 4423 1104 4485 babet
1128 4423 1537 4498 operationem
1564 4424 1702 4483 sine
1732 4436 1962 4499 organo
1990 4424 2307 4498 corporali.
2339 4425 2402 4484 Si
2432 4424 2621 4497 igitur

294 3725 429 3779 ectu
475 3720 638 3780 enim
688 3720 813 3780 inte
839 3720 1066 3794 ligendi
1108 3721 1385 3793 provenit
1427 3721 1630 3779 omnis
1659 3735 1845 3779 error.
1875 3724 2009 3780 Non
2073 3728 2230 3781 otest
2250 3722 2450 3793 igitur·
2478 3733 2618 3780 esse
