3076 5025
304 337 315 354 ·
377 318 448 376 72
1250 311 1381 368 LIB.
1420 312 1465 374 1,
1508 311 1660 366 CAP.
1701 310 1928 367 vattl.

379 436 548 510 poris
579 445 759 492 cursu
785 436 1172 515 peraguntur,
1202 437 1381 503 61661
1426 445 1690 511 61165665
1728 443 1850 511 est,
1881 436 1948 488 ut
1987 444 2167 512 56616
2193 430 2346 557 (cass.
2374 428 2463 501 66)
2493 431 2810 487 6516651161

380 513 492 565 651.
529 506 899 576 Relinquitur
930 504 1110 575 igitur
1138 503 1293 582 quod
1327 503 1398 558 de
1444 502 1931 575 contingentibus
1980 502 2129 558 nihil
2177 514 2285 572 pro
2334 500 2452 558 ibet
2495 501 2680 557 Deum
2733 499 2809 559 ab

377 584 603 636 oeterno
635 575 944 632 5616611616
979 573 1353 630 infallibilem
1388 572 1627 628 babere.

450 649 601 708 Item,
635 646 992 716 contingens
1018 657 1053 700 a
1085 642 1426 699 necessario
1453 641 1669 710 differt,
1695 641 2025 699 secundum
2050 639 2212 713 quod
2242 641 2712 714 unumquodque
2743 641 2810 699 in

382 731 493 777 sua
525 729 710 773 causa
738 721 849 772 est.
886 714 1250 784 contingens
1281 713 1438 769 enim
1481 713 1570 769 sic
1609 713 1665 768 in
1711 726 1820 769 sua
1862 726 2045 768 causa
2072 716 2183 779 651,
2215 717 2280 768 61
2323 724 2441 768 666
2473 725 2607 768 6556
2636 726 2712 768 ex
2739 725 2813 770 ea

377 789 570 860 possit
625 793 684 842 61
738 798 892 842 6556.
943 783 1355 841 Necessarium
1392 797 1528 840 vero
1571 798 1642 838 ex
1685 795 1797 839 sua
1844 796 2028 839 causa
2073 795 2193 839 non
2245 787 2442 853 potest
2483 795 2604 838 non
2647 794 2808 840 esse.

380 855 711 915 Secundum
746 855 806 911 id
834 868 974 911 vero
1006 854 1164 926 qnod
1198 859 1509 926 utrumque
1540 866 1742 909 eorum
1785 852 1845 907 in
1890 865 1955 910 se
1986 858 2095 919 est,
2131 865 2249 909 666
2286 849 2479 908 differt
2518 858 2811 922 66661661

381 928 453 985 66
498 940 632 984 6556
678 940 857 996 56616
901 925 1059 997 6666
1115 924 1393 980 fundatur
1445 937 1670 980 verum.
1730 922 1880 990 Quia
1930 922 1992 979 in
2048 922 2413 992 contingenti
2475 922 2812 980 secundum

376 997 442 1055 16
478 997 635 1068 quod
682 999 743 1052 in
791 1011 856 1052 se
908 1001 1019 1062 est,
1049 1008 1171 1051 non
1220 1000 1310 1050 est
1358 1007 1493 1050 esse
1523 999 1582 1049 et
1632 1007 1747 1050 non
1796 1006 1952 1061 esse,
1984 992 2090 1050 sed
2138 993 2334 1050 solum
2380 1006 2537 1058 esse,
2570 992 2710 1050 licet
2743 993 2807 1049 16

375 1067 643 1125 'futui-uin
675 1067 1032 1136 contingens
1065 1064 1260 1135 possit
1288 1077 1407 1121 non
1435 1078 1591 1122 esse.
1616 1064 1863 1120 Divinus
1889 1068 2084 1120 autem
2117 1062 2456 1120 intellectus
2486 1062 2559 1119 ab
2583 1068 2809 1121 aeterno

379 1150 453 1196 co
500 1137 694 1194 noscit
722 1151 837 1205 165,
874 1149 990 1192 666
1035 1136 1232 1193 solum
1281 1136 1608 1191 secuudum
1664 1147 1821 1202 esse,
1852 1133 2010 1207 quod
2061 1133 2280 1190 habent
2317 1133 2380 1189 in
2420 1132 2622 1190 causis
2653 1134 2807 1204 suis,

377 1221 448 1265 se
518 1208 692 1263 etiam
726 1205 1053 1263 secundum
1105 1217 1243 1262 esse
1283 1204 1439 1277 quod
1487 1205 1707 1261 babent
1736 1205 1798 1261 in
1837 1203 2077 1274 seipsis.
2114 1203 2270 1259 Nihil
2316 1203 2499 1274 igitur
2537 1203 2812 1272 prohibet

378 1277 577 1350 ipsum
615 1277 826 1334 babere
857 1281 1136 1333 aeternam
1167 1275 1571 1347 cognitionem
1617 1274 1689 1331 de
1723 1273 2210 1345 contingentibus
2243 1273 2638 1330 infallibilem.

449 1349 724 1416 Amplius,
751 1346 908 1403 51661
936 1361 1007 1403 ex
1036 1359 1219 1403 causa
1250 1346 1587 1403 necessaria
1620 1345 2112 1401 certitudinaliter
2138 1345 2407 1414 sequitui·
2430 1342 2701 1411 effectuS,
2726 1343 2814 1401 ita

382 1431 455 1477 ex
484 1432 668 1475 causa
696 1416 1062 1486 contingenti
1096 1417 1410 1485 completa,
1441 1417 1492 1472 si
1525 1429 1644 1473 666
1675 1415 2047 1485 impediatur.
2080 1414 2191 1471 Sed
2226 1428 2359 1470 cum
2389 1416 2546 1471 Deus
2576 1427 2807 1486 cogno-

380 1494 509 1546 scat
540 1488 762 1547 omnia.
796 1493 953 1542 61611
983 1499 1165 1555 56616
1190 1486 1365 1542 616115
1396 1486 1547 1557 (666.
1581 1484 1668 1557 50)
1701 1491 1877 1555 patet,
1901 1485 2017 1543 5611
2043 1499 2162 1542 666
2195 1484 2390 1542 561616
2421 1498 2640 1542 causas
2666 1498 2814 1541 con·

377 1558 761 1638 ling-entium,
793 1558 897 1613 sed
929 1556 1106 1613 etiam
1135 1570 1204 1635 ea
1243 1556 1461 1634 quibus
1506 1563 1761 1626 possunt
1789 1555 2080 1627 impediri.
2110 1554 2232 1612 Scit
2270 1554 2453 1627 igitur
2497 1568 2603 1626 per
2631 1555 2808 1612 66111-

377 1629 650 1686 tudinem
682 1640 755 1683 66
786 1626 1197 1699 contingentia
1229 1633 1372 1694 51111,
1406 1627 1495 1683 vel
1528 1640 1647 1682 666
1681 1626 1823 1684 5161.

454 1698 673 1764 Adhuc,
720 1695 991 1753 effectum
1041 1695 1323 1753 excedere
1353 1710 1478 1754 suae
1516 1711 1713 1753 caiisae
1748 1695 2168 1767 perfectionem
2199 1708 2319 1753 non
2349 1695 2644 1766 contingit
2668 1713 2683 1764 ;
2710 1694 2806 1753 in-

382 1767 614 1826 terdum
650 1774 846 1823 tamen
878 1766 951 1824 ab
980 1780 1052 1824 66
1081 1765 1300 1832 6611611,
1334 1768 1513 1834 6666,
1547 1779 1681 1823 6661
1713 1767 1772 1821 16
1805 1766 1982 1823 661115
2013 1781 2084 1823 ex
2105 1766 2286 1825 rebus
2310 1767 2578 1838 cognitio
2598 1780 2806 1823 66656-

380 1843 501 1906 tur,
549 1837 843 1909 eontingit
889 1836 1184 1893 interdum
1232 1838 1389 1916 quod
1437 1837 1778 1895 necessaria
1819 1850 1941 1893 non
1994 1851 2098 1908 per
2142 1836 2383 1894 modum
2427 1837 2809 1894 necessitatis

384 1908 832 1978 cognoscimus,
877 1906 981 1964 sed
1021 1906 1481 1988 probabilitatis.
1521 1907 1682 1965 Sicut
1730 1913 1925 1964 autem
1971 1906 2122 1978 apud
2175 1921 2288 1965 nos
2317 1921 2412 1964 res
2438 1913 2579 1962 sunt
2605 1919 2806 1965 causae

387 1978 774 2048 coguitioniS,
807 1978 885 2035 ita
916 1976 1116 2034 divina
1144 1978 1411 2048 cognitio
1450 1983 1540 2034 est
1567 1991 1750 2035 66656
1781 1991 1977 2034 161616
2008 1978 2402 2050 cognitarum.
2435 1976 2594 2033 Nihil
2624 1977 2813 2049 igitui-

383 2047 674 2174 pmhifleb
697 2062 769 2104 ea
805 2047 867 2103 in
904 2061 970 2104 se
1014 2048 1422 2119 contingentia
1451 2062 1607 2116 6556,
1640 2047 1711 2105 66
1740 2047 1957 2120 quibus
1988 2050 2146 2105 Deus
2180 2048 2580 2105 necessariam
2611 2047 2808 2104 scien-

383 2118 529 2176 tiam
603 2134 635 2174 a
678 2124 753 2174 et.

455 2190 742 2254 Praei-ea,
773 2185 1022 2245 effectus
1051 2200 1171 2245 non
1243 2192 1398 2245 otest
1425 2201 1560 2244 esse
1595 2188 1996 2255 66665561165,
2027 2188 2198 2256 cujus
2228 2201 2410 2245 causa
2452 2193 2545 2245 est
2571 2188 2810 2246 contin·

386 2271 561 2331 genS.
582 2258 961 2329 contingeret
978 2258 1135 2314 66161
1157 2272 1188 2314 6
1239 2265 1429 2315 661616
1454 2272 1612 2326 6556,
1632 2265 1858 2315 1661616
1884 2273 2087 2316 66656.
2114 2257 2368 2316 Effectus
2389 2264 2584 2315 661661
2614 2258 2812 2316 6111611

385 2342 574 2387 caiisa
600 2335 691 2385 est
718 2333 775 2384 et
808 2328 1076 2398 proxima
1102 2335 1160 2385 et
1189 2336 1432 2385 remota.
1467 2329 1522 2385 Si
1558 2329 1741 2400 igitur
1763 2328 2036 2399 proxima
2061 2329 2235 2385 fuerit
2262 2330 2645 2401 contingens,
2678 2329 2810 2401 eJus

388 2396 666 2456 effectum
698 2403 1138 2469 contingentem
1172 2405 1403 2469 6661161
1429 2413 1584 2465 6556,
1607 2400 1837 2456 61161651
1871 2413 2054 2456 66656
2083 2403 2308 2457 remota
2338 2400 2682 2458 6666556116
2708 2400 2808 2467 511,

394 2467 553 2528 51661
599 2471 814 2541 ptantae
883 2481 1000 2525 non
1054 2469 1398 2527 necessario
1465 2470 1821 2527 fructificant
1844 2511 1858 2537 ‚
1920 2472 2193 2543 quamvis
2252 2476 2449 2529 motus
2507 2471 2662 2529 solis
2731 2470 2814 2529 sit

386 2542 798 2606 necessarius,
832 2547 1070 2610 propter
1115 2554 1331 2597 causas
1375 2540 1602 2597 medias
1647 2540 2084 2612 contingentes.
2135 2540 2391 2600 Scientia
2435 2548 2635 2599 661661
2682 2542 2810 2613 061,

389 2610 498 2668 6151
534 2612 613 2667 511
639 2623 821 2667 66656
859 2623 1052 2666 rerum
1085 2611 1365 2667 5611616111
1402 2626 1501 2681 661
1528 2612 1739 2681 ipsam,
1777 2618 1867 2668 est
1891 2617 2089 2669 tamen
2119 2625 2304 2670 66656
2331 2619 2554 2670 1616616
2580 2626 2813 2670 eorum.

389 2681 577 2752 Igitur
622 2680 965 2738 necessitati
1014 2682 1298 2738 scitorum
1349 2682 1760 2752 contingentia
1805 2695 1927 2739 non
1971 2688 2281 2756 repugnat,
2318 2697 2453 2740 cum
2502 2683 2820 2756 contingat

387 2763 607 2811 causas
641 2750 1025 2808 intermedias
1057 2752 1471 2824 contingentes
1497 2766 1651 2809 esse.

458 2822 610 2889 Iceni,
642 2822 896 2878 scientia
928 2821 1027 2878 Dei
1060 2836 1198 2879 vera
1228 2836 1346 2880 666
1379 2829 1535 2880 65561
1566 2829 1623 2878 61
1652 2822 1928 2892 perfecta,
1957 2822 2008 2880 si
2042 2836 2163 2880 non
2195 2822 2309 2880 1166
2340 2823 2519 2881 61666
2549 2836 2648 2882 165
2679 2837 2815 2882 6116-

388 2889 605 2960 611661,
639 2892 796 2948 51661
826 2893 981 2948 0665
1012 2906 1114 2948 665
1144 2893 1379 2948 61166116
1410 2893 1740 2965 cognoscit.
1776 2895 1930 2950 Deus
1981 2899 2177 2950 autem
2224 2907 2357 2951 cum
2408 2895 2487 2950 sit
2533 2894 2816 2966 cognitor

386 2962 575 3019 1611115
602 2975 737 3018 6556
767 2964 939 3031 cujus
967 2968 1058 3016 est
1088 2962 1464 3031 principium,
1497 2963 1809 3030 cognoscit
1842 2978 2322 3035 unumquemque
2356 2962 2653 3033 effectum,
2685 2978 2812 3022 6611

390 3030 586 3088 561661
617 3032 677 3085 16
708 3045 793 3092 56,
826 3030 927 3087 566
962 3032 1139 3087 611616
1179 3032 1238 3087 16
1276 3032 1484 3088 ordine
1529 3034 1601 3088 ad
1638 3033 1935 3105 quaslibet
1964 3047 2108 3091 suas
2142 3048 2378 3095 causaS.
2412 3035 2566 3093 0166
2606 3040 2806 3092 autem

387 3101 861 3169 contingentium
892 3100 963 3157 ad
995 3115 1141 3158 suas
1169 3115 1384 3158 causas
1430 3116 1731 3172 proximas
1771 3109 1862 3160 est
1901 3110 1964 3162 ut
2005 3105 2422 3176 contingenter
2450 3121 2521 3162 ex
2548 3104 2633 3162 eis
2662 3118 2800 3176 pro-

388 3171 649 3227 veniant.
689 3172 1011 3241 Cognoscit
1057 3171 1239 3242 igitur
1289 3175 1443 3228 0665
1489 3173 1689 3244 611666
1727 3174 1983 3241 evenire,
2017 3181 2075 3232 61
2103 3176 2518 3256 contingenter
2543 3174 2796 3232 evenire.

388 3239 694 3367 {iclilgitur
721 3240 935 3298 divinae
964 3240 1229 3298 scientiae
1257 3242 1550 3300 certitudo
1579 3248 1637 3300 et
1671 3244 1885 3302 veritas
1931 3259 2128 3302 rerum
2173 3247 2638 3319 contingentiam
2680 3257 2807 3304 non

415 3324 454 3369 6
504 3326 519 3366 1
556 3354 569 3367 .

461 3383 626 3437 Ρ6161
654 3380 836 3452 igitur
862 3395 934 3438 ex
962 3381 1158 3450 616115,
1233 3383 1490 3441 uomodo
1513 3384 1768 3455 objectio
1797 3386 2199 3455 cognitionem
2231 3387 2710 3459 contingentium
2743 3387 2810 3445 16

388 3452 511 3531 Deo
544 3452 904 3531 impugnans
933 3450 1013 3506 sit
1041 3396 1396 3532 repeflenda.
1432 3457 1557 3534 Non
1592 3457 1749 3512 66116
1796 3456 2194 3526 posteriorum
2226 3458 2473 3515 variatio
2503 3458 2810 3539 prioribus

387 3523 841 3601 variabili-tatem
870 3520 1117 3602 inducit,
1149 3536 1281 3579 cum
1314 3531 1620 3605 contingat
1662 3541 1730 3582 ex
1778 3527 1982 3583 causis
2026 3529 2384 3586 necessariis
2429 3529 2639 3598 primis
2665 3527 2810 3585 effe-

389 3595 521 3649 6165
566 3591 808 3650 61116165
846 3597 1262 3664 contingentes
1306 3608 1638 3664 provenire.
1673 3599 1782 3653 Res
1820 3603 2017 3654 autem
2064 3612 2100 3654 6
2144 3599 2264 3655 066
2293 3599 2480 3666 561116,
2513 3612 2634 3655 666
2665 3604 2812 3656 5661

386 3662 620 3742 priores
650 3661 779 3731 ejiis
808 3662 1078 3725 56166116,
1111 3663 1267 3721 51661
1304 3667 1459 3735 6666
1507 3679 1618 3722 665
1663 3671 1773 3731 651,
1805 3667 1909 3724 sed
1960 3675 2097 3724 sunt
2142 3683 2236 3724 ea·
2258 3669 2641 3739 posteriores.
2675 3672 2810 3727 Ν66

389 3733 902 3812 13116156661161,
942 3732 992 3791 51
1042 3733 1100 3790 16
1147 3734 1304 3806 quod
1355 3743 1446 3793 est
1483 3751 1519 3792 a
1560 3738 1677 3792 066
1720 3737 1934 3794 5611616
1967 3738 2178 3815 variari
2223 3745 2436 3809 potest,
2467 3740 2627 3811 quod
2674 3738 2810 3810 ejus

390 3808 642 3858 56166116
687 3808 881 3872 665511
928 3802 1082 3873 salli,
1118 3806 1208 3861 vel
1256 3806 1765 3878 qualitercumque
1797 3809 2028 3865 variari.
2060 3809 2394 3866 Secundum
2424 3823 2808 3882 consequens

388 3870 574 3943 igitur
620 3871 983 3953 decipimur-3
1030 3873 1137 3931 sed
1165 3876 1307 3956 quia
1336 3883 1540 3934 665116
1572 3878 1835 3946 cognitio
1867 3892 2061 3935 rerum
2096 3880 2466 3936 variabilium
2499 3881 2810 3938 variabilis

388 3947 499 4003 651,
534 3948 767 4011 propter
801 3943 999 4024 116616
1032 3958 1193 4002 61661
1222 3948 1566 4017 cognitione
1601 3948 1709 4004 1166
1742 3962 2084 4006 6666556116
2114 3949 2382 4007 66616616
2415 3956 2672 4020 putatur.

456 4013 686 4091 Rursus.
721 4026 854 4092 cum
884 4013 1098 4072 dicitur
1128 4034 1141 4070 :
1174 4018 1328 4073 Deus
1358 4017 1589 4074 56111161
1629 4018 1798 4075 scivit
1849 4020 1958 4076 boc
2003 4019 2284 4087 futurum,
2317 4020 2576 4077 medinm
2613 4021 2810 4091 6666-

389 4079 523 4140 dam
556 4084 1024 4163 66616116116161
1055 4085 1311 4143 divinam
1344 4088 1653 4145 scientiam
1685 4095 1742 4145 et
1783 4104 1902 4146 rem
1944 4090 2176 4159 scitam,
2210 4091 2441 4148 56111661
2473 4097 2710 4161 1661665
2743 4092 2811 4149 16

388 4166 508 4226 666
557 4159 648 4209 651
688 4153 931 4220 1666116,
963 4162 1229 4227 16566616
1271 4157 1442 4227 eujus
1487 4158 1543 4213 id
1593 4158 1751 4231 quod
1780 4176 1812 4215 a
1844 4161 1962 4217 066
1995 4161 2208 4217 scitum
2253 4159 2469 4218 dicitur
2507 4168 2600 4218 est
2645 4162 2810 4218 futu-

386 4235 518 4280 rum
554 4236 717 4304 gnon
749 4232 943 4282 autem
976 4232 1067 4282 est
1097 4229 1353 4284 futurum
1391 4236 1656 4299 r··speetu
1693 4229 1906 4286 divinae
1935 4230 2219 4292 scientiae.
2243 4245 2374 4303 quae
2401 4231 2461 4285 16
2496 4236 2812 4291 6161661116

388 4298 734 4352 mei-nitatis
764 4296 1026 4375 existens
1055 4298 1124 4353 ad
1161 4299 1362 4355 omnia
1407 4300 1855 4369 praesentialiter
1882 4313 1946 4357 56
1979 4300 2190 4364 habet;
2218 4307 2487 4371 respectu
2519 4301 2716 4373 cujus,
2752 4303 2814 4362 si

387 4369 623 4435 tempus
664 4366 986 4423 locutionis
1014 4366 1086 4424 de
1115 4370 1311 4426 medio
1341 4371 1740 4437 subtrabatur,
1784 4383 1898 4426 666
1930 4376 2022 4428 651
2048 4371 2242 4428 616616
2282 4373 2394 4428 1166
2426 4385 2560 4429 6556
2590 4373 2812 4444 cogni-

389 4438 536 4505 tum,
558 4436 728 4508 quasi
759 4449 879 4494 666
905 4436 1188 4508 existens,
1216 4441 1488 4496 61166661
1512 4441 2126 4513 habeatquaestioqua
2144 4442 2428 4514 quaeritui·
2453 4460 2469 4498 :
2490 4446 2579 4499 An
2605 4443 2813 4513 possit
