3076 5025
439 292 521 348 32
1354 285 1486 341 ΠΒ.
1527 285 1575 351 1,
1615 283 1767 340 CAP.
1809 283 1998 338 LXXV.

524 412 632 470 Am
674 411 801 478 lius,
831 417 1203 481 unaquaeque
1231 408 1419 463 virtus
1471 406 1546 463 ad
1603 419 1780 463 suum
1829 405 2124 476 objectum
2170 401 2498 475 principale
2549 400 2886 459 secundum

455 494 626 555 aequa
653 483 850 537 itatem
874 479 1378 551 proportionetur.
1406 480 1553 533 Nam
1583 477 1774 532 virtus
1817 476 1899 531 rei
1948 473 2272 532 secundum
2315 472 2544 544 objecta
2572 485 2888 529 mensura·

452 558 569 621 tur,
594 558 657 609 ut
679 557 839 623 patet
859 566 963 621 per
991 549 1419 619 Philosophum
1453 547 1514 603 in
1538 547 1731 617 primo
1754 550 1831 602 De
1857 547 1982 601 coelo
1999 550 2050 600 et
2069 545 2267 598 mundo
2299 543 2457 614 (text.
2486 556 2704 623 comm.
2742 541 2890 614 117).

451 624 740 680 voluntas
770 622 953 694 igitur
999 620 1277 678 essentiae
1333 633 1405 675 ex
1433 631 1606 690 aequo
1658 617 2139 697 proportionatur
2193 613 2505 686 principali
2534 614 2795 694 objecto,
2828 617 2890 669 et

455 693 734 752 similiter
782 691 1144 759 intellectus,
1180 695 1238 747 et
1295 689 1472 746 etiam
1519 701 1759 746 sensus.
1793 690 2018 743 Divinae
2059 690 2256 742 autem
2286 683 2573 741 voluntati
2628 682 2784 739 nihil
2818 697 2896 740 ex

455 777 628 890 aequo
657 762 1144 835 proportionatur
1168 760 1283 841 nisi
1317 759 1448 841 ejus
1477 759 1760 816 essentia.
1785 758 1972 829 Igitur
1992 755 2318 828 principale
2339 753 2638 826 obJectum
2667 753 2890 812 divinae

452 847 530 892 vo
557 834 780 891 uniatis
810 837 899 890 est
927 831 1193 889 essentia
1224 830 1448 887 divina.
2793 863 2814 884 x

525 906 670 961 Cum
701 908 897 961 autem
946 902 1148 960 divina
1187 901 1450 957 essentia
1496 899 1576 957 sit
1602 899 1706 955 Dei
1754 897 2089 979 intelligere
2130 901 2187 953 et
2234 895 2437 952 omnia
2482 893 2604 951 alia
2645 908 2783 975 qua}
2828 893 2894 951 in

452 973 589 1055 ipso
609 987 744 1032 esse
773 974 1072 1039 dicuntur,
1098 971 1482 1028 manifestum
1514 977 1606 1027 est
1638 970 1887 1026 ulterius
1927 967 2086 1038 quod
2129 966 2356 1047 eodem·
2375 963 2555 1046 modo
2590 977 2895 1045 principa-

452 1044 592 1101 liter
638 1045 764 1102 vult
804 1058 870 1102 se
916 1043 1272 1115 intelligere,
1303 1055 1370 1099 se
1405 1041 1580 1109 velle,
1611 1054 1677 1098 se
1717 1053 1850 1097 esse
1894 1050 2102 1094 unum.
2143 1039 2211 1094 Et
2258 1034 2540 1109 quicquid
2584 1035 2754 1092 aliud
2803 1038 2898 1092 est

454 1113 821 1187 hujusmodi.
855 1112 900 1186 (Ι
924 1119 1098 1187 part„
1128 1127 1186 1185 q.
1217 1124 1341 1182 xm,
1372 1114 1480 1170 art.
1512 1116 1534 1167 1
1569 1110 1642 1168 ad
1673 1114 1734 1179 33
1765 1114 1824 1166 et
1849 1111 1927 1165 De
1952 1111 2185 1178 potent„
2217 1121 2274 1180 q.
2306 1119 2395 1175 111,
2426 1109 2535 1163 art.
2571 1110 2635 1162 ¹7
2672 1105 2751 1163 ad
2773 1104 2895 1177 u.)

1398 1319 1654 1386 CAPUT
1715 1318 1935 1382 LXXV.

864 1487 1015 1542 ouon
1058 1488 1228 1546 nnus,
1267 1486 1541 1533 votmo
1590 1485 1873 1544 512,va
1903 1485 2094 1534 mm
2131 1486 2274 1534 ma
2308 1486 2352 1532 a
2388 1484 2476 1532 sn.

530 1648 679 1705 Hinc
698 1651 895 1705 autem
925 1645 1159 1705 ostendi
1188 1650 1388 1719 potest
1412 1645 1575 1718 quod
1602 1648 1781 1716 Deus,
1812 1646 2068 1704 volendo
2093 1661 2181 1716 se,
2205 1645 2330 1702 vult
2348 1645 2528 1703 etiam
2546 1645 2686 1703 alia.
2711 1645 2898 1716 Cujus

462 1724 555 1776 est
599 1717 758 1775 enim
797 1716 948 1774 velle
987 1716 1167 1774 finem
1214 1717 1642 1787 principaliter,
1674 1716 1808 1774 e‘us
1851 1723 1943 1774 est
1972 1717 2120 1774 velle
2156 1732 2228 1774 ea
2264 1730 2396 1796 quae
2428 1722 2571 1774 sunt
2605 1716 2681 1774 ad
2709 1714 2898 1795 finem

458 1788 691 1847 ratione
728 1785 889 1845 finis,
918 1789 1020 1845 Est
1042 1793 1241 1844 autem
1280 1787 1408 1858 ipse
1458 1789 1614 1844 Deus
1661 1802 1698 1845 u
1729 1788 1909 1844 timus
1960 1801 2160 1845 rerum
2191 1785 2354 1855 finis,
2377 1791 2444 1844 ut
2479 1801 2552 1844 ex
2591 1787 2900 1858 praedictis

458 1858 615 1930 (cap.
646 1857 921 1930 praeced.)
946 1858 1328 1930 aliquatenus
1365 1863 1544 1927 patet.
1578 1859 1660 1913 Ex
1708 1857 1822 1915 hoc
1848 1857 2029 1929 igitur
2066 1858 2226 1930 quod
2255 1858 2382 1916 vult
2407 1870 2476 1916 se
2522 1870 2684 1927 esse,
2716 1858 2898 1915 etiam

457 1930 580 1987 alia
599 1929 744 1996 vult,
772 1942 905 2001 quae
935 1929 998 1985 in
1032 1929 1228 1999 ipsum
1263 1928 1420 1986 sicut
1439 1928 1504 1984 in
1535 1927 1716 1985 finem
1748 1928 2119 1987 ordinantur.
2785 1945 2794 1953 ·

528 2000 681 2063 item,
710 2013 867 2056 unus
913 1998 1127 2072 uisque
1180 1999 1308 2070 ejus
1390 1997 1502 2056 uod
1555 2005 1647 2056 est
1690 2005 1929 2070 propter
1959 1999 2226 2069 seipsum
2279 1997 2524 2070 abipso
2552 1996 2813 2056 volitum
2840 2002 2900 2055 et

456 2076 742 2133 amatum,
777 2084 879 2141 per
905 2070 1199 2127 actionem
1227 2070 1353 2127 desi
1399 2074 1544 2126 erat.
1578 2069 1721 2137 Quae
1750 2070 1908 2126 enim
1939 2075 2179 2150 propter
2198 2084 2264 2127 se
2285 2083 2580 2138 amamus,
2608 2071 2897 2127 volumus

459 2153 597 2198 esse
645 2141 870 2211 optima
912 2145 971 2197 et
1016 2154 1251 2211 semper
1278 2140 1548 2207 meliora,
1580 2144 1639 2197 et
1684 2140 2087 2211 multiplicari,
2134 2146 2419 2213 quantum
2453 2139 2750 2212 possibile
2779 2145 2893 2198 est.

462 2212 596 2282 lpse
626 2215 823 2267 autem
862 2213 1021 2268 Deus
1063 2211 1388 2269 essentiam
1430 2224 1604 2268 suam
1653 2216 1892 2282 propter
1935 2211 2193 2281 seipsam
2237 2211 2364 2268 vult
2415 2217 2475 2268 et
2522 2214 2723 2279 amat;
2776 2223 2896 2267 non

459 2286 659 2338 autem
689 2280 1019 2344 secundum
1049 2295 1114 2339 se
1158 2281 1620 2353 augmentabilis
1649 2287 1706 2338 et
1761 2281 2234 2353 multiplicabilis
2261 2286 2374 2349 est,
2397 2287 2461 2338 ut
2492 2295 2565 2338 ex
2589 2281 2900 2352 supradic-

457 2351 539 2409 tis
585 2351 734 2423 (cap.
765 2351 856 2432 42)
905 2358 999 2409 est
1048 2352 1609 2419 manifestum;sed
1659 2351 1859 2409 solum
1905 2352 2381 2423 multiplicabilis
2427 2358 2518 2409 est
2560 2352 2896 2410 seeundum

459 2434 631 2479 suam
667 2422 1142 2491 similitudinem,
1173 2437 1304 2495 quae
1331 2438 1367 2479 a
1392 2422 1598 2479 multis
1642 2423 2047 2493 participatur.
2075 2423 2211 2479 Vult
2258 2423 2441 2494 igitur
2491 2424 2653 2479 Deus
2701 2435 2896 2479 rerum

457 2493 923 2558 multitudinem,
955 2508 1026 2551 ex
1056 2493 1169 2551 hoc
1200 2493 1361 2566 quod
1390 2507 1563 2551 suam
1592 2494 1917 2552 essentiam
1944 2499 2002 2550 et
2033 2493 2453 2565 perfectionem
2481 2494 2606 2551 vult
2628 2499 2690 2551 et
2713 2498 2893 2551 amat.

530 2565 806 2633 Amplius,
838 2564 1198 2636 quicumque
1241 2570 1400 2622 amat
1428 2564 1652 2637 aliquid
1703 2565 2029 2622 secundum
2067 2579 2131 2622 se
2175 2570 2232 2621 et
2260 2569 2497 2635 propter
2541 2566 2747 2635 ipsum
2777 2564 2898 2621 vult

458 2646 567 2705 per
594 2648 970 2707 consequens
1001 2635 1206 2692 omnia
1232 2635 1294 2691 in
1327 2634 1548 2708 quibus
1576 2634 1720 2691 illud
1753 2634 2089 2704 invenitur3
2123 2636 2301 2707 utqui
2327 2641 2484 2691 amat
2510 2634 2892 2692 dulcedinem

457 2710 703 2776 propter
746 2705 960 2776 ipsam,
991 2710 1224 2776 oportet
1266 2705 1426 2779 quod
1467 2706 1671 2762 omnia
1708 2705 1909 2763 dulcia
1956 2710 2132 2763 amet.
2165 2706 2278 2763 Sed
2325 2708 2484 2763 Deus
2534 2719 2717 2763 suum
2764 2718 2897 2764 esse

458 2775 790 2832 secundum
837 2789 902 2834 se
950 2781 1008 2832 et
1050 2781 1289 2847 propter
1326 2777 1523 2847 ipsum
1572 2774 1699 2833 vult
1740 2781 1798 2832 et
1844 2782 2023 2845 amat,
2074 2783 2138 2832 ut
2187 2790 2370 2847 supra
2413 2775 2566 2848 (cap.
2615 2776 2900 2846 praeced.)

459 2851 769 2904 ostensum
801 2853 911 2904 est.
939 2848 1125 2904 Omne
1155 2853 1352 2904 autem
1383 2846 1545 2904 aliud
1593 2860 1728 2903 esse
1773 2853 1866 2904 est
1910 2846 2180 2918 quaedam
2229 2848 2324 2905 sui
2377 2860 2512 2905 esse
2559 2847 2900 2905 secundum

458 2916 913 2972 similitudinem
950 2916 1347 2988 participatio,
1382 2922 1444 2974 ut
1483 2931 1558 2973 ex
1601 2917 1901 2988 praedictis
1951 2918 2101 2989 (cap.
2142 2917 2233 2990 29)
2288 2917 2668 2989 aliquatenus
2712 2922 2900 2988 patet.

457 2986 834 3110 Reliitiqiliitur
861 2986 1047 3059 igitur
1070 2987 1229 3060 quod
1251 2990 1408 3045 Deus
1439 3001 1515 3044 ex
1536 2986 1653 3044 hoc
1682 2987 1816 3059 ipso
1841 2988 2001 3061 quod
2047 2987 2174 3045 vult
2219 2993 2278 3045 et
2320 2992 2482 3046 amat
2528 3002 2614 3060 se,
2667 2988 2801 3045 vult
2844 2992 2908 3048 et

458 3067 594 3112 ama
647 3070 682 3112 a
708 3070 787 3112 ia.

527 3125 744 3188 Adhuc,
778 3127 957 3195 Deus,
983 3125 1242 3207 volendo
1271 3139 1357 3195 se,
1387 3127 1515 3184 vult
1540 3128 1744 3186 omnia
1784 3143 1916 3201 quae
1962 3130 2027 3186 in
2065 3129 2200 3201 ipso
2230 3135 2392 3189 sunt.
2425 3128 2632 3189 Omnia
2683 3132 2899 3187 autem

457 3194 899 3265 quodammodo
927 3202 1314 3268 praeexlstunt
1340 3197 1401 3254 in
1434 3198 1567 3269 ipso
1595 3214 1698 3270 per
1727 3200 1996 3271 proprias
2027 3201 2311 3270 rationeS,
2333 3206 2397 3258 ut
2424 3214 2603 3273 supra
2621 3197 2776 3271 (cap.
2819 3203 2902 3261 28

455 3272 518 3324 et
545 3266 632 3337 54)
661 3272 969 3324 ostensum
1004 3271 1113 3323 est.
1151 3269 1310 3325 Deus
1341 3269 1545 3341 igitur,
1575 3270 1830 3328 volendo
1857 3285 1945 3339 se,
1976 3272 2154 3329 etiam
2176 3272 2295 3329 alia
2311 3272 2457 3330 vult.

526 3337 680 3406 Item,
711 3343 934 3410 quanto
986 3337 1212 3409 aliquid
1255 3342 1346 3395 est
1389 3339 1762 3411 perfectioris
1803 3341 2039 3399 virtutis
2091 3348 2254 3399 tanto
2298 3356 2411 3400 sua
2447 3339 2780 3400 causalitas
2827 3340 2908 3401 ad

455 3404 633 3487 plura
661 3422 725 3465 se
755 3408 1037 3488 extendit,
1066 3414 1124 3489 et
1152 3408 1212 3464 in
1236 3410 1430 3481 magis
1460 3417 1710 3492 remota,
1741 3416 1806 3469 ut
1826 3424 2005 3482 supra
2037 3385 2189 3485 (cap.
2217 3413 2308 3486 70)
2341 3413 2706 3492 dictumest.
2755 3413 2910 3471 Cau-

458 3477 668 3535 salitas
698 3483 896 3559 autem
924 3477 1066 3559 finis
1095 3491 1156 3535 in
1174 3478 1290 3537 hoc
1318 3487 1596 3538 consistit
1626 3482 1781 3554 quod
1815 3489 2054 3554 propter
2081 3483 2276 3555 ipsum
2309 3484 2428 3542 alia
2453 3482 2905 3542 desiderantur.

458 3547 693 3613 Quanto
722 3549 906 3619 igitur
931 3548 1071 3606 finis
1101 3553 1193 3606 est
1218 3551 1536 3621 perfectior
1564 3558 1621 3610 et
1654 3553 1847 3625 magis
1869 3554 2110 3621 velitne,
2129 3560 2294 3612 tanto
2325 3555 2605 3613 voluntas
2635 3552 2908 3612 volentis

454 3616 637 3673 finem
666 3618 738 3698 ad
768 3619 942 3700 plura
969 3620 1308 3701 extenditur
1334 3623 1564 3681 ratione
1594 3622 1733 3680 finis
1775 3622 1960 3680 illiue.
1994 3624 2206 3682 Divina
2252 3630 2448 3683 autem
2488 3624 2764 3682 essentia
2811 3630 2910 3684 est

452 3689 894 3768 perfectissima
922 3702 986 3746 m
1006 3696 1235 3748 ratione
1264 3691 1550 3750 honitatis
1573 3699 1630 3749 et
1648 3692 1806 3749 flniS.
1839 3694 2025 3765 igitur
2049 3695 2340 3753 diffundet
2368 3709 2540 3754 suam
2566 3694 2905 3755 causalita-

454 3762 574 3814 tem
607 3771 843 3839 maifme
893 3759 966 3818 ad
1005 3760 1212 3831 multa,
1241 3767 1306 3818 ut
1332 3770 1571 3834 propter
1597 3765 1788 3833 ipsam
1838 3766 2027 3823 multa
2047 3766 2170 3823 sint
2196 3767 2397 3835 volita,
2424 3773 2484 3822 et
2524 3765 2841 3838 praecipue
2871 3778 2914 3827 a

453 3827 598 3896 Deo,
631 3843 731 3899 qui
764 3843 895 3887 eam
928 3832 1259 3890 secundum
1307 3837 1488 3891 totam
1538 3846 1707 3891 suam
1758 3834 2031 3893 virtutem
2066 3836 2321 3908 perfecte
2354 3835 2500 3893 vult.

528 3899 816 3978 Rraejterea,
850 3900 1127 3961 voluntas
1161 3904 1551 3976 consequitur
1582 3904 1980 3971 intellectum;
2008 3907 2112 3965 sed
2144 3910 2301 3966 Deus
2332 3905 2635 3965 intellectu
2668 3919 2797 3965 suo
2822 3907 2914 3966 in·

452 3965 672 4093 &¹¹5³ss
700 3982 766 4028 se
793 3972 1199 4043 principaliter
1246 3975 1390 4030 etin
1408 3988 1473 4032 se
1502 3975 1784 4049 intelligit
1814 3978 2020 4035 omnia
2046 3977 2185 4037 alia.
2221 3979 2414 4051 Igitur
2440 3977 2723 4036 similiter
2740 3979 2911 4050 prin-

453 4049 587 4110 cipa
615 4046 724 4096 iter
750 4041 877 4098 vult
900 4056 986 4111 se,
1021 4049 1097 4112 et,
1124 4015 1380 4101 volendo
1410 4058 1497 4115 se,
1523 4052 1648 4102 vult
1678 4047 1883 4105 omnia
1902 4048 2038 4105 alia.

524 4110 645 4167 Hoc
666 4115 861 4169 autem
892 4114 1241 4172 auctoritate
1265 4128 1451 4174 sacrae
1479 4117 1796 4188 scripturae
1823 4117 2231 4178 confirmatur.
2258 4117 2486 4178 Dicitur
2514 4118 2701 4188 enim,
2733 4120 2908 4193 Sap„

447 4182 645 4323 (311,ἐὶ
667 4199 683 4236 2
697 4184 924 4329 8ῇῖἰῇ
939 4187 1124 4245 omnia
1148 4200 1269 4261 quae
1302 4189 1455 4258 sunt,
1499 4191 1555 4245 et
1595 4189 1739 4247 nihil
1785 4187 1951 4247 odisti
1993 4204 2176 4250 eorum
2221 4205 2343 4267 φιτ
2385 4191 2588 4261 fecisti.
2634 4189 2685 4263 (Ι
2717 4198 2900 4264 part„

497 4291 513 4307 Ο
648 4293 665 4321 ,
792 4294 808 4312 0
879 4295 895 4313 0
