3076 5025
1116 325 1294 350 Ἥ

738 366 941 420 BERN.
979 344 1222 421 Mania:
1259 365 1350 420 na
1384 364 1638 421 Russms
1679 364 2150 422 DISSERTATIO.
2581 367 2654 427 xl

218 515 437 577 Filium
482 514 603 574 msssi
642 513 852 590 Pacem
882 533 1067 594 neque
1093 514 1340 576 Patrem
1360 514 1489 595 quis
1512 515 1677 575 novit
1703 515 1821 577 nisi
1848 515 2055 578 Filius.
2106 518 2199 578 Ad
2253 517 2380 579 hoc
2405 518 2658 581 Marcus

220 630 406 674 snum
437 612 854 691 Evangelium
882 611 1128 688 incipit,
1156 613 1372 673 dicens
1403 630 1421 672 τ
1454 610 1695 674 Initium
1730 612 2054 693 Evanqelii
2091 614 2232 676 Jesu
2263 613 2490 676 Christi
2515 614 2661 679 Filii

221 708 352 771 Dei.
383 711 659 771 loannes
688 709 881 769 etiam
913 708 1292 788 evangelista
1317 707 1438 769 hoc
1488 709 1855 787 frequenter
1899 711 2197 773 ostendit.
2247 712 2415 773 Dicit
2461 711 2654 784 enim,

221 807 430 878 Joan.,
462 822 529 865 m
558 823 575 865 ε
610 804 798 865 Pater
822 803 1017 885 diliyic
1044 804 1287 877 fficium,
1316 812 1376 864 et
1402 807 1600 864 omnia
1627 804 1784 866 dedit
1809 807 1868 868 ei
1891 807 1952 868 τ’ττ
1981 826 2161 867 manu
2173 806 2320 887 ejus.
2349 809 2425 868 Et
2442 809 2653 887 Jozm„

223 920 266 964 v
295 922 311 963 ε
340 900 516 963 Sicut
544 901 730 962 Pater
752 903 994 963 suscitat
1024 908 1283 963 mortuos
1309 908 1366 962 et
1396 901 1682 980 vivificat,
1712 902 1795 963 sic
1816 909 1876 963 et
1902 901 2089 963 Filius
2115 920 2259 984 quos
2284 901 2410 963 vult
2451 902 2654 984 vivifi-

225 1008 338 1061 cat.
384 1000 623 1060 Paulus
668 1000 862 1060 etiam
909 999 1230 1076 apostolus
1273 998 1412 1061 haec
1459 1000 1649 1062 verba
1695 999 2063 1078 frequenter
2108 1001 2448 1062 interserit.
2489 999 2658 1063 Dicit

227 1096 397 1158 enim
425 1098 504 1156 ad
537 1097 749 1169 Rom„
778 1113 801 1157 1
833 1115 851 1158 τ
882 1094 1245 1177 Seqreqa'lus
1273 1096 1334 1156 τή
1367 1095 1763 1175 Evanqelium
1790 1094 1927 1173 Dei,
1955 1096 2112 1177 quod
2135 1107 2273 1159 ante
2303 1100 2660 1178 promiserat

221 1210 331 1273 per
350 1191 675 1272 prophetas
700 1211 832 1253 suos
872 1193 933 1253 τ’ττ
970 1191 1303 1274 Scriptum}
1340 1195 1559 1255 sanctis
1603 1194 1673 1255 de
1713 1192 1867 1255 Filio
1909 1212 2035 1255 suo.
2087 1196 2168 1256 Et
2219 1196 2296 1256 ad
2340 1196 2558 1270 Hebr„
2583 1212 2653 1258 1:

226 1288 627 1369 Multifariam
655 1289 965 1371 multisque
1000 1288 1186 1351 modis
1226 1289 1365 1351 olim
1412 1289 1566 1351 Deus
1615 1290 1853 1371 loquens
1894 1289 2182 1354 Patm’bus
2227 1293 2290 1352 τή
2327 1292 2656 1373 prophetis,

226 1385 529 1447 novissime
556 1384 751 1446 diebus
778 1387 903 1447 istis
931 1385 1155 1447 locutus
1181 1392 1267 1446 est
1295 1384 1458 1446 nobis
1485 1386 1546 1446 in
1572 1384 1749 1449 Filio.
1781 1387 1916 1449 Hoc
1960 1388 2152 1449 etiam
2184 1389 2477 1462 traditur,
2509 1390 2660 1451 licet

227 1484 451 1559 rarius,
493 1483 559 1542 in
604 1482 944 1560 Scripturis
987 1482 1232 1544 Veteris
1265 1483 1676 1544 Testamenti.
1723 1482 1971 1545 Dicitur
2015 1484 2210 1559 enim,
2255 1486 2466 1557 Prov„
2497 1499 2653 1547 xxx:

232 1579 400 1656 Quod
420 1598 627 1641 nomen
655 1588 741 1641 est
765 1579 913 1659 ejus,
941 1587 1002 1642 et
1026 1578 1186 1661 quod
1206 1597 1410 1641 nomen
1449 1579 1594 1641 Filia·
1616 1579 1766 1659 ejus,
1794 1579 1850 1641 si
1884 1581 2058 1643 nosti.
2104 1582 2177 1643 In
2221 1583 2478 1643 Psalmo
2507 1582 2658 1663 legi·

225 1684 333 1740 tur
364 1698 381 1739 :
414 1677 698 1739 Dominus
723 1677 878 1738 delcit
905 1676 987 1739 ad
1008 1695 1140 1738 me:
1162 1675 1350 1738 Filius
1377 1695 1534 1738 meus
1561 1697 1618 1739 es
1645 1687 1732 1738 tu.
1764 1677 1844 1739 Et
1880 1677 2115 1740 iterum
2149 1698 2167 1741 τ
2196 1677 2329 1758 Ipse
2366 1679 2660 1741 invocavit

231 1792 345 1850 me,
368 1772 554 1834 Pater
579 1792 740 1835 meus
760 1781 926 1835 estu.
957 1774 1036 1833 Et
1062 1772 1350 1851 quamvis
1375 1771 1513 1833 haec
1544 1773 1670 1834 duo
1701 1774 1927 1836 ultima
1970 1775 2161 1837 verba
2196 1776 2391 1852 aliqui
2423 1776 2656 1839 vellent

232 1872 311 1932 ad
339 1889 588 1933 sensum
618 1871 816 1933 alium
864 1875 1258 1948 retorquere,
1292 1876 1365 1931 ut
1410 1871 1583 1948 quod
1635 1871 1872 1932 dicitur
1906 1869 2221 1952 (Dominus
2255 1872 2410 1933 davit
2437 1871 2522 1933 ad
2543 1891 2655 1946 me,

230 1968 413 2031 Filius
435 1989 591 2031 meus
619 1988 679 2031 es
716 1970 828 2050 tu),
862 1970 941 2030 ad
989 1968 1199 2045 ipsum
1244 1966 1546 2028 Davidem
1587 1969 1898 2029 referatur
1940 1988 1957 2029 ε
2009 1970 2179 2047 quod
2224 1986 2374 2032 vero
2420 1970 2655 2031 dicitur

230 2065 371 2147 (ipse
391 2066 684 2126 invocavit
709 2083 823 2138 me,
853 2063 1042 2127 Pater
1067 2082 1224 2125 meus
1241 2081 1299 2124 es
1339 2063 1453 2145 tu),
1482 2064 1806 2125 Salomoni
1836 2064 2220 2127 attribuatur
2247 2085 2266 2131 ε
2297 2072 2511 2126 tamen
2555 2084 2653 2143 ea,

227 2180 375 2243 quae
415 2162 894 2242 conjunguntur
938 2160 1219 2239 utrique,
1268 2158 1392 2220 hoc
1440 2159 1702 2221 omnino
1749 2177 1879 2221 non
1931 2161 2020 2223 ita
2082 2180 2218 2224 esse
2279 2165 2649 2225 ostendunt.

226 2261 443 2339 Neque
470 2260 639 2321 enim
669 2258 863 2320 David
890 2261 1103 2336 potest
1129 2263 1516 2334 competere,
1547 2257 1718 2335 quod
1749 2255 2004 2319 additur
2034 2278 2052 2321 ε
2082 2258 2221 2339 qu
2262 2259 2427 2321 lzodz'e
2478 2261 2660 2340 qenai

229 2365 305 2419 te.
338 2357 420 2418 Et
438 2358 608 2434 quod
638 2356 934 2417 subditur
963 2373 981 2415 τ
1010 2353 1182 2415 Dabo
1211 2350 1321 2413 tibi
1339 2361 1537 2431 qentes
1582 2350 1977 2414 haereditatem
2025 2361 2209 2431 tuam,
2247 2365 2307 2418 et
2346 2357 2654 2436 possessio·

228 2472 359 2516 nem
385 2460 549 2514 tuam
580 2453 854 2516 terminos
884 2460 1096 2528 terrae,·
1129 2472 1159 2509 <c
1190 2467 1339 2514 cum
1369 2449 1507 2531 ejus
1536 2468 1806 2531 regnum
1833 2469 1964 2515 non
1995 2471 2197 2532 usque
2225 2454 2300 2516 ad
2346 2453 2653 2516 terminos

228 2554 416 2612 terrae
439 2549 634 2611 fuerit
663 2549 1024 2623 dilatatum,
1055 2553 1126 2609 ut
1152 2548 1422 2609 Historia
1450 2546 1594 2608 libri
1622 2549 1866 2627 Regum
1894 2548 2193 2610 declarat.
2221 2551 2437 2627 Neque
2459 2549 2652 2610 etiam

228 2646 551 2708 Salomoni
578 2652 788 2723 potest
817 2644 1077 2708 omnino
1108 2649 1472 2721 competere
1523 2645 1696 2722 quod
1729 2644 1964 2706 dicitur
1995 2663 2012 2706 :
2043 2644 2175 2724 Ipse
2218 2646 2512 2706 invocavit
2535 2649 2651 2725 me,

231 2741 419 2804 Pater
442 2761 603 2804 meus
628 2761 687 2805 es
716 2752 780 2804 tu
797 2760 827 2818 ,·
853 2759 1001 2806 cum
1032 2740 1340 2802 subdatur
1375 2759 1392 2801 τ
1424 2740 1657 2800 Ponam
1684 2739 1747 2797 τ’ττ
1773 2738 2043 2799 saeculum
2069 2740 2266 2800 saeculi
2286 2758 2474 2800 semen
2503 2741 2652 2819 ejus,

230 2847 287 2900 et
313 2839 591 2900 thronum
616 2839 744 2920 ejus
766 2848 914 2901 sicut
940 2839 1062 2902 dim
1088 2837 1237 2900 coeli.
1270 2838 1448 2899 Unde
1473 2838 1664 2898 datur
1687 2835 1951 2915 intelligi
1972 2839 2168 2915 quod,
2192 2838 2338 2916 quia
2359 2839 2655 2916 qnaedam

232 2936 569 3015 praemissis
619 2936 825 2998 verbis
877 2954 1123 2999 annexa
1173 2935 1391 2998 Davidi
1448 2927 1547 2996 'vel
1601 2933 1926 2995 Salomoni
1984 2935 2224 3012 possint
2270 2952 2647 3015 congruere,

232 3034 526 3112 quaedam
597 3050 746 3095 vero
812 3049 1221 3112 nequaquam
1294 3033 1373 3095 de
1436 3032 1669 3094 Davide
1739 3035 1807 3093 et
1866 3031 2203 3094 Salomone
2266 3031 2407 3093 haec
2470 3032 2656 3096 verba

231 3128 527 3191 dicantur
575 3131 929 3191 secundum
978 3146 1223 3191 morem
1268 3129 1611 3206 Scripturae
1658 3129 1724 3189 in
1769 3128 2030 3189 alterius
2072 3129 2363 3208 figuram,
2412 3129 2479 3190 in
2526 3148 2655 3209 quo

231 3227 524 3288 universa
566 3209 1097 3304 compleantur».
1146 3227 1264 3288 Hic
1305 3224 1498 3286 habes
1547 3224 2086 3286 accuratissimam
2115 3226 2421 3305 regulam,
2458 3242 2651 3304 quam

232 3328 452 3400 postea
485 3323 771 3401 pluribus
799 3323 1196 3384 illustrarunt
1222 3322 1511 3395 Huetius,
1548 3322 1912 3396 BossuetuS,
1945 3321 2285 3396 Calmetus‚
2313 3322 2650 3399 MarchiuS,

232 3419 540 3498 Vitringa,
589 3419 980 3499 DeylingiuS,
1040 3419 1273 3498 aliique
1325 3419 1563 3496 plureS,
1624 3418 2024 3480 discernendi
2077 3427 2307 3497 praeter
2362 3419 2656 3482 vaticinia

235 3518 489 3595 proprie
519 3517 712 3587 dicta,
742 3518 974 3596 figuras
1002 3516 1165 3593 illas,
1195 3511 1430 3593 eosque
1452 3523 1657 3593 typos,
1690 3515 1798 3592 qui
1836 3515 2133 3577 Davidem
2156 3518 2439 3595 quidem,
2469 3535 2528 3580 v.
2564 3535 2654 3599 g.,

231 3616 345 3675 aut
367 3612 800 3681 Salomonem,
831 3619 943 3674 aut
971 3613 1166 3674 alium
1197 3612 1485 3690 quemvis
1527 3611 1917 3674 adumbrant
1960 3612 2237 3689 oblique,
2285 3614 2653 3692 improprie,

231 3707 522 3783 obscure,
553 3717 617 3771 et
647 3710 824 3787 quasi
867 3727 982 3788 per
1024 3710 1187 3784 vim3
1239 3725 1389 3771 cum
1428 3715 1605 3771 recto
1649 3713 1718 3770 et
1759 3708 1952 3786 plano
1996 3726 2184 3772 sensu
2225 3709 2293 3771 in
2337 3711 2656 3774 Christum

226 3804 538 3868 ferantur.

305 3900 524 3982 Pergit
560 3903 799 3966 Doctor
826 3902 1149 3984 angelicus
1181 3902 1622 3967 Gener-ationem
1649 3902 1712 3963 τ’ττ
1737 3901 1951 3966 dim‘nt’s
1993 3921 2309 3982 exponere
2349 3906 2659 3968 similibus

229 3998 745 4060 luculentissimis
759 3999 1156 4062 revelationis
1167 4001 1393 4063 divinae
1408 4001 1780 4063 testimoniis
1797 4020 1813 4062 :
1832 4006 1971 4063 tum
1991 4008 2316 4078 praeterea,
2334 4004 2536 4080 capite
2557 4006 2621 4065 ll
2637 4052 2655 4080 ,

230 4092 595 4156 dim'nitatem
624 4094 770 4156 Filii
810 4097 1190 4174 patefacere,
1239 4115 1316 4159 ac
1360 4098 1786 4175 photinianos,
1832 4096 2229 4172 sabellianos,
2281 4101 2658 4179 arianosque

231 4207 477 4253 errores
524 4193 913 4269 propulsare,
971 4193 1384 4276 ipsorumque
1437 4197 1882 4273 paganorum,
1939 4210 2085 4271 quae
2130 4198 2656 4274 opponebantur,

234 4293 610 4367 argumenta
642 4289 928 4351 refellere
962 4306 982 4351 τ
1012 4289 1185 4367 quod
1215 4289 1693 4367 insequentibus
1743 4288 2053 4366 capitibus
2088 4292 2334 4370 egregie
2378 4301 2653 4370 praestat.

231 4382 569 4447 Methodus
612 4385 753 4446 haec
798 4391 935 4447 toto
965 4402 1043 4447 eo
1089 4385 1250 4447 libro
1287 4386 1790 4446 constantissime
1838 4391 2140 4445 servatur.
2173 4386 2332 4446 Hinc
2370 4405 2548 4458 vana,
2582 4403 2655 4445 ac

223 4477 370 4558 jure
391 4479 578 4543 nullo
606 4480 795 4558 fulta,
823 4487 1006 4544 vetus
1034 4499 1110 4545 ea
1133 4484 1391 4560 querela
1420 4482 1592 4543 Petri
1622 4481 1701 4544 de
1727 4481 1968 4546 Alliaco
2005 4482 2072 4543 in
2109 4483 2431 4559 Tractatu,
2463 4498 2650 4559 quem
