3076 5025
1061 267 1196 327 ue.
1235 270 1283 339 i,
1322 269 1475 357 mr.
1516 270 1655 326 un.
2502 282 2570 340 57

182 392 228 453 si
253 390 377 450 sine
406 388 506 447 liis
550 391 706 471 Deus
746 376 1181 470 multitudinem
1237 403 1436 471 rerum
1481 388 1813 464 intelligere
1856 404 1977 450 non
2024 399 2250 467 posset,
2333 397 2450 457 uod
2489 400 2565 457 ad

179 459 584 545 perfectionem
617 473 708 517 sui
753 459 1087 518 intellectus
1115 466 1457 533 requiritur,
1484 466 1832 534 sequeretur
1853 462 2013 535 quod
2041 477 2153 522 sua
2186 480 2259 536 pe
2318 469 2471 525 ectio
2499 468 2563 526 in

180 529 552 612 intelligendo
583 530 658 611 ab
672 529 1180 612 alio-dependeret,
1211 537 1269 589 et
1288 545 1394 603 per
1418 543 1799 612 consequens
1828 532 1890 590 in
1920 534 2198 605 essendo,
2219 549 2356 593 cum
2384 550 2563 597 suum

181 616 303 662 esse
323 606 397 660 sit
423 614 601 659 snum
631 600 988 672 intelligere;
1019 614 1191 673 cujus
1217 607 1585 660 contrarium
1615 615 1797 676 supra
1831 610 2141 663 ostensum
2167 610 2280 663 est.

236 673 375 739 Itoni,
400 685 535 730 cum
587 684 758 728 omne
784 671 941 743 quod
971 677 1063 730 est
1090 679 1302 744 praeter
1347 673 1671 731 essentiam
1703 686 1874 733 suam
1902 674 1984 733 sit
2029 682 2337 735 causatum
2366 677 2442 738 ab
2465 692 2561 749 eo,

70 734 71 779 ᾗ
184 743 399 803 utinrra
459 742 806 800 ostendetur
866 740 988 814 (lib.
1037 755 1105 812 11,
1152 756 1283 813 cap.
1311 742 1422 815 ¹5),
1454 756 1703 802 necesse
1746 749 1858 813 est,
1902 744 1954 803 si
2019 744 2225 805 formai
2267 748 2565 819 praedictae

70 808 73 829 ζ
182 817 327 871 extra
349 815 530 871 Deum
580 817 740 881 sunt,
770 810 844 869 ab
872 825 945 870 eo
984 818 1262 871 causatas
1305 826 1465 872 esse.
1494 815 1630 885 Ipse
1657 821 1852 872 autem
1881 819 1974 873 est
2000 829 2186 875 causa
2227 831 2421 878 rerum
2456 833 2565 892 per

70 888 73 933 ὲ
181 883 542 945 intellectum,
591 887 656 940 nt
699 881 855 940 infra
903 881 1026 963 (lib.
1077 896 1145 951 11,
1190 896 1320 964 cap.
1369 887 1440 942 23
1490 891 1551 941 et
1593 884 1688 965 24)
1744 885 2109 944 ostendetur.
2168 889 2322 961 Ergo
2378 891 2564 948 Deum

70 4759 73 4800 'i

183 954 486 1082 intelliglere
531 952 871 1035 hujusmodi
918 952 1341 1035 intelligibilia,
1434 954 1776 1035 raeeifigitur
1815 955 2021 1013 ordine
2061 961 2305 1039 naturae·
2331 959 2404 1017 ed
2449 959 2564 1042 boc

184 1022 954 1166 q⁰ffi1i03i33ffi⁰31133¹i13¹12
979 1023 2569 1167 ligitffiss'ffit11itetggffliziint23292⁰2311¹1⁰²²¹¹¹⁸¹‘

185 1107 433 1235 ιιὶΑιιΙιιιο,
463 1138 843 1237 intelligibile
882 1164 949 1222 in
1001 1169 1135 1223 actu
1167 1169 1261 1223 est
1301 1164 1640 1224 intellectus
1683 1165 1748 1223 in
1791 1172 1948 1235 actu,
1990 1166 2148 1225 sicut
2173 1175 2233 1225 et
2278 1142 2564 1230 sensibile

186 1234 238 1293 in
270 1240 389 1293 actu
428 1241 522 1294 est
565 1248 786 1293 sensus
812 1234 877 1291 in
922 1239 1079 1294 actu.
1111 1235 1449 1293 Secundum
1494 1249 1634 1294 vero
1662 1236 1822 1309 quod
1869 1228 2245 1309 intelligibile
2274 1239 2348 1296 ab
2387 1240 2563 1298 intel-

189 1303 319 1364 lectu
338 1305 753 1386 distinguitur„
772 1308 865 1363 est
891 1310 1208 1379 utrumque
1237 1304 1302 1362 in
1344 1306 1629 1387 potentia,
1661 1305 1818 1387 sient
1844 1306 1981 1364 etin
2004 1320 2188 1389 sensu
2216 1313 2395 1379 patet,
2424 1322 2565 1390 nam

188 1388 223 1433 ii
318 1390 348 1432 e
373 1377 533 1435 visus
562 1380 660 1434 est
700 1375 910 1434 videns
938 1381 1097 1446 actu,
1129 1388 1324 1448 neque
1355 1375 1591 1433 visibile
1636 1375 1868 1435 videtur
1893 1383 2051 1446 actu,
2078 1377 2199 1435 nisi
2232 1391 2366 1435 cum
2395 1393 2564 1439 visus

191 1444 240 1526 in
263 1452 500 1527 ormatui·
540 1444 773 1526 visibili
801 1447 1022 1517 specie,
1053 1450 1121 1528 iit
1160 1445 1250 1503 sic
1276 1459 1350 1503 ex
1374 1446 1509 1528 visu
1536 1451 1597 1528 et
1635 1446 1855 1505 visibili
1881 1461 2086 1529 ‚unuin
2131 1447 2252 1529 flat..
2286 1449 2344 1507 Si
2380 1448 2565 1522 igitur

191 1515 545 1590 intelligibilia
572 1519 685 1574 Dei
710 1521 852 1575 sunt
879 1521 1042 1576 extra
1081 1515 1451 1596 intellectum
1482 1530 1695 1597 ipsius,
1727 1523 1996 1592 sequitur
2039 1517 2196 1592 quod
2224 1518 2564 1579 intellectus

196 1598 318 1646 suus
353 1588 423 1646 sit
458 1587 519 1644 in
567 1586 864 1659 potentia,
910 1591 972 1646 et
1016 1586 1294 1646 similiter
1334 1586 1734 1659 intelligibilia
1775 1588 1988 1660 ipsius,
2036 1594 2095 1646 et
2140 1588 2230 1647 sic
2276 1588 2566 1663 indigebit

202 1655 365 1737 aliquo
405 1657 725 1718 reducente
774 1656 840 1717 in
907 1661 1065 1729 actu,
1111 1656 1271 1731 quod
1318 1663 1412 1715 est
1470 1657 1864 1731 impossibile.
1912 1661 2061 1718 Nam
2122 1658 2240 1718 hoc
2284 1665 2447 1720 esset
2487 1673 2562 1721 eo

205 1739 486 1862 Wlfflin-ea,
535 1797 916 1856 intellectum
962 1801 1193 1879 oportet
1235 1810 1372 1856 esse
1416 1798 1867 1881 intelligentem.
1910 1801 2041 1859 Non
2066 1799 2274 1883 ‚igitur
2340 1798 2566 1862 sufficit

211 1877 381 1938 ponere
402 1869 628 1927 formas
651 1881 848 1950 rerum
877 1881 984 1938 per
1001 1881 1067 1926 se
1091 1872 1413 1949 existentes
1434 1874 1608 1950 extra
1628 1870 1994 1930 intellectum
2022 1871 2310 1953 divinum,
2340 1871 2414 1929 ad
2433 1872 2561 1953 ,boc

205 1938 988 2069 guffieffiugiffigffitudinem
1015 1950 1213 1999 rerum
1259 1937 1573 2013 intelligat,
1602 1940 1711 2001 sed
1731 1946 1960 2014 oportet
1987 1940 2146 2016 quod
2188 1940 2401 2003 sintin
2426 1953 2563 2017 ipso

1149 2201 1401 2269 CAPUT
1438 2201 1567 2269 LII.

323 2389 610 2441 uniones
643 2388 798 2445 QUOD
851 2387 1176 2439 nuwsnom
1220 2389 1553 2439 murone
1599 2389 2089 2442 mammetem
2122 2390 2244 2442 NON
2273 2391 2387 2444 m

920 2476 1042 2526 msI
1083 2476 1148 2528 m
1178 2477 1534 2528 inmunem
1564 2472 1792 2529 limito.

236 2640 304 2702 Ex
326 2642 544 2702 eisdem
577 2642 762 2702 etiam
785 2641 1120 2702 rationibus
1148 2648 1409 2715 apparet,
1437 2643 1600 2716 quod
1628 2658 1749 2703 non
1773 2650 1969 2716 potest
1993 2646 2136 2716 poni
2170 2644 2330 2718 quod
2357 2645 2558 2705 multi-

186 2712 298 2772 tudo
321 2713 789 2787 intelligibilium
818 2713 1233 2787 praedictorum
1267 2714 1434 2771 sitin
1457 2714 1659 2787 aliquo
1688 2714 1807 2773 alio
1833 2714 2137 2772 intellectu
2170 2722 2380 2786 praeter
2404 2716 2556 2775 divi·

181 2794 316 2855 num,
340 2786 426 2842 vel
451 2786 697 2852 animoe,
736 2785 829 2841 vel
859 2783 1078 2855 angeli,
1109 2783 1235 2841 sive
1279 2782 1708 2855 intelligentiis.
1737 2785 1883 2841 Nam
1915 2785 2004 2843 sic
2031 2784 2371 2856 intellectus
2410 2786 2559 2845 divi-

182 2864 293 2936 iius²
316 2860 605 2935 quantum
634 2854 709 2911 ad
735 2853 997 2934 aliquam
1022 2866 1196 2936 suam
1223 2853 1652 2935 operationem,
1672 2854 2028 2927 dependeret
2054 2854 2129 2914 ab
2147 2855 2350 2929 aliquo
2367 2861 2562 2928 poste-

182 2935 296 2983 riori
320 2927 650 2993 intellectn,
679 2923 838 2996 quod
858 2930 1036 2982 etiam
1061 2929 1154 2982 est
1179 2923 1579 2994 impossibile.

230 2994 563 3054 sicutenim
598 3007 693 3052 res
735 2994 800 3051 in
829 3007 897 3053 se
946 2994 1345 3053 subsistentes
1372 3008 1408 3052 a
1449 2996 1569 3051 Deo
1621 2999 1783 3064 sunt,
1827 2994 1913 3054 ite
1939 2995 2117 3055 etiam
2146 3010 2278 3070 quae
2302 3012 2340 3059 a
2378 2997 2560 3060 rebus

182 3071 295 3122 sunt
319 3085 334 3123 z
361 3068 523 3125 unde
554 3064 717 3123 etad
737 3077 873 3122 esse
912 3064 1324 3136 praedictorum
1347 3063 1814 3145 intelligibilium
1841 3065 1906 3123 in
1933 3066 2134 3141 aliquo
2164 3069 2562 3139 posteriorum

180 3133 551 3195 intellectuum
582 3135 960 3218 praeexjgitur
996 3135 1329 3263 intelliigere
1357 3135 1621 3192 divinum
1646 3149 1754 3216 per
1797 3136 1956 3220 quod
1980 3140 2138 3196 Deus
2167 3145 2260 3197 est
2280 3153 2488 3199 causa.

230 3206 489 3289 Sequitur
524 3212 706 3265 etiam
753 3205 1118 3263 intellectum
1210 3218 1436 3264 ivinum
1478 3219 1615 3265 esse
1640 3219 1703 3266 in
1730 3212 1998 3280 potentia
2031 3221 2168 3267 cum
2197 3222 2309 3268 sua
2338 3209 2560 3269 intelli·

180 3272 355 3347 gibilia
382 3290 506 3336 non
535 3276 665 3336 sint
691 3275 745 3334 ei
774 3277 1113 3348 conjuncta.

182 3412 194 3423 ,
231 3346 378 3406 Sicut
407 3348 593 3407 etiam
637 3346 963 3419 unicuique
992 3350 1085 3404 est
1119 3345 1423 3426 proprium
1464 3359 1623 3429 esse,
1650 3346 1737 3406 ita
1761 3352 1822 3405 et
1856 3348 2097 3477 progria
2117 3349 2406 3421 operatio.
2429 3350 2562 3408 Non

178 3414 331 3488 igitur
355 3432 492 3478 esse
515 3421 722 3502 potest
748 3422 814 3475 ut
840 3431 946 3487 per
991 3416 1108 3476 boc
1133 3416 1292 3489 quod
1322 3416 1398 3474 ali
1446 3430 1542 3475 uis
1564 3418 1901 3477 intellectus
1929 3432 1965 3477 a
2045 3419 2411 3502 operandum
2435 3418 2560 3478 dis-

178 3494 419 3609 ponatur,
448 3490 615 3549 alius
657 3487 1061 3558 operationem
1090 3486 1433 3544 intellectus
1456 3500 1550 3546 em
1579 3495 1921 3561 exequatur,
1955 3487 2062 3548 sed
2091 3496 2344 3561 ipsemet
2382 3489 2561 3547 intel-

198 3562 338 3635 ‚ectus
363 3561 522 3631 apud
552 3571 730 3631 quem
757 3556 1073 3629 dispositio
1100 3556 1419 3626 invenitur,
1448 3558 1606 3617 sicut
1636 3559 2079 3640 ununquodque
2103 3565 2194 3617 est
2222 3572 2328 3630 per
2353 3572 2560 3618 essen·

180 3627 295 3685 liam
318 3642 513 3700 suam,
545 3640 670 3688 non
769 3643 799 3686 r
823 3627 1143 3686 essentiam
1171 3627 1437 3685 alterius.
1468 3630 1578 3686 Pei·
1606 3628 1719 3686 boc
1746 3630 1931 3701 igitur
1954 3628 2113 3702 quod
2152 3628 2559 3703 intelligibilia

181 3697 338 3757 multa
383 3705 529 3759 sunt
573 3712 689 3772 apii
771 3698 1028 3772 aliquem
1076 3697 1475 3756 secundorum
1516 3698 1946 3766 intellectuum,
1993 3711 2119 3759 non
2161 3700 2380 3773 poterit
2420 3711 2559 3761 esse

180 3768 312 3839 quod
333 3769 680 3831 intellectus
705 3769 938 3844 primus
960 3766 1405 3827 multitudinem
1438 3773 1788 3840 cognoscat.

1129 3987 1390 4055 cAPm·
1421 3987 1578 4055 LIII.

536 4129 544 4138 .
585 4168 859 4225 011οΠ0Ώο
892 4166 1223 4219 mutuno
1257 4166 1734 4216 mucronum
1768 4166 1862 4217 ΒΗ
1891 4165 1959 4218 Π(
1988 4166 2124 4220 Dm.

234 4326 542 4410 Prpmissa
560 4336 764 4413 ‘autem
790 4330 1079 4413 dubitatio
1106 4329 1532 4412 faciliterxsolvi
1555 4335 1773 4404 potest,
1791 4331 1846 4390 si
1871 4331 2187 4416 diligenter
2206 4334 2560 4408 inspiciatur

180 4397 413 4468 qualiter
433 4414 529 4460 res
556 4401 871 4460 intellectae
896 4413 963 4461 in
989 4401 1302 4462 intellectu
1344 4406 1624 4462 existant.
1655 4404 1726 4461 Et
1766 4407 1835 4462 ut
1876 4403 1952 4463 ab
1996 4406 2302 4465 intellectu
2347 4411 2557 4464 nostro
