3076 5025
462 276 568 333 250
1324 269 1458 325 LIB.
1497 268 1570 336 Π,
1611 267 1764 325 CAP.
1801 266 2006 325 xcvu.

465 409 597 469 quae
627 391 860 451 suntin
894 390 1140 464 organis
1166 403 1240 448 co
1314 389 1492 447 oreis.
1517 387 1873 446 substantiae
1902 387 2086 460 igitur
2109 393 2395 459 separatae
2424 398 2548 443 non
2592 385 2905 459 accipiunt

467 479 541 524 co
583 464 874 520 nitionem
899 476 971 519 ex
997 460 1271 519 sensibili
1320 473 1410 517 ηε.
1736 476 1741 481 ’

592 535 754 602 dhuc,
785 533 943 590 sicut
969 530 1433 612 materia—prima
1465 532 1560 586 est
1586 527 1857 586 infimum
1886 528 1951 584 in
2003 527 2212 586 ordine
2258 540 2455 585 rerum
2515 526 2906 585 sensibilium

467 611 526 664 et
552 618 657 676 per
683 604 798 661 boc
824 607 915 660 est
942 602 1005 658 in
1033 606 1296 672 potentia
1325 604 1555 658 tantuin
1582 599 1658 656 ad
1684 612 1896 656 omnes
1924 599 2148 657 formas
2198 597 2544 664 sensibiles,
2592 597 2675 656 ita
2725 597 2903 657 intel-

463 676 658 733 lectus
679 671 1009 745 possibiliS,
1039 672 1286 728 intimus
1314 670 1377 727 in
1405 669 1615 727 ordine
1640 668 2111 750 intelligibilium
2143 668 2466 733 exsistens,
2488 668 2665 725 estin
2688 673 2905 738 poten-

466 746 552 803 tia
578 745 652 802 ad
677 744 882 801 omnia
910 741 1337 822 intelligibilia,
1371 744 1436 797 ut
1461 754 1534 796 ex
1560 740 1892 819 praemissis
1921 738 1994 820 (c.
2026 739 2115 810 59)
2146 743 2324 811 patet.
2354 739 2470 820 Sed·
2496 753 2568 796 ea
2595 753 2729 810 quae
2760 743 2901 797 sunt

465 815 534 872 in
590 814 800 873 ordine
848 811 1229 870 sensibilium
1283 824 1466 882 supra
1516 815 1825 867 materiam
1872 821 2146 881 primam,
2194 809 2414 866 babent
2455 822 2514 865 in
2558 814 2701 866 actu
2726 821 2897 866 snam

468 886 723 944 formam
745 897 853 954 per
880 896 1057 955 quam
1086 881 1533 940 constituuntur
1552 881 1613 937 in
1637 893 1771 938 esse
1802 880 2097 937 sensibili.
2125 878 2481 938 substantiae
2511 879 2701 951 igitur
2727 892 2899 949 sepa-

466 961 632 1023 ratae,
664 969 796 1027 quae
833 958 976 1011 sunt
1019 953 1079 1009 in
1127 952 1336 1010 ordine
1380 950 1848 1021 intelligibilium
1904 964 1974 1008 su
2020 964 2085 1007 ra
2140 949 2503 1007 intellectum
2544 947 2903 1019 possibilem

466 1024 822 1091 humanum,
843 1027 987 1081 sunt
1003 1028 1140 1081 actii
1159 1022 1224 1080 in
1252 1035 1389 1080 esse
1411 1020 1773 1094 intelligibili
1792 1039 1807 1091 ;
1833 1021 1979 1078 intel
2005 1025 2172 1078 ectus
2190 1020 2349 1077 enim
2371 1020 2676 1090 accipiens
2693 1019 2905 1091 cogni-

468 1095 695 1153 tionem
724 1108 760 1151 a
787 1094 1200 1162 sensibilibus,
1224 1106 1347 1150 non
1376 1098 1466 1149 est
1493 1097 1628 1149 actu
1668 1092 1730 1148 in
1762 1104 1897 1149 esse
1921 1090 2306 1163 intelligibili,
2345 1091 2449 1148 sed
2496 1091 2561 1146 in
2608 1088 2907 1162 potentia.

471 1164 819 1223 Substantia
840 1164 1027 1236 igitur
1050 1168 1327 1235 separata
1351 1176 1474 1220 non
1505 1162 1720 1242 accipit
1748 1162 2153 1234 cognitionem
2183 1176 2219 1218 a
2245 1160 2660 1218 sensibilibus.
2864 1228 2879 1240 .

542 1235 763 1299 Adhuc,
796 1235 1079 1305 perfectio
1111 1240 1336 1291 naturae
1367 1233 1697 1303 superioris
1741 1246 1860 1290 non
1910 1231 2199 1302 dependet
2249 1246 2285 1288 a
2337 1236 2550 1288 natura
2604 1230 2910 1310 inferiori.

471 1305 767 1363 Persectio
796 1310 993 1363 autem
1023 1303 1374 1364 substantiae
1404 1307 1713 1374 separatae,
1784 1316 1925 1359 uum
1955 1304 2034 1360 sit
2055 1300 2497 1367 intellectualis,
2529 1301 2709 1358 estin
2732 1298 2915 1357 intel-

470 1375 738 1447 ligend0.
771 1377 984 1455 Earum
1010 1375 1194 1455 igi-tur
1220 1374 1554 1455 intelligere
1584 1387 1704 1430 non
1734 1318 2027 1445 gependet
2064 1387 2099 1430 a
2144 1372 2322 1430 rebus
2371 1371 2768 1429 sensibilibus
2815 1368 2915 1428 sic

473 1445 634 1518 quod
666 1445 739 1503 ab
765 1459 855 1502 eis
881 1451 1282 1517 cognitionem
1313 1448 1627 1515 accipiant.

546 1519 713 1574 Patet
739 1521 935 1573 autem
966 1529 1036 1572 ex
1065 1515 1180 1572 hoc
1203 1515 1383 1595 quod,
1409 1514 1473 1571 in
1501 1513 1859 1572 substantiis
1895 1513 2209 1584 separatiS,
2244 1526 2369 1593 non
2414 1519 2507 1571 est
2555 1512 2915 1593 intellectus

472 1598 664 1658 agens
693 1590 752 1642 et
778 1584 1107 1656 possibilis,
1163 1584 1283 1641 nisi
1335 1584 1483 1641 forte
1525 1584 1848 1656 aequivoce.
1896 1583 2237 1641 Intellectus
2276 1597 2434 1641 enim
2482 1580 2799 1655 possibilis
2845 1585 2915 1639 et

473 1669 663 1728 agens
722 1655 786 1711 in
849 1656 1050 1712 anima
1108 1654 1469 1712 intellectiva
1525 1655 1913 1712 inveniuntur
1940 1695 1955 1724 ,
2009 1659 2247 1725 propter
2301 1654 2416 1711 hoc
2466 1653 2626 1726 quod
2685 1652 2915 1724 accipit

475 1725 884 1805 cognitionem
913 1725 1331 1783 intellectivam
1363 1739 1400 1781 a
1428 1724 1852 1795 sensibilibus3
1879 1722 2376 1781 namintellectus
2424 1737 2611 1795 agens
2660 1722 2910 1795 estqui

472 1795 620 1853 facit
672 1796 943 1876 species,
999 1810 1036 1853 a
1089 1795 1478 1853 sensibilibus
1533 1801 1829 1866 acceptae,
1884 1807 2019 1852 esse
2069 1793 2513 1874 intelligibiles3
2560 1793 2911 1851 intellectus

480 1871 680 1923 autem
712 1866 1024 1937 possibilis
1052 1870 1144 1924 est
1172 1866 1230 1923 in
1266 1865 1533 1937 potentia
1561 1865 1634 1923 ad
1660 1878 1871 1923 omnes
1914 1864 2138 1923 formas
2180 1864 2623 1922 sensibibilium
2662 1868 2907 1937 cogno-

477 1936 751 1994 scendas
785 1937 979 2003 Quum
999 1935 1184 2008 igitur
1209 1936 1562 1993 substantiae
1591 1941 1880 2006 separatae
1909 1948 2030 1993 non
2073 1935 2195 1992 acci
2242 1936 2375 1992 iant·
2416 1949 2489 1991 co
2572 1935 2829 1992 itionem
2866 1947 2912 1992 a

479 2005 894 2069 sensibilibus,
927 2020 1052 2064 non
1079 2006 1260 2064 estin
1289 2007 1379 2063 eis
1407 2006 1746 2063 intellectus
1769 2019 1954 2078 agens
1970 2010 2028 2062 et
2045 2018 2214 2077 possi
2257 2006 2379 2062 ilis,
2400 2007 2489 2069 Un
2531 2019 2564 2061 e
2585 2010 2642 2062 et
2677 2005 2909 2062 Aristo-

476 2076 626 2134 teles
673 2077 770 2148 (De
796 2080 1002 2143 anima,
1031 2089 1121 2145 111,
1147 2081 1288 2134 text.
1321 2090 1537 2134 comm.
1574 2077 1681 2148 17),
1712 2075 2077 2134 intellectum
2124 2076 2475 2147 possibilem
2518 2081 2578 2132 et
2623 2079 2909 2148 agentem

478 2148 793 2215 inducens,
829 2146 974 2203 dicit
1000 2159 1106 2203 ecs
1132 2147 1193 2203 in
1224 2146 1426 2205 anima
1451 2161 1489 2204 o
1532 2154 1726 2204 ortere
1754 2147 1918 2218 poni.

545 2216 694 2274 item
724 2216 1111 2274 manifestum
1140 2221 1250 2282 est,
1279 2217 1342 2274 in
1371 2217 1460 2275 eis
1504 2230 1619 2286 em,
1679 2216 1838 2289 quod
1888 2216 2099 2276 localis
2155 2216 2439 2274 distantia
2488 2216 2905 2287 cognitionem

479 2286 696 2344 animae
719 2293 1006 2357 separatae
1034 2287 1320 2359 impedire
1348 2301 1470 2346 non
1495 2290 1711 2359 potest.
1745 2286 1976 2345 Localis
1996 2287 2154 2345 enim
2191 2288 2474 2344 distantia
2500 2302 2606 2358 per
2642 2301 2708 2344 se
2739 2300 2907 2345 com-

477 2363 720 2428 paratur
748 2357 822 2414 ad
852 2371 1118 2438 sensum,
1149 2371 1272 2414 non
1296 2357 2156 2439 autem·agl-intellectumfflisi
2182 2372 2288 2429 per
2301 2358 2605 2439 accidens,
2628 2358 2692 2413 in
2714 2371 2910 2430 quaii-

480 2432 605 2485 tum
634 2442 670 2485 a
699 2441 881 2486 sensu
903 2433 1150 2499 accipit3
1182 2441 1318 2486 iiam
1350 2429 1665 2487 sensibilia
1691 2428 2021 2486 secundum
2068 2427 2518 2486 determinatam
2549 2428 2904 2486 distantiam

478 2504 721 2556 movent
748 2511 1023 2566 seusum;
1053 2497 1458 2572 intelligibilia
1480 2504 1678 2557 autem
1707 2505 1864 2570 actu,
1895 2498 2224 2557 secundum
2252 2499 2411 2571 quod
2442 2504 2683 2557 movent
2728 2499 2909 2557 intel·

479 2568 723 2650 lectum,
754 2583 876 2627 non
905 2575 1048 2628 sunt
1074 2570 1137 2626 in
1168 2570 1323 2638 loce,
1354 2583 1537 2643 quum
1568 2571 1690 2628 sint
1716 2585 1754 2627 a
1781 2571 2029 2629 materia
2054 2570 2348 2640 corporali
2379 2577 2674 2652 separata.
2706 2571 2909 2638 Quum

480 2645 666 2710 igitur
690 2640 1040 2698 substantiae
1067 2646 1356 2711 separatae
1383 2654 1505 2699 non
1536 2641 1829 2711 accipiant
1844 2640 2265 2697 intellectivam
2283 2641 2690 2712 cognitionem
2711 2654 2748 2698 a
2765 2653 2910 2699 sen-

481 2709 781 2779 sibilibus,
811 2711 875 2767 in
903 2724 1111 2768 eorum
1136 2712 1543 2782 cognitionem
1577 2711 1860 2770 distantia
1888 2710 2098 2768 localis
2126 2711 2277 2767 nihil
2306 2718 2605 2782 operatur.

552 2780 752 2838 Palam
782 2786 875 2839 est
901 2782 1077 2838 etiam
1106 2782 1265 2854 quod
1294 2782 1678 2840 intellectuali
1715 2781 2046 2853 operationi
2098 2794 2304 2840 eorum
2361 2795 2483 2838 non
2537 2781 2912 2841 admiscetur

478 2856 736 2923 tempus.
768 2851 931 2908 Sicut
957 2852 1119 2909 enim
1145 2851 1551 2924 intelligibilia
1578 2860 1713 2910 actu
1738 2857 1882 2910 sunt
1905 2851 2129 2923 absque
2180 2853 2335 2920 loco,
2394 2853 2475 2909 ita
2525 2853 2706 2909 etiam
2764 2858 2913 2911 sunt

479 2921 708 2992 absque
730 2926 1024 3001 tempore;
1069 2936 1208 2980 nam
1253 2928 1491 2993 tempus
1530 2923 1921 2995 consequitur
1964 2927 2191 2980 motum
2238 2922 2511 2987 localem,
2564 2923 2726 2979 unde
2783 2931 2910 2981 non

478 2997 789 3070 mensurat
816 2992 934 3048 nisi
961 3005 1035 3049 ea
1061 3007 1194 3064 quae
1214 2992 1552 3065 aliqualiter
1579 3000 1720 3051 sunt
1753 2993 1815 3049 in
1860 2993 2013 3051 loco,
2064 2994 2131 3049 Et
2170 2992 2309 3050 ideo
2355 2992 2689 3064 intelligere
2734 2992 2913 3052 subs-

478 3064 681 3117 tantiae
711 3067 997 3130 separatae
1026 3068 1119 3119 est
1147 3075 1331 3133 supra
1356 3069 1612 3135 tempus.
1642 3064 1982 3133 operationi
2014 3069 2212 3120 autem
2242 3063 2629 3120 intellectuali
2676 3070 2910 3121 nostrie

482 3130 714 3202 adjacet
738 3135 994 3211 tempuS,
1043 3146 1116 3189 ex
1142 3147 1215 3191 eo
1243 3133 1404 3214 quod
1429 3148 1468 3191 a
1516 3133 2033 3204 phantasmatibus
2086 3133 2493 3205 cognitionem
2545 3134 2909 3205 accipimus,

481 3214 621 3280 quai·
641 3199 1094 3281 determinatum
1123 3203 1451 3273 respiciunt
1479 3210 1743 3274 tempus;
1772 3209 1830 3261 et
1858 3203 2000 3260 inde
2024 3208 2118 3261 est
2152 3203 2334 3275 quod,
2364 3205 2430 3260 in
2456 3204 2911 3285 compositione

481 3277 541 3327 et
566 3271 880 3334 divisione,
910 3285 1145 3343 semper
1171 3273 1734 3332 nosterintellectus
1780 3273 2055 3345 adjungit
2106 3280 2224 3330 tem
2272 3286 2344 3331 us
2388 3279 2757 3345 pl'aeterltum
2812 3276 2910 3332 vel

479 3341 766 3410 futurum,
799 3355 917 3399 non
949 3348 1147 3423 autem
1175 3343 1565 3424 intelli-gendo
1588 3347 1730 3414 quod
1749 3346 1885 3415 quid
1919 3349 2023 3411 em
2080 3288 2361 3416 intelPigit
2385 3345 2546 3402 enim
2586 3347 2737 3415 quod
2860 3348 2872 3361 ‘

478 3416 560 3467 est
586 3412 984 3470 abstrahendo
1012 3412 1416 3486 intelligibilia
1433 3429 1472 3473 a
1487 3415 1845 3473 sensibilum
1873 3414 2348 3484 conditionibus3
2367 3415 2550 3480 unde,
2569 3429 2763 3474 secun
2804 3429 2909 3474 um

479 3480 646 3562 illam
676 3484 1105 3553 operationem,
1132 3498 1326 3565 neque
1357 3485 1469 3543 sub
1498 3491 1764 3557 tempore
1793 3499 1987 3558 neque
2016 3485 2129 3543 sub
2162 3485 2361 3558 aliqua
2388 3485 2741 3545 conditione
2769 3495 2911 3544 sen-

480 3551 747 3609 sibilium
774 3567 970 3611 rerum
997 3554 1187 3611 intelli
1232 3555 1373 3613 ibile
1415 3569 1547 3613 com
1594 3556 1896 3625 rehendit3
1954 3555 2497 3626 componit-autem
2552 3562 2662 3614 aut
2699 3556 2915 3615 dividit

480 3622 835 3694 appliundo
866 3623 1268 3752 isstssfliffspista
1297 3626 1463 3696 prius
1514 3641 1550 3683 a
1594 3632 1812 3684 stracta
1855 3626 1931 3684 ad
1972 3638 2093 3695 nes,
2137 3625 2296 3683 etin
2340 3625 2452 3684 liae
2508 3626 2913 3698 applicatione

403 3757 408 3763 ,
477 3705 731 3753 necesse
753 3699 846 3752 est
872 3701 1069 3753 cointe
1098 3695 1202 3768 ligi
1229 3701 1488 3769 tempus.
1514 3696 1562 3769 (1
1583 3703 1758 3768 part„
1787 3712 1870 3770 q.,
1898 3709 1997 3765 LV,
2023 3701 2133 3754 art.
2159 3695 2242 3768 2.)

1417 3913 1670 3977 CAPUT
1727 3913 1963 3978 XCVII.

619 4090 770 4143 Quoi)
806 4089 1190 4138 tumulemus
1228 4091 1603 4139 smisnm'm
1630 4093 1947 4141 SEPARATAE
1971 4093 2199 4142 smss’mt
2230 4093 2386 4143 Anni
2408 4094 2766 4146 lumnam.
2868 4092 2873 4096 ⁴

477 4251 1002 4394 msslltlilgce‘iisnaffiffi
1023 4260 1267 4329 apparet
1290 4255 1451 4329 quod
1477 4255 1821 4314 intellectus
1849 4213 2202 4316 substantiis
2226 4264 2518 4330 separatoe
2546 4266 2643 4319 est
2668 4274 2911 4334 semper

549 4391 718 4461 Quod
750 4393 911 4450 enim
940 4400 1034 4453 est
1058 4396 1418 4471 quandoque
1444 4398 1509 4455 in
1543 4404 1679 4457 actu
1724 4397 2082 4474 quandoque
2107 4399 2175 4459 in
2200 4400 2487 4474 potentia,
2517 4407 2913 4462 mensuratur
