3076 5025
1042 358 1174 416 LIB.
1220 355 1509 428 III‚·CAP.
1550 359 1775 418 xxxin.
2518 367 2623 424 297
2682 313 2695 326 ⁹

187 479 499 553 subjaceat
527 479 794 539 bominis
821 478 1134 548 voluntati,
1166 484 1226 536 et
1268 479 1620 553 plerumque
1649 480 1826 539 malis
1852 480 2167 553 adveniat;
2206 495 2340 557 quae
2387 497 2626 547 summo

185 552 352 612 bono
381 566 446 609 re
492 556 741 623 ugnant‚
777 556 840 608 ut
867 565 941 608 ex
966 549 1299 632 praemissis
1322 549 1396 622 (c.
1427 554 1496 608 29
1528 556 1586 607 et
1614 551 1703 622 30)
1728 556 1908 622 patet.

258 625 414 692 itm,
487 634 627 680 omo
649 621 906 679 maxime
936 621 1155 678 dicitur
1181 620 1379 678 bonus
1410 621 1742 679 secundum
1768 622 1927 695 quod
1961 622 2035 681 ad
2065 636 2366 682 summum
2400 624 2629 686 bouum

189 693 453 766 attingit.
486 691 826 749 Secundum
857 697 1056 750 autem
1085 689 1245 764 quod
1267 691 1444 749 habet
1463 692 1810 773 potentiam,
1835 704 1957 750 non
1981 693 2197 752 dicitur
2218 695 2416 754 bonus
2436 709 2509 753 ne
2552 712 2629 756 ue

187 764 429 832 malus;
462 776 582 820 non
614 762 774 820 enim
803 767 896 820 est
920 762 1119 821 bonus
1151 761 1349 819 omnis
1379 776 1481 835 qul
1527 766 1720 833 potest
1767 762 1927 821 bona
1956 763 2170 833 facere,
2200 778 2395 838 neque
2432 780 2529 825 ma
2557 779 2628 827 us

190 841 284 895 est
313 834 537 915 aliquis
561 847 633 891 ex
664 833 778 891 hoc
803 833 964 906 quod
991 837 1189 904 potest
1214 833 1370 889 mala
1401 835 1616 891 facere.
1648 835 1959 892 Summum
2004 833 2189 908 igitur
2233 835 2458 895 bonum
2505 850 2629 897 non

191 909 480 965 consistit
512 904 576 961 in
597 904 712 962 hoe
739 904 900 976 quod
926 910 1018 962 est
1053 915 1189 961 esse
1217 907 1543 974 potentem.

259 975 483 1045 Adhuc,
515 975 713 1032 omnis
742 976 1009 1046 potentia
1031 974 1106 1032 ad
1131 973 1381 1031 alterum
1414 978 1522 1032 est.
1555 975 1864 1033 Summum
1891 978 2088 1033 aulem
2133 976 2360 1035 bonum
2388 989 2511 1035 nou
2539 983 2634 1037 est

198 1046 275 1105 ad
303 1045 579 1103 alterum.
611 1047 740 1103 Non
770 1051 864 1103 est
893 1045 1080 1118 igitur
1105 1044 1374 1115 potentia
1400 1057 1704 1102 summum
1735 1045 2001 1103 bominis
2028 1045 2276 1106 bonum.

261 1117 540 1188 Amplius,
578 1115 725 1173 illud
754 1129 874 1188 quo
906 1115 1043 1187 quis
1112 1119 1268 1173 otest
1298 1120 1356 1172 et
1381 1114 1531 1172 bene
1557 1120 1615 1172 et
1642 1116 1798 1173 male
1826 1116 1911 1173 uti
1943 1129 2063 1173 non
2094 1123 2292 1189 potest
2318 1131 2453 1176 esse
2475 1132 2638 1177 sum·

194 1200 364 1246 mum
396 1187 660 1245 bominis
687 1187 913 1244 bonum
941 1204 955 1255 ;
988 1200 1082 1244 me
1110 1186 1206 1243 ius
1233 1186 1394 1243 enim
1420 1191 1510 1244 est
1541 1199 1660 1259 quo
1696 1187 1898 1244 nullus
1941 1188 2096 1245 male
2146 1187 2233 1246 uti
2276 1193 2491 1259 potest.
2520 1192 2632 1250 Po-

198 1257 392 1316 tentia
443 1261 641 1314 autem
689 1256 909 1330 aliquis
960 1257 1113 1314 bene
1159 1261 1217 1313 et
1260 1255 1415 1313 male
1461 1256 1549 1314 uti
1597 1261 1837 1328 potest;
1886 1269 2024 1318 uam
2074 1263 2399 1330 potestates
2453 1259 2633 1318 ratio·

192 1328 373 1458 lnales
395 1328 468 1385 ad
499 1329 774 1399 opposita
802 1330 963 1386 sunl.
990 1329 1121 1385 Non
1151 1331 1243 1385 est
1270 1327 1454 1400 igitur
1479 1332 1746 1399 potestas
1767 1327 2028 1386 humana
2043 1341 2346 1387 summum
2366 1330 2634 1389 bominis

261 1472 553 1538 Praeterea,
586 1468 639 1527 si
672 1468 874 1539 aliqua
922 1472 1189 1539 potestas
1246 1473 1338 1527 est
1382 1481 1684 1527 summum
1731 1467 1979 1538 bonum,
2011 1475 2243 1541 oportet
2292 1469 2456 1529 illam
2496 1485 2632 1531 esse

191 1540 717 1613 perfectissimam.
770 1542 1044 1598 Potestas
1092 1544 1287 1597 autem
1333 1540 1599 1597 bumana
1640 1544 1732 1596 est
1759 1538 2301 1610 inperfectissima;
2332 1542 2634 1602 radicatur

193 1611 356 1669 enim
400 1611 463 1667 in
493 1610 808 1668 bominum
854 1609 1267 1669 voluntatibus
1310 1616 1368 1668 et
1414 1609 1824 1682 opinionibus,
1852 1609 1915 1666 in
1959 1611 2178 1684 quibus
2226 1616 2317 1670 est
2372 1613 2634 1672 maxima

191 1681 604 1740 inconstantia
626 1700 641 1750 ;
672 1686 729 1738 et
758 1686 982 1753 quanto
1000 1694 1098 1739 ma
1142 1681 1195 1739 is
1222 1685 1529 1752 reputatur
1561 1685 1848 1752 potestas,
1870 1684 2038 1739 tanto
2062 1696 2097 1739 a
2115 1682 2389 1753 pluribus
2418 1683 2635 1755 depen-

193 1752 292 1810 det
318 1771 332 1821 ;
363 1751 734 1832 quodetiam
763 1751 998 1833 adeius
1023 1751 1095 1809 de
1139 1751 1387 1809 ilitatem
1414 1752 1691 1823 pertinet,
1718 1763 1902 1823 quum
1930 1752 2089 1824 quod
2118 1767 2155 1811 a
2186 1753 2393 1811 multis
2417 1753 2635 1825 depen-

192 1823 293 1881 det
321 1821 548 1880 destrui
604 1822 1015 1893 multiphciter
1037 1822 1250 1893 possit.
1281 1825 1411 1880 Non
1432 1827 1523 1880 est
1550 1821 1735 1895 igitur
1761 1822 1825 1879 in
1852 1827 2144 1893 potestate
2173 1823 2438 1882 humana
2467 1837 2630 1883 sum-

190 1906 359 1951 mum
391 1892 657 1951 hominis
684 1893 933 1951 bonum.
2182 1915 2185 1918 >

265 1962 545 2023 Felicitas
574 1963 758 2036 igitur
781 1961 1048 2021 hominis
1075 1963 1139 2020 in
1169 1962 1335 2021 nullo
1364 1962 1525 2021 bono
1559 1963 1835 2021 exteriori
1871 1963 2171 2034 consistit,
2201 1977 2386 2038 quum
2430 1964 2634 2024 omnia

192 2034 494 2178 fxffriora
520 2034 703 2162 bona,
720 2047 862 2177 123ae
906 2032 1187 2092 dicuntur
1211 2033 1372 2093 bona
1416 2034 1693 2107 fortunae,
1722 2033 1836 2094 sub
1860 2033 2160 2109 praedietis
2189 2036 2631 2095 contineantur.

215 2119 263 2164 1·
328 2146 346 2178 ,
377 2117 434 2178 q.
462 2116 547 2177 xl,
579 2118 614 2162 a
674 2146 689 2162 .
763 2145 778 2162 .

1140 2321 1392 2388 CAPUT
1440 2323 1684 2388 XXXII.

617 2504 769 2557 QUOD
800 2501 1098 2555 tuncrus
1134 2501 1253 2551 Non
1289 2502 1590 2552 CONSISTIT
1619 2502 1683 2550 IN
1710 2502 1881 2551 BONIS
1917 2503 2214 2553 conoms.

271 2670 443 2740 Quod
472 2675 667 2728 autem
712 2666 918 2726 necin
968 2665 1240 2740 corporis
1281 2666 1483 2735 honiS,
1514 2665 1851 2737 cujusmodi
1904 2671 2047 2725 sunt
2089 2666 2339 2735 sanitas,
2370 2664 2633 2738 pulchri·

199 2742 344 2869 tudo
372 2745 433 2798 et
451 2740 654 2810 robur,
688 2739 766 2798 sit
796 2737 1064 2797 bominis
1102 2750 1403 2796 summum
1441 2736 1690 2806 bonnm,
1722 2750 1829 2808 per
1852 2736 2076 2796 §milia
2103 2737 2419 2795 manifeste
2453 2749 2631 2809 appa-

269 2884 407 2941 Haec
431 2883 591 2940 enim
641 2882 819 2939 etiam
859 2879 1039 2939 bonis
1067 2884 1127 2939 et
1153 2879 1330 2938 malis
1370 2878 1716 2937 communia
1743 2883 1904 2951 sunt,
1930 2883 1990 2937 et
2031 2877 2341 2937 instabilia
2378 2882 2540 2949 sunt,
2574 2883 2633 2937 et

197 2952 493 3012 voluntati
519 2966 642 3012 non
673 2953 1003 3024 subjacent.

268 3026 553 3087 Praeterea,
588 3024 788 3082 anima
812 3028 905 3081 est
929 3021 1146 3080 melior
1184 3034 1455 3093 corpore,
1482 3020 1641 3093 quod
1672 3033 1795 3078 non
1834 3018 1981 3077 vivit
2004 3032 2116 3078 nec
2166 3019 2448 3148 fraedicta
2471 3018 2635 3079 bona

196 3094 382 3154 habet
420 3095 539 3153 nisi
584 3109 692 3167 per
736 3095 1019 3152 animam.
1049 3094 1280 3150 Bonum
1324 3092 1508 3164 igitur
1553 3091 1788 3160 animae,
1841 3090 1999 3149 sicut
2043 3090 2166 3148 inte
2193 3090 2379 3163 ligere
2428 3096 2486 3148 et
2514 3090 2635 3149 alia

197 3164 567 3237 hujusmodi,
599 3170 692 3223 est
718 3165 938 3223 melius
965 3176 1145 3237 quam
1173 3163 1398 3221 bonum
1429 3162 1719 3234 corporis.
1750 3164 1878 3220 Non
1902 3165 1995 3220 est
2021 3160 2206 3234 igitur
2229 3161 2500 3235 corporis
2524 3160 2633 3220 bo-

196 3248 344 3294 num
377 3248 678 3294 summum
710 3235 976 3293 hominis
1003 3234 1250 3292 bonum.
1505 3259 1511 3265 ·

267 3306 486 3375 Adhuc,
519 3307 645 3378 haec
672 3306 833 3364 bona
858 3309 999 3364 sunt
1042 3303 1271 3362 homini
1298 3308 1355 3360 et
1383 3303 1521 3361 aliis
1553 3302 1913 3361 animalibus
1957 3302 2321 3361 communia.
2354 3300 2632 3359 Felicitas

196 3380 397 3435 aulem
436 3382 527 3435 est
596 3377 860 3450 topi-ium
890 3374 1155 3435 hominis
1196 3373 1443 3433 bonum.
1469 3376 1599 3432 Non
1625 3378 1715 3431 est
1768 3373 1953 3445 igitur
1993 3373 2057 3431 in
2095 3372 2425 3446 praemissis
2452 3371 2668 3460 bonis‘

196 3446 468 3506 hominis
499 3448 553 3505 fe
582 3448 777 3505 icitas.

117 3591 123 3595 ἢ
266 3520 544 3590 Amplius,
577 3518 767 3577 multa
810 3516 1115 3587 animalia,
1162 3520 1450 3590 quantum
1492 3515 1567 3574 ad
1610 3513 1771 3573 bona
1829 3514 2100 3587 eorporis
2128 3556 2144 3585 ,
2200 3517 2344 3573 sunt
2387 3511 2633 3570 bomine

137 3596 167 3654 *ς
191 3588 469 3662 potiora;
497 3589 768 3670 quaedam
815 3588 976 3645 enim
1024 3592 1166 3645 sunt
1209 3587 1509 3645 velociora
1552 3585 1817 3655 homine,
1861 3585 2134 3667 quaedam
2183 3582 2544 3653 robustiora,
2574 3588 2635 3640 et

193 3659 289 3718 sic
314 3659 387 3718 de
432 3660 590 3718 aliis.
618 3660 676 3718 Si
704 3659 889 3733 igitur
931 3659 993 3716 in
1036 3658 1134 3716 bis
1182 3663 1341 3715 esset
1373 3670 1677 3716 summum
1722 3655 1990 3714 bominis
2044 3655 2292 3724 bonum,
2320 3667 2442 3711 non
2470 3656 2634 3712 esset

191 3730 380 3790 homo
405 3731 698 3802 optimum
742 3728 1131 3797 animalium;
1164 3727 1326 3809 quod
1368 3732 1526 3798 patet
1570 3739 1706 3786 esse
1736 3726 1979 3785 salsum.
2003 3728 2135 3783 Non
2162 3730 2256 3784 est
2281 3724 2465 3798 igitur
2490 3721 2632 3783 feli-

192 3801 347 3862 citas
371 3801 638 3861 humana
664 3801 726 3859 in
754 3800 935 3861 bouis
962 3810 1238 3873 corporis
1268 3798 1633 3857 consistens.
1667 3796 1811 3871 (1·11,
1841 3811 1900 3871 q.
1929 3808 2012 3862 x1,
2041 3800 2151 3856 art.
2183 3795 2268 3868 δι)

1119 4016 1373 4084 CAPUT
1455 4014 1727 4082 XXXIII.

598 4197 748 4252 QUOD
785 4198 1083 4247 umerus
1114 4197 1235 4247 NON
1265 4194 1565 4246 coNslsTn·
1594 4194 1658 4245 m
1691 4195 1882 4244 PARTE
1918 4193 2244 4243 smismva.

269 4365 380 4423 Per
406 4362 619 4424 eadem
643 4360 822 4421 etiam
852 4366 1096 4436 apparet
1133 4359 1295 4435 quod
1322 4372 1517 4433 neque
1563 4369 1867 4420 summum
1895 4356 2161 4418 hominis
2200 4357 2428 4419 bonum
2451 4360 2544 4420 est
2565 4356 2634 4415 in

200 4434 379 4495 bonis
404 4433 713 4495 sensitivae
742 4432 951 4505 partis.

269 4506 417 4568 Nam
445 4505 575 4569 baec
603 4506 784 4569 etiam
811 4503 974 4568 bona
999 4507 1145 4567 sunt
1171 4503 1404 4569 bomini
1432 4507 1493 4567 et
1515 4500 1655 4565 aliis
1683 4500 2046 4564 animalibus
2074 4499 2434 4563 communia.
