3076 5025
147 3771 152 3776 ’
240 3768 588 3827 intellectus
638 3770 829 3827 oritur
870 3783 907 3827 a
931 3781 1139 3827 sensu.
1167 3770 1236 3825 Et
1262 3767 1352 3826 sic
1378 3780 1484 3839 ρει·
1527 3768 1907 3829 sensibilium
1953 3768 2077 3828 acci

1130 327 1261 388 Lis.
1305 329 1401 418 ιιι,
1441 330 1595 388 cAr.
1635 330 1768 390 nvi.
2559 333 2664 410 :129

1225 601 1477 666 CAPUT
1528 601 1681 666 Lvl.

231 776 390 831 QUOD
425 775 644 823 Nouus
682 772 1065 823 inmaturus
1101 772 1362 822 muns
1394 772 1657 819 vmltho
1693 772 1855 819 DEUM
1890 772 2069 818 vium·
2102 771 2291 819 OMNIA
2325 774 2456 827 011AE
2491 773 2555 822 m
2588 771 2666 823 lto

287 888 296 897 .
1186 851 1391 899 Vllum
1434 850 1711 898 Possum.

307 1019 392 1076 Ex
420 1017 536 1076 hoc
580 1019 778 1075 autem
803 1018 1047 1088 apparet
1070 1014 1233 1097 quod
1272 1012 1613 1094 intellectus
1654 1017 1910 1087 creatuS,
1942 1013 2346 1097 etsidivinam
2381 1014 2663 1096 substan·

236 1087 388 1147 tiam
414 1088 629 1153 videat,
660 1099 786 1145 non
828 1091 1028 1144 tamen
1070 1098 1275 1144 omnia
1321 1088 1637 1157 cognoscit
1665 1098 1796 1157 quae
1839 1099 1944 1158 per
1967 1085 2227 1144 divinam
2266 1085 2665 1145 substantiam

230 1158 525 1240 cognosci
568 1161 841 1231 possunt.
871 1159 1033 1215 Tunc
1078 1156 1237 1214 enim
1290 1156 1489 1213 solum
1536 1168 1787 1214 necesse
1823 1162 1913 1215 est
1949 1156 2129 1229 quod,
2166 1156 2408 1228 cognito
2460 1156 2662 1229 aliquo

230 1229 552 1303 principi0,
582 1240 795 1286 omnes
823 1225 954 1308 ejus
999 1224 1247 1285 effectus
1291 1230 1737 1297 cognoscantur
1761 1241 1868 1308 pei·
1912 1226 2131 1309 ipsum,
2164 1226 2404 1299 quando
2444 1227 2664 1298 princi-

231 1301 402 1373 pium
448 1297 976 1370 comprehenditur
1002 1297 1330 1355 intellectu.
1360 1296 1458 1354 Sic
1500 1296 1662 1354 enim
1694 1298 2051 1369 principium
2084 1296 2325 1371 aliquod
2354 1311 2459 1368 ρει·
2491 1309 2663 1356 suam

231 1375 425 1430 totam
477 1370 757 1427 virtutem
799 1368 1208 1440 cognoscitur,
1237 1366 1477 1441 quando
1521 1379 1735 1426 omnes
1761 1366 2011 1427 effectus
2039 1368 2169 1440 ejus
2216 1372 2666 1440 cognoscuntur

236 1454 309 1501 ex
336 1440 496 1513 ipso.
525 1442 638 1498 Per
677 1438 940 1498 divinam
968 1444 1164 1497 autem
1195 1437 1520 1497 essentiam
1549 1437 1669 1495 alia
1711 1446 2179 1511 cognoscuntur,
2210 1439 2369 1499 sicut
2413 1451 2669 1512 cognos-

231 1516 455 1570 cuntur
478 1508 727 1568 effectus
755 1523 828 1568 ex
855 1522 1060 1568 causa.
1088 1509 1233 1566 Cum
1271 1508 1455 1590 igitur
1482 1507 1825 1568 intellectus
1861 1515 2096 1569 creatus
2126 1522 2245 1567 non
2298 1510 2492 1580 possit
2521 1508 2667 1566 divi·

235 1595 378 1641 nani
427 1580 823 1640 substantiam
856 1591 1235 1661 cognoscere
1279 1591 1369 1637 sic
1430 1577 1593 1659 quod
1647 1578 1839 1660 ipsam
1889 1579 2372 1652 comprehendat,
2402 1593 2526 1638 non
2575 1584 2667 1639 est

236 1652 648 1780 necessarium
677 1650 862 1724 quod,
889 1649 1147 1708 videndo
1174 1662 1390 1722 ipsam,
1416 1660 1622 1708 omnia
1642 1649 1839 1709 videat
1867 1665 2000 1725 quae
2029 1664 2136 1723 per
2158 1652 2349 1724 ipsam
2374 1649 2664 1723 cognosci

235 1736 277 1799 P
302 1795 455 1856 item,
488 1798 713 1866 quanto
764 1788 1363 1872 aliquisintellectus
1407 1795 1503 1850 est
1550 1791 1746 1862 altior,
1774 1797 1941 1852 tanto
1987 1792 2162 1866 plura
2202 1794 2537 1867 cognoscit,
2570 1791 2664 1851 vel

231 1863 569 1924 secundum
598 1874 795 1923 rerum
842 1861 1308 1930 multitudinem,
1335 1860 1428 1919 vel
1471 1862 1684 1922 saltem
1732 1864 2062 1923 secundum
2093 1865 2432 1923 earumdem
2464 1873 2666 1924 rerum

231 1934 443 2009 plures
487 1932 1154 2003 rationes3intellectus
1196 1937 1394 2013 autem
1446 1931 1688 1992 divinus
1732 1934 1963 2014 excedit
2007 1948 2248 1993 omnem
2295 1935 2666 1994 intellectum

233 2012 525 2066 creatum.
557 2005 738 2062 Plura
785 2003 970 2076 igitur
1013 2007 1328 2076 cognoscit
1370 2015 1549 2075 quam
1593 2017 1793 2063 omnis
1842 2004 2182 2064 intellectus
2233 2013 2489 2065 creatus
2532 2010 2668 2065 Non

232 2081 441 2138 autem
468 2074 785 2148 cognoscit
826 2072 1055 2146 aliquid
1101 2072 1219 2132 nisi
1250 2087 1355 2144 per
1403 2073 1518 2132 hoc
1548 2075 1709 2147 quod
1742 2087 1912 2133 suam
1944 2076 2272 2134 essentiam
2300 2077 2479 2147 videt,
2508 2083 2573 2135 ut
2602 2077 2667 2136 in

232 2147 434 2219 primo
480 2146 631 2217 (cap.
655 2146 746 2217 46)
771 2150 1082 2225 ostensum
1128 2148 1241 2225 est.
1269 2143 1448 2202 Plura
1474 2144 1659 2218 igitur
1703 2151 1845 2205 sunt
1870 2147 2307 2219 cognoscibilia
2332 2161 2439 2220 per
2466 2160 2670 2207 essen·

233 2215 383 2276 tiam
419 2215 681 2274 divinam
710 2229 888 2288 quani
918 2226 1119 2272 omnis
1147 2214 1486 2273 intellectus
1513 2221 1751 2275 creatus
1765 2230 1870 2287 pei·
1896 2216 2089 2288 ipsam
2117 2217 2315 2276 videre
2346 2219 2557 2289 possit.

307 2287 526 2350 Adhuc,
557 2286 861 2360 quantitas
889 2284 1131 2366 virtutis
1170 2285 1493 2366 attenditur
1532 2287 1862 2345 secundum
1893 2301 1967 2346 ea
1992 2287 2057 2345 in
2093 2301 2225 2361 quae
2257 2293 2473 2369 potest.
2508 2288 2667 2348 ldem

235 2357 426 2432 igitur
450 2361 544 2416 est
569 2369 936 2428 cognoscere
969 2368 1174 2413 omnia
1200 2368 1266 2413 in
1312 2369 1446 2427 quae
1482 2361 1677 2427 potest
1707 2356 1910 2429 aliqua
1935 2357 2146 2426 virtus,
2176 2363 2237 2415 et
2263 2371 2452 2431 ipsam
2483 2358 2671 2418 virtu·

235 2433 360 2487 tem
382 2427 907 2499 comprehendere.
940 2425 1211 2485 Divinam
1237 2431 1434 2484 autem
1462 2426 1763 2494 virtutem,
1783 2441 1918 2486 cum
1939 2428 2020 2486 sit
2037 2427 2292 2496 infinita,
2324 2441 2445 2486 non
2472 2432 2671 2500 potest

237 2499 317 2559 ali
368 2498 461 2558 uis
489 2504 726 2557 creatus
771 2496 1113 2556 intellectus
1164 2496 1688 2579 comprehendere,
1722 2499 1880 2558 sicut
1924 2511 2036 2558 nec
2062 2498 2385 2558 essentiam
2417 2499 2570 2571 ejus,
2600 2502 2669 2558 ut

239 2584 352 2644 pro
397 2576 556 2628 atum
583 2575 677 2628 est
703 2569 795 2641 (ca
840 2610 854 2625 .
886 2568 999 2641 55).
1021 2570 1221 2640 Neque
1241 2567 1425 2640 igitur
1449 2567 1790 2629 intellectus
1819 2574 2056 2628 creatus
2080 2574 2275 2641 potest
2298 2582 2666 2643 cognoscere

238 2641 448 2700 omnia
480 2641 544 2698 in
594 2653 727 2713 quae
819 2638 981 2697 ivina
1021 2637 1213 2696 virtus
1253 2642 1473 2719 potest.
1505 2639 1718 2698 Omnia
1765 2644 1964 2698 autem
1988 2640 2054 2697 in
2089 2654 2221 2723 quae
2248 2639 2452 2698 divina
2475 2640 2666 2699 virtus

236 2715 440 2783 potest
482 2716 625 2770 sunt
660 2723 767 2782 per
793 2708 1119 2768 essentiam
1148 2707 1409 2766 divitiam
1452 2710 1909 2781 cognoscibilia.
1940 2711 2153 2769 Omnia
2171 2710 2331 2768 enim
2355 2710 2671 2784 cognoscit

239 2786 422 2852 Deus,
453 2787 511 2840 et
548 2781 794 2840 nonnisi
849 2793 957 2851 per
1010 2778 1335 2837 essentiam
1386 2792 1581 2838 suam.
1612 2783 1740 2839 Non
1796 2780 1980 2854 igitur
2030 2780 2367 2839 intellectus
2408 2788 2646 2840 creatus

236 2852 452 2911 videns
480 2850 750 2979 divinam
799 2849 1224 2919 substantiam,
1254 2848 1418 2908 videt
1460 2851 1665 2909 omnia
1692 2864 1826 2924 quae
1871 2851 1935 2909 in
1965 2852 2069 2910 Dei
2111 2850 2447 2911 substantia
2481 2822 2670 2911 videri

238 2936 280 2997 p
311 2994 587 3064 Amplius,
620 2991 790 3051 nulla
814 2992 1006 3051 virtus
1046 2991 1459 3064 cognoscitiva
1503 2992 1819 3065 cognoscit
1863 3006 1986 3051 rem
2018 2993 2279 3066 aliquam
2304 2993 2423 3052 nisi
2453 3005 2670 3053 secun·

238 3064 385 3123 dum
414 3063 706 3122 rationem
783 3062 965 3134 roprii
996 3061 1233 3121 ob'ecti.
1263 3065 1392 3121 Non
1418 3062 1581 3121 enim
1602 3063 1736 3122 visu
1761 3064 2188 3137 cognoscimus
2209 3064 2434 3138 aliquid
2464 3064 2581 3123 nisi
2603 3064 2670 3123 in

238 3138 531 3209 quantum
559 3140 652 3194 est
678 3147 750 3193 co
776 3139 1030 3193 oratum.
1109 3132 1374 3204 roprium
1422 3139 1621 3192 autem
1668 3133 1966 3205 objectum
2013 3134 2353 3209 intellectus
2383 3140 2477 3193 est
2501 3135 2669 3208 quic·

239 3205 391 3278 quid
435 3205 617 3264 estin
663 3204 1000 3264 substantia
1028 3203 1136 3273 rei,
1167 3208 1231 3261 ut
1275 3202 1493 3261 dicitur
1540 3204 1604 3262 in
1646 3205 1822 3264 tertio
1868 3208 1950 3263 De
1989 3208 2179 3262 antina
2204 3205 2367 3278 (text.
2401 3218 2558 3264 com.
2589 3204 2670 3286 9).

237 3276 433 3347 Igitur
453 3275 736 3348 quicquid
782 3274 1124 3333 intellectus
1161 3273 1234 3332 de
1263 3274 1466 3347 aliqua
1507 3289 1574 3333 re
1623 3276 1957 3348 cognoscit,
1987 3277 2301 3349 cognoscit
2328 3290 2433 3347 per
2459 3288 2668 3347 cogni·

239 3347 469 3404 tionem
500 3345 850 3405 substantiae
895 3345 1063 3402 illius
1091 3344 1199 3402 rei.
1231 3343 1394 3403 Unde
1422 3345 1486 3403 in
1511 3345 1775 3418 qualibet
1807 3345 2316 3405 demonstratione
2356 3358 2462 3417 per
2487 3358 2666 3419 quam

238 3417 627 3475 innotescunt
657 3416 834 3475 nobis
876 3414 1120 3496 propria
1161 3415 1512 3485 accidentia,
1541 3416 1899 3488 principium
1948 3417 2277 3489 accipimus
2363 3415 2483 3474 uod
2524 3415 2672 3496 quid

244 3491 360 3556 est,
391 3491 455 3544 ut
482 3487 698 3545 dicitur
723 3487 786 3544 in
816 3498 1010 3557 primo
1031 3487 1393 3543 Poste-iorum
1420 3485 1583 3558 (text.
1614 3499 1830 3545 comm.
1862 3487 1937 3561 9).
1957 3488 2015 3545 Si
2042 3493 2242 3546 autem
2271 3499 2344 3546 su
2388 3490 2673 3545 stantiam

241 3558 501 3629 alicujus
541 3558 627 3614 rei
674 3555 1017 3616 intellectus
1062 3560 1393 3629 cognoscat
1413 3570 1520 3628 per
1565 3556 1915 3627 accidentia,
1946 3558 2105 3617 sicut
2140 3557 2357 3617 dicitur
2383 3557 2447 3613 in
2476 3556 2670 3628 primo

194 3682 204 3698 ,
237 3631 323 3684 De
346 3630 533 3684 anima
556 3627 719 3700 (text.
753 3641 970 3686 comm.
1005 3626 1116 3699 li),
1147 3626 1305 3699 quod
1334 3626 1667 3685 accidentia
1693 3642 1750 3686 m
1835 3641 1971 3687 nam
2008 3632 2235 3700 partem
2263 3627 2579 3687 conferunt
2594 3626 2670 3685 ad
2736 3626 2743 3637 '

242 3698 730 3771 cognoscendum
766 3698 926 3771 quod
955 3697 1100 3772 quid
1124 3702 1235 3766 est,
1257 3696 1373 3755 hoc
1404 3702 1498 3756 est
1527 3711 1634 3770 ρει·
1660 3699 1785 3758 acci
1831 3712 1961 3770 ens,
1989 3698 2054 3756 in
2083 3697 2670 3828 flggssuuffc‘oognrffiiiio

2224 3785 2240 3827 1
2646 3796 2673 3812 a

240 3851 382 3896 nem
417 3852 453 3897 o
497 3844 650 3896 ortet
673 3840 747 3898 ad
776 3838 1131 3899 substantiae
1172 3837 1543 3898 intellectum
1589 3840 1918 3911 pervenire.
1949 3842 2196 3912 Propter
2216 3839 2374 3913 quod
2405 3783 2521 3897 lige
2549 3849 2674 3897 non

237 3909 427 3988 habet
450 3853 647 3967 focum
676 3910 740 3967 in
768 3908 1230 3978 mathematicis,
1252 3908 1359 3967 sed
1388 3908 1452 3967 in
1473 3910 1857 3992 ‚naturalibus-
1883 3915 2135 3969 tantum.
2166 3909 2457 3991 Quicquid
2488 3909 2674 3991 igitur

241 3982 432 4038 estin
477 3992 562 4047 re,
591 3980 750 4051 quod
793 3993 915 4039 non
959 3984 1159 4052 potest
1199 3991 1487 4053 cognosci
1572 3993 1637 4040 er
1683 3980 2090 4054 cognitionem
2132 3980 2484 4039 substantiae
2518 3994 2674 4052 eJuS,

189 4104 197 4113 .
239 4052 485 4121 oportet
528 4061 662 4107 esse
701 4050 1025 4131 intellectui
1071 4050 1365 4131 ignotum.
1394 4050 1505 4119 Qui
1594 4055 1792 4110 autem
1845 4051 1986 4110 velit
2030 4050 2251 4124 aliquis
2294 4051 2504 4109 volens
2551 4063 2676 4111 non

237 4124 446 4193 potest
477 4131 763 4192 cognosci
810 4134 916 4200 per
952 4125 1359 4194 cognitionem
1405 4121 1758 4181 substantiae
1808 4121 2023 4195 ipsius.
2052 4124 2200 4180 Nam
2242 4121 2522 4181 voluntas
2551 4135 2674 4181 non

242 4190 441 4250 tendit
466 4189 532 4247 in
571 4202 684 4271 sua
703 4189 890 4271 volita
915 4191 1162 4249 omnino
1201 4191 1572 4262 naturaliter,
1596 4196 1836 4275 propter
1871 4192 2032 4267 quod
2059 4192 2339 4251 voluntas
2377 4197 2436 4251 et
2462 4197 2678 4253 natura

245 4261 366 4320 duo
389 4261 690 4334 principia
730 4265 922 4318 activa
967 4266 1287 4333 ponuntur.
1314 4265 1445 4321 Non
1471 4267 1672 4334 potest
1711 4263 1896 4336 igitur
1938 4262 2159 4334 aliquis
2206 4262 2543 4324 intellectus
2572 4277 2673 4323 co·

243 4345 540 4414 gnoscere
570 4328 726 4460 ²guid
775 4330 985 4389 volens
1029 4331 1191 4414 velit,
1219 4333 1338 4392 nisi
1385 4333 1536 4391 forte
1580 4347 1687 4406 per
1716 4332 1968 4415 ⁸aliquos
2014 4332 2282 4414 effectus,
2315 4334 2493 4416 sicut,
2535 4345 2672 4393 cum

246 4402 523 4462 videmus
585 4472 597 4484 ⁸
633 4414 834 4475 iquem
866 4400 1196 4461 voluntarie
1243 4408 1610 4476 operantem,
1641 4415 1871 4485 scimus
1930 4403 2075 4477 quid
2133 4404 2409 4474 voluerit,
2438 4409 2540 4464 aut
2567 4414 2673 4481 per

246 4486 516 4547 causam,
546 4477 708 4536 sicut
735 4474 893 4536 Deus
920 4472 1259 4536 voluntates
1286 4479 1527 4537 nostras
1549 4474 1713 4536 sicet
1738 4472 1894 4535 alios
1910 4486 2061 4537 suos
2085 4473 2333 4538 effeetus
2361 4472 2671 4548 cognoscit
