3076 5025
1132 357 1265 412 ΗΒ.
1304 357 1394 423 Π,
1435 356 1589 413 GAP.
1630 356 1817 412 LXXX.
2579 360 2682 415 6¹9

252 475 386 539 lob,
414 488 542 546 xlx,
569 480 642 534 25
671 494 685 532 ε
710 477 834 534 Scio
858 477 1003 547 qaod
1027 480 1101 534 Re
1259 482 1345 533 tor
1368 494 1517 534 meus
1542 480 1699 547 vivit,
1726 480 1855 534 etin
1879 479 2170 534 novissimo
2196 478 2289 533 die
2310 479 2378 533 de
2396 482 2546 533 ter-ra
2565 495 2684 535 sur-

251 549 503 603 renim-us
529 562 669 614 sum,
699 552 751 602 et
778 563 970 603 rursus
998 551 1197 604 circum
1242 550 1372 604 abor
1393 549 1533 618 pelle
1556 565 1696 611 mea,
1724 553 1776 604 et
1798 551 1859 604 in
1886 564 2055 604 carne
2076 563 2195 604 mea
2218 548 2409 603 videbo
2436 552 2624 604 Deum.

324 617 421 674 Ad
449 618 885 675 ostendendum
917 618 1094 675 etiam
1121 620 1618 676 resurrectionem
1666 619 1866 677 carnis
1916 619 2173 677 futuram
2231 618 2473 676 evidens
2523 620 2674 679 ratio

251 686 644 760 suffragatur,
677 688 1001 759 suppositis
1028 688 1127 745 his
1146 702 1278 760 quae
1307 689 1368 745 in
1395 690 1808 760 superioribus
1833 694 1977 747 sunt
1999 695 2265 747 ostensa.

327 759 647 816 ostensum
677 765 769 815 est
792 759 948 816 enim
977 759 1042 815 in
1071 759 1337 817 secundo
1363 760 1512 816 libro
1541 759 1691 831 (cap.
1718 762 1813 831 ’79)
1847 760 2078 817 animas
2099 760 2410 817 hominum
2433 759 2675 818 immor-

249 828 408 887 tales
438 841 593 886 esse.
623 831 951 887 Remanent
969 829 1149 901 igitur
1175 833 1311 900 post
1338 842 1591 900 corpora
1615 844 1651 888 a
1679 830 2031 901 corporibus
2060 829 2372 888 absolutae.
2403 831 2681 889 Manifes-

249 902 382 958 tum
408 904 504 956 est
530 899 708 957 etiam
739 915 810 956 ex
836 898 934 957 liis
962 912 1094 979 quae
1115 900 1175 956 in
1207 901 1474 958 secundo
1496 901 1646 972 (cap.
1677 904 1745 958 83
1763 908 1818 959 et
1834 900 1923 972 84)
1948 900 2105 959 dicta
2122 904 2282 967 sunt,
2305 901 2461 971 quod
2480 902 2683 961 anima

247 970 492 1040 corpori
520 970 869 1027 naturaliter
893 974 1110 1040 unitur,
1135 976 1230 1028 est
1255 972 1413 1028 enim
1439 971 1769 1029 secundum
1814 984 1987 1030 suam
2040 970 2359 1030 essentiam
2408 972 2678 1041 corporis

247 1038 467 1098 forma.
502 1042 601 1098 Est
635 1040 815 1113 igitui-
843 1046 1052 1099 contra
1077 1046 1348 1099 naturam
1375 1044 1590 1099 animae
1617 1043 1844 1115 absque
1872 1055 2120 1113 corpore
2162 1054 2318 1099 esse.
2372 1040 2529 1098 Nihil
2574 1056 2679 1099 au-

245 1114 373 1168 tem
405 1110 566 1181 quod
596 1116 686 1168 est
710 1116 918 1169 contra
962 1115 1234 1169 naturam
1264 1118 1461 1184 potest
1491 1125 1626 1171 esse
1657 1117 2027 1184 perpetuum.
2074 1114 2205 1170 Non
2251 1111 2435 1183 igitur
2481 1126 2685 1183 perpe-

245 1183 357 1239 tuo
383 1181 494 1239 erit
518 1181 717 1239 anima
743 1182 970 1254 absque
997 1195 1266 1253 corpore.
1320 1184 1513 1251 Quum
1572 1183 1753 1256 igitur
1802 1187 2083 1255 perpetuo
2133 1187 2391 1249 maneat,
2447 1186 2679 1262 oportet

247 1264 385 1331 eam
416 1253 650 1323 corpori
682 1252 892 1333 iterato
921 1252 1249 1325 conjungi:
1297 1255 1458 1325 quod
1510 1261 1605 1311 est
1648 1267 1978 1325 resurgere.
2023 1252 2446 1312 immortalitas
2491 1254 2677 1324 igitur

245 1334 587 1380 animarum
613 1336 847 1395 exigere
876 1322 1106 1380 videtur
1128 1325 1626 1381 resurrectionem
1658 1337 1975 1396 corporum
2006 1325 2285 1382 futuram.

319 1393 540 1473 Asiane,
573 1398 882 1451 ostensum
924 1398 1015 1451 est
1058 1406 1241 1465 supra
1284 1394 1348 1450 in
1389 1396 1565 1452 tertio
1595 1395 1747 1452 libro
1780 1394 1929 1466 (cap.
1964 1394 2056 1467 24)
2098 1393 2367 1453 naturale
2416 1394 2677 1453 hominis

244 1462 612 1522 desiderium
638 1463 713 1520 ad
743 1464 1076 1522 felicitatem
1106 1464 1367 1521 tendere.
1399 1466 1673 1522 Felicitas
1702 1471 1901 1523 autem
1931 1466 2139 1523 ultima
2170 1472 2261 1523 est
2304 1464 2497 1522 felicis
2545 1477 2676 1535 pei·-

246 1533 452 1592 fectiO.
486 1533 848 1606 Cuicumque
892 1535 1075 1607 igitur
1107 1534 1274 1592 deest
1320 1534 1541 1608 aliquid
1589 1536 1660 1594 ad
1708 1536 2132 1606 perfectionem
2180 1534 2448 1593 nondum
2498 1534 2679 1592 habet

246 1603 593 1685 felicitatem
629 1606 970 1676 pei-sectam,
997 1604 1137 1676 quia
1162 1605 1427 1664 nondum
1457 1606 1591 1678 ejus
1633 1605 1996 1665 desiderium
2039 1606 2301 1664 totaliter
2339 1605 2676 1678 quietatur;

246 1688 429 1732 omne
459 1687 614 1731 enim
645 1675 1050 1746 imperfectum
1083 1676 1506 1747 perfectionem
1532 1677 1823 1750 consequi
1865 1677 2211 1734 naturaliter
2254 1676 2438 1747 cupit.
2467 1676 2681 1734 Anima

243 1750 446 1804 autem
479 1758 516 1802 a
541 1758 791 1817 corpore
816 1751 1091 1818 separata
1115 1751 1207 1804 est
1243 1746 1446 1819 aliquo
1474 1747 1655 1805 inodo
1689 1747 2054 1819 imperfecta,
2097 1748 2256 1805 sicut
2295 1747 2493 1804 omnis
2539 1758 2678 1817 pars

243 1821 414 1873 extra
445 1828 622 1873 suum
656 1821 845 1873 totum
893 1816 1199 1874 existens:
1247 1818 1446 1874 anima
1488 1819 1649 1875 enim
1694 1818 2044 1876 naturaliter
2087 1824 2180 1876 est
2221 1830 2361 1890 pars
2403 1818 2678 1874 humanae

242 1890 497 1944 naturae.
527 1889 658 1943 Nou
689 1886 870 1967 igitur
893 1886 1076 1944 homo
1105 1892 1301 1957 potest
1330 1888 1599 1945 ultimam
1630 1888 1971 1947 felicitatem
1992 1889 2301 1960 consequi,
2334 1887 2452 1944 nisi
2478 1887 2682 1945 anima

241 1957 456 2015 iterato
485 1970 720 2028 corpori
744 1956 1179 2029 conJung-atur;
1221 1960 1547 2028 praesertim
1580 1972 1763 2031 quum
1811 1963 2123 2017 ostensum
2167 1959 2249 2017 sit
2294 1957 2455 2031 quod
2494 1957 2679 2014 homo

239 2026 309 2085 in
335 2025 452 2085 hac
478 2027 596 2084 vita
628 2041 748 2085 nou
780 2034 977 2098 potest
1004 2027 1077 2085 ad
1107 2026 1443 2085 felicitatem
1477 2030 1742 2086 ultimam
1766 2031 2096 2100 pervenire.

315 2099 468 2165 Item,
501 2098 658 2155 sicut
683 2097 746 2154 in
774 2098 947 2155 tertio
970 2097 1127 2156 libro
1151 2097 1240 2170 (ca
1286 2142 1301 2155 .
1334 2099 1460 2172 136)
1488 2106 1800 2157 ostensum
1830 2106 1940 2167 est,
1968 2114 2041 2157 ex
2069 2100 2270 2158 divina
2304 2098 2677 2172 providentia

327 2167 641 2249 enantibus
661 2182 839 2250 prena
867 2168 1132 2237 debetur,
1163 2174 1222 2225 et
1243 2113 1398 2226 Bene
1427 2170 1741 2241 agentibus
1769 2171 2097 2242 praemium.
2123 2173 2185 2227 ln
2205 2171 2318 2228 hac
2337 2177 2533 2228 autem
2553 2169 2674 2226 vita

292 2251 528 2297 omines
547 2253 619 2295 ex
647 2253 845 2297 anima
872 2244 928 2296 et
951 2253 1200 2311 corppre
1235 2241 1550 2310 compositi
1590 2246 1857 2311 peccant,
1881 2241 1973 2298 vel
2001 2247 2161 2298 recte
2183 2248 2387 2312 agunt.
2419 2240 2675 2298 Debetur

239 2309 431 2382 igitur
453 2309 802 2367 horninibus
830 2315 888 2367 et
907 2311 1237 2367 secundum
1263 2312 1543 2377 animam,
1565 2317 1624 2369 et
1639 2312 1969 2369 secundnm
1992 2326 2211 2384 corpus
2226 2312 2545 2382 'praemium
2580 2308 2675 2367 vel

236 2392 440 2452 poena.
472 2380 846 2437 Manifestum
875 2386 967 2436 est
993 2386 1190 2437 autem
1216 2382 1375 2452 quod
1404 2382 1466 2436 in
1492 2381 1605 2437 hac
1631 2381 1751 2437 vita
1777 2382 2086 2451 praemium
2128 2383 2345 2439 ultimae
2374 2379 2671 2437 felicitatis

239 2451 537 2523 consequi
567 2464 688 2507 non
718 2456 994 2521 possunt,
1015 2465 1088 2507 ex
1115 2449 1211 2506 his
1240 2451 1458 2523 quaein
1487 2451 1662 2506 tertio
1688 2455 1827 2506 sunt
1853 2457 2134 2508 ostensa:
2159 2449 2466 2506 multoties
2489 2450 2669 2506 etiam

237 2528 487 2594 peccata
509 2522 572 2578 in
597 2521 708 2580 hac
739 2522 856 2578 vita
883 2534 1003 2577 non
1035 2520 1403 2590 puniuntur3
1433 2521 1725 2593 quinimo,
1759 2525 1824 2577 ut
1847 2521 2078 2588 dicitur,
2105 2521 2236 2582 sub,
2283 2533 2406 2586 xxi,
2443 2525 2476 2575 7
2511 2538 2524 2576 :
2567 2521 2670 2575 Hic

234 2594 404 2662 impii
435 2595 648 2654 vivunt,
678 2594 1151 2659 confortantem,
1191 2591 1573 2660 sublimatione
1612 2591 1844 2646 divitiis.
1893 2591 2309 2648 Necessarium
2353 2589 2532 2662 igitur
2580 2594 2672 2647 est

237 2675 466 2736 ponere
497 2663 768 2719 iteratam
796 2662 1013 2741 animae
1037 2660 1112 2741 ad
1142 2673 1362 2741 corpus
1389 2660 1894 2734 conjunctionem,
1923 2665 1989 2719 ut
2012 2660 2195 2720 homo
2224 2662 2289 2720 in
2335 2673 2582 2732 corpore
2610 2664 2672 2718 et

238 2733 444 2792 anima
467 2733 760 2804 praemiari
787 2737 846 2789 et
871 2744 1074 2802 puniri
1101 2737 1315 2802 possit.

1187 2952 1442 3017 CAPUT
1493 2951 1729 3018 Lxxx.

848 3131 1232 3181 omnum
1262 3131 1494 3181 coum
1529 3132 2067 3182 mmmmm.

308 3298 462 3358 Sunt
490 3300 688 3356 autem
714 3298 986 3371 quaedam
1015 3310 1148 3379 quae
1177 3296 1635 3379 resurrectionis
1664 3296 1844 3379 fidem
1869 3297 2222 3425 imgugnare
2244 3297 2532 3357 videntur.

310 3370 382 3427 In
411 3369 580 3427 nulla
606 3368 763 3425 enim
794 3368 1154 3426 naturalium
1187 3382 1382 3425 rerum
1405 3373 1703 3426 invenitur
1743 3368 1803 3425 id
1826 3381 1946 3441 quo
2017 3376 2357 3440 corruptum
2380 3375 2472 3428 est
2510 3369 2668 3430 idem

236 3451 495 3499 numero
519 3439 711 3496 redire
739 3439 802 3495 in
829 3452 988 3507 esse,
1020 3439 1179 3497 sicut
1205 3452 1315 3495 nec
1343 3439 1417 3496 ab
1450 3438 1653 3511 aliqua
1682 3439 2007 3509 privatione
2035 3439 2110 3498 ad
2146 3439 2413 3498 habitum
2443 3440 2669 3498 videtur

237 3523 425 3583 posse
455 3509 628 3567 rediri
659 3528 673 3565 :
704 3514 761 3565 et
787 3509 945 3578 ideo,
974 3509 1116 3590 quia
1143 3522 1273 3589 quae
1298 3513 1761 3579 corrumpuntur
1787 3508 1995 3568 eadem
2039 3523 2287 3570 numero
2316 3511 2513 3568 iterari
2545 3523 2669 3570 non

237 3586 519 3654 possunt,
551 3584 760 3636 natura
787 3580 1042 3637 intendit
1071 3584 1139 3637 ut
1160 3579 1217 3637 id
1250 3579 1406 3650 quod
1437 3580 1840 3650 corrumpitur
1864 3579 2021 3637 idem
2048 3582 2246 3652 specie
2287 3596 2393 3652 per
2420 3595 2667 3655 genera-

233 3652 470 3709 tionem
520 3656 923 3709 conservetur.
982 3651 1126 3707 Cum
1174 3649 1355 3722 igitur
1401 3649 1681 3707 homines
1727 3663 1831 3721 per
1875 3655 2125 3708 mortem
2192 3659 2668 3722 corrumpantur,

237 3722 563 3794 ipsumque
590 3734 810 3792 corpus
838 3719 1101 3778 hominis
1130 3734 1322 3792 usque
1350 3720 1425 3778 ad
1452 3722 1646 3792 prima
1669 3720 1961 3779 elementa
1989 3721 2339 3792 resolvatur,
2372 3734 2496 3779 non
2519 3722 2671 3779 vide·

237 3796 341 3850 tur
364 3791 524 3863 quod
559 3790 712 3849 idem
742 3804 990 3849 numero
1015 3791 1199 3848 homo
1223 3792 1419 3861 possit
1441 3792 1703 3861 reparari
1733 3790 1807 3849 ad
1835 3791 2036 3849 vitam.

311 3863 467 3931 Item,
508 3862 879 3933 impossibile
920 3865 1012 3919 est
1051 3874 1188 3919 esse
1235 3861 1390 3918 idem
1441 3875 1694 3920 numero
1739 3860 1913 3935 quus
1967 3862 2211 3934 aliquod
2254 3862 2668 3923 essentialium

241 3932 672 4006 principiorum
719 3933 873 3989 idem
916 3945 1167 3990 numero
1211 3943 1347 3989 esse
1395 3944 1514 4013 non
1563 3937 1797 4004 potest;
1845 3945 2005 4001 nam,
2028 3933 2335 4012 essentiali
2380 3932 2671 4005 principio

241 4003 490 4071 variato,
520 4017 758 4074 semper
780 4002 1041 4060 variatur
1068 4002 1334 4060 essentia
1361 4015 1461 4072 rei,
1493 4017 1598 4073 per
1622 4017 1800 4074 quam
1828 4016 1947 4073 reS,
1989 4008 2147 4061 sicut
2187 4008 2300 4071 est,
2344 4003 2425 4059 ita
2452 4008 2511 4059 et
2550 4016 2672 4063 una

245 4077 358 4132 est.
407 4074 576 4142 Quod
625 4080 820 4132 autem
866 4073 1115 4130 omnino
1168 4072 1322 4130 redit
1365 4072 1427 4128 in
1468 4072 1740 4142 nihilum,
1787 4073 1945 4131 idem
1999 4086 2250 4131 numero
2292 4073 2516 4131 resumi
2547 4087 2670 4131 non
2740 4105 2743 4110 =

244 4148 442 4215 potest
472 4162 487 4202 ε
595 4145 716 4202 tius
742 4143 902 4201 enim
937 4145 1048 4201 erit
1079 4155 1247 4201 uovae
1264 4141 1348 4200 rei
1368 4145 1592 4200 creatio
1612 4156 1790 4215 quam
1811 4142 2078 4216 ejusdem
2095 4143 2409 4213 reparatio.
2431 4144 2671 4202 Videtur

247 4217 444 4271 autem
468 4229 506 4286 p
533 4230 642 4273 ura
669 4214 1093 4286 principiorum
1127 4213 1542 4272 essentialium
1573 4213 1834 4272 hominis
1862 4228 1970 4285 per
1995 4213 2125 4285 ejus
2149 4221 2399 4271 mortem
2429 4215 2492 4272 in
2523 4214 2669 4273 nihi·

245 4284 372 4344 lum
399 4285 612 4342 redire.
645 4287 711 4342 Et
740 4285 929 4355 primo
954 4284 1192 4358 quidem
1221 4284 1353 4355 ipsa
1381 4285 1767 4355 corporeitas,
1817 4289 1877 4341 et
1921 4283 2117 4364 fornia
2151 4284 2479 4353 mixtionis,
2530 4297 2667 4363 cum

245 4356 788 4427 corpusmaniteste
818 4356 1203 4414 dissolvatur.
1237 4354 1460 4412 Deinde
1493 4369 1630 4425 pars
1661 4355 1877 4412 animae
1906 4359 2214 4424 sensitiva,
2264 4360 2323 4413 et
2364 4354 2665 4433 nutritiva,

245 4439 380 4499 quae
407 4428 541 4484 sine
570 4427 875 4497 corporeis
905 4425 1149 4497 organis
1176 4439 1311 4484 esse
1338 4438 1459 4482 non
1528 4429 1762 4483 ossunt.
1797 4424 2056 4482 Ulterius
2085 4432 2284 4484 autem
2329 4426 2391 4482 in
2414 4422 2669 4480 nihilum

241 4496 481 4556 videtur
503 4498 699 4560 redire
725 4495 860 4569 ipsa
883 4495 1253 4570 humanitas,
1289 4509 1421 4571 quae
1504 4497 1681 4555 icitur
1721 4507 1859 4557 esse
1898 4495 2094 4559 forma
2132 4497 2341 4567 totius,
2387 4492 2589 4552 anima
2633 4505 2670 4551 a
