3076 5025
1041 319 1173 377 LIB.
1213 319 1313 386 111,
1353 318 1505 376 GAP.
1547 319 1806 376 LXXXVI.
2538 323 2643 377 375

190 442 359 501 riam
387 441 452 500 in
480 453 663 514 quain
692 445 891 513 agant.
921 442 1051 498 Non
1082 440 1265 514 igitur
1291 452 1366 498 ex
1394 440 1752 499 necessitate
1779 451 2099 513 corporum
2128 442 2460 500 coelestium
2490 442 2648 501 tolli-

190 517 305 571 tur
331 511 393 569 id
422 511 585 585 quod
614 511 863 568 materia
890 524 954 568 re
997 511 1158 568 uirit.
1185 510 1422 568 Materia
1462 516 1659 568 autem
1688 509 1752 568 in
1800 525 1978 583 quam
2026 518 2213 585 agunt
2240 523 2495 584 corpora
2524 526 2645 570 coe-

191 582 386 643 lestia
434 587 579 640 sunt
604 594 857 654 corpora
885 582 945 639 in
976 581 1190 650 eriora,
1212 594 1367 654 ques,
1383 594 1520 638 cum
1538 581 1663 638 sint
1682 581 2094 653 corruptibilia
2112 583 2443 641 secundum
2471 596 2646 641 suam

193 657 505 723 naturam,
534 652 693 710 sicut
721 650 970 710 deficere
997 655 1257 725 possunt
1286 649 1359 708 ab
1388 665 1547 716 esse,
1575 652 1660 710 ita
1687 651 1763 709 ab
1791 653 2049 724 operari,
2081 658 2138 710 et
2167 653 2257 711 sic
2277 667 2486 711 eorum
2536 666 2643 711 na-

194 728 343 782 tura
370 724 486 782 hoc
516 722 716 792 habet,
747 727 814 780 ut
842 736 962 781 non
998 736 1073 779 ex
1105 721 1463 779 necessitate
1490 722 1826 795 producant
1862 721 2131 781 effectus.
2170 726 2299 781 Non
2346 724 2531 796 igitur
2570 738 2647 783 ex

198 793 571 921 necegsimte
600 792 959 866 proveniunt
987 791 1235 851 effectus
1265 791 1603 850 coelestium
1632 806 1951 864 corporum
1978 792 2044 851 in
2087 792 2442 865 corporibus
2490 792 2645 852 infe-

274 935 339 992 Si
363 933 584 1007 aliquis
620 938 818 990 autem
845 932 996 990 sorte
1037 932 1216 1003 dicat,
1265 932 1427 1006 quod
1469 934 1880 991 necessarium
1932 938 2026 991 est
2068 940 2134 992 ut
2173 933 2423 993 effectus
2462 933 2645 992 ccele-

199 1004 397 1065 stium
421 1016 738 1076 corporum
766 1003 1198 1074 compleantur,
1228 1016 1341 1061 nec
1369 1008 1566 1062 tamen
1606 1017 1716 1077 per
1754 1004 1871 1062 boc
1918 1003 2148 1062 tollitur
2188 1004 2564 1077 possibilitas
2606 1019 2646 1064 a

199 1075 395 1133 rebus
415 1073 823 1142 inferioribus,
849 1085 922 1131 eo
948 1073 1108 1155 quod
1137 1072 1391 1146 quilibet
1414 1073 1666 1132 effectus
1686 1080 1778 1132 est
1802 1075 1861 1131 in
1893 1075 2159 1147 potentia
2175 1080 2492 1147 antequam
2513 1073 2643 1145 fiat,

202 1150 271 1203 et
297 1152 443 1204 tunc
472 1143 688 1227 dicitur
712 1144 1045 1225 possibilis.
1076 1143 1328 1213 Quando
1354 1149 1552 1202 autem
1575 1144 1699 1226 =iam
1729 1150 1822 1202 est
1850 1145 1911 1201 in
1937 1150 2094 1226 actu,
2124 1145 2342 1203 transit
2368 1160 2404 1202 a
2428 1144 2636 1226 possi·

199 1214 440 1274 bilitate
468 1229 531 1273 in
560 1219 1002 1283 necessitatem,
1034 1219 1089 1272 et
1114 1220 1303 1272 totum
1330 1215 1446 1273 boc
1471 1214 1743 1286 subjacet
1769 1214 2114 1273 coelestibus
2144 1215 2428 1274 motibus.
2461 1217 2529 1272 Et
2554 1228 2649 1274 sic

205 1298 341 1344 non
367 1284 600 1344 tollitur
626 1285 774 1358 quin
803 1284 882 1342 ali
927 1285 1129 1343 uando
1160 1283 1408 1343 effectus
1436 1285 1515 1344 sit
1544 1284 1883 1356 possibiliS‚
1923 1284 2065 1342 licet
2102 1285 2514 1344 necessarium
2559 1285 2646 1343 sit

203 1354 492 1414 effectum
508 1355 683 1413 illum
756 1299 1085 1437 uangoque·
1101 1355 1372 1437 produci=
1402 1355 1498 1438 Sic
1522 1356 1683 1414 enim
1700 1354 2053 1413 Albumazar
2069 1355 2133 1413 in
2152 1356 2344 1428 primo
2365 1355 2520 1413 libro
2543 1355 2645 1414 sui

205 1427 607 1484 Introduotorii
632 1425 705 1483 de
733 1425 950 1483 endere
980 1429 1190 1483 nititur
1206 1424 1517 1497 possibile.

279 1499 416 1556 Non
441 1501 535 1556 est
561 1500 758 1554 autem
787 1494 1078 1567 possibile
1106 1495 1267 1568 quod
1291 1509 1398 1566 per
1431 1495 1594 1554 hunc
1643 1496 1890 1554 modum
1939 1495 2230 1568 possibile
2271 1496 2645 1555 defendatur.

207 1566 515 1626 possibile
543 1567 705 1625 enim
734 1565 1034 1640 quoddam
1066 1572 1177 1635 est,
1208 1565 1369 1639 quod
1390 1565 1464 1624 ad
1493 1566 1906 1624 necessarium
1942 1567 2232 1639 sequitur.
2285 1568 2430 1624 Nam
2478 1566 2643 1640 quod

208 1650 465 1697 necesse
494 1641 588 1695 est
614 1651 751 1696 esse
802 1636 1092 1709 possibile
1117 1642 1210 1695 est
1243 1649 1398 1694 esse.
1432 1636 1605 1704 Quod
1656 1637 1819 1694 enim
1864 1650 1986 1695 non
2035 1636 2329 1710 possibile
2373 1643 2466 1696 est
2507 1650 2647 1696 esse

207 1707 593 1780 impossibile
622 1713 715 1765 est
742 1720 899 1765 esse.
931 1708 999 1764 Et
1025 1707 1186 1780 quod
1241 1706 1619 1779 impossibile
1647 1711 1740 1765 est
1769 1720 1904 1765 esse
1934 1720 2182 1765 necesse
2213 1712 2303 1765 est
2332 1720 2457 1765 non
2486 1721 2643 1766 esse.

208 1779 405 1859 Igitur
471 1777 591 1835 uod
615 1790 865 1836 necesse
885 1782 979 1835 est
1000 1790 1137 1836 esse
1190 1790 1440 1836 necesse
1468 1781 1563 1836 est
1589 1790 1713 1836 non
1740 1791 1896 1835 esse.
1930 1780 2052 1835 Hoc
2077 1783 2274 1835 autem
2297 1783 2390 1836 est
2417 1778 2646 1850 impos-

209 1849 415 1907 sibile.
489 1861 600 1929 rgo
626 1847 1004 1919 impossibile
1033 1853 1126 1906 est
1165 1847 1327 1921 quod
1356 1847 1582 1919 aliquid
1611 1861 1861 1906 necesse
1891 1847 1972 1905 sit
1998 1860 2156 1917 esse,
2186 1852 2472 1906 ettamen
2519 1860 2646 1906 non

212 1920 297 1978 sit
320 1918 614 1992 possibile
638 1918 789 1976 illud
817 1931 974 1976 esse.
1003 1920 1156 1991 Ergo
1174 1917 1465 1991 possibile
1486 1917 1635 1975 illud
1667 1918 1939 1991 sequitur
1959 1918 2033 1976 ad
2063 1931 2313 1976 necesse
2339 1931 2497 1977 esse.
2518 1920 2645 1977 Hoc

211 1995 416 2049 autem
427 1987 720 2062 possibile
736 2002 857 2046 non
874 1993 967 2046 est
981 1988 1388 2047 necessarium
1402 1988 1887 2069 defendere‚quia
1904 2001 2027 2046 non
2044 1994 2253 2046 contra
2265 1989 2379 2047 boc
2397 1988 2649 2047 effectus

213 2074 291 2118 ex
313 2058 672 2118 necessitate
692 2058 928 2116 causari
945 2058 1242 2132 dicuntur,
1257 2059 1362 2117 sed
1384 2065 1594 2117 contra
1613 2058 1906 2130 possibile
1925 2058 2086 2133 quod
2106 2060 2432 2130 opponitur
2443 2072 2654 2118 neces·

212 2130 380 2188 sario
454 2134 591 2188 rout
605 2129 824 2187 dicitur
835 2127 1124 2201 possibile
1143 2129 1303 2202 quod
1316 2134 1660 2201 potestesse
1677 2134 1735 2186 et
1751 2142 1871 2187 non
1890 2142 2047 2188 esse.
2063 2132 2194 2187 Non
2211 2129 2429 2187 dicitur
2446 2134 2649 2188 autem

214 2144 451 2275 aliquiss
496 2213 603 2273 per
646 2199 805 2280 bunc
852 2199 1098 2278 modum
1134 2198 1425 2270 possibile
1469 2205 1529 2256 et
1560 2199 1920 2278 contingens
1966 2215 2040 2256 ex
2089 2200 2205 2279 hoc
2242 2200 2441 2257 solum
2485 2198 2652 2281 quqd

213 2269 577 2344 quandoque
606 2274 687 2326 sit
715 2281 777 2323 in
807 2272 1073 2340 potentia
1116 2273 1176 2324 et
1210 2266 1570 2340 quandoque
1593 2279 1658 2325 in
1690 2274 1849 2336 actu,
1893 2273 1960 2326 ut
2004 2267 2286 2339 proedicta
2325 2282 2649 2342 responsio

213 2337 648 2413 praesupponit.
679 2340 826 2395 Nam
857 2338 946 2395 sic
972 2337 1152 2395 etiam
1184 2338 1248 2394 in
1277 2336 1544 2395 motibus
1572 2337 1917 2396 coelestibus
1947 2344 2041 2395 est
2073 2337 2363 2410 possibile
2400 2345 2459 2396 et
2501 2353 2650 2398 con-

216 2411 483 2484 tingens.
512 2411 645 2466 Non
674 2409 833 2465 enim
854 2421 1091 2479 semper
1117 2414 1210 2465 est
1238 2407 1584 2480 conjunctio
1623 2406 1718 2464 vel
1754 2408 2054 2479 oppositio
2085 2407 2237 2466 solis
2265 2414 2367 2465 aut
2396 2408 2553 2467 lunae
2581 2410 2650 2467 in

218 2488 381 2551 actu,
413 2480 521 2540 sed
548 2478 906 2553 quandoque
938 2477 1179 2552 quidem
1203 2476 1267 2536 in
1283 2484 1442 2548 actu,
1470 2477 1830 2551 quandoque
1852 2482 2049 2536 autem
2089 2478 2153 2537 in
2180 2478 2466 2550 potentia.
2501 2480 2649 2549 Quae

217 2557 424 2611 tamen
445 2549 790 2609 necessaria
814 2555 976 2619 sunt,
1005 2562 1144 2608 cum
1172 2547 1244 2605 de
1265 2548 1362 2607 his
1380 2548 1598 2606 dentur
1633 2548 2199 2607 demonstrationes.
2219 2548 2333 2606 Sed
2352 2549 2648 2621 possibile

216 2623 312 2682 vel
371 2621 734 2702 contingens
781 2620 961 2702 quod·
982 2619 1306 2747 opsonitur
1349 2618 1697 2677 necessario
1743 2620 1859 2677 hoc
1903 2619 1968 2676 in
2012 2633 2124 2677 sua
2160 2619 2399 2701 ‘ratione
2444 2619 2647 2703 habet,

192 2693 381 2767 ‚quod
408 2705 531 2750 non
560 2696 640 2749 sit
668 2704 916 2749 necesse
944 2691 1051 2771 illu
1122 2688 1248 2746 fieri
1274 2688 1516 2762 quando
1545 2701 1669 2746 non
1705 2694 1846 2770 ‚est3
1887 2689 2048 2761 quod
2073 2689 2314 2772 quidem
2361 2694 2474 2760 est,
2503 2704 2650 2764 quia

218 2776 344 2822 non
377 2763 453 2821 de
481 2762 838 2819 necessitate
869 2764 1142 2841 sequitur
1164 2773 1237 2817 ex
1264 2772 1455 2841 causa
1483 2773 1615 2817 sua.
1659 2761 1847 2830 Sicut,
1889 2774 2025 2817 cum
2052 2759 2310 2819 dicimus
2343 2762 2649 2820 Socratem

220 2846 533 2893 sessurum
557 2845 713 2901 esse,
733 2838 825 2889 est
840 2837 1229 2902 contingens3
1259 2843 1458 2902 ipsum
1487 2835 1686 2888 autem
1705 2843 1840 2889 esse
1861 2832 2239 2899 moriturum,
2261 2836 2354 2889 est
2374 2845 2652 2890 necessa·

222 2904 403 2972 rium,
428 2902 572 2977 quia
598 2901 928 2961 secundum
958 2900 1175 2959 horum
1207 2914 1281 2957 ex
1308 2913 1493 2959 causa
1530 2913 1642 2958 sua
1686 2900 1758 2958 de
1801 2901 2158 2960 necessitate
2196 2902 2488 2974 sequitur,
2520 2915 2645 2960 non

222 2981 423 3035 autem
448 2974 727 3046 primum.
777 2973 837 3030 Si
884 2970 1028 3052 ergo
1058 2985 1131 3029 ex
1170 2970 1435 3029 motibus
1480 2970 1828 3029 coelestibus
1859 2970 1934 3028 de
1963 2971 2323 3029 necessitate
2373 2972 2651 3046 sequitui·

220 3044 385 3117 quod
421 3055 627 3102 eorum
657 3039 907 3100 effectus
935 3048 1060 3100 sint
1081 3041 1442 3115 quandoque
1473 3040 1680 3111 futuri,
1709 3041 1939 3099 tollitur
1970 3040 2260 3114 possibile
2306 3047 2367 3102 et
2413 3043 2648 3103 contin·

225 3127 401 3188 gens,
431 3112 592 3187 quod
619 3112 962 3171 necessario
982 3126 1019 3170 o
1061 3112 1323 3186 ponitur.

294 3183 614 3242 Sciendum
642 3188 839 3241 autem
870 3196 990 3256 quo
1036 3226 1052 3253 ,
1080 3182 1154 3240 ad
1182 3180 1555 3254 probandum
1580 3181 1828 3241 effectus
1857 3182 2189 3241 coelestium
2216 3196 2536 3256 corporum
2573 3197 2651 3242 ex

223 3253 578 3312 necessitate
607 3252 941 3324 provenire,
967 3253 1268 3311 Avicenna
1293 3252 1360 3310 in
1388 3265 1500 3311 sua
1525 3254 1766 3323 Metapa.
1798 3253 1882 3325 (x,
1916 3252 1967 3324 l)
1999 3253 2185 3310 utitur
2209 3254 2313 3311 tali
2361 3254 2595 3313 ratione
2626 3272 2646 3312 ε

221 3325 287 3384 si
317 3324 480 3382 enim
501 3323 723 3397 aliquis
747 3320 995 3382 effectus
1019 3322 1353 3381 coelestium
1383 3336 1701 3395 corporum
1720 3322 2060 3394 impeditur,
2093 3329 2325 3395 oportet
2340 3324 2499 3396 quod
2526 3325 2647 3384 boc

223 3396 306 3455 sit
330 3409 439 3466 per
462 3394 726 3468 aliquam
752 3406 998 3452 causam
1024 3393 1422 3451 voluntariam
1451 3393 1542 3449 vel
1572 3393 1925 3451 naturalem.
1958 3394 2167 3451 Omnis
2217 3399 2415 3452 autem
2462 3408 2651 3454 causa

223 3465 566 3523 voluntaria
589 3464 683 3522 vel
711 3464 1003 3523 naturalis
1030 3462 1334 3521 reducitur
1374 3463 1450 3522 ad
1481 3463 1726 3536 aliquod
1774 3464 2014 3522 coeleste
2061 3464 2443 3536 principium.
2491 3468 2566 3524 Er

224 3535 308 3594 im
352 3535 716 3594 edimentum
746 3534 1062 3592 effectuum
1082 3533 1417 3592 coelestium
1435 3545 1756 3606 corporum
1775 3534 2042 3606 procedit
2061 3548 2134 3593 ex
2157 3535 2460 3608 aliquibus
2476 3550 2567 3595 coe
2593 3549 2651 3594 e-

223 3618 258 3666 s
288 3606 301 3618 ·
348 3618 423 3664 ns
457 3604 793 3678 principiis.
821 3602 1202 3676 impossibile
1243 3609 1336 3663 est
1366 3617 1532 3677 ergo,
1584 3603 1766 3677 quod,
1813 3604 1867 3663 si
1912 3610 2077 3665 totus
2122 3605 2271 3664 ordo
2308 3606 2643 3666 coelestium

223 3675 411 3735 simul
438 3675 785 3747 accipiatur,
815 3673 1067 3733 effectus
1099 3674 1231 3747 ejus
1281 3687 1548 3748 unquam
1591 3680 1881 3745 cassetur.
1927 3674 2090 3734 Unde
2136 3676 2442 3735 concludit
2485 3675 2650 3758 quod
2696 3687 2707 3713 ³

223 3759 479 3819 corpora
502 3746 769 3805 coelestia
798 3745 1025 3804 faciunt
1048 3744 1393 3803 necessario
1430 3757 1568 3804 esse
1597 3744 1812 3803 debere
1840 3744 2088 3805 effectus
2115 3746 2179 3803 in
2221 3746 2318 3804 his
2346 3746 2649 3805 inferiori-

221 3815 362 3886 bus,
391 3823 513 3875 tam
539 3815 915 3875 voluntarios
941 3829 1120 3889 qnam
1150 3815 1476 3874 naturales.
1506 3818 1645 3874 Haec
1674 3822 1871 3874 autem
1898 3817 2073 3887 ratic,
2112 3823 2180 3875 ut
2205 3816 2554 3875 Aristoteles
2579 3817 2646 3875 in

223 3887 493 3946 secundo
521 3888 738 3957 physic.
767 3886 912 3945 dicit
935 3887 1103 3960 (text.
1133 3898 1289 3945 com.
1332 3890 1405 3945 40
1445 3891 1507 3943 et
1545 3886 1703 3944 infra
1729 3930 1745 3957 ,
1794 3886 1904 3944 suit
1931 3886 2327 3960 quorumdam
2369 3887 2648 3959 antiquo-

226 3970 386 4028 rum,
417 3956 521 4031 qui
548 3955 846 4030 negabant
872 3971 1079 4016 casum
1117 3961 1178 4014 et
1224 3956 1547 4025 fortunam,
1576 3969 1683 4029 per
1752 3969 1824 4015 oc
1860 3958 2020 4030 quod
2053 3956 2373 4041 cujuslibet
2399 3955 2648 4016 effectus

223 4033 320 4087 est
347 4027 551 4108 aliqua
595 4040 782 4085 causa
825 4027 1235 4085 determinata.
1286 4027 1489 4085 Posita
1531 4032 1729 4085 autem
1772 4042 1957 4085 causa
1991 4035 2238 4110 ponitur
2277 4027 2526 4086 effectus
2573 4028 2648 4086 de

223 4101 621 4165 necessitate;
651 4101 711 4154 et
737 4097 846 4167 sic,
872 4111 1010 4156 cum
1038 4097 1247 4156 omnia
1274 4110 1350 4154 ex
1375 4097 1732 4156 necessitate
1759 4104 2132 4170 proveniant,
2163 4111 2287 4157 non
2311 4104 2403 4157 est
2419 4096 2649 4172 aliquid

155 4208 160 4217 -
220 4167 535 4228 fortuitum
563 4166 655 4225 vel
677 4166 936 4225 casuale.

299 4239 464 4296 Hanc
494 4241 691 4294 autem
718 4237 1008 4295 rationem
1038 4238 1168 4311 ipse
1185 4236 1363 4297 solvit
1384 4237 1447 4294 in
1466 4243 1636 4297 sexto
1653 4240 1920 4310 Metapa„
1940 4238 2103 4310 (text.
2119 4252 2276 4298 com.
2293 4239 2353 4313 7)
2370 4240 2647 4316 negando

224 4308 379 4368 duas
403 4307 851 4380 propositiones
869 4308 1089 4381 quibus
1108 4308 1237 4367 haec
1263 4307 1418 4366 ratio
1446 4308 1651 4366 utitur.
1684 4309 1946 4377 Quarum
1968 4322 2090 4368 una
2108 4315 2218 4381 est,
2260 4311 2420 4384 quod
2448 4311 2650 4383 posita

228 4392 417 4438 causa
439 4390 840 4460 quacumque,
870 4391 1117 4438 necesse
1145 4378 1227 4437 sit
1248 4378 1380 4451 ejus
1400 4375 1678 4436 effectum
1701 4378 1867 4458 poni.
1891 4380 2015 4437 Hoc
2059 4380 2219 4439 enim
2265 4393 2388 4439 non
2413 4383 2648 4453 oportet

224 4449 290 4508 in
316 4448 602 4512 omnibus
631 4461 857 4522 causiS,
885 4449 1033 4525 quia
1054 4449 1258 4525 aliqua
1280 4461 1486 4519 cansa,
1516 4448 1659 4509 licet
1701 4454 1783 4507 sit
1819 4462 1928 4522 per
1979 4462 2048 4511 se
2083 4455 2143 4510 et
2179 4451 2416 4527 proprie
2460 4460 2650 4507 causa
