3076 5025
461 245 568 301 218
1364 240 1497 299 Llss.
1541 242 1612 310 11,
1652 241 1803 298 CAP.
1844 241 2032 298 LXXX.

465 365 520 425 si
550 368 861 422 remanent
884 363 1084 422 multae
1114 364 1328 422 animae
1358 368 1495 436 post
1518 377 1623 421 cor
1664 376 1834 422 orum
1865 363 2329 435 corruptionem,
2361 367 2596 433 oportet
2622 377 2733 421 eas
2760 377 2901 423 esse

467 437 760 501 diversam
798 434 953 492 sicut
986 434 1146 492 enim
1181 433 1339 493 idem
1368 440 1462 491 est
1484 447 1608 507 quo
1675 439 1767 492 est
1787 447 1972 491 unum
1994 432 2324 492 secundum
2352 433 2782 501 substantiam,
2816 435 2900 493 ita

468 507 706 564 diversa
739 510 882 563 sunt
909 519 1041 577 quae
1074 509 1218 563 sunt
1242 504 1431 562 multa
1455 505 1785 562 secundum
1833 503 2248 561 substantiam.
2281 507 2411 560 Non
2460 509 2656 574 potest
2697 510 2899 563 autem

466 589 625 645 esse,
670 576 733 632 in
772 575 1088 634 animabus
1135 575 1580 632 remanentibus
1611 580 1746 647 post
1792 588 2053 645 corpus„
2079 574 2393 632 diversitas
2424 575 2541 630 nisi
2589 574 2892 646 formalis;

467 661 593 706 non
622 645 782 703 enim
813 652 955 703 sunt
991 646 1338 718 compositae
1368 660 1441 702 ex
1464 646 1711 703 materia
1732 649 1790 701 et
1817 646 2028 713 forma,
2057 650 2124 701 ut
2153 658 2335 716 supra
2362 643 2436 717 (c.
2462 643 2552 717 50)
2578 646 2893 715 probatum

468 724 562 778 est
586 716 658 774 de
688 717 850 773 omni
882 715 1221 774 substantia
1245 715 1656 773 intellectuali.
1681 715 2053 788 Relinquitur
2073 716 2257 787 igitur
2282 715 2442 788 quod
2468 721 2611 773 sunt
2639 715 2889 775 diversae

469 787 801 848 secundum
850 787 1131 857 speciem.
1185 789 1316 845 Non
1374 792 1573 845 autem
1629 801 1734 857 per
1768 786 2211 857 corruptionem
2264 787 2534 856 corporis
2578 792 2887 846 mutantur

469 860 686 919 animae
714 857 787 914 ad
808 857 984 914 aliam
1013 856 1304 929 speciem3
1335 857 1476 930 quia
1503 870 1682 914 omne
1712 856 1871 929 quod
1893 861 2153 914 mutatur
2180 856 2253 914 de
2280 857 2479 927 specie
2509 856 2570 913 in
2600 872 2631 915 s
2676 857 2889 927 eciem,

471 928 890 999 corrumpitur.
925 927 1299 1000 Relinquitur
1326 942 1469 1000 ergo
1498 926 1682 999 quod,
1722 933 2038 1000 antequam
2081 932 2286 985 essent
2325 941 2361 985 a
2405 871 2763 998 corporilbus
2804 941 2900 986 se·

467 1004 710 1074 paratae,
737 998 1260 1055 erantsecundum
1307 998 1569 1069 speciem
1616 997 1885 1056 diversae.
1932 998 2274 1069 Composita
2312 1004 2511 1056 autem
2559 999 2902 1056 sortiuntur

469 1069 731 1141 speciem
754 1067 1082 1126 secundum
1115 1068 1387 1126 formam.
1426 1071 1578 1140 Ergo
1608 1075 1665 1125 et
1691 1067 1997 1125 individua
2027 1069 2339 1125 bominum
2364 1073 2532 1126 erant
2558 1068 2899 1128 secundum

470 1140 734 1212 speciem
761 1138 1017 1207 diversa,
1051 1140 1208 1211 quod
1240 1144 1332 1197 est
1375 1138 1830 1197 inconveniens
1868 1140 2018 1212 Ergo
2057 1137 2431 1210 impossibile
2468 1139 2708 1196 videtur
2736 1139 2901 1212 quod

469 1211 689 1269 animae
721 1209 997 1266 humanae
1027 1210 1230 1267 multae
1265 1215 1611 1268 remaneant
1642 1215 1781 1281 post
1807 1222 2076 1280 corpora.
2398 1279 2418 1285 μ

542 1281 761 1342 Adhuc,
790 1279 1025 1338 videtur
1053 1281 1301 1338 omnino
1336 1294 1472 1339 esse
1507 1279 1905 1352 impossibile,
1949 1280 2278 1337 secundum
2317 1285 2608 1351 ponentes
2658 1280 2904 1338 aetemi·

469 1356 651 1410 tatem
683 1350 912 1419 mundi,
938 1364 1160 1422 ponere
1190 1350 1349 1424 quod
1370 1351 1586 1409 animae
1616 1352 1892 1408 humanae
1920 1349 1984 1408 in
2004 1363 2118 1409 sua
2137 1350 2515 1408 multitudine
2545 1355 2906 1409 remaneant

469 1426 610 1496 post
646 1426 895 1478 mortem
936 1422 1226 1493 corporis.
1259 1422 1319 1479 Si
1357 1421 1516 1479 enim
1565 1420 1826 1479 mundus
1868 1427 1960 1479 est
2002 1420 2076 1479 ab
2116 1425 2359 1490 aeternO,
2406 1425 2605 1479 motus
2654 1422 2771 1478 suit
2825 1422 2903 1480 ab

471 1498 727 1560 aetern03
758 1505 900 1564 ergo
931 1496 990 1549 et
1016 1492 1325 1564 generatio
1353 1497 1445 1550 est
1472 1498 1712 1550 aeterna.
1744 1491 1856 1549 Sed
1886 1491 1938 1549 si
1960 1492 2267 1564 generatio
2288 1497 2380 1548 est
2400 1497 2641 1559 aeterna,
2674 1491 2901 1550 infiniti

471 1562 1001 1642 homines-mortui
1031 1570 1173 1621 sunt
1196 1568 1332 1621 ante
1356 1576 1491 1621 nos.
1522 1562 1580 1620 Si
1612 1577 1674 1620 er
1718 1576 1754 1619 o
1784 1562 1999 1620 animae
2019 1566 2386 1620 mortuorum
2418 1568 2733 1619 remanent
2760 1568 2906 1635 post

471 1639 726 1692 mortem
755 1644 816 1688 tn
850 1645 963 1691 sua
983 1633 1385 1703 multitudiue,
1415 1638 1648 1705 oportet
1713 1634 1868 1691 icere
1893 1632 2128 1691 animas
2168 1632 2435 1690 infinitas
2476 1646 2611 1691 esse
2643 1646 2808 1690 nunc
2835 1634 2905 1691 in

472 1708 611 1763 actu
639 1702 952 1761 bominum
983 1703 1149 1774 prius
1179 1708 1572 1762 mortuorum.
1608 1706 1730 1762 Hoc
1760 1709 1957 1761 autem
1981 1709 2074 1762 est
2096 1703 2500 1774 impossibile;
2533 1717 2673 1760 nam
2704 1702 2906 1760 infini-

471 1779 600 1832 tum
626 1780 761 1831 actu
793 1786 914 1831 non
943 1779 1140 1845 potest
1178 1788 1312 1833 esse
1356 1775 1419 1832 in
1463 1780 1695 1832 natura.
1743 1774 2120 1847 Relinquitur
2167 1774 2368 1845 igitur,
2396 1774 2449 1832 si
2497 1774 2764 1832 mundus
2806 1780 2905 1833 est

473 1850 753 1913 aeternus,
785 1844 945 1916 quod
970 1844 1184 1903 animae
1213 1859 1334 1904 non
1363 1851 1712 1903 remaneant
1747 1845 1945 1903 multae
1976 1850 2115 1916 post
2144 1851 2415 1902 mortem.

542 1917 693 1978 Itern,
726 1914 882 1987 quod
919 1915 1157 1973 advenit
1185 1916 1364 1974 alicui
1396 1922 1454 1972 et
1482 1916 1738 1974 discedit
1752 1916 1827 1973 ab
1855 1928 1928 1973 eo
1955 1920 2166 1986 praeter
2187 1915 2281 1971 sui
2301 1915 2770 1985 corruptionem,
2793 1915 2902 1974 ad-

470 1986 635 2042 venit
665 1985 718 2042 ei
749 1985 1219 2055 accidentaliter3
1253 1987 1378 2045 haec
1408 1987 1569 2043 enim
1599 1991 1691 2043 est
1730 1985 1996 2044 definitio
2039 1984 2386 2043 accidentis.
2419 1986 2477 2042 Si
2509 1999 2654 2058 ergo
2693 1987 2904 2046 anima

471 2056 737 2115 humana
785 2069 907 2113 non
953 2056 1372 2127 corrumpitur,
1418 2070 1668 2128 corpore
1725 2056 2102 2124 abscedente,
2154 2061 2437 2127 sequetur
2491 2055 2650 2128 quod
2695 2057 2906 2116 anima

471 2126 739 2185 humana
766 2126 1211 2184 accidentaliter
1239 2127 1472 2197 corpori
1508 2127 1765 2185 uniatur.
1801 2129 1951 2200 Ergo
1982 2126 2163 2183 bomo
2194 2131 2284 2183 est
2310 2139 2418 2183 ens
2455 2140 2560 2206 per
2589 2127 2903 2199 accidens,

471 2198 576 2269 qui
606 2202 695 2254 est
725 2196 1096 2267 compositus
1124 2212 1194 2255 ex
1240 2197 1441 2255 anima
1468 2203 1527 2254 et
1567 2211 1836 2269 corpore.
1890 2200 1956 2254 Et
1985 2201 2267 2269 sequetur
2296 2198 2547 2255 ulterius
2577 2198 2741 2269 quod
2770 2210 2904 2256 non

473 2268 553 2325 sit
576 2267 778 2339 aliqua
809 2268 1042 2337 species
1071 2267 1361 2334 humana;
1388 2280 1512 2325 non
1542 2269 1700 2326 enim
1737 2283 1809 2325 ex
1836 2268 1936 2326 his
1964 2281 2096 2339 quae
2124 2267 2571 2339 conjunguntur
2605 2283 2712 2339 per
2740 2269 2904 2327 acci-

474 2337 623 2395 dens
649 2337 715 2394 tit
744 2338 975 2409 species
1005 2351 1153 2407 una;
1187 2351 1325 2395 nam
1355 2338 1536 2396 homo
1565 2339 1737 2396 albus
1765 2352 1888 2397 non
1927 2343 2018 2396 est
2045 2337 2248 2410 aliqua
2274 2338 2526 2408 species.

541 2409 819 2478 Amplius,
850 2408 1225 2480 impossibile
1253 2414 1344 2467 est
1379 2409 1641 2482 aliquam
1690 2408 2087 2469 substantiam
2114 2422 2269 2477 esse,
2301 2409 2473 2480 cujus
2522 2422 2645 2465 non
2676 2409 2757 2467 sit
2785 2409 2902 2469 ali-

471 2492 593 2608 ffua
619 2478 905 2550 operatio.
938 2478 1046 2538 Sed
1077 2479 1276 2539 omnis
1309 2481 1575 2552 operatio
1605 2481 1818 2541 animae
1852 2481 2058 2539 finitur
2085 2493 2221 2537 cum
2256 2492 2539 2551 corpore;
2574 2481 2735 2553 quod
2771 2480 2907 2554 qui·

513 2564 609 2607 em
633 2556 792 2620 patet
817 2564 923 2620 per
951 2549 1357 2609 inductionem
1386 2570 1399 2608 :
1433 2582 1501 2592 —
1525 2565 1663 2609 nam
1709 2553 1958 2610 virtutes
1987 2551 2200 2608 animae
2240 2551 2538 2608 nutritivae
2568 2559 2904 2622 operantur

467 2633 578 2693 per
605 2621 921 2692 qualitates
951 2634 1055 2679 cor
1097 2634 1271 2681 oreas
1309 2627 1367 2679 et
1405 2635 1511 2693 per
1556 2623 2019 2680 instrumentum
2064 2634 2438 2692 corporeum,
2479 2627 2539 2678 et
2581 2624 2645 2678 in
2694 2623 2905 2693 ipsum

470 2703 711 2772 corpus,
743 2691 902 2764 quod
930 2706 1037 2763 per
1081 2693 1235 2750 citur
1260 2707 1365 2764 per
1389 2693 1671 2756 animam.
1703 2694 1862 2765 quod
1898 2690 2156 2751 nutritur
2183 2697 2240 2748 et
2283 2697 2554 2764 augetur,
2588 2698 2745 2749 etex
2772 2707 2904 2766 quo

471 2761 766 2819 deciditur
794 2776 999 2819 semen
1027 2762 1100 2821 ad
1132 2763 1599 2837 generationem.
1625 2764 2013 2834 operationes
2045 2763 2220 2820 etiam
2253 2777 2464 2820 omnes
2494 2766 2905 2833 potentiarum

467 2846 606 2903 quae
637 2831 932 2903 pertinent
961 2834 1034 2892 ad
1073 2835 1334 2892 animam
1384 2835 1732 2892 sensitivam
1778 2835 2150 2906 complentur
2194 2847 2299 2905 per
2344 2848 2570 2906 organa
2615 2847 2907 2906 corpora-

471 2902 575 2969 lia,
616 2909 672 2958 et
698 2903 967 2973 quaedam
1001 2917 1202 2961 earum
1244 2904 1621 2975 complentur
1652 2919 1789 2962 cum
1818 2906 2019 2978 aliqua
2046 2906 2541 2962 transmutatione
2572 2905 2905 2976 corporali,

472 2972 631 3029 sicut
658 2987 791 3042 quae
819 2971 1098 3030 dicuntur
1129 2975 1342 3032 animae
1395 2975 1736 3044 passiones,
1767 2982 1830 3033 ut
1859 2990 2046 3044 amor,
2097 2975 2380 3046 gaudium
2424 2981 2482 3031 et
2525 2974 2903 3046 hujusmodi.

470 3041 809 3122 Intelligere
844 3049 1065 3112 autem,
1099 3045 1209 3101 etsi
1257 3059 1377 3104 non
1420 3046 1500 3102 sit
1528 3046 1796 3116 operatio
1826 3061 1930 3117 per
1971 3045 2211 3117 aliquod
2261 3058 2553 3125 organum
2583 3046 2909 3115 corporale

473 3117 753 3193 exercita,
802 3117 1000 3169 tamen
1051 3114 1282 3187 objecta
1326 3115 1456 3188 eJus
1494 3122 1639 3172 sunt
1688 3117 2123 3188 phantasmata,
2161 3130 2292 3188 quae
2341 3123 2420 3172 ita
2473 3130 2545 3173 se·
2572 3116 2794 3173 babent
2822 3118 2910 3174 ad

471 3196 666 3254 lpsam
692 3188 756 3240 ut
782 3184 1018 3241 colores
1049 3185 1120 3241 ad
1151 3185 1376 3254 visum3
1415 3186 1594 3255 unde,
1624 3187 1781 3244 sicut
1811 3188 1976 3246 visus
2008 3201 2129 3244 non
2180 3191 2378 3257 potest
2403 3186 2601 3242 videre
2631 3187 2766 3244 sine
2796 3201 2909 3245 co·-

469 3252 722 3321 loribuS‚
759 3253 840 3333 ita
867 3256 1067 3311 anima
1091 3255 1446 3313 intellectiva
1478 3269 1597 3314 non
1622 3258 2019 3328 potestintelli
2067 3271 2163 3313 ere
2190 3257 2320 3314 sine
2344 3257 2905 3327 phantasmatibus.

470 3324 702 3395 Indiget
729 3330 904 3381 etiam
943 3326 1142 3383 anima
1199 3326 1272 3383 ad
1310 3327 1498 3383 intelli
1547 3329 1786 3396 endum,
1830 3329 2026 3386 virtuti
2074 3341 2144 3386 us
2187 3328 2655 3398 praeparantibus
2702 3328 2904 3397 phan-

471 3397 727 3451 tasmata
753 3394 976 3475 adbuc
1050 3369 1164 3454 uod
1193 3396 1338 3454 fiant
1388 3398 1508 3454 inte
1535 3399 1790 3470 ligibilia
1829 3405 1984 3467 actu,
2036 3396 2266 3477 scili-cet
2314 3399 2526 3454 virtute
2573 3398 2913 3468 cogitativa

473 3470 531 3522 et
558 3471 961 3528 memorativa,
1046 3481 1076 3523 e
1117 3467 1337 3540 quibus
1381 3474 1621 3526 constat
1666 3469 1847 3542 quod,
1891 3484 2077 3542 quum
2125 3472 2248 3526 sint
2286 3474 2455 3524 actus
2498 3469 2909 3540 quorumdam

472 3547 834 3606 organorum
866 3537 1135 3606 corporis
1204 3553 1268 3595 er
1289 3554 1427 3665 3¹¹ae
1464 3549 1785 3610 operantur
1828 3553 1948 3596 non
1981 3543 2236 3610 possunt
2264 3552 2569 3595 remanere
2598 3544 2737 3609 post
2764 3552 2907 3597 cor-

469 3618 604 3677 pus.
641 3606 801 3663 Unde
832 3612 888 3664 et
916 3607 1171 3666 Aristote
1199 3623 1263 3667 es
1332 3609 1433 3666 icit
1464 3609 1563 3680 (De
1587 3613 1792 3673 anima,
1824 3624 1914 3680 111,
1945 3616 2083 3668 text.
2134 3623 2350 3667 comm.
2382 3613 2471 3680 30)
2499 3610 2658 3681 quod
2690 3625 2909 3680 nequa-

470 3690 637 3746 quam
657 3679 774 3732 sine
789 3678 1202 3747 phanstasma&
1228 3682 1490 3748 intelliqit
1516 3683 1722 3744 anima,
1755 3687 1813 3738 et
1839 3680 1999 3752 quod
2026 3681 2171 3738 nihil
2196 3681 2454 3748 intelliyit
2478 3683 2596 3735 sine
2623 3682 2913 3737 intellectu

466 3751 706 3816 passivo,
757 3762 932 3819 quem
976 3754 1146 3807 vocat
1190 3751 1461 3808 virtutem
1518 3752 1919 3822 cogitativam,
1946 3766 2078 3824 quae
2128 3756 2221 3809 est
2276 3750 2785 3820 incorruptibi1133
2842 3756 2912 3808 et

467 3823 711 3887 propter
738 3817 850 3875 boc
877 3818 1020 3876 dicit
1063 3818 1159 3891 (De
1203 3824 1411 3891 anima,
1456 3836 1497 3888 1,
1544 3825 1683 3877 text.
1717 3836 1932 3879 comm.
1980 3822 2068 3893 63)
2113 3820 2271 3894 quod
2318 3823 2620 3890 intelligere
2661 3822 2909 3878 hominis

467 3890 853 3965 corrumpitur,
906 3890 1139 3959 quodam
1178 3892 1410 3947 interius
1454 3896 1724 3961 corrupto,
1779 3891 2011 3949 scilicet
2056 3892 2469 3963 phantasmate
2514 3891 2604 3949 vel
2650 3893 2906 3962 passivo

468 3957 806 4026 intellectu3
835 3965 892 4016 et
924 3959 1021 4032 (De
1051 3962 1255 4024 antima,
1287 3975 1374 4030 111,
1406 3967 1547 4018 text.
1571 3976 1786 4020 comm.
1810 3963 1901 4035 20)
1928 3961 2148 4021 dicitur
2169 3961 2329 4035 quod
2356 3979 2464 4018 non
2492 3965 2908 4019 reminiscimin-

463 4031 590 4095 poct
614 4034 835 4084 mortem
863 4045 1044 4086 eorum
1072 4046 1193 4102 quae
1220 4035 1475 4088 scivimus
1504 4035 1564 4087 in
1588 4036 1726 4090 vita.

539 4097 637 4154 Sic
664 4099 846 4172 igitur
870 4107 1028 4182 patet
1055 4101 1218 4174 quod
1255 4102 1420 4160 nulla
1450 4105 1719 4173 operatio
1749 4103 1965 4162 animae
1993 4109 2193 4175 potest
2237 4117 2545 4162 remanere
2574 4110 2717 4175 post
2747 4119 2909 4163 mor·

467 4167 617 4234 tem;
654 4181 843 4241 neque
873 4171 1058 4243 igitur
1077 4172 1418 4232 substantia
1445 4173 1575 4245 ejus
1617 4180 1835 4244 manet,
1864 4188 2048 4246 quum
2098 4175 2266 4232 nulla
2312 4175 2650 4232 substantia
2703 4177 2909 4247 possit

467 4247 607 4294 esse
637 4238 863 4311 absque
886 4243 1254 4313 operatione.
1973 4263 1982 4274 ·
