3076 5025
1035 283 1170 339 LIB.
1211 284 1299 351 IV,
1338 284 1490 341 CAP.
1529 284 1748 341 XXXIV.
2495 289 2600 344 549

169 405 515 487 speciebuS,
547 405 821 488 quaelibet
849 405 1176 465 differentia
1206 405 1545 486 essentialis
1572 405 1770 464 addita
1797 404 1889 462 vel
1919 404 2222 464 subtracta
2248 406 2434 464 variat
2459 419 2490 463 s
2569 433 2596 452 -

166 490 350 544 ciem,
384 477 544 534 sicut
571 491 632 533 tn
669 478 933 535 numeris
968 476 1187 535 unitas,
1212 476 1516 532 Ratlonale
1564 481 1761 533 autem
1806 481 1900 534 est
1934 475 2269 535 differentia
2294 477 2455 548 speci
2482 492 2594 537 lca.

166 546 229 604 Si
261 546 450 620 igitur
478 547 539 604 in
572 548 803 605 Christo
836 548 942 605 fuit
969 548 1170 605 anima
1209 545 1498 603 sensitiva
1547 547 1678 603 sine
1708 547 1965 612 ratione,
2007 559 2125 604 uon
2176 547 2284 603 suit
2331 547 2599 618 eJ'usdem

165 617 395 689 speciei
414 631 563 698 ‚cum
600 618 800 675 anima
828 624 1052 699 nostr-a,
1082 631 1214 744 qluae
1242 622 1331 675 est
1356 616 1644 674 rationem
1673 611 1922 675 habeus.
1943 619 2061 676 Nec
2086 617 2216 688 ipse
2242 617 2421 689 igitur
2441 617 2599 676 Chri·
2634 617 2640 623 '

166 693 308 745 stus
339 689 456 744 suit
483 687 750 757 ejusdem
784 690 1005 760 specie1
1034 701 1111 745 no
1156 700 1367 745 tscum.

233 756 469 826 Adhuc,
497 758 652 814 inter
678 757 842 829 ipsas
875 759 1106 818 animas
1134 757 1449 816 sensitivas
1478 758 1704 816 ratione
1732 749 2004 815 carentes
2044 757 2353 817 diversitas
2382 773 2598 817 secun·

170 826 322 885 dum
358 828 618 898 speciem
652 829 880 897 existit3
911 827 1071 901 quod
1089 832 1246 900 patet
1262 842 1332 885 ex
1353 828 1710 887 animalibus
1732 826 2343 901 irrationalibus‚quae
2362 830 2436 886 ab
2454 829 2602 887 invi·

79 951 82 976 ἒ
163 911 304 957 cem
318 898 522 969 specie
539 896 840 966 dill'erunt„
894 911 1104 957 uorum
1124 903 1321 956 tamen
1340 898 1804 980 unumquodque
1819 897 2149 957 secundum
2170 898 2462 969 propriam
2480 898 2603 957 ani·

77 995 80 1022 l
168 981 340 1026 mam
361 969 620 1040 speciem
642 968 838 1028 habet.
891 968 1884 1043 icigituranimasensiuvaratione
1897 969 2395 1041 carensestquasi
2415 981 2599 1029 unum
2629 986 2643 1002 ·

75 1071 78 1108 2
169 1051 374 1112 genus
395 1039 510 1097 sub
528 1053 595 1097 se
615 1040 816 1111 plures
831 1040 1063 1111 species
1082 1038 1613 1110 comprehendens.
1627 1039 1778 1097 Nihil
1800 1044 1996 1097 antem
2019 1039 2186 1096 estin
2204 1051 2419 1112 genere
2439 1037 2601 1113 quod

169 1121 301 1168 non
327 1109 410 1168 sit
442 1110 504 1166 iu
533 1110 736 1182 aliqua
762 1110 893 1182 ejus
919 1110 1138 1182 specie.
1159 1110 1216 1166 Si
1242 1110 1423 1183 igitur
1438 1110 1640 1167 anima
1662 1109 1876 1168 Christi
1908 1109 2018 1167 suit
2036 1109 2098 1167 in
2129 1122 2345 1183 genere
2383 1110 2598 1169 animae

168 1179 483 1238 sensitivae
511 1180 742 1238 ratione
760 1181 1040 1248 carentis»,
1071 1183 1371 1252 oporteret
1397 1180 1558 1253 quod
1586 1180 1986 1238 contineretur
2013 1179 2127 1237 sub
2152 1179 2350 1250 aliqua
2377 1179 2601 1248 specie-

167 1264 308 1307 rum
342 1250 498 1318 ejuS‚
528 1254 731 1321 utpote
758 1251 918 1324 quod
944 1251 1121 1309 fuerit
1149 1251 1209 1308 in
1243 1251 1442 1321 specie
1468 1252 1683 1308 animae
1709 1249 1903 1308 leonis
1934 1249 2026 1307 vel
2053 1250 2191 1322 equi
2216 1254 2320 1308 aut
2344 1249 2598 1321 alicujus

177 1320 432 1378 alterius
462 1320 711 1390 belluae3
740 1321 901 1395 quod
931 1325 1024 1381 est
1045 1320 1292 1380 omnino
1320 1320 1668 1379 absurdum.

243 1392 524 1462 Amplius,
557 1405 777 1463 corpus
804 1395 1180 1468 comparatur
1223 1390 1298 1450 ad
1345 1392 1602 1449 animam
1647 1390 1799 1449 sicut
1838 1391 2086 1449 materia
2126 1391 2198 1449 ad
2245 1392 2494 1452 formam
2540 1393 2601 1451 et

173 1460 338 1519 sicut
366 1460 828 1520 instrumentum
857 1462 931 1520 ad
954 1461 1275 1534 principale
1301 1475 1510 1534 agens.
1528 1462 1769 1543 Oportet
1793 1466 1989 1519 autem
2018 1461 2319 1519 materiam
2354 1473 2597 1531 propor-

173 1531 464 1589 tionatam
494 1545 629 1590 esse
659 1532 884 1601 formae,
915 1539 974 1591 et
1014 1532 1473 1590 instrumentum
1503 1531 1811 1603 puncipali
1837 1532 2056 1613 agenti.
2087 1534 2238 1604 Ergo
2267 1532 2600 1590 secundum

179 1601 583 1660 diversitatem
613 1602 943 1660 animarum
973 1606 1206 1675 oportet
1239 1610 1299 1660 et
1338 1615 1656 1674 corporum
1686 1603 2079 1660 diversitatem
2110 1616 2284 1669 essez
2334 1602 2490 1674 quod
2540 1604 2600 1659 et

180 1671 511 1729 secundum
538 1686 784 1731 sensum
813 1678 1084 1745 apparet3
1115 1673 1342 1731 namin
1386 1672 1637 1731 diversis
1683 1673 2045 1730 animalibus
2087 1672 2468 1730 inveniuntur
2510 1670 2599 1729 di-

179 1754 366 1823 versae
394 1742 824 1824 dispositiones
847 1743 1268 1810 membrorum,
1291 1744 1623 1810 seeundum
1642 1744 1799 1816 quod
1828 1742 2188 1801 conveniunt
2208 1742 2458 1800 diversis
2483 1742 2601 1823 dis·

175 1812 576 1891 posmongbus
604 1814 957 1871 animarum.
976 1813 1036 1871 Si
1051 1827 1194 1885 ergo
1214 1813 1274 1870 in
1304 1812 1537 1872 Christo
1558 1826 1679 1871 uon
1705 1814 1820 1871 fuit
1844 1813 2041 1871 anima
2068 1813 2261 1885 qualis
2289 1817 2383 1871 est
2399 1825 2601 1871 amma

179 1886 413 1951 nostra,
440 1895 551 1941 nec
579 1883 843 1942 membra
878 1882 1190 1942 habuisset
1214 1883 1368 1942 sicut
1396 1889 1541 1943 sunt
1566 1884 1829 1942 membra
1853 1882 2135 1942 humana.

243 1954 539 2018 Raeterea,
572 1968 777 2025 quum,
809 1954 1137 2013 secundum
1164 1954 1584 2026 Apollinarem,
1611 1954 1863 2012 Verbum
1895 1954 1996 2012 Dei
2029 1955 2110 2012 sit
2134 1967 2311 2011 verus
2340 1956 2518 2021 Deua,
2541 1953 2599 2012 ei

175 2021 491 2104 admiratio
546 2030 880 2106 competere
925 2037 1047 2082 non
1095 2028 1331 2097 potest;
1384 2039 1518 2083 uam
1566 2039 1638 2084 ea
1682 2025 2046 2106 admiramur
2073 2037 2324 2096 quorum
2351 2035 2598 2083 causam

178 2105 553 2165 ignoramus.
582 2094 859 2152 Similiter
885 2099 1081 2153 autem
1113 2107 1223 2154 nec
1259 2096 1572 2154 admiratio
1613 2096 1828 2154 animae
1875 2096 2172 2154 sensitivae
2218 2098 2598 2166 competeret,

179 2177 370 2237 quum
400 2163 473 2222 ad
500 2163 757 2222 animam
784 2165 1129 2222 sensitivam
1160 2178 1282 2221 non
1307 2167 1600 2245 pertineat
1626 2165 1926 2225 sollicitari
1956 2166 2029 2224 de
2075 2164 2418 2246 cognitione
2456 2178 2597 2222 cau·

179 2246 409 2291 sarum.
442 2234 508 2291 In
538 2233 767 2291 Christo
812 2237 1007 2290 autem
1054 2233 1362 2292 admiratio
1413 2235 1542 2303 fuit,
1587 2236 1743 2291 sicut
1783 2248 1857 2292 ex
1902 2235 2233 2306 Evangelris
2281 2235 2599 2306 probatum

175 2302 395 2362 dicitur
419 2303 579 2360 enim
607 2301 767 2376 quod
794 2303 1024 2360 audiens
1049 2306 1203 2361 ,Iesus
1228 2303 1409 2361 verba
1426 2304 1801 2363 centurionis
1822 2306 2057 2360 miratus
2081 2307 2179 2359 est.
2202 2304 2441 2373 (Mattia,
2461 2316 2599 2373 vm,

175 2373 291 2445 ¹0.)
321 2373 566 2445 Oportet
608 2373 809 2455 igitur,
854 2380 1064 2445 praeter
1099 2373 1458 2431 divinitatem
1505 2374 1679 2431 Verbi
1715 2379 1775 2430 et
1818 2374 2074 2431 animam
2118 2375 2483 2439 sensitivam,
2534 2375 2601 2430 in

174 2443 415 2502 Christo
461 2442 684 2517 aliquid
732 2456 953 2515 ponere
1000 2443 1329 2502 secundum
1372 2443 1533 2518 quod
1581 2443 1893 2501 admiratio
1934 2443 1991 2501 ei
2033 2449 2367 2514 competere
2409 2442 2601 2512 possit

175 2514 409 2574 seilicet
435 2521 691 2573 mentem
716 2512 1063 2573 humanam.
1103 2514 1478 2572 Manifestum
1507 2519 1618 2595 est·
1636 2514 1817 2587 igitur
1859 2528 1935 2571 ex
1981 2512 2279 2595 praedictis
2325 2512 2484 2585 quod
2532 2512 2599 2572 in

175 2583 418 2643 Christo
444 2597 646 2644 verum
672 2598 777 2643 cor
817 2599 892 2644 us
919 2583 1248 2644 humanum
1275 2589 1335 2642 et
1360 2598 1496 2642 vera
1521 2597 1720 2642 amma
1754 2583 2020 2642 humana
2044 2584 2172 2641 suit.

247 2654 350 2713 Sic
374 2655 555 2729 igitur
621 2655 737 2713 uod
796 2668 1026 2715 oannes
1052 2654 1199 2713 dicit
1222 2657 1329 2712 :Et
1361 2655 1597 2711 Verbum
1627 2670 1754 2711 caro
1791 2657 2004 2724 tactum
2037 2658 2116 2711 est
2143 2653 2380 2723 (Iocum,
2410 2668 2454 2713 1.
2484 2653 2597 2736 14),

175 2725 422 2784 nonsic
445 2670 798 2799 intefligitur
832 2726 1007 2800 quasi
1049 2724 1302 2783 Verbum
1349 2725 1428 2782 sit
1471 2724 1818 2807 inecarnem
1851 2738 2239 2806 conversum,
2270 2738 2478 2803 *neque
2504 2736 2599 2806 ste

179 2796 350 2870 quod
377 2796 629 2854 Verbum
669 2809 908 2855 carnem
955 2796 1148 2855 solam
1194 2799 1587 2866 assumpsertt
1625 2799 1729 2853 aut
1767 2808 2026 2854 ammam
2071 2798 2417 2853 sensunvam
2468 2807 2598 2853 stne

176 2870 422 2935 mente;
462 2866 590 2935 sed,
635 2866 965 2925 secuudum
1009 2869 1362 2924 consuetum
1404 2866 1714 2936 Scripturae
1756 2865 2022 2933 modum,
2054 2866 2295 2937 ponitur
2325 2878 2460 2936 pars
2489 2876 2598 2935 pro

172 2940 327 3005 totu,
363 2941 429 2995 ut
452 2935 538 2995 sic
565 2935 788 2996 dictum
819 2936 897 2995 sit
924 2954 941 2994 ε
975 2937 1206 2993 Verbum
1231 2951 1358 2992 caro
1382 2937 1597 3004 tactum
1621 2940 1721 3004 est,
1750 2949 1822 2995 ac
1847 2936 1901 2994 si
1942 2937 2238 2995 diceretur
2270 2954 2286 2992 ε
2338 2934 2595 3015 Verbum

171 3006 364 3065 homo
387 3007 606 3065 factum
635 3013 746 3065 est.
772 3010 917 3067 Nam
947 3010 1007 3064 et
1030 3007 1229 3065 anima
1256 3006 1550 3064 interdum
1595 3007 1835 3078 ponitur
1874 3020 1983 3077 pro
2026 3006 2266 3064 homine
2305 3006 2367 3063 in
2410 3006 2600 3078 Scrup-

173 3081 348 3146 tura3
392 3076 610 3135 dicitur
636 3078 792 3135 enim
822 3092 837 3132 z
882 3079 1061 3134 Erant
1108 3092 1286 3134 omnes
1326 3080 1524 3133 animae
1554 3092 1734 3133 eorm
1784 3079 1881 3147 qui
1914 3079 2116 3147 equ-essi
2154 3080 2284 3133 sunt
2310 3078 2375 3132 de
2401 3080 2602 3144 femore

174 3147 342 3204 Jacob
363 3162 391 3203 s
459 3150 713 3217 tuaqinta
739 3147 960 3219 (Etcum,
991 3161 1034 3216 1,
1065 3147 1160 3219 5);
1190 3148 1462 3205 similiter
1485 3149 1662 3206 etiam
1688 3151 1746 3206 et
1773 3161 1912 3206 caro
1941 3161 2049 3219 pro
2079 3152 2203 3205 toto
2233 3148 2468 3204 bomine
2501 3157 2600 3217 po-

175 3216 342 3275 nitur
359 3236 374 3287 ;
392 3163 624 3275 efficitur
647 3218 856 3299 enim:
892 3218 1110 3275 Videbit
1131 3220 1302 3274 omnis
1329 3232 1454 3274 caro
1474 3221 1692 3289 pariter
1726 3219 1871 3288 meod
1910 3234 1969 3275 os
1994 3220 2214 3274 Domini
2241 3219 2472 3273 locutum
2496 3219 2598 3275 est.

170 3286 357 3416 εἶτα,
385 3299 481 3356 ιιι,
509 3288 588 3361 5.)
617 3288 715 3346 sie
748 3289 931 3360 igitur
957 3294 1011 3344 et
1042 3287 1139 3345 hic
1164 3301 1303 3346 caro
1326 3301 1434 3359 pro
1463 3292 1590 3347 toto
1617 3288 1861 3346 homine
1891 3289 2130 3360 ponitur
2156 3288 2229 3346 ad
2261 3299 2596 3359 exprimen-

254 3370 314 3415 m
347 3357 623 3417 humauae
647 3360 872 3416 naturae
895 3355 1317 3426 infirmitatem,
1339 3370 1518 3431 quam
1545 3359 1796 3417 Verbum
1826 3358 2173 3431 assumpsit.

243 3427 305 3486 Si
338 3434 534 3486 autem
558 3427 830 3487 Christus
856 3427 1175 3486 humanam
1224 3441 1462 3487 carnem
1513 3435 1572 3486 et
1609 3428 1932 3488 humanam
1983 3429 2239 3488 animam
2279 3428 2502 3495 babuit,
2532 3429 2603 3486 ut

170 3503 492 3557 ostensum
526 3504 636 3566 est,
666 3497 1050 3556 manifestum
1080 3504 1173 3558 est
1199 3500 1459 3557 animam
1500 3500 1717 3558 Christi
1767 3513 1889 3558 non
1931 3499 2123 3558 fuisse
2160 3503 2295 3558 ante
2326 3497 2602 3570 corporis

168 3567 310 3640 ejus
337 3568 810 3641 conceptionem.
842 3570 1162 3628 ostensum
1192 3576 1286 3627 est
1310 3571 1469 3628 enim
1499 3569 1563 3639 (l.
1589 3583 1655 3635 11,
1684 3584 1739 3627 c.
1769 3570 1861 3643 83)
1890 3570 2048 3642 quod
2078 3570 2354 3629 humanae
2380 3571 2599 3649 animm

167 3638 440 3711 propriis
465 3638 814 3711 corporibus
878 3651 1000 3697 non
1075 3640 1437 3698 raeexistunt.
1469 3640 1631 3698 Unde
1674 3644 1832 3712 patet
1877 3640 2094 3699 salsum
2145 3654 2278 3699 esse
2328 3640 2601 3713 origenis

167 3708 400 3781 dogma
421 3709 671 3768 dicentis
699 3710 961 3768 animam
1077 3710 1205 3767 risti
1236 3709 1311 3768 ab
1350 3709 1517 3768 initio
1561 3717 1697 3768 ante
1745 3711 2089 3781 corporales
2130 3717 2430 3768 creaturas
2459 3719 2600 3769 cum

166 3779 460 3838 omnibus
489 3780 623 3838 aliis
647 3779 938 3838 creaturis
965 3779 1378 3851 spiritualibus
1404 3787 1684 3847 creatam,
1716 3784 1774 3837 et
1800 3795 1836 3839 a
1864 3781 2053 3838 Verbo
2072 3782 2170 3838 Dei
2203 3787 2598 3850 assumptam,

166 3849 527 3978 etddoteamum
571 3851 733 3909 circa
767 3847 947 3911 finem
1008 3849 1364 3909 saeculorum
1411 3863 1519 3922 pro
1565 3853 1757 3910 salute
1802 3849 2115 3909 hominum
2179 3866 2357 3910 carue
2410 3852 2601 3909 fuisse

1101 4043 1355 4109 CAPUT
1392 4043 1663 4108 XXXIV.

245 4207 323 4253 nr.
356 4207 590 4253 :anona
621 4206 918 4254 monem
950 4204 1353 4255 uorsmsmr
1385 4205 1562 4251 cruca
1600 4206 1862 4254 mom
1894 4207 2077 4253 vnam
2112 4206 2193 4252 an
2229 4207 2522 4256 nomnen.

241 4346 328 4402 Ex
353 4343 687 4417 praemissis
711 4342 950 4417 igitura
996 4347 1162 4414 paret
1182 4342 1341 4417 quod
1369 4341 1603 4401 Christo
1634 4358 1740 4400 nec
1788 4342 1986 4402 divina
2034 4350 2239 4403 natura
2296 4347 2503 4411 defuit,
2530 4347 2601 4403 ut

169 4412 387 4485 Ebion,
436 4413 749 4473 cerinthus
789 4417 850 4471 et
903 4414 944 4472 Ρ
991 4413 1191 4473 otinus
1236 4413 1543 4483 dixerunt,
1583 4427 1694 4472 nec
1732 4427 1938 4472 verum
1980 4426 2200 4487 corpus
2244 4415 2595 4482 humanum,
