3076 5025
399 276 439 333 ⁴
1325 271 1456 329 LIB.
1493 271 1542 341 1,
1580 272 1730 329 GAP.
1770 271 1858 327 w.

394 394 545 471 ‚quid
572 398 681 463 est,
708 398 768 452 et
793 393 995 453 omnia
1021 393 1330 465 cognoscit
1352 408 1481 465 quai
1524 392 1597 450 de
1637 392 1837 464 seipso
1866 389 2267 471 intelligibilia
2301 396 2474 463 sunu
2506 405 2627 452 non
2670 406 2779 453 au-

389 471 519 523 ttem
550 464 800 524 naturali
826 464 1163 536 cognitione
1190 463 1439 536 angelus
1466 464 1538 522 de
1562 466 1682 521 Deo
1708 462 2016 535 cognoscit
2052 461 2192 535 quid
2221 466 2333 532 est,
2360 464 2503 535 quia
2547 468 2606 521 et
2651 464 2785 535 ipsa
2839 484 2851 515 «ι

391 534 738 594 *substantia
776 534 993 607 angeli,
1035 548 1141 605 per
1183 548 1357 605 quam
1402 534 1466 590 in
1509 534 1613 590 liei
1655 534 2054 612 cognitionem
2099 531 2352 613 ducitur,
2398 539 2491 592 est
2538 532 2785 594 effectus

403 619 601 663 causae
646 604 918 662 virtutem
958 616 1078 661 non
1107 603 1443 675 adaequans.
1476 604 1638 661 Unde
1685 616 1805 660 non
1849 616 2069 669 omnia,
2102 616 2234 674 quae
2284 616 2346 660 in
2394 604 2595 675 seipso
2629 607 2786 663 Deus
2840 624 2846 629 ’

402 675 705 748 intelligit,
736 675 983 746 angelus
1002 675 1253 734 naturali
1279 672 1618 747 cognitione
1647 687 1852 745 capere
1879 678 2074 743 potest
2094 685 2251 752 ;·nec
2290 671 2360 729 ad
2403 675 2623 741 omnia,
2654 687 2788 746 quae
2838 704 2845 717 ·

404 746 656 817 angelus
683 745 934 802 naturali
986 757 1097 802 sua
1132 744 1343 801 virtute
1383 744 1571 800 intelli
1618 743 1681 810 it,
1734 743 1993 801 humana
2030 746 2182 799 ratio
2231 741 2450 799 sufficit
2477 743 2783 813 capienda.

403 815 567 874 Sicut
592 815 771 887 igitur
791 814 1045 872 maxime
1071 814 1340 872 amentiis
1364 814 1564 872 esseti
1611 814 1749 879 iota,
1790 813 1889 886 qui
1920 825 1990 869 ea
2029 823 2159 884 quae
2187 824 2222 868 a
2262 812 2617 883 philosopho
2648 826 2782 884 pro·
2843 872 2848 877 ,

402 891 710 958 ponuntur
739 884 890 943 falsa
917 897 1050 942 esse
1078 889 1385 951 assereret,
1409 887 1644 953 propter
1672 882 1784 939 hoc
1807 881 1964 954 quod
1991 894 2063 939 ea
2084 894 2291 950 capere
2312 894 2428 938 uon
2450 888 2672 954 potest;
2704 883 2791 943 ila

405 961 468 1013 et
490 955 676 1014 multo
703 955 958 1026 amplius
982 954 1177 1012 nimiae
1202 954 1465 1011 stultitiae
1491 958 1651 1012 esset
1676 952 1875 1020 homo,
1906 953 1956 1009 si
1986 965 2075 1021 ea,
2118 964 2250 1022 quae
2298 950 2580 1010 divinitus
2610 966 2788 1025 ange-

405 1023 603 1105 lorum
632 1025 960 1084 ministerio
979 1024 1328 1093 revelantur,
1351 1024 1499 1083 falsa
1525 1037 1662 1084 esse
1689 1022 2110 1095 suspicaretur,
2133 1034 2206 1078 ex
2226 1020 2340 1080 hoc
2365 1022 2522 1094 quod
2552 1023 2785 1082 ratione

407 1095 754 1168 investigari
783 1108 902 1152 non
922 1098 1191 1167 possunt.

479 1166 695 1233 Adhuc,
725 1164 878 1222 idem
908 1165 1218 1222 manifeste
1244 1168 1483 1234 apparet
1509 1177 1582 1222 ex
1608 1162 1858 1231 defectu,
1894 1174 2066 1243 quem
2095 1162 2158 1220 in
2197 1159 2373 1219 rebus
2419 1173 2788 1241 cognoscen-

410 1233 506 1293 dis
534 1234 793 1308 quotidie
820 1234 1168 1305 experimur.
1201 1235 1407 1290 Rerum
1460 1235 1617 1291 enim
1661 1232 2035 1291 sensibilium
2077 1233 2360 1301 plurimas
2402 1238 2795 1303 proprietates

407 1303 775 1377 ignoramus,
806 1318 1122 1375 earumque
1164 1305 1605 1375 proprietatum,
1634 1317 1781 1376 quas
1822 1316 2002 1360 sensu
2050 1302 2563 1374 apprehendimus,
2607 1302 2789 1359 ratio·

407 1384 548 1431 nem
579 1376 827 1445 perfecte
856 1373 916 1430 in
947 1374 1215 1444 pluribus
1263 1374 1524 1430 invenire
1555 1386 1673 1430 non
1718 1386 2056 1443 possumus
2086 1375 2264 1431 Multo
2310 1372 2493 1445 igitur
2532 1372 2790 1442 amplius

408 1445 575 1502 illius
628 1443 1137 1501 excellentissimae
1186 1445 1554 1508 sulistantiae,
1598 1443 2085 1512 transcendentis,
2139 1442 2341 1501 omnia
2390 1441 2792 1514 intelligibilia

407 1513 670 1571 humana
699 1515 846 1570 ratio
873 1512 1226 1584 investigare
1259 1525 1380 1570 non
1409 1511 1647 1569 sufficit.
1680 1513 1825 1570 Huic
1866 1513 2043 1570 etiam
2074 1521 2365 1571 consonat
2391 1511 2615 1568 dictum
2653 1512 2791 1570 Phi·

404 1582 664 1653 Iosophi‚
694 1582 795 1654 qui
824 1583 1054 1650 asserit,
1127 1582 1243 1640 uod
1275 1583 1661 1640 «intellectus
1688 1587 1892 1641 noster
1935 1584 2024 1640 sic
2050 1596 2115 1640 se
2167 1583 2343 1640 babet
2368 1581 2439 1639 ad
2472 1583 2655 1652 prima
2690 1594 2791 1638 en·

405 1653 576 1715 tium,
603 1666 734 1725 quae
761 1657 902 1710 sunt
929 1598 1414 1710 manifestissima
1452 1653 1511 1708 in
1540 1659 1766 1718 natura,
1801 1654 1958 1711 sicut
1981 1654 2193 1712 oculus
2221 1651 2681 1723 verspertilionis
2707 1648 2788 1711 ad

406 1722 599 1782 solem
626 1742 656 1774 ι»
689 1721 1051 1794 (metaphys,
1080 1735 1144 1791 11,
1174 1728 1312 1780 text.
1358 1735 1573 1779 comm.
1606 1722 1680 1793 1).

476 1793 624 1850 Huic
652 1793 826 1849 etiam
854 1793 1080 1849 veritati
1109 1805 1281 1849 sacra
1305 1793 1603 1863 Scriptura
1618 1791 2022 1849 testimonium
2043 1792 2324 1862 perhibet.
2347 1792 2570 1849 Dicitur
2590 1789 2750 1849 enim
2767 1807 2790 1850 z

401 1858 657 1920 Forsitan
694 1863 923 1931 vestigia
945 1864 1046 1918 Dei
1068 1863 1489 1932 comprehendes,
1530 1866 1583 1917 et
1628 1878 1795 1933 usque
1840 1862 1914 1917 ad
1951 1863 2247 1932 pei-fectum
2268 1865 2673 1933 omnipotentem
2704 1874 2790 1917 rc·

397 1934 577 2001 peries
593 1933 623 1986 ?
649 1931 795 2003 (iob,
811 1944 917 2000 ΧΠ,
944 1933 1032 2004 7);
1062 1938 1156 1988 et.
1179 1935 1309 1988 Ecce
1331 1935 1466 1989 Deus
1484 1947 1730 2001 magnus,
1753 1934 1971 1988 vincens
1994 1935 2272 1989 scientiam
2297 1937 2534 1989 nostram
2553 1932 2786 2003 (xxxvl,

404 2003 519 2071 26),
547 2006 604 2057 et
635 2019 648 2056 :
678 2004 766 2057 Eo:
790 2005 947 2071 parte
971 2004 1327 2082 cognoscimus
1357 2002 1400 2082 (Ι
1428 2004 1579 2069 Cor„
1613 2014 1739 2066 xiii,
1768 2002 1845 2074 9).
1885 2004 2013 2059 Non
2065 2002 2244 2075 igitur
2286 2016 2460 2060 omne
2510 2001 2664 2075 quod
2717 2000 2792 2058 de

398 2069 527 2127 Deo
555 2070 789 2140 dicitur,
810 2084 1080 2143 quamvis
1109 2072 1336 2135 ratione
1356 2072 1695 2144 investigari·
1726 2084 1848 2130 non
1876 2071 2086 2144 possit,
2118 2073 2314 2131 statim
2358 2073 2529 2146 quasi
2570 2072 2798 2131 falsum

403 2139 938 2288 {Sttahjoeiffidum’
968 2145 1035 2201 ut
1064 2141 1370 2203 Manichaei
1397 2148 1455 2199 et
1485 2143 1688 2215 pluies
1731 2141 2058 2202 infidelium
2100 2148 2453 2217 putaverunt
2490 2141 2570 2215 (S.
2612 2145 2791 2216 Aug„

448 2223 488 2271 e
514 2222 563 2270 r.
589 2222 656 2284 1.,
791 2252 809 2272 .

1400 2377 1650 2445 CAPUT
1681 2376 1783 2442 iv.
1833 2380 1844 2385 “

436 2544 591 2612 quon
620 2544 834 2601 omna
863 2545 1265 2602 nummus
1305 2527 2040 2668 mssffgssngsswm
2081 2546 2400 2599 nomiminis
2443 2548 2753 2601 emma

471 2767 701 2843 Duplici
747 2772 930 2844 igitur
977 2773 1219 2830 veritate
1264 2772 1599 2832 divinorum
1652 2768 2113 2844 intelligibilium
2159 2771 2502 2843 exsistente,
2550 2785 2675 2832 una
2707 2773 2786 2835 ad

399 2853 579 2970 guam
611 2842 854 2900 rationis
881 2843 1189 2914 inquisitio
1226 2844 1559 2915 pertingere
1604 2848 1817 2912 potest,
1843 2843 2028 2900 altera
2074 2856 2205 2924 quae
2250 2858 2425 2901 omne
2474 2845 2785 2917 ingenium

450 2925 678 3037 ιιωαηᾳῖ
699 2912 945 2971 rationis
968 2912 1214 2985 excedit,
1233 2918 1475 2988 utraque
1491 2912 1909 2972 convenienter
1925 2911 2217 2972 divinitus
2241 2913 2467 2974 homini
2487 2915 2783 2974 credenda

444 2994 512 3037 ro
552 2994 650 3037 oni
681 2994 768 3038 ur.

398 2992 442 3054 P
470 2995 593 3129 nge
620 3056 814 3107 autem
840 3047 914 3106 de
941 3048 1045 3109 illa
1086 3051 1276 3124 primo
1321 3050 1753 3110 ostendendum
1790 3056 1902 3121 est,
1931 3062 2062 3124 quae
2101 3050 2474 3123 inquisitioni
2525 3054 2784 3116 rationis

478 3131 601 3176 rvia
626 3134 758 3199 esse
789 3125 1004 3190 potest;
1031 3132 1103 3180 ue
1130 3123 1279 3181 sorte
1303 3122 1478 3179 alicui
1514 3122 1794 3189 videatur,
1820 3136 1892 3180 ex
1919 3136 2038 3194 quo
2068 3123 2292 3181 ratione
2323 3122 2526 3181 haberi
2558 3131 2777 3197 potest,

459 3194 619 3247 ustra
644 3190 701 3247 id
732 3193 1161 3261 supernaturali
1190 3193 1578 3262 inspiratione
1608 3192 1965 3251 credendum
1994 3193 2270 3251 traditum
2304 3208 2464 3252 esse.

470 3258 861 3340 Sequerentur
900 3267 1088 3341 tamen
1124 3262 1238 3320 tria
1268 3262 1766 3332 inconvenientia,
1804 3261 1858 3321 si
1914 3262 2257 3337 hujusmodi
2292 3265 2509 3324 veritas
2551 3264 2779 3325 solum-

396 3326 578 3390 modo
606 3334 818 3387 rationi
844 3333 1192 3401 inquirenda
1219 3332 1663 3403 relinqueretur.

468 3397 656 3479 Unum
695 3405 805 3466 est,
833 3399 990 3480 quod
1016 3402 1222 3471 paucis
1250 3403 1590 3460 hominibus
1620 3401 1719 3459 Dei
1760 3401 2024 3475 cognitio
2051 3401 2295 3461 inesset.
2315 3407 2364 3461 A
2389 3402 2578 3462 fructu
2613 3401 2775 3464 enim

392 3467 681 3596 stadios?
730 3470 1168 3552 inquisitionis,
1198 3472 1299 3547 qui
1340 3478 1433 3531 est
1468 3471 1728 3531 veritatis
1770 3471 2070 3545 inventio,
2097 3472 2338 3545 plurimi
2376 3473 2781 3545 impediuntur

467 3606 713 3674 Quidam
743 3612 1034 3692 siquidem
1066 3610 1467 3682 impediuntur
1499 3617 1737 3693 propter
1768 3611 2200 3694 complexionis
2234 3611 2777 3690 indispositionom,

395 3685 470 3734 ex
531 3692 605 3735 ua
622 3681 789 3737 multi
823 3682 1163 3740 naturaliter
1185 3689 1326 3741 sunt
1348 3681 1684 3752 indispositi
1713 3681 1784 3740 ad
1833 3684 2161 3741 sciendum.
2186 3683 2346 3742 Unde
2379 3682 2540 3740 nullo
2565 3678 2765 3737 studio

395 3744 472 3823 ad
488 3691 621 3804 qma
648 3751 977 3832 pertingere
1007 3758 1270 3823 possent,
1304 3758 1367 3810 ut
1389 3765 1685 3811 summum
1723 3753 1969 3834 gradum
1996 3754 2267 3813 humanae
2294 3747 2654 3824 cognitionis
2683 3751 2773 3805 at-

392 3817 481 3871 tin
526 3826 708 3896 erent,
737 3835 836 3890 qui
864 3834 924 3877 in
950 3822 1369 3892 cognoscendo
1400 3825 1579 3881 Deum
1608 3828 1906 3881 consistit.
2509 3886 2522 3899 ‚

398 3949 412 3962 ·
520 3889 869 3967 uidam-vero
889 3891 1293 3963 impediuntur
1316 3893 1668 3950 necessitate
1699 3894 1781 3951 rei
1814 3891 2140 3951 familiaris.
2172 3889 2408 3970 Oportet
2428 3899 2584 3967 enim
2612 3898 2772 3968 esse,

389 3955 547 4009 mter
575 3958 868 4030 homines,
905 3962 1139 4034 aliquos
1185 3962 1284 4036 qui
1340 3963 1762 4033 temporalibus
1808 3961 2291 4021 administrandis
2332 3962 2632 4027 insistant,
2663 3971 2772 4029 qut

286 4087 292 4108 ;
391 4025 618 4084 tantum
651 4034 883 4099 tempus
926 4031 990 4089 in
1020 4032 1143 4089 otio
1173 4032 1637 4104 contemplativae
1686 4030 2092 4104 inquisitionis
2121 4043 2237 4088 uon
2286 4031 2534 4110 possent
2563 4039 2780 4098 expen-

390 4087 746 4224 ggftssetiitcgd
759 4111 1063 4224 {flmmum
1091 4102 1394 4175 fastigium
1421 4102 1696 4160 humanae
1723 4100 2132 4176 inquisitionis
2156 4101 2576 4173 pertingerent,
2607 4096 2776 4158 scili-

472 4182 1362 4312 Quidamgauteciitiliffipediuntur
1391 4240 1644 4313 pigritia.
1673 4241 1758 4299 Ad
1786 4239 2188 4314 cognitionem
2218 4238 2376 4297 enim
2405 4250 2612 4295 eorum
2683 4249 2776 4296 uae

391 4305 622 4387 (le-Deo
660 4308 807 4389 ratio
837 4308 1639 4392 investigarepotestmulia
1672 4324 2156 4393 proecognoscere
2176 4314 2426 4392 opo-rtet,
2448 4320 2628 4381 quum
2677 4318 2780 4364 ere

388 4380 576 4445 totius
613 4377 1007 4456 philosophiae
1042 4384 1440 4446 consideratio
1484 4382 1561 4445 ad
1588 4384 1692 4446 Dei
1721 4388 2122 4458 cognitionem
2173 4380 2499 4445 ordinetur.
2530 4379 2775 4451 Propter
