3076 5025
1173 307 1306 366 Lm.
1344 307 1421 377 11,
1457 307 1611 365 CAP.
1650 306 1781 365 LVI.
2565 312 2669 369 173

223 429 626 503 quantitatis,
654 434 925 501 oporteat
946 428 1125 487 etiam
1165 429 1230 486 in
1280 428 1562 488 omnibus
1590 434 1857 487 mutuum
1899 442 2036 488 esse
2074 433 2317 499 tactum,
2345 434 2566 501 tamen,
2610 433 2665 492 si

222 501 589 560 attendatur
615 500 689 557 ad
719 501 1013 558 actionem
1041 504 1101 558 et
1139 500 1506 571 passionem,
1556 499 1932 557 invenientur
1971 499 2172 580 aliqua
2199 514 2334 558 esse
2362 504 2669 574 tangentia.

225 576 508 639 tantum,
548 576 607 628 et
634 570 837 642 aliqua
860 575 1017 628 tacta
1043 576 1294 628 tantum.
1344 572 1605 640 Corpora
1644 570 1804 627 enim
1853 569 2119 628 coelestia
2145 576 2398 644 tangunt
2425 573 2666 643 quidem

224 640 349 699 hoc
379 641 575 700 modo
605 640 987 699 elementaria
1033 654 1304 713 corpora,
1339 641 1402 697 in
1440 646 1728 712 quantum
1748 654 1819 721 ea
1842 643 2111 705 alterant,
2144 655 2265 699 non
2311 647 2507 699 autem
2536 648 2665 701 tan-

229 716 479 785 guntur
509 713 583 770 ab
611 713 722 777 eis,
754 710 894 783 quia
921 711 996 769 ab
1028 711 1117 770 eis
1168 724 1290 769 non
1336 711 1660 782 patiuntur.
1686 710 1740 768 Si
1784 712 1964 782 igitur
1991 711 2110 769 sint
2139 712 2336 784 aliqua
2362 715 2670 785 tangentia.

219 796 367 855 quae
392 782 464 839 in
497 782 847 855 quantitatis
873 781 1100 840 ultimis
1129 795 1252 840 non
1279 784 1547 850 tangant,
1573 781 1850 838 dicentur
1877 780 2268 840 nihilominus
2300 789 2565 856 tangere,
2595 784 2663 842 in

225 859 539 925 quantum
570 858 792 924 agunt3
822 852 1150 911 secundum
1171 865 1346 925 quem
1371 851 1612 909 modum
1639 850 1916 919 dicimus,
1944 852 2100 933 quod
2131 853 2527 913 constristans
2551 867 2665 914 nos

223 923 459 995 tangit.
495 926 617 981 Hoc
647 923 828 994 igitur
858 922 1035 980 modo
1064 922 1345 994 tangendi
1371 922 1660 994 possibile
1701 928 1794 980 est
1825 922 1979 978 uniri
2011 922 2402 981 substantiam
2434 925 2666 983 intelle·

225 995 506 1052 ctualem
537 993 775 1064 corpori
804 1007 908 1064 per
932 998 1290 1051 contactum.
1320 998 1517 1065 Agunt
1546 993 1705 1049 enim
1753 991 2101 1073 substantia}
2143 992 2574 1053 intellectuales
2600 995 2668 1054 in

229 1076 506 1134 corpora
531 1070 592 1120 et
617 1069 854 1120 movent
880 1078 970 1133 ea,
999 1077 1135 1121 cum
1167 1063 1289 1121 sint
1308 1063 1752 1132 immateriales,
1778 1068 1837 1119 et
1861 1063 2054 1129 magis
2081 1076 2140 1120 in
2162 1069 2294 1121 actu
2318 1065 2663 1125 existentes.

305 1134 423 1192 Hic
470 1138 670 1193 autem
698 1138 891 1191 tactus
941 1147 1063 1192 non
1118 1139 1211 1193 est
1267 1134 1615 1207 quantitatis
1667 1132 1771 1190 sed
1824 1132 2060 1191 virtutis
2087 1151 2101 1165 ·
2132 1132 2289 1191 unde
2341 1133 2537 1191 differt
2566 1135 2667 1194 hic

229 1210 444 1263 tactus
472 1220 509 1262 a
538 1210 697 1284 tactu
723 1218 1010 1276 corporeo
1039 1205 1102 1262 in
1147 1204 1359 1262 tribus.
1402 1205 1601 1284 Primo
1642 1202 2063 1284 quidem,·quia
2087 1176 2204 1261 boc
2230 1209 2386 1261 tactu
2416 1204 2475 1262 id
2504 1205 2667 1278 quod

228 1279 332 1332 est
369 1274 749 1333 indivisibile
801 1280 996 1344 potest
1024 1280 1268 1347 tangere
1313 1274 1656 1343 divisibile;
1698 1273 1857 1347 quod
1904 1288 1968 1330 in
2023 1280 2179 1332 tactu
2224 1287 2511 1345 corporeo
2542 1289 2666 1333 non

230 1349 444 1417 potest
473 1344 765 1404 accidere.
795 1348 938 1403 Nam
1029 1351 1207 1403 uncto
1254 1358 1375 1403 non
1400 1350 1592 1415 potest
1624 1345 1787 1418 tangi
1823 1344 1943 1402 nisi
1993 1343 2356 1402 indivisibile
2385 1345 2665 1417 aliquod;

239 1415 601 1497 substantia
623 1360 1292 1497 autem-intellectualis,
1340 1415 1613 1496 quamvis
1643 1415 1724 1496 sit
1753 1414 2161 1497 indivisibilis,
2201 1420 2398 1497 potest
2424 1421 2668 1489 tangere

231 1493 646 1558 quantitatem
671 1486 1051 1554 divisibilem,
1082 1500 1144 1543 in
1191 1492 1473 1558 quantum
1506 1500 1542 1543 a
1587 1490 1631 1542 it
1659 1499 1721 1542 in
1764 1499 1976 1556 ipsam.
2010 1485 2141 1542 Alio
2169 1499 2325 1542 enim
2364 1488 2540 1544 modo
2570 1491 2667 1544 est

230 1555 620 1616 indivisibile
652 1561 931 1627 punctum
963 1563 1021 1613 et
1047 1556 1382 1614 substantia
1409 1556 1553 1613 intel
1581 1555 1850 1614 actualis.
1882 1558 2170 1613 Punctum
2200 1556 2437 1628 quide-m
2464 1562 2556 1615 est
2584 1555 2666 1615 si-

237 1632 345 1684 cut
374 1627 738 1700 quantitatis
764 1626 1074 1695 termium,
1105 1631 1163 1683 et
1191 1627 1325 1684 ideo
1355 1626 1532 1684 habet
1572 1627 1750 1684 situm
1779 1626 2232 1684 determinatum
2265 1628 2323 1683 in
2354 1627 2664 1691 continuo,

235 1697 403 1755 ultra
433 1712 614 1770 quein
643 1696 868 1767 porrigi
898 1710 1017 1755 non
1040 1703 1264 1768 potest;
1298 1697 1633 1755 substantia
1662 1702 1858 1754 autem
1888 1696 2307 1755 intellectualis
2330 1702 2422 1754 est
2453 1697 2667 1755 indivi-

237 1767 475 1833 sibilis,
508 1768 680 1849 quasi
716 1772 877 1825 extra
905 1781 1098 1839 genus
1142 1768 1488 1839 quantitatis
1532 1768 1830 1836 existens3
1878 1767 2035 1824 unde
2078 1780 2200 1825 non
2242 1767 2669 1827 determinatur

238 1838 294 1895 ei
347 1838 728 1896 indivisibile
771 1837 994 1909 aliquid
1049 1838 1396 1910 quantitatis
1434 1837 1507 1896 ad
1558 1837 1940 1910 tangendum.
1982 1836 2276 1907 Secundo,
2304 1839 2447 1910 quia
2475 1845 2666 1896 tactus

240 1910 606 1980 quantitatis
633 1914 724 1965 est
750 1907 945 1966 solum
967 1907 1293 1966 secundum
1325 1908 1563 1975 ultima;
1584 1914 1776 1966 tactus
1791 1913 1988 1966 autem
2011 1908 2245 1966 virtutis
2273 1915 2362 1967 est
2383 1909 2456 1967 ad
2477 1915 2666 1967 totum

239 1980 409 2050 quod
443 1980 729 2050 tangitur.
759 1977 856 2035 Sic
907 1978 1066 2036 enim
1115 1979 1379 2051 tangitur
1432 1978 1760 2036 secundum
1808 1979 1964 2051 quod
2002 1978 2223 2049 patitur
2266 1985 2325 2036 et
2362 1986 2667 2046 movetur;

240 2047 360 2107 hoc
382 2055 586 2107 autem
612 2048 680 2105 fit
706 2049 1032 2107 secundum
1065 2049 1222 2121 quod
1245 2054 1336 2106 est
1363 2049 1423 2105 in
1446 2049 1712 2120 potentia
1734 2067 1748 2116 ;
1776 2050 2040 2121 potentia
2064 2063 2203 2107 vero
2224 2055 2316 2107 est
2338 2050 2667 2109 secundum

247 2124 478 2187 totum,
518 2125 578 2176 et
608 2132 726 2177 non
758 2119 1086 2183 secundum
1123 2119 1333 2177 ultima
1370 2122 1589 2187 totius3
1624 2120 1779 2177 unde
1805 2124 1992 2176 totum
2023 2120 2305 2192 tangitur.

314 2192 404 2248 Ex
438 2203 561 2263 quo
589 2195 749 2261 patet
779 2189 950 2247 tertia
975 2188 1339 2247 differentia:
1372 2190 1514 2262 quia
1542 2191 1601 2246 in
1634 2195 1789 2247 tactu
1812 2189 2180 2262 quantitatis,
2204 2205 2335 2262 quae
2365 2190 2430 2248 fit
2454 2204 2666 2251 secun·

245 2258 392 2318 dum
430 2269 714 2327 extrema,
746 2266 976 2330 oportet
1003 2272 1137 2318 esse
1172 2266 1424 2332 tangens
1454 2261 1848 2318 extrinsecum
1878 2261 1932 2317 ei
1957 2260 2114 2332 quod
2149 2263 2429 2333 tangitur,
2462 2268 2519 2318 et
2545 2275 2670 2320 non

248 2337 460 2401 potest
484 2331 759 2388 incedere
809 2344 914 2400 per
967 2330 1184 2400 ipsum,
1215 2330 1321 2388 sed
1375 2330 1695 2400 impeditur
1722 2330 1795 2387 ab
1823 2344 1935 2399 eo;
1968 2336 2158 2388 tactus
2204 2338 2400 2389 autem
2434 2332 2668 2390 virtutis

243 2402 352 2473 qui
408 2402 696 2472 competit
725 2400 1078 2458 substantiis
1131 2400 1653 2468 intellectualibus,
1684 2414 1817 2458 cum
1849 2399 1924 2458 sit
1965 2401 2039 2458 ad
2071 2401 2299 2469 intima,
2354 2402 2489 2459 facit
2527 2402 2667 2459 sub-

241 2472 536 2600 {tbantiam
568 2477 666 2529 tan
715 2477 910 2530 entem
938 2483 1074 2530 esse
1098 2470 1256 2530 intra
1278 2470 1337 2529 id
1358 2471 1520 2543 quod
1548 2470 1830 2544 tangitur,
1861 2477 1919 2528 et
1939 2470 2306 2530 incedentem
2333 2485 2439 2544 per
2466 2473 2661 2544 ipsum

323 2557 357 2600 s
408 2558 484 2599 ue
512 2544 589 2598 im
635 2559 666 2599 e
714 2543 955 2600 imento.

315 2559 420 2671 Sile
449 2558 632 2686 igitue·
679 2612 1015 2670 substantia
1057 2612 1476 2671 intellectualis
1515 2618 1712 2683 potest
1737 2613 1969 2683 corpori
2019 2612 2174 2671 uniri
2204 2627 2308 2684 per
2330 2618 2667 2672 contactum

242 2682 512 2741 virtutis,
543 2685 684 2752 Quae
705 2688 900 2740 autem
927 2683 1215 2740 uniuntur
1234 2684 1559 2740 secundum
1593 2684 1768 2739 talem
1804 2689 2140 2740 contactum
2168 2696 2287 2740 non
2312 2690 2453 2740 sunt
2482 2698 2665 2741 unum

239 2752 627 2826 simpliciter.
675 2756 823 2811 Sunt
867 2754 1024 2811 enim
1058 2767 1240 2809 unum
1269 2753 1329 2809 in
1379 2752 1611 2825 agendo
1641 2758 1697 2809 et
1740 2753 2037 2823 patiendo,
2069 2752 2229 2824 quod
2256 2766 2376 2809 non
2408 2758 2498 2809 est
2526 2768 2661 2811 esse

246 2837 442 2882 unum
482 2824 849 2894 simpliciter.
895 2823 992 2880 Sic
1034 2823 1190 2880 enim
1233 2822 1449 2880 dicitur
1473 2836 1654 2879 unum
1694 2822 1995 2894 quomodo
2025 2828 2083 2879 et
2111 2836 2239 2880 ens.
2290 2825 2430 2880 Esse
2472 2829 2669 2882 autem

248 2908 447 2968 agens
476 2908 596 2952 non
628 2893 927 2974 significat
950 2907 1085 2952 esse
1114 2892 1481 2964 simpliciter.
1519 2893 1678 2950 Unde
1710 2906 1819 2950 nec
1845 2906 1980 2952 esse
2004 2906 2190 2952 unum
2217 2892 2283 2951 in
2310 2893 2541 2965 agendo
2571 2900 2663 2952 est

247 2977 390 3026 esse
420 2977 605 3023 unum
653 2965 1020 3035 simpliciter.

319 3037 517 3093 Unum
549 3041 743 3092 autem
789 3033 1137 3104 simpliciter
1176 3032 1486 3105 tripliciter
1516 3034 1734 3093 dicitur
1763 3052 1780 3091 z
1806 3033 1900 3092 vel
1952 3032 2110 3094 sicut
2159 3035 2544 3105 indivisibile,
2573 3036 2668 3094 vel

247 3105 412 3164 sicut
438 3108 811 3173 continuum,
842 3106 934 3162 vel
975 3105 1132 3162 sicut
1158 3104 1316 3177 quod
1351 3111 1442 3163 est
1491 3106 1722 3162 ratione
1769 3119 1974 3163 uuum.
2016 3109 2096 3163 Ex
2135 3108 2436 3165 subtantia
2471 3112 2668 3164 autem

247 3175 641 3233 intellectuali
672 3182 731 3232 et
757 3189 1007 3247 corpore
1035 3189 1152 3233 non
1184 3180 1378 3246 potest
1406 3174 1529 3232 fieri
1563 3189 1746 3232 unum
1771 3176 1930 3247 quod
1959 3176 2040 3234 sit
2066 3177 2448 3235 indivisibile.
2491 3178 2672 3247 Opor-

249 3250 333 3304 tet
358 3247 518 3303 enim
551 3245 696 3303 illud
725 3258 859 3304 esse
907 3245 1304 3325 compositum
1351 3259 1424 3302 ex
1463 3245 1718 3303 duobus.
1760 3248 1878 3305 Nec
1924 3246 2138 3306 iterum
2183 3248 2343 3319 quod
2373 3248 2451 3305 sit
2479 3247 2669 3305 conti-

251 3329 424 3380 num,
456 3317 598 3389 quia
628 3321 822 3387 partes
851 3317 1117 3374 continui
1149 3323 1382 3388 quantae
1411 3322 1572 3373 sunl.
1619 3316 1992 3388 Relinquitur
2033 3318 2214 3390 igitur
2242 3318 2663 3390 inquirendum

250 3392 451 3444 utrum
484 3402 556 3443 ex
586 3387 923 3444 substantia
948 3386 1333 3444 intellectuali
1365 3391 1423 3443 et
1448 3400 1695 3457 corpore
1718 3387 1909 3457 possit
1935 3386 2063 3445 fieri
2093 3401 2299 3457 unum,
2323 3388 2479 3445 sicut
2552 3386 2668 3447 uod

250 3462 345 3515 est
372 3457 603 3515 ratione
635 3470 840 3514 unum.
872 3459 953 3514 Ex
997 3456 1233 3515 duobus
1277 3462 1471 3514 autem
1524 3458 2008 3528 permanentibus
2055 3471 2176 3515 non
2206 3456 2271 3514 fit
2299 3458 2502 3529 aliquo
2573 3471 2663 3515 ra-

252 3527 419 3584 tione
444 3541 650 3592 unum,
680 3527 797 3584 nisi
841 3528 998 3585 sicut
1040 3541 1114 3584 ex
1151 3527 1341 3585 forma
1384 3527 1763 3585 substantiali
1816 3534 1871 3585 et
1909 3529 2174 3586 materia.
2206 3530 2286 3584 Ex
2332 3528 2669 3585 substantia

249 3598 412 3655 enim
441 3605 496 3655 et
525 3598 830 3655 accidente
860 3611 982 3655 non
1018 3595 1085 3653 fit
1125 3598 1354 3656 ratione
1392 3610 1576 3655 unum
1607 3616 1621 3663 ;
1674 3610 1793 3656 non
1830 3598 1987 3655 onim
2019 3603 2112 3655 est
2139 3598 2341 3655 eadem
2374 3598 2524 3655 ratio
2558 3598 2667 3655 bo-

251 3668 438 3726 minis
467 3673 528 3724 et
549 3668 690 3725 albi.
723 3669 846 3725 Hoc
874 3668 890 3725 i
940 3668 1056 3724 itur
1078 3667 1496 3739 inquirendum
1526 3668 1879 3740 relinquitur
1906 3675 2102 3726 utrum
2132 3667 2468 3726 substantia
2497 3668 2667 3725 intel-

250 3736 528 3796 lectualis
555 3739 826 3808 corporis
854 3752 889 3794 a
916 3737 1110 3808 icujus
1135 3738 1325 3795 forma
1346 3738 1763 3797 substantialis
1787 3751 1921 3796 esse
1952 3739 2166 3808 possit.

318 3809 562 3867 Videtur
591 3817 788 3866 autem
836 3808 1266 3866 rationabiliter
1306 3808 1828 3867 considerantibus
1856 3810 1968 3866 boc
1997 3823 2132 3867 esse
2161 3809 2555 3881 impossibile.
2588 3811 2668 3867 Ex

251 3877 490 3937 duobus
518 3880 676 3936 enim
705 3878 1060 3938 substantiis
1090 3884 1224 3936 actu
1255 3879 1648 3938 existentibus
1675 3892 1792 3935 non
1830 3885 2021 3949 potest
2041 3878 2169 3938 fieri
2202 3880 2425 3952 aliquid
2459 3894 2662 3938 unum.

254 3952 431 4007 Actus
460 3951 618 4006 enim
651 3950 971 4020 cujuslibet
993 3952 1084 4007 est
1111 3949 1170 4006 id
1201 3963 1320 4022 quo
1346 3949 1419 4007 ab
1449 3950 1637 4008 altero
1668 3950 2074 4021 distinguitur.
2104 3949 2446 4008 Substantia
2465 3956 2663 4008 autem

253 4019 674 4078 intellectualis
702 4025 794 4078 est
820 4019 1156 4079 substantia
1184 4026 1319 4077 actu
1347 4020 1632 4085 existens,
1666 4027 1729 4077 ut
1756 4034 1828 4076 ex
1851 4019 2178 4091 praemissis
2205 4027 2467 4091 apparet.
2499 4022 2666 4079 Simi-

253 4087 387 4147 liter
413 4097 613 4148 autem
643 4098 703 4148 et
728 4103 964 4162 corpus,
992 4091 1126 4171 pion
1155 4089 1338 4162 igitur
1365 4096 1560 4161 potest
1585 4090 1811 4163 aliquid
1837 4104 2020 4148 unum
2048 4087 2200 4161 fleri,
2223 4097 2289 4149 ut
2317 4092 2567 4163 videtur,
2591 4106 2665 4150 ex

251 4160 590 4219 substantia
623 4161 1006 4220 intellectuali
1037 4166 1096 4217 et
1118 4174 1387 4232 corpore.

319 4232 540 4301 Adhuc,
573 4233 762 4288 forma
788 4236 845 4289 et
889 4230 1138 4288 materia
1191 4231 1252 4287 in
1308 4230 1514 4287 eodem
1557 4246 1773 4304 genere
1822 4230 2220 4290 continentur.
2273 4234 2460 4291 Omne
2507 4233 2665 4291 enim

251 4315 444 4373 genus
475 4316 580 4372 per
607 4309 800 4359 actum
831 4306 890 4358 ct
914 4302 1237 4372 potentiam
1289 4300 1589 4359 dividitur.
1625 4303 1965 4359 substantia
2001 4307 2198 4360 autem
2249 4302 2668 4362 intellectualis

251 4378 557 4499 ‹setcorpus
583 4379 725 4498 istunt
772 4371 1007 4430 diversa
1050 4385 1288 4444 genera.
1345 4374 1471 4429 Nou
1501 4372 1686 4444 igitur
1734 4372 1961 4430 videtur
2006 4373 2294 4445 possibile
2320 4387 2504 4432 unum
2533 4384 2669 4430 esse

275 4456 505 4501 orinain
542 4457 578 4500 a
626 4455 809 4501 erius·
