3076 5025
950 170 1082 228 LIB.
1121 170 1210 235 IV,
1253 167 1406 227 CAP.
1443 168 1624 226 xxvl.
2409 172 2516 230 539

84 294 303 353 dicitur
335 311 349 349 ε
381 292 559 359 Quum
601 294 808 348 venerit
845 293 1176 356 Paracletus,
1210 307 1365 362 quem
1409 307 1503 361 eqo
1546 293 1762 346 mittam
1800 289 1950 346 vobis
1978 306 2015 346 a
2041 293 2225 360 Patre,
2254 294 2516 363 spiritum

81 365 354 430 veritatis,
386 364 485 433 qui
521 378 556 417 a
591 365 757 420 Patre
789 363 1055 433 procedit.
1088 361 1327 434 (Ionum,
1358 373 1460 430 xv,
1487 361 1602 433 26.)
1648 360 1831 428 Unde,
1861 375 2047 432 quum
2076 361 2148 419 de
2192 364 2314 419 Deo
2356 363 2516 422 nihil

81 435 160 494 sit
186 433 576 492 sentiendum
604 432 722 490 nisi
753 431 914 505 quod
943 433 1244 505 Scriptura
1282 431 1481 504 tradit,
1507 445 1628 489 non
1661 435 1755 489 est
1790 430 2110 489 dicendum
2138 431 2301 504 quod
2329 433 2514 505 Spiri-

46 516 62 534 ¹
79 511 177 564 tus
208 508 465 563 sanctus
492 502 777 574 procedat
801 516 838 561 a
863 502 1035 561 Filio.

150 574 272 634 Sed
304 575 423 632 hoc
455 574 705 632 omnino
751 572 1030 631 frivolum
1077 576 1186 630 est.
1212 574 1380 642 Nam,
1452 586 1518 630 ro
1562 577 1652 629 ter
1694 572 1984 630 unitatem
2022 572 2321 644 essentiae,
2352 573 2516 648 quod

79 646 144 703 in
174 644 504 716 scripturis
533 644 606 701 de
640 657 762 702 una
784 657 1045 715 persona
1071 642 1289 701 dicitur
1303 648 1362 701 et
1429 658 1462 700 e
1488 658 1522 701 a
1549 643 1609 700 ia
1635 648 1871 714 oportet
1898 643 2170 716 intelligi,
2195 643 2313 702 nisi
2342 659 2517 716 repu-

79 721 230 843 fnet
272 714 622 788 proprietati
670 715 978 786 personali
1023 713 1247 785 ipsiuS,
1292 713 1527 772 etiamsi
1576 713 1761 771 dictio
1808 713 2112 771 exclusiva
2155 715 2514 786 adderetur;

105 785 224 844 icet
257 785 420 844 enim
452 784 686 843 dicatur
733 784 894 858 quod
919 800 1073 842 nemo
1103 786 1256 840 novit
1277 785 1497 847 Filium,
1532 786 1649 840 nisi
1672 786 1836 841 Pater
1865 782 2104 856 (Matth.,
2136 797 2219 853 11,
2245 785 2360 857 27),
2390 798 2514 844 non

77 862 283 914 tamen
313 870 353 913 a
390 855 736 928 cognitione
764 854 896 913 Filii
934 855 1027 912 vel
1055 855 1186 926 ipse
1217 854 1403 914 Filius
1448 854 1541 913 vel
1572 854 1827 935 Spiritus
1876 860 2122 913 sanctus
2156 856 2511 915 excluditur.

78 926 269 997 Unde,
302 925 541 984 etiarnsi
572 925 866 984 diceretur
889 925 964 982 in
981 924 1302 997 Evangelio
1333 924 1494 999 quod
1522 925 1780 996 Spiritus
1812 930 2059 983 sanctus
2090 938 2212 983 non
2241 926 2515 996 procedit

79 996 196 1054 nisi
225 1012 267 1056 a
291 999 487 1056 Patre.
520 1009 644 1054 non
671 1009 778 1068 per
803 995 920 1053 hoe
948 1000 1351 1053 removeretur
1376 995 1524 1068 quin
1551 996 1900 1067 procederet
1926 1009 1963 1053 a
1982 995 2153 1066 Filio,
2182 1010 2366 1068 quum
2392 996 2512 1055 hoc

79 1067 432 1138 proprietati
464 1065 596 1124 Filii
624 1080 750 1124 non
778 1072 1092 1138 repugnet,
1124 1071 1188 1124 ut
1217 1071 1530 1124 ostensum
1570 1071 1663 1125 est
1699 1067 1773 1147 (c.
1801 1070 1871 1123 24
1901 1108 1915 1123 .
1946 1067 2065 1124 Nec
2094 1071 2186 1124 est
2215 1067 2432 1124 mirum
2457 1067 2515 1126 si

80 1137 381 1196 Dominus
411 1137 695 1208 Spiritum
739 1142 1012 1195 sanctum
1043 1151 1080 1194 a
1104 1138 1276 1194 Patre
1306 1138 1628 1207 procedere
1657 1136 1825 1204 dixit,
1897 1151 1930 1193 e
1958 1150 2024 1195 se
2055 1138 2357 1195 mentione
2386 1150 2514 1196 non

81 1209 259 1279 facta,
286 1207 433 1281 quia
457 1207 662 1266 omnia
703 1207 777 1265 ad
809 1209 1038 1264 Patrem
1088 1205 1308 1264 referre
1338 1205 1512 1276 solet,
1544 1221 1582 1266 a
1607 1220 1726 1280 quo
1757 1205 1937 1265 habet
1974 1207 2261 1280 quidquid
2292 1207 2512 1277 habet;

83 1278 240 1336 sicut
266 1291 458 1351 quum
487 1277 631 1336 dicit
659 1296 675 1335 ε
706 1279 831 1336 Mea
875 1277 1129 1334 doctrina
1154 1292 1264 1333 non
1308 1281 1387 1334 est
1411 1292 1531 1334 mea
1578 1277 1671 1333 sed
1698 1277 1816 1348 ejiis
1862 1279 1960 1347 qui
2003 1281 2156 1333 misit
2180 1293 2282 1341 me,
2319 1278 2528 1337 Patris.

86 1348 328 1421 (Ιοιιπηυ
360 1362 497 1418 vm,
529 1346 659 1422 16);
690 1353 750 1406 et
775 1348 963 1406 multa
1007 1346 1354 1420 huJ'usmodi
1392 1348 1455 1405 in
1501 1347 1702 1406 verbis
1744 1347 1982 1405 Domini
2024 1347 2411 1406 inveniuntur
2438 1348 2516 1409 ad

87 1418 627 1478 commendandam
656 1418 721 1476 in
749 1420 920 1476 Patre
952 1418 1363 1476 auctoritatem
1387 1418 1688 1499 principii.
1706 1420 1826 1476 Nec
1854 1419 2131 1476 tamenin
2162 1420 2515 1477 auctoritate

82 1489 400 1564 praemissa
430 1489 678 1547 omnino
709 1488 961 1548 obticuit
991 1502 1057 1547 se
1083 1502 1218 1547 esse
1247 1488 1503 1559 Spiritus
1527 1488 1720 1546 sancti
1746 1489 2127 1561 principium,
2149 1504 2334 1562 quum
2365 1489 2516 1548 dixit

85 1574 223 1620 eum
251 1563 514 1631 spiritum
536 1562 826 1627 veritatis3
853 1573 918 1618 se
942 1565 1141 1617 autem
1170 1559 1339 1631 prius
1368 1559 1597 1617 dixerat
1623 1561 1924 1615 veritatem.

157 1630 463 1703 Objiciunt
490 1630 667 1689 etiam
694 1629 854 1703 quod
883 1629 946 1687 in
994 1628 1352 1702 quibusdam
1377 1628 1662 1688 conciliis
1686 1629 1989 1687 invenitur
2017 1629 2130 1688 sub
2164 1629 2515 1689 intermina·

83 1701 253 1759 tione
279 1700 678 1759 anathematis
707 1699 1072 1773 prohibitum
1101 1713 1176 1758 ne
1208 1699 1433 1780 aliquid
1465 1699 1715 1758 addatur
1739 1699 1806 1757 in
1833 1699 2109 1772 symbolo
2138 1700 2201 1758 in
2228 1701 2515 1761 conciliis

86 1771 389 1841 ordinato,
417 1771 480 1829 in
548 1785 627 1829 uo
654 1777 856 1829 tamen
880 1770 953 1828 de
980 1783 1369 1842 processione
1398 1770 1655 1841 Spiritus
1682 1770 1876 1828 sancti
1895 1785 1931 1828 a
1955 1770 2105 1830 Filio
2133 1771 2360 1830 mentio
2388 1785 2513 1830 non

83 1842 382 1971 Ιιὲἓρᾶιιη
410 1854 497 1969 ιέη
540 1857 572 1900 e
621 1845 880 1915 arguunt
922 1841 1164 1900 Latinos
1206 1840 1605 1900 anathematis
1649 1853 1808 1904 reos,
1841 1841 1941 1913 qui
1973 1842 2088 1902 hoc
2124 1841 2188 1899 in
2236 1842 2513 1914 symbolo

85 1925 117 1970 a
195 1928 215 1969 ι
263 1926 420 1971 erun
450 1955 465 1970 .

147 1982 264 2042 Sed
289 1983 423 2041 haec
442 1982 770 2042 efficaciam
782 1995 906 2041 non
927 1981 1422 2051 habent.Nam,in
1445 1980 1941 2040 determinatione
1960 1980 2182 2054 Synodi
2203 1982 2518 2043 chalcedo·

84 2054 319 2123 nensis»,
347 2052 566 2120 dicitur
592 2052 753 2127 quod
782 2055 985 2110 Patres
1007 2051 1163 2123 apud
1186 2051 1766 2123 Constantinopolim
1806 2053 2153 2126 congregati
2179 2053 2513 2113 doctrinam

84 2124 336 2184 nicaenae
359 2124 582 2196 Synodi
628 2122 1185 2192 corroboraverunt,
1215 2135 1338 2180 non
1363 2122 1537 2195 quasi
1567 2122 1646 2180 ali
1694 2121 1795 2179 uid
1836 2123 2039 2181 minus
2064 2129 2225 2182 esset
2251 2124 2515 2182 inferen-

80 2199 187 2263 teS,
217 2193 334 2253 sed
364 2193 438 2251 de
465 2193 682 2265 Spiritu
714 2199 924 2252 sancto
948 2192 1320 2273 intellectum
1350 2206 1580 2274 eorum.
1608 2138 1896 2274 agversus
1925 2205 2033 2251 eos
2054 2194 2160 2266 qui
2190 2195 2514 2253 Dominum

78 2279 216 2323 euin
247 2278 536 2336 respuere
560 2269 954 2333 tentaverunt,
989 2264 1424 2335 scripturarum
1442 2269 1808 2323 testimoniis
1837 2263 2232 2323 declarantes.
2256 2268 2325 2321 Et
2351 2265 2516 2323 simi-

77 2335 215 2394 liter
244 2334 573 2408 dicendum
604 2340 695 2392 est
735 2333 896 2415 quod
980 2333 1248 2392 rocessio
1295 2333 1554 2405 Spiritus
1583 2334 1775 2393 saneti
1804 2347 1842 2392 a
1869 2335 2019 2392 Filio
2051 2334 2338 2415 implicite
2367 2347 2514 2393 con-

76 2407 312 2464 tinetur
356 2406 421 2463 in
468 2348 1122 2484 constantinopolitano
1166 2404 1204 2462 S
1247 2403 1563 2484 mb·010‚in
1609 2404 1726 2462 hoc
1771 2402 1931 2475 quod
1972 2403 2055 2484 ibi
2102 2403 2511 2484 dicituro-uod

75 2475 378 2606 grocedit,
408 2476 551 2549 quia
589 2476 753 2550 quod
781 2474 855 2534 de
882 2477 1054 2533 Patre
1101 2478 1224 2533 inte
1295 2478 1457 2555 gitur
1500 2478 1821 2555 oportet-et
1849 2473 1923 2531 de
1949 2473 2098 2532 Filio
2125 2474 2417 2556 intelligi,
2439 2478 2519 2556 ‚ut

116 2548 314 2606 ictum
368 2551 479 2605 est.
514 2549 580 2604 Et
626 2545 702 2604 ad
730 2546 847 2603 hoc
875 2544 1213 2604 addendum
1254 2542 1480 2604 sufficit
1521 2548 1852 2604 auctoritas
1889 2547 2141 2602 Romani
2180 2543 2513 2603 Pontificis.

75 2632 182 2691 per
212 2630 404 2747 guam
434 2617 612 2697 etiam
643 2616 1033 2697 inveniuntur
1056 2615 1304 2698 antiqua
1330 2614 1599 2673 concilia
1627 2628 1766 2673 esse
1785 2613 2166 2696 confirmata.

143 2692 218 2747 In
267 2694 457 2747 ucunt
497 2693 676 2745 etiam
723 2687 885 2760 quod
936 2688 1191 2757 Spiritus
1230 2690 1499 2754 sanctuS,
1530 2699 1716 2758 quum
1746 2691 1827 2761 sit
1856 2684 2132 2756 simplex,
2163 2697 2285 2742 non
2311 2690 2513 2757 potest

75 2773 216 2818 esse
259 2773 301 2817 a
352 2757 610 2827 duobuS,
639 2764 696 2815 et
737 2756 899 2839 quod
943 2756 1200 2828 Spiritus
1243 2761 1509 2820 sanctus,
1543 2756 1597 2815 si
1639 2755 1899 2827 perfecte
1947 2754 2228 2827 procedat
2256 2758 2510 2826 aPatre,

73 2842 204 2888 non
252 2828 524 2901 procedit
575 2843 613 2886 a
657 2827 829 2897 Filio,
861 2826 1089 2907 tit-alia
1126 2824 1498 2898 hujusmodi,
1526 2840 1662 2901 quae
1705 2826 1882 2884 facile
1930 2831 2023 2885 est
2070 2826 2303 2884 solvere
2331 2827 2512 2887 etiam

73 2913 298 2972 parum
327 2898 394 2956 in
421 2898 731 2970 theologia
757 2898 1118 2956 exercitatis

146 2973 306 3028 Nam
337 2971 510 3028 Pater
533 2973 591 3027 et
611 2968 796 3027 Filius
824 2971 968 3026 sunt
991 2981 1178 3026 unum
1199 2966 1563 3049 principium
1582 2967 1840 3039 Spiritus
1861 2967 2052 3025 sancti
2072 2972 2311 3039 propter
2325 2966 2519 3026 unita·

71 3044 199 3098 tem
214 3039 440 3098 divinae
452 3039 712 3108 virtutiS,
730 3045 788 3096 et
802 3051 925 3096 una
941 3037 1334 3119 productione
1351 3038 1688 3119 producunt
1716 3037 1998 3108 Spiritum
2021 3043 2296 3119 sanctum
2322 3056 2339 3107 3
2360 3038 2521 3096 sicut

74 3112 270 3170 etiam
297 3115 420 3169 tres
487 3122 720 3169 ersonae
744 3113 886 3167 sunt
914 3121 1102 3167 unum
1130 3121 1490 3180 principium
1518 3113 1827 3178 creaturae,
1853 3113 1912 3166 et
1934 3121 2057 3166 una
2093 3113 2330 3167 actione
2359 3119 2523 3170 crea·

71 3186 288 3251 tul'am
313 3194 423 3253 pl'O
467 3184 675 3240 neunt.

1050 3382 1304 3448 CAPUT
1344 3382 1560 3447 XXVI.

265 3565 421 3619 QUOD
456 3563 576 3613 NON
613 3563 763 3611 SUNT
794 3563 918 3610 NISI
951 3563 1098 3610 TRES
1144 3562 1424 3610 PERSONAE
1457 3562 1523 3609 IN
1555 3560 1807 3619 DIVINIS,
1844 3562 2097 3609 semem
2130 3562 2340 3621 PATER,

851 3650 1039 3698 FILIUS
1073 3649 1151 3699 ΕΤ
1186 3649 1447 3698 ΒΡΙΒῙΤΠΒ
1485 3648 1763 3696 SANCTUS.

145 3816 242 3873 Ex
271 3812 374 3873 his
396 3812 583 3885 igitur
628 3827 761 3887 quae
791 3813 951 3872 dicta
992 3817 1156 3882 sunt,
1185 3812 1312 3871 acci
1354 3826 1452 3871 ere
1481 3817 1716 3885 oportet
1758 3812 1922 3886 quod
1967 3814 2031 3872 in
2074 3814 2276 3874 divina
2302 3819 2524 3875 natura

61 3891 206 3945 tres
235 3895 517 3956 personae
546 3882 908 3953 subsistunt,
937 3885 1111 3964 Pater
1136 3887 1197 3964 et
1237 3882 1299 3963 Fi
1328 3883 1426 3941 ius
1454 3887 1513 3941 et
1554 3883 1812 3955 Spiritus
1860 3890 2138 3955 sanctus,
2164 3891 2225 3943 et
2267 3886 2428 3959 quod
2459 3885 2524 3945 hi

61 3962 208 4015 tres
240 3959 389 4013 sunt
413 3967 573 4013 unus
626 3956 806 4024 neue,
840 3954 992 4012 solis
1020 3952 1417 4012 relationibus
1446 3953 1522 4012 ab
1563 3954 1823 4013 invicem
1852 3954 2137 4014 distincti.
2165 3958 2340 4014 Pater
2361 3957 2525 4016 enim

59 4041 104 4085 a
128 4025 296 4084 Filio
329 4023 725 4097 distinguitur
792 4023 1125 4082 aternitatis
1168 4022 1458 4081 relatione
1488 4028 1547 4081 et
1573 4024 2041 4083 innascibilitate
2064 4044 2079 4093 ς
2106 4026 2293 4085 Filius
2322 4033 2527 4087 autem

61 4110 108 4157 a
153 4099 364 4164 Patre,
393 4095 691 4155 relatione
777 4094 1044 4153 liationis
1070 4113 1086 4164 ;
1116 4096 1292 4152 Pater
1335 4098 1535 4152 autem
1587 4100 1648 4152 et
1700 4094 1888 4154 Filius
1947 4109 1985 4152 a
2022 4096 2241 4168 Spiritu
2290 4102 2525 4167 sanct0,

66 4165 452 4239 spiratione.
488 4170 556 4224 ut
579 4165 666 4245 ita
694 4164 964 4235 dicatur;
997 4164 1252 4236 Spiritus
1298 4169 1497 4245 autem
1550 4170 1797 4224 sanctus
1824 4179 1861 4223 a
1889 4167 2059 4223 Patre
2105 4171 2164 4223 et
2190 4166 2365 4238 Filio,
2386 4179 2528 4240 pro-

62 4236 372 4298 cessione
406 4248 655 4306 amoris,
685 4250 805 4310 qua
832 4234 908 4295 ab
933 4239 1190 4309 utroque
1215 4234 1507 4307 procedit.

147 4310 386 4367 Praeter
420 4305 535 4364 bas
561 4310 684 4364 tres
712 4318 1005 4379 personas
1032 4318 1158 4363 non
1185 4310 1281 4364 est
1323 4310 1596 4379 quartam
1625 4305 1687 4363 in
1719 4305 1923 4363 divina
1949 4309 2166 4364 natura
2187 4320 2433 4379 ponere.
