3076 5025
497 266 605 323 476
679 309 683 313 .
1383 259 1514 315 un.
1555 259 1652 327 111,
1692 257 1845 313 cAP.
1886 257 2091 332 cuv..

509 392 570 444 et
598 384 731 441 ideo
769 384 832 440 in
862 380 1314 454 praenuntiando
1343 380 1543 437 futura
1570 378 1967 436 mirabiliores
1995 382 2053 433 et
2081 375 2413 434 veraciores
2441 382 2733 449 apparent
2759 392 2929 450 quam

506 455 787 514 homiues
839 458 1383 525 quantumcumque
1428 451 1710 507 scientes.
1767 451 1925 505 Inter
1972 460 2188 506 causas
2233 453 2429 506 autem
2474 449 2806 515 naturaleS,
2838 462 2930 506 sn-

501 539 719 598 premae
782 530 840 579 et
884 538 919 580 a
971 521 1315 595 cognitione
1379 527 1588 578 nostra
1639 519 1832 591 magis
1886 523 2127 576 remotae
2181 522 2324 576 sunt
2371 518 2533 575 vires
2599 518 2932 576 coelestium

501 608 820 667 corporum
851 636 867 662 ,
924 606 1074 665 quas
1143 591 1442 663 praedictis
1497 590 1807 661 spiritibus
1871 589 2145 661 cognitas
2198 601 2332 646 esse
2391 587 2732 646 secundum
2804 603 2932 659 pro·

499 665 810 747 prietatem
860 677 986 721 suae
1027 667 1253 720 naturae
1297 676 1371 719 ex
1414 660 1825 732 superioribus
1874 659 1947 731 (c.
1980 658 2101 731 103)
2130 662 2308 730 patet.
2341 659 2537 739 Quum
2566 672 2719 730 ergo
2741 661 2935 718 omnia

503 735 792 793 inferiora
843 746 1098 804 coi-pora
1158 732 1488 791 secundum
1564 732 1722 787 vires
1782 735 1842 787 et
1885 733 2110 786 motum
2176 741 2552 800 superiorum
2617 743 2929 810 corporum

503 805 920 876 disponantur,
971 799 1229 874 possunt
1272 801 1537 874 praedicti
1592 801 1838 870 spiritus
1888 801 2076 857 multo
2129 800 2324 872 magis
2378 813 2555 871 quam
2595 800 2933 872 aliquisas-

502 879 779 955 trologus
813 874 1210 946 praenuntiare
1252 879 1463 930 ventos
1488 877 1548 928 et
1587 876 1969 941 tempestates
2023 869 2272 951 futura&
2316 869 2745 940 corruptiones
2782 870 2937 951 aeris

503 949 563 1004 et
610 947 728 1003 alia
777 943 1121 1015 hujusmodi
1170 957 1302 1016 quae
1346 943 1504 1000 circa
1533 943 1895 998 mutationes
1922 940 2273 997 inferiorum
2309 952 2632 1011 corporum
2664 941 2937 999 accidunt

505 1029 578 1073 ex
606 1021 770 1072 motu
822 1027 892 1072 su
938 1015 1197 1071 erici-um
1234 1026 1551 1094 corporum
1582 1017 1847 1070 causata.
1880 1013 1965 1080 Et,
2012 1009 2152 1091 licet
2179 1010 2440 1091 caelestia
2465 1023 2730 1081 corpora
2760 1024 2934 1083 super

499 1093 726 1157 partem
777 1085 898 1141 inte
929 1085 1198 1142 lectivam
1249 1097 1463 1142 animae
1509 1083 1730 1140 directe
1784 1095 1906 1139 non
1950 1084 2193 1162 possint
2238 1094 2603 1152 imprimere,
2631 1086 2721 1162 ‘ut
2763 1094 2934 1154 supra

502 1158 578 1237 (c.
611 1156 699 1227 84)
729 1161 1040 1213 ostensum
1087 1159 1198 1224 est,
1245 1153 1484 1226 plurimi
1538 1158 1738 1210 tamen
1797 1157 2129 1224 sequuntur
2177 1156 2434 1222 impetus
2476 1164 2845 1221 passionum
2880 1158 2931 1209 et

500 1225 925 1284 inclinationes
977 1223 1340 1296 corporales,
1388 1224 1451 1280 in
1504 1237 1656 1295 quas
1707 1221 2032 1281 efficaciam
2089 1221 2307 1279 habere
2355 1222 2628 1279 coelestia
2687 1235 2931 1293 corpora

500 1297 887 1353 manifestum
931 1301 1060 1365 est3
1105 1293 1303 1353 solum
1354 1294 1512 1351 enim
1544 1294 1906 1364 sapientum,
1948 1305 2199 1365 quorum
2240 1296 2577 1362 est-parvus
2627 1305 2928 1362 numerus,

502 1371 596 1424 est
654 1365 998 1438 huiusmodi
1023 1402 1025 1406 ψ
1048 1364 1435 1438 passionibus
1476 1363 1736 1422 obviare.
1790 1365 1858 1420 Et
1908 1362 2045 1420 inde
2074 1367 2168 1419 est
2202 1361 2361 1435 quod
2391 1362 2583 1443 etiam·
2603 1363 2681 1419 de
2712 1362 2931 1423 actibus

503 1436 817 1494 hominum
865 1435 1051 1494 multa
1094 1435 1414 1507 praedicere
1452 1439 1729 1505 possunt,
1777 1433 1918 1490 licet
1951 1432 2308 1505 quandoque
2337 1438 2396 1490 et
2419 1447 2533 1504 ipsi
2565 1446 2631 1490 in
2662 1446 2929 1504 praenun-

507 1506 712 1564 tiaudo
760 1505 1037 1564 deficiant
1078 1511 1318 1577 propter
1363 1504 1591 1562 arbitrii
1612 1504 1961 1561 libertatem.
1993 1506 2072 1560 Ea
2098 1517 2238 1561 vero
2269 1516 2400 1575 quae
2427 1509 2926 1575 praecognoscunt

503 1578 907 1648 praenuntiant
929 1576 1190 1649 quidem,
1215 1589 1339 1634 non
1364 1581 1623 1632 mentem
1653 1573 2028 1646 illustrando,
2058 1573 2214 1631 sicut
2232 1572 2293 1629 in
2317 1574 2681 1654 revelatione
2706 1574 2929 1656 divina

506 1659 629 1704 non
678 1648 838 1704 enim
886 1660 1093 1705 eorum
1140 1646 1390 1704 intentio
1416 1651 1604 1704 estut
1636 1658 1805 1702 inens
1834 1645 2096 1701 bumana
2133 1642 2473 1715 perficiatur
2511 1644 2585 1701 ad
2630 1650 2927 1703 veritatem

506 1717 1012 1789 cognoscendam,
1061 1716 1166 1775 sed
1207 1716 1402 1789 magis
1426 1715 1586 1788 quod
1616 1730 1651 1771 a
1680 1716 1922 1771 veritate
1951 1719 2266 1772 avertatur.
2290 1713 2717 1794 praenuntiant
2745 1721 2925 1773 autm

505 1788 863 1859 quandoque
893 1787 1131 1859 quidem
1162 1786 1489 1845 secundum
1523 1784 1973 1858 imaginationis
2011 1785 2505 1856 immutationem,
2548 1785 2645 1841 vcl
2693 1786 2762 1842 in
2808 1786 2926 1843 dot·

499 1856 764 1925 miend0,
810 1858 965 1914 sicut
992 1871 1128 1915 curn
1155 1871 1261 1927 per
1288 1857 1526 1915 somnia
1558 1856 1892 1928 aliquorum
1941 1854 2274 1912 futurorum
2319 1854 2543 1935 indicia
2572 1859 2928 1936 monstrant,

504 1927 629 1983 sive
694 1927 871 1983 etiam
919 1927 1261 1999 vigilandO,
1315 1927 1471 1984 sicut
1523 1926 1587 1982 in
1641 1924 1960 1997 arreptitiis
2016 1930 2075 1981 et
2126 1924 2489 1995 phreneticis
2559 1931 2772 1997 patet,

502 1996 706 2068 aliqua
751 1997 949 2056 sutura
996 1997 1413 2067 praenuntiant,
1462 1995 1785 2075 aliquando
1834 2008 1995 2064 vero,
2040 2008 2146 2066 per
2191 1994 2393 2066 aliqua
2437 1995 2747 2076 exteriora
2789 1940 2932 2078 ing?

502 2065 617 2134 cia,
671 2066 828 2123 sic-ut
871 2080 975 2137 per
1021 2073 1220 2124 motus
1271 2071 1328 2123 et
1371 2071 1631 2137 garritus
1660 2079 1857 2122 avium
1888 2070 1944 2121 et
2010 2080 2073 2121 er
2110 2079 2181 2122 ea
2208 2080 2338 2137 quae
2367 2072 2662 2136 apparent
2691 2081 2760 2124 in
2789 2072 2927 2124 extis

505 2136 874 2198 animalium,
930 2141 987 2193 et
1027 2137 1091 2192 in
1119 2142 1473 2207 punctorum
1504 2135 1897 2207 quorumdam
1983 2135 2362 2216 escriptione,
2412 2143 2471 2191 et
2515 2136 2581 2193 in
2627 2136 2929 2195 similibus

504 2219 638 2278 quae
667 2211 827 2263 sorte
856 2206 1110 2278 quadam
1138 2205 1263 2262 fieri
1291 2206 1604 2274 videntur;
1637 2205 1958 2277 aliquando
1982 2211 2202 2274 autem,
2246 2205 2561 2286 visibiliter
2593 2207 2932 2279 apparendo

503 2281 562 2333 et
612 2289 887 2334 sermone
943 2276 1214 2334 sensibili
1261 2276 1718 2347 praenuutiando
1773 2275 1987 2332 futura.
2018 2306 2087 2316 —
2118 2278 2202 2344 Et,
2247 2275 2633 2333 licethoi·um
2667 2278 2935 2336 ultimum

503 2347 819 2404 manifeste
849 2361 953 2417 per
980 2346 1280 2418 malignos
1310 2346 1560 2417 spiritus
1588 2345 1709 2415 fiat,
1740 2351 1938 2402 tamen
1971 2345 2089 2403 alia
2113 2345 2353 2418 quidam
2388 2346 2681 2405 reducere
2728 2361 2933 2406 conan-

499 2419 598 2473 tur
625 2416 684 2472 in
713 2416 946 2488 aliquas
976 2430 1191 2474 causas
1221 2416 1541 2474 naturales
1578 2418 1792 2473 Dicunt
1819 2417 1978 2473 enim
2008 2416 2186 2488 quod,
2223 2430 2359 2474 cum
2405 2430 2633 2489 corpus
2665 2419 2935 2477 coelestes

502 2492 737 2545 moveat
780 2486 854 2545 ad
897 2487 1134 2560 aliquos
1177 2485 1424 2547 effectus
1475 2487 1535 2543 in
1597 2488 1733 2545 istis
1785 2487 2212 2558 inferioribus,
2265 2501 2337 2545 ex
2383 2485 2661 2559 ejusdem
2710 2489 2935 2563 corpori

499 2555 897 2682 impressione
933 2558 998 2615 in
1045 2558 1345 2631 aliquibus
1395 2557 1574 2615 rebus
1604 2559 1770 2614 illius
1800 2557 2046 2638 effectus
2093 2558 2269 2638 signa
2299 2558 2571 2640 quiedam
2614 2566 2935 2633 apparent;

498 2640 591 2684 coe
618 2632 802 2685 estem
833 2627 988 2685 enim
1021 2628 1478 2699 impressionem
1509 2628 1757 2685 diversae
1786 2642 1881 2685 res
1926 2628 2323 2686 diversimode
2366 2636 2693 2700 recipiunt.
2724 2634 2932 2691 Secun-

499 2695 642 2754 dum
672 2696 787 2756 boc
821 2712 963 2769 ergo
994 2698 1198 2756 dicunt
1226 2698 1384 2771 quod
1415 2699 1751 2757 immutatio
1779 2712 1912 2775 quae
1945 2697 2010 2754 iit
2037 2713 2073 2755 a
2100 2712 2349 2778 corpore
2377 2698 2610 2757 coelesti
2647 2702 2716 2757 in
2748 2703 2936 2775 aliqua

501 2780 565 2825 re
587 2773 780 2837 potest
808 2769 996 2839 accipi
1029 2775 1093 2827 ut
1117 2768 1359 2841 signum
1391 2768 1824 2826 immutationis
1848 2769 2093 2826 alterius
2137 2784 2249 2838 re1;
2292 2774 2349 2826 et
2377 2769 2513 2826 ideo
2539 2770 2765 2829 dicunt
2791 2771 2933 2845 quod

497 2843 702 2895 motus
732 2838 833 2910 qui
864 2844 1006 2896 sunt
1034 2844 1245 2910 praeter
1290 2838 1778 2896 deliberationem
1816 2839 2087 2908 rationis,
2121 2844 2183 2896 ut
2232 2840 2364 2898 visa
2409 2841 2861 2901 somniantium
2884 2849 2931 2899 et

499 2920 704 2964 eorum
737 2908 837 2980 qui
870 2913 1010 2967 sunt
1034 2914 1230 2966 mente
1254 2908 1432 2980 capti,
1463 2914 1519 2967 et
1548 2913 1835 2984 motusfflet
1861 2909 2119 2980 garritus
2151 2909 2369 2978 avium,
2400 2916 2460 2967 et
2498 2909 2930 2985 descriptiones

496 2984 878 3051 punctorum,
926 2992 1060 3035 cum
1107 2979 1244 3052 quis
1290 2992 1414 3037 non
1456 2979 1743 3037 deliberat
1785 2984 1930 3060 quot
1978 2986 2200 3061 puncta
2238 2979 2448 3037 debeat
2505 2982 2818 3052 scribere,
2860 2995 2931 3040 so-

495 3054 759 3118 quuntur
788 3048 1244 3118 impressionem
1287 3050 1556 3120 corporis
1587 3051 1878 3120 coelestis3
1907 3054 1966 3106 et
1989 3049 2125 3107 ideo
2152 3050 2359 3108 dicunt
2379 3051 2541 3130 quod
2582 3050 2924 3124 hujusmodi

496 3123 899 3187 possuntesse
920 3119 1094 3190 signa
1114 3117 1431 3178 effectuum
1451 3119 1784 3177 futurorum
1802 3119 1994 3201 quiex
2013 3125 2175 3177 motu
2190 3121 2418 3178 coelesti
2437 3130 2804 3181 causantur.
2818 3122 2926 3192 wi,

496 3187 638 3266 quia
668 3186 782 3245 hoc
810 3188 1103 3246 modicam
1132 3189 1423 3248 rationem
1445 3189 1643 3259 habet,
1675 3204 1869 3262 magis
1900 3190 2313 3248 aestimandum
2343 3197 2434 3248 est
2461 3193 2629 3263 quod
2661 3207 2921 3264 praenuii·

495 3257 777 3315 nationes
849 3273 939 3316 uae
962 3273 1034 3316 ex
1064 3259 1406 3331 huJusmodi
1437 3260 1632 3332 signis
1662 3259 1813 3316 fiunt
1841 3260 1914 3318 ab
1944 3261 2145 3333 aliqua
2169 3260 2557 3318 intellectuali
2589 3265 2923 3323 substantia

495 3327 787 3408 originem
808 3274 1087 3399 gabaam,
1117 3331 1289 3401 cujus
1309 3330 1525 3387 virtute
1551 3330 1951 3401 disponuntur
1972 3330 2236 3410 praedicti
2273 3337 2472 3411 motus
2528 3340 2759 3403 praeter
2809 3333 2926 3392 deli·

490 3396 862 3455 berationem
891 3400 1233 3462 existentes,
1266 3401 1593 3458 secundum
1635 3402 1793 3472 quod
1820 3406 2096 3473 congruit
2120 3400 2523 3459 observationi
2566 3403 2919 3462 futurorum.

493 3468 582 3534 Et,
614 3468 751 3525 licet
779 3468 1137 3541 quandoque
1159 3471 1284 3526 baec
1311 3470 1705 3541 disponantur
1727 3471 2030 3528 voluntate
2051 3470 2254 3528 divina
2272 3472 2614 3530 ministerio
2638 3474 2920 3533 bonorum

492 3538 833 3609 spirituum,
864 3539 1006 3610 quia
1033 3545 1091 3596 et
1117 3553 1154 3597 a
1191 3542 1312 3598 Deo
1348 3541 1536 3598 multa
1580 3556 1683 3612 per
1709 3541 1946 3598 somnia
1971 3540 2325 3610 revelantur,
2355 3542 2513 3600 sicut
2542 3544 2850 3603 Pharaoni
2874 3548 2923 3599 et

492 3607 1069 3679 Nabuchodonosor,
1120 3615 1179 3667 et
1226 3616 1392 3666 sortes
1442 3625 1574 3682 quae
1616 3614 1911 3666 mittuntur
1937 3614 1999 3666 in
2046 3614 2227 3667 sinum
2270 3612 2637 3685 quandoque
2687 3616 2922 3671 etiamn

488 3679 718 3734 Domino
741 3683 1132 3749 temperantur,
1162 3686 1228 3738 ut
1258 3680 1537 3739 Salomon
1570 3681 1712 3738 dicit
1757 3681 1960 3754 (Pr-ov„
2004 3692 2132 3751 xvi,
2177 3681 2290 3754 33),
2335 3688 2533 3739 tamen
2578 3685 2927 3764 plerumque

492 3760 566 3805 ex
620 3750 963 3819 operatione
1012 3749 1329 3821 spirituum
1374 3752 1772 3823 malignorum
1818 3751 2133 3820 accidunt,
2180 3758 2248 3809 ut
2293 3756 2352 3809 et
2398 3759 2594 3810 sancti
2653 3754 2924 3812 doctores

491 3817 697 3876 dicunt
722 3824 780 3876 et
808 3820 986 3877 etiam
1014 3820 1131 3891 ipsi
1179 3820 1436 3892 gentiles
1483 3828 1866 3879 censuerunt.
1917 3822 2070 3878 Dicit
2112 3822 2272 3878 enim
2313 3823 2610 3882 Maximus
2661 3824 2922 3882 Valerius

513 3891 588 3968 De
613 3904 830 3945 memor.
858 3890 1040 3953 dictis,
1069 3890 1108 3948 l.
1136 3903 1178 3972 1²
1210 3906 1265 3949 c.
1297 3890 1348 3962 l)
1378 3891 1537 3963 quod
1584 3892 1921 3950 observatio
1969 3906 2043 3949 au
2093 3893 2357 3950 uriorum
2380 3899 2438 3949 et
2465 3895 2850 3953 somniorum
2875 3896 2925 3951 et

536 3959 834 4030 ujusmodi
881 3960 955 4018 ad
1006 3960 1359 4032 religionem
1414 3961 1740 4032 pertinent,
1794 3976 1913 4034 qua
1957 3962 2121 4020 idoa
2166 3962 2536 4021 colebantur.
2570 3967 2642 4020 Et
2683 3965 2824 4023 ideo
2867 3963 2921 4020 in

485 4028 670 4086 veteri
699 4031 831 4101 lege
862 4030 1042 4088 simul
1065 4044 1199 4088 cum
1226 4030 1566 4089 idololatria
1585 4034 1710 4090 haec
1734 4033 1937 4089 omnia
1956 4032 2423 4103 prohibebantur
2448 4051 2465 4101 ;
2493 4032 2721 4092 dicitur
2740 4035 2921 4093 enim:

488 4096 627 4178 Cave
653 4116 717 4155 ne
745 4103 957 4157 imitari
980 4102 1114 4157 velis
1142 4102 1565 4158 abominationes
1609 4105 1832 4158 illarum
1876 4105 2135 4172 peritiam,
2181 4117 2313 4175 quae
2340 4103 2574 4162 scilicet
2601 4105 2793 4164 idolis
2819 4116 2924 4162 ser·

485 4169 759 4236 viebant;
806 4186 902 4227 nec
941 4172 1258 4227 inveniatur
1302 4172 1361 4227 in
1402 4177 1453 4227 te
1498 4175 1597 4242 qui
1640 4174 1831 4229 lustret
1872 4174 2046 4243 filium
2073 4188 2230 4229 suum
2258 4177 2357 4229 aut
2378 4175 2574 4244 filiam,
2606 4176 2921 4245 damper

485 4237 683 4304 ignem,
731 4245 829 4295 aut
877 4243 976 4312 qui
1017 4243 1214 4298 ariolos
1257 4244 1577 4307 sciscitetur,
1631 4247 1682 4298 et
1723 4245 1961 4299 observet
1986 4245 2198 4298 somnia
2224 4246 2283 4297 at
2410 4248 2675 4314 αιιρυνία,
2712 4261 2812 4301 nec
2854 4243 2919 4299 sit

483 4307 775 4376 maleficus,
805 4326 901 4365 nec
944 4315 1273 4381 incantator,
1304 4328 1398 4368 nec
1425 4315 1520 4382 qui
1555 4315 1817 4381 pythones
1846 4314 2107 4378 consulat,
2137 4327 2234 4369 nee
2300 4315 2494 4380 trinos,
2526 4320 2627 4371 aut
2658 4317 2867 4385 φωναί
2886 4326 2916 4368 a

485 4379 714 4432 mortuis
739 4383 1066 4451 veritatem„
1096 4381 1297 4455 (Deut.,
1325 4395 1497 4454 xvm,
1528 4384 1699 4456 9-11.)

1115 4476 1141 4506 δ’
