3076 5025
1174 294 1309 353 ΠΒ.
1347 294 1396 363 Ῐ,
1434 294 1593 353 ΟΑΡ.
1627 295 1732 351 XX.
2593 299 2670 356 23

210 421 479 478 stratum
518 420 618 474 est
660 416 731 474 in
764 419 933 474 sexto
957 416 1199 486 Phyisic.
1230 416 1393 488 (text.
1423 415 1858 488 comm.29-32).
1889 415 2062 485 Quod
2088 422 2287 477 autem
2318 431 2441 477 non
2469 418 2670 491 possit

219 486 763 561 potentiaintinita
785 487 1217 559 magnitudinis
1245 486 1427 544 finitae
1446 500 1681 544 movere
1701 487 1764 543 in
1783 492 2070 558 tempore,
2088 488 2177 546 sic
2206 489 2422 546 iterum
2448 491 2668 560 proba·

222 565 317 617 tur
359 577 373 615 ε
422 557 512 615 sit
534 557 813 629 potentia
839 556 1074 616 infinita
1143 571 1235 615 uae
1261 563 1354 615 est
1379 562 1446 626 A,
1478 557 1803 628 accipiatur
1828 564 2029 638 autem
2059 572 2199 629 pars
2227 560 2378 632 ejuS,
2411 574 2544 632 quae
2573 564 2670 620 est

216 634 270 689 A
294 631 360 687 B.
393 630 549 687 Pars
578 628 770 701 igitur
814 628 933 686 ista
956 641 1127 687 move
1171 628 1307 685 itin
1337 632 1603 709 tempore
1632 628 1841 699 majorl
1876 645 1894 697 ;
1941 629 2230 700 opertebit
2278 636 2477 687 tamen
2528 644 2667 690 esse

227 701 497 773 aliquam
532 698 985 770 proportionem
1015 697 1194 769 hujus
1226 702 1513 769 temporis
1545 698 1619 755 ad
1645 705 1878 769 tempus
1906 699 1968 755 in
2038 713 2114 756 uo
2144 706 2342 758 movet
2389 707 2511 758 tota
2559 716 2667 773 po·

224 771 431 837 tentia,
467 784 607 833 cum
640 774 959 842 utrumque
987 774 1225 841 tempus
1246 770 1329 827 sit
1354 768 1610 827 finitum.
1640 769 1770 826 Sint
1798 769 1980 840 igitur
2098 784 2129 827 c
2159 771 2279 828 duo
2303 777 2575 842 tempora
2602 773 2668 831 in

224 841 483 911 decupla
512 854 622 912 pro
666 840 907 898 ortione
931 840 1092 899 sead
1121 840 1377 897 invicem
1406 840 1688 897 habentia
1718 839 1860 911 (non
1887 840 2048 897 enim
2118 847 2366 899 uantum
2404 842 2478 899 ad
2513 843 2668 902 hanc

226 912 529 970 rationem
552 911 612 968 di
665 917 759 969 ert
784 910 984 980 istam,
1010 910 1106 969 vel
1133 910 1315 968 aliam
1341 911 1786 983 proportionem
1817 910 2056 983 dicere).
2125 912 2142 969 i
2169 918 2367 969 autem
2415 912 2669 972 addatur

222 982 297 1041 ad
322 982 662 1054 potentiam
694 981 1038 1053 praedictam
1086 980 1338 1049 finitam,
1362 981 1613 1038 diminui
1634 980 1930 1051 oportebit
1948 980 2019 1037 de
2039 987 2304 1062 tempore
2330 984 2665 1041 secundum

223 1053 681 1125 proportionem
710 1052 1036 1111 additionis
1059 1050 1137 1110 ad
1184 1052 1505 1122 potentiam
1555 1050 1805 1119 finitam,
1838 1065 2020 1131 quum
2059 1066 2251 1124 maJor
2285 1055 2550 1124 potentia
2602 1055 2663 1111 in

223 1123 441 1181 minori
474 1127 750 1194 tempore
780 1128 1031 1181 moveat.
1068 1123 1128 1180 Si
1159 1136 1302 1195 ergo
1328 1122 1580 1180 addatur
1605 1122 1943 1192 decuplum,
1970 1121 2074 1179 illa
2100 1125 2368 1193 potentia
2408 1125 2668 1182 movebit

225 1194 291 1252 iu
320 1200 614 1263 tempore,
646 1193 811 1273 quod
837 1195 949 1250 erit
977 1193 1208 1251 decima
1237 1206 1374 1274 pars
1398 1192 1687 1264 temporis
1714 1192 1779 1249 in
1809 1205 1931 1264 quo
1974 1193 2251 1251 movebat
2290 1196 2482 1275 prima
2525 1208 2666 1268 pars

224 1271 470 1336 accepta
497 1262 760 1321 infinitae
786 1264 1089 1335 potentiae,
1119 1263 1350 1322 scilicet
1377 1267 1422 1321 A
1463 1266 1526 1319 B.
1564 1266 1629 1320 Et
1670 1269 1868 1319 tamen
1909 1262 2038 1320 haec
2081 1270 2348 1344 potentia
2394 1280 2526 1338 quae
2575 1269 2668 1325 est

224 1334 555 1406 decuplum
585 1334 741 1405 eius,
773 1339 864 1393 est
896 1335 1160 1405 potentia
1186 1333 1374 1402 finita,
1398 1347 1584 1414 quum
1614 1333 1827 1391 habeat
1847 1347 1953 1404 pro
1997 1337 2289 1392 ortionem
2314 1335 2666 1394 determina-

225 1408 349 1464 tam
374 1404 450 1462 ad
480 1405 815 1476 potentiam
858 1403 1108 1462 finitam.
1155 1405 1530 1477 Relinquitur
1572 1404 1776 1475 igitur,
1815 1417 1935 1475 quo
2025 1403 2090 1460 in
2134 1404 2352 1476 aequali
2398 1410 2665 1476 tempore

225 1482 465 1534 moveat
492 1474 766 1557 potentia
798 1474 968 1533 finita
990 1481 1051 1532 et
1073 1474 1327 1543 infinita,
1353 1474 1512 1547 quod
1544 1481 1635 1531 est
1661 1473 2056 1545 impossibile.
2088 1476 2220 1532 Non
2254 1474 2439 1547 igitur
2460 1482 2668 1549 poten·

226 1546 318 1607 tia
337 1546 577 1603 infinita
607 1545 1045 1618 magnitudinis
1077 1545 1282 1614 flnitae,
1313 1551 1511 1616 potest
1549 1558 1786 1603 movere
1814 1544 1876 1624 iu
1907 1548 2174 1616 tempore
2203 1544 2431 1617 aliquo.

306 1616 473 1685 Quod
502 1622 710 1674 autem
740 1616 1005 1687 potentia
1032 1616 1208 1688 primi
1237 1616 1489 1674 motoris
1535 1616 1619 1673 sit
1655 1614 1911 1684 infinita,
1963 1615 2053 1674 sic
2095 1616 2381 1686 probatur
2427 1634 2444 1673 :
2489 1618 2666 1678 Nulla

233 1686 500 1760 potentia
526 1686 704 1745 finita
732 1691 929 1757 potest
956 1700 1195 1744 movere
1219 1691 1484 1757 tempore
1515 1685 1753 1743 infinito
1785 1703 1800 1754 ;
1831 1685 1938 1745 sed
1971 1687 2237 1757 potentia
2263 1687 2439 1757 primi
2469 1694 2663 1747 moto-

236 1758 333 1814 ris
357 1763 548 1836 movet
585 1762 857 1828 tempore
901 1757 1155 1837 infinito,
1188 1758 1331 1885 qiuia
1376 1763 1578 1837 motus
1626 1757 1856 1837 primus
1900 1761 1992 1813 est
2019 1758 2419 1827 sempiternus
2452 1776 2467 1828 ;
2519 1772 2662 1832 ergo

329 1833 503 1891 tenna
529 1829 707 1898 primi
736 1832 989 1886 motoris
1017 1828 1152 1886 esti
1244 1828 1386 1884 nita.
1409 1830 1608 1884 Pruna
1627 1841 1716 1885 sic
1731 1826 2015 1898 probatur
2040 1844 2054 1882 ε
2081 1827 2141 1884 Si
2168 1828 2373 1900 aliqua
2395 1831 2665 1901 potentia

290 1898 408 1955 nita
433 1898 687 1969 alicujus
712 1898 985 1969 corporis
1014 1903 1210 1956 movet
1235 1903 1501 1968 tempore
1528 1896 1933 1969 infinito,pars
1953 1897 2120 1955 illius
2137 1899 2665 1970 corporis,habens

232 1974 456 2041 partem
484 1969 792 2041 potentiae,
824 1968 1085 2026 movebit
1110 1969 1172 2026 in
1200 1977 1465 2050 ternpore
1513 1969 1734 2026 minori
1767 1968 1970 2040 ;quia,
2018 1973 2243 2040 quanto
2286 1969 2513 2043 aliquid
2573 1976 2665 2028 est

232 2039 478 2111 majoris
510 2040 813 2111 potentiae,
844 2045 1010 2097 tanto
1039 2039 1099 2096 in
1128 2040 1339 2110 majori
1360 2045 1626 2109 tempore
1655 2042 1884 2095 motum
1915 2039 2268 2096 continuare
2296 2041 2515 2112 poterit
2544 2059 2558 2108 ;
2605 2046 2666 2099 et

228 2109 320 2168 sic
346 2124 487 2181 pars
518 2109 801 2182 praedicta
840 2108 1100 2167 movebit
1138 2114 1403 2182 tempore
1439 2108 1632 2166 finito.
1681 2108 1868 2180 Major
1911 2115 2108 2167 autem
2154 2123 2295 2180 pars
2339 2111 2402 2168 in
2450 2110 2664 2183 majori

222 2184 498 2261 tempore
527 2194 768 2238 movere
797 2180 1015 2251 poterit
1040 2198 1057 2250 ;
1089 2185 1149 2249 et
1174 2180 1264 2239 sic
1294 2194 1550 2250 semper,
1586 2179 1918 2237 secundum
1962 2180 2124 2252 quod
2169 2180 2419 2239 addetur
2443 2182 2516 2239 ad
2563 2195 2666 2253 po-

227 2255 481 2308 tentiam
514 2251 787 2318 motoris,
820 2250 1070 2309 addetur
1098 2250 1173 2308 ad
1209 2256 1446 2322 tempus
1493 2250 1826 2307 secundum
1879 2249 2148 2308 eamdem
2190 2252 2661 2331 proportionem.

226 2321 346 2379 Sed
375 2321 603 2379 additio
635 2321 954 2395 aliquoties
1002 2321 1159 2379 facta
1204 2321 1504 2392 perveniet
1550 2320 1625 2377 ad
1672 2321 2062 2402 quantitatem
2109 2326 2296 2380 totius
2344 2324 2435 2379 vel
2482 2324 2663 2380 etiam

225 2391 526 2460 excedet3
583 2405 729 2464 ergo
775 2397 831 2448 et
875 2390 1100 2450 additio
1146 2405 1219 2448 ex
1256 2396 1419 2464 parte
1461 2395 1750 2461 temporis
1797 2391 2101 2463 perveniet
2146 2391 2222 2448 ad
2270 2393 2663 2464 quantitatem

224 2466 351 2519 tem
436 2463 541 2533 riS,
573 2463 637 2521 in
666 2475 787 2536 quo
824 2467 1018 2521 movet
1049 2466 1261 2521 totum.
1292 2465 1546 2534 Tempus
1586 2466 1805 2525 autem,
1855 2462 1919 2519 iu
1960 2474 2081 2535 quo
2125 2467 2318 2521 totum
2366 2464 2661 2535 movebat,

223 2476 542 2661 ὤοθὲἓιωξ
562 2532 1019 2661 ρεεθοὶιὲζὶὲἰιωω
1046 2551 1062 2604 ;
1088 2547 1231 2608 ergo
1250 2538 1486 2606 tempus
1506 2532 1741 2591 finitum
1762 2534 2040 2592 metietur
2061 2538 2299 2604 tempus
2322 2533 2624 2594 infinitum
2644 2552 2661 2606 ;

272 2618 351 2661 uo
437 2618 503 2662 es
560 2618 682 2676 imp
728 2618 812 2662 s1
857 2619 954 2662 1e.

224 2618 269 2679 q
298 2674 413 2732 Sed
450 2681 665 2733 contra
692 2675 852 2733 hunc
875 2687 1229 2746 processum
1257 2675 1463 2744 plures
1493 2679 1638 2732 sunt
1670 2673 2042 2732 ob'ectiones
2072 2691 2088 2730 ε

300 2745 568 2814 Quarum
604 2759 720 2802 una
750 2752 839 2803 est
884 2762 898 2801 ε
948 2746 1102 2814 Quia
1146 2749 1345 2815 potest
1388 2744 1553 2815 poni,
1598 2758 1717 2816 quo
1804 2743 1950 2800 illud
2004 2756 2244 2813 corpus,
2362 2745 2439 2802 od
2467 2752 2666 2805 movet

224 2817 491 2889 primum
523 2822 776 2884 motum,
806 2829 930 2873 non
957 2820 1048 2873 est
1078 2813 1402 2881 divisibile,
1435 2815 1593 2871 sicut
1626 2817 1787 2885 patet
1813 2812 1885 2869 de
1917 2825 2022 2870 cor
2064 2827 2167 2870 ore
2195 2828 2288 2871 coe
2314 2815 2425 2871 esti
2458 2833 2474 2884 3
2505 2830 2662 2887 prae-

220 2887 393 2945 dicta
419 2892 622 2945 antem
650 2886 921 2958 probatio
945 2886 1216 2957 procedit
1244 2899 1318 2941 ex
1343 2884 1639 2942 divisione
1667 2884 1817 2956 eJuS.
1842 2884 1956 2940 Sed
1977 2898 2011 2941 a
2075 2884 2190 2941 hoc
2210 2884 2530 2943 dicendum
2552 2891 2664 2957 est,

223 2957 388 3031 quod
420 2956 851 3015 conditionalis
880 2960 1237 3028 potestesse
1276 2968 1436 3023 vera,
1482 2954 2057 3025 cujus‘antecedens
2103 2961 2193 3013 est
2235 2956 2612 3028 impossibile
2648 2974 2664 3027 3

221 3035 307 3096 et,
350 3029 405 3086 si
453 3028 602 3108 quid
650 3032 740 3085 est
787 3028 948 3155 quod
991 3028 1259 3085 destruat
1299 3026 1607 3107 veritatem
1655 3026 1801 3107 talis·
1845 3025 2300 3108 conditionalis,
2328 3033 2420 3086 est
2448 3029 2668 3099 impos-

222 3099 410 3157 sibile
442 3117 457 3168 ;
500 3112 554 3156 si
580 3098 738 3156 sicut
765 3111 802 3155 a
824 3098 991 3171 iquid
1019 3098 1348 3156 destrueret
1375 3103 1683 3155 veritatem
1704 3097 1883 3167 huJus
1911 3097 2338 3157 conditionalis
2373 3116 2388 3153 :
2419 3099 2484 3156 Si
2511 3102 2665 3156 horno

219 3171 412 3238 volat,
458 3170 622 3224 habet
666 3170 806 3238 alas,
855 3173 1017 3226 esset
1062 3167 1457 3240 impossibile.
1507 3171 1574 3224 Et
1618 3167 1949 3226 secundum
1992 3168 2152 3227 hunc
2203 3169 2448 3228 modum
2491 3170 2666 3227 intel-

225 3239 517 3312 ligendus
563 3243 653 3298 est
699 3252 1021 3325 processus
1068 3239 1442 3309 probationis
1484 3238 2008 3319 praedictae3nuia
2048 3238 2176 3298 haec
2235 3240 2667 3298 conditionalis

224 3316 325 3369 est
382 3324 529 3367 vera
579 3327 594 3366 :
648 3310 713 3368 Sa
761 3324 954 3380 corpus
1008 3311 1210 3366 coeleste
1262 3310 1555 3373 dividitur,
1607 3324 1745 3379 pars
1797 3323 1917 3378 effus
1971 3311 2076 3364 en't
2133 3312 2360 3366 minoris
2416 3312 2669 3380 potentiae

224 3397 393 3451 quam
427 3385 620 3438 totum.
653 3380 841 3451 Hujus
877 3384 1075 3438 autem
1124 3380 1551 3438 conditionalis
1580 3380 1799 3437 veritas
1835 3377 2094 3443 tollitur,
2147 3381 2203 3438 si
2255 3387 2512 3451 ponatur
2546 3381 2667 3451 pri-

224 3463 392 3582 gium
420 3464 673 3533 movens
698 3464 1103 3579 cszelcospus,
1123 3450 1919 3523 propterimpossibiliaquae
1947 3455 2299 3523 sequuntur.
2319 3450 2479 3507 Unde
2507 3454 2670 3522 patet

271 3535 598 3583 ocesseim
686 3534 773 3580 ssr
818 3535 915 3580 ie.

299 3596 368 3650 Et
393 3534 682 3651 similit&
704 3597 896 3663 potest
920 3591 1288 3663 responderi,
1320 3591 1373 3649 si
1397 3590 1502 3649 fiat
1528 3590 1788 3663 objectio
1812 3590 1886 3647 de
1911 3595 2235 3663 augmento
2263 3592 2666 3663 potentiarum

220 3662 559 3733 finitarum,
594 3662 736 3734 quia
764 3675 885 3719 non
913 3668 1006 3720 est
1034 3663 1321 3734 accipere,
1357 3662 1416 3719 in
1466 3676 1662 3719 rerum
1709 3666 1943 3730 natura,
1990 3663 2293 3732 potentias
2333 3663 2669 3720 secundum

220 3747 472 3792 omnem
506 3733 955 3813 proportionem
987 3746 1165 3805 quam
1196 3732 1373 3790 habet
1403 3738 1640 3814 tempus
1675 3730 1750 3789 ad
1798 3738 2037 3812 tempus
2081 3732 2521 3812 quodcumque.
2567 3735 2670 3791 Est

224 3809 430 3863 tamen
452 3803 889 3863 conditionalis
912 3817 1074 3871 vera,
1102 3817 1241 3875 qua,
1271 3803 1334 3859 in
1358 3803 1644 3883 praedicta
1713 3802 2026 3859 robatione
2080 3802 2403 3876 indigetur.

296 3875 579 3932 Secunda
607 3873 866 3945 objectio
892 3878 985 3954 est
1014 3892 1028 3930 ε
1062 3874 1234 3942 Quia,
1260 3881 1372 3932 etsi
1405 3885 1625 3954 corpus
1702 3872 1961 3953 iriditur,
1992 3845 2196 3945 aliqua
2232 3873 2426 3932 virtus
2471 3878 2670 3954 potest

226 3957 366 4003 esse
395 3945 661 4016 alicujus
690 3957 982 4014 corporis,
1013 3957 1146 4017 quae
1177 3955 1301 4000 non
1336 3944 1641 4014 dividitur,
1692 3941 1887 4001 diviso
1913 3956 2166 4016 corpore
2197 3961 2215 4014 ;
2264 3945 2422 4003 sicut
2465 3958 2670 4004 anima

224 4016 551 4074 rationalis
581 4027 706 4076 non
734 4015 1038 4083 dividitur,
1070 4013 1265 4072 diviso
1291 4027 1562 4086 corpore.

297 4088 366 4145 Et
380 4087 458 4144 ad
492 4086 611 4144 hoc
640 4090 734 4142 est
758 4085 1114 4143 dicendum:
1149 4083 1345 4154 Quod,
1365 4099 1469 4156 per
1484 4096 1835 4156 processum
1855 4084 2227 4157 praedictum,
2246 4099 2367 4143 non
2383 4085 2670 4158 probatur

222 4157 389 4229 quod
421 4170 555 4214 non
581 4155 666 4213 sit
706 4157 865 4214 Deus
912 4156 1272 4227 conjunctus
1319 4157 1580 4227 corpori,
1624 4156 1784 4213 sicut
1827 4156 2028 4214 anima
2074 4156 2389 4214 rationalis
2429 4157 2668 4229 corpori

226 4226 501 4286 humano
534 4224 699 4306 {sed
728 4225 889 4306 quod
923 4238 1056 4305 ‚non
1100 4230 1193 4284 est
1232 4224 1522 4305 virtus-in
1567 4239 1838 4308 corpore,
1886 4226 2044 4284 sicut
2079 4226 2270 4285 virtus
2317 4227 2664 4291 materialis,

270 4312 363 4356 uae
390 4296 685 4355 dividitur
712 4296 787 4353 ad
817 4296 1177 4354 divisionem
1204 4309 1495 4366 corporis.
1543 4296 1707 4352 Unde
1758 4303 1938 4354 etiam
1982 4296 2202 4354 dicitur
2245 4297 2317 4354 de
2361 4297 2669 4354 intellectu

275 4380 526 4437 uman0,
560 4366 723 4446 quod
755 4379 879 4424 non
909 4373 1001 4448 est
1028 4379 1469 4448 corpusneque
1497 4366 1689 4447 virtus
1718 4366 1782 4423 in
1807 4379 2080 4448 corpore.
2105 4367 2278 4438 Quod
2293 4372 2490 4428 autem
2509 4369 2668 4424 Deus

225 4448 356 4500 uon
384 4439 475 4501 sit
494 4441 709 4500 unitus
732 4449 969 4513 corpori
992 4442 1150 4500 sicut
1178 4450 1401 4507 amma,
1433 4436 1683 4497 alterius
1709 4441 1966 4497 rationis
1988 4442 2101 4498 est.
2198 4467 2204 4472 -
