3076 5025
1138 271 1266 330 ue.
1307 271 1380 343 ii,
1421 271 1574 328 GAP.
1610 271 1716 330 xx.
2207 325 2220 337 ,
2521 276 2612 332 iai

213 393 548 456 secundum
578 393 735 467 quod
764 398 856 452 cst
880 397 1102 463 motus,
1132 397 1223 452 est
1250 392 1548 450 divisibile
1572 393 1664 450 vel
1684 393 2011 452 secundum
2036 394 2444 466 quantitatem,
2466 394 2622 455 sicut

212 468 275 525 in
303 472 475 524 motu
506 466 679 524 locati
707 464 844 522 etin
875 468 1217 535 augmento,
1266 463 1356 520 vel
1400 464 1730 522 secundum
1778 464 2177 523 intensionem
2222 471 2281 522 et
2315 466 2622 526 remissio·

211 551 367 604 nem,
402 537 564 594 sicut
586 535 650 592 in
675 534 1044 593 alteratione.
1075 536 1195 592 Hoc
1223 539 1417 592 autem
1450 534 1778 592 secundum
1807 535 2102 608 contingit
2129 534 2476 606 dupliciter:
2500 550 2624 596 uno

211 608 412 673 modo,
440 606 581 678 quia
623 605 756 675 ipsa
784 605 997 674 forma,
1026 618 1158 676 quae
1188 609 1280 662 est
1306 604 1600 663 tei-minus
1645 611 1865 673 motus,
1909 609 1998 664 est
2041 605 2362 665 divisibilis
2408 620 2624 666 secun·

211 677 346 737 dum
376 676 780 735 intensionem
801 679 860 733 et
896 674 1536 743 remissionem3sicut
1582 680 1739 746 patet
1779 688 1915 733 cum
1964 675 2187 757 aliquid
2235 682 2504 736 movetur
2547 676 2623 736 ad
2676 692 2698 732 .-

210 746 582 814 albedinem;
629 745 751 804 alio
795 745 995 813 modo,
1044 746 1188 817 quia
1220 745 1359 803 talis
1387 744 1604 802 divisio
1633 745 1927 817 contingit
1945 745 2007 803 in
2025 746 2522 817 dispositionibus
2547 749 2625 807 ad
2673 772 2678 778 ·

208 818 383 876 talem
408 818 683 886 sormam,
703 815 862 873 sicut
879 814 1003 873 fleri
1025 815 1186 888 ignis
1204 815 1612 874 successivum
1632 821 1725 874 est
1738 822 1974 886 propter
1989 816 2401 876 alterationem
2415 832 2628 890 praece-

212 888 450 947 dentem
500 886 661 945 circa
687 886 1116 957 dispositiones
1144 885 1216 943 ad
1247 887 1518 944 sormam.
1550 888 1749 956 Ipsum
1793 892 1988 944 autem
2044 900 2179 945 esse
2232 888 2626 948 substantiale

212 965 499 1019 creatura)
543 970 664 1014 non
694 964 788 1016 est
814 955 1111 1015 divisibile
1140 957 1321 1014 modo
1351 956 1634 1028 praedicto
1656 974 1672 1025 ;
1694 956 1836 1028 quia
1860 956 2195 1037 substantia
2223 971 2343 1015 non
2374 960 2629 1030 suscipit

211 1028 407 1102 magis
439 1034 500 1085 et
526 1027 764 1095 minus;
794 1039 904 1085 nec
945 1026 1008 1085 in
1036 1028 1337 1107 creatione
1363 1027 1702 1097 praecedunt
1730 1026 2180 1107 dispositiones,
2206 1029 2454 1087 materia
2505 1042 2626 1088 non

183 1145 187 1158 .
221 1097 683 1171 praeexistente:
715 1110 851 1155 nam
881 1097 1200 1169 dispositio
1240 1111 1313 1155 ex
1354 1101 1517 1168 parte
1564 1103 1827 1156 materiai
1871 1102 1981 1155 est.
2032 1098 2404 1170 Relinquitur
2446 1098 2629 1172 igitur

56 1157 59 1168 ⁸
150 1199 155 1208 ‚
220 1169 379 1244 quod
410 1169 475 1225 in
524 1167 823 1226 creatione
851 1181 970 1225 non
1002 1167 1194 1240 possit
1220 1181 1355 1226 esse
1383 1168 1585 1239 aliqua
1608 1168 1935 1226 successio.

286 1241 582 1307 Praeterea,
618 1238 926 1297 successio
955 1238 1019 1296 in
1047 1251 1243 1297 rerum
1276 1238 1638 1296 factionibus
1667 1253 1739 1295 ex
1772 1237 2004 1296 defectu
2036 1238 2296 1298 materiai
2336 1240 2626 1312 provenit,

223 1324 357 1383 quae
390 1322 511 1368 non
541 1309 964 1367 convenienter
989 1314 1079 1367 est
1107 1322 1141 1366 a
1165 1308 1458 1380 principio
1484 1309 1556 1365 ad
1603 1308 1996 1380 receptionem
2046 1309 2251 1369 sorinae
2290 1309 2584 1383 disposita
2610 1328 2629 1367 :

220 1380 380 1440 unde
409 1379 652 1451 quando
682 1380 930 1437 materia
944 1379 1067 1450 jam
1094 1379 1350 1450 perfecte
1379 1378 1670 1449 disposita
1715 1379 1904 1437 estad
1935 1379 2205 1448 sormam,
2249 1394 2378 1438 eam
2425 1378 2633 1453 recipit

215 1450 279 1509 in
312 1450 597 1509 instanti:
628 1455 687 1506 et
709 1449 848 1506 inde
865 1449 1162 1522 estquod,
1179 1449 1322 1522 quia
1348 1449 1707 1530 diapbanum
1738 1462 1974 1521 semper
1998 1451 2172 1507 estin
2194 1450 2403 1509 ultima
2428 1451 2630 1523 dispo·

224 1521 449 1579 sitione
472 1520 544 1578 ad
578 1520 793 1588 lucem,
821 1519 1021 1577 statim
1067 1519 1141 1577 ad
1190 1526 1564 1590 praesentlam
1594 1519 1773 1578 lucidi
1805 1520 1867 1577 in
1896 1524 2031 1578 actu
2062 1519 2469 1590 illuminatur;
2520 1534 2631 1579 nec

223 1590 446 1664 aliquis
475 1596 675 1649 motus
696 1590 974 1661 praecedit
999 1604 1072 1648 ex
1094 1597 1257 1661 parte
1283 1589 1719 1660 illuminabilis,
1749 1591 1853 1649 sed
1883 1590 2080 1648 sotum
2112 1597 2309 1651 motus
2333 1591 2542 1650 localis
2560 1605 2632 1649 ex

222 1667 386 1734 parte
412 1660 836 1727 illuminantis,
865 1674 971 1731 per
991 1674 1167 1732 quem
1196 1659 1262 1718 fit
1288 1663 1658 1740 praesens.1n
1689 1661 1985 1719 creatione
2002 1665 2195 1719 autem
2219 1662 2368 1720 nihil
2393 1662 2636 1734 praeexi·

221 1731 377 1804 gitur
404 1745 482 1789 ex
508 1739 671 1803 parte
690 1731 974 1801 materiae,
995 1745 1102 1788 nec
1121 1730 1344 1803 aliquid
1375 1730 1540 1789 deest
1562 1731 1760 1803 agenti
1790 1731 1863 1788 ad
1887 1731 2205 1804 agendum,
2233 1731 2392 1805 quod
2422 1737 2634 1803 postea

261 1814 323 1860 er
346 1809 576 1859 motum
619 1801 674 1859 ei
708 1801 960 1869 eveniat,
990 1815 1125 1859 cuni
1175 1802 1256 1859 sit
1303 1801 1651 1870 immobilis»,
1695 1806 1760 1858 ut
1799 1802 1861 1872 (t.
1888 1814 1933 1866 1,
1962 1816 2017 1859 c.
2051 1801 2137 1873 ¹3)
2163 1808 2471 1861 ostensum
2518 1808 2629 1862 est.

270 1872 600 1944 elinquitui·
626 1871 810 1944 igitur
832 1871 991 1944 quod
1020 1872 1241 1951 creatio
1276 1870 1355 1929 sit
1384 1872 1443 1928 in
1479 1872 1723 1929 instanti
1764 1885 1779 1926 :
1820 1871 1976 1929 unde
2004 1871 2184 1930 simul
2212 1873 2457 1945 aliquid,
2488 1872 2628 1932 dum

224 1948 474 2011 creatur,
505 1950 767 2000 creatum
807 1947 918 2012 est,
949 1942 1105 2000 sicut
1133 1942 1313 2000 simul
1359 1942 1733 1999 illuminatur
1759 1946 1819 1999 et
1839 1941 2238 2000 illuminatum
2269 1948 2380 2001 est.

292 2014 362 2071 Et
403 2012 566 2070 unde
612 2016 705 2070 est
745 2012 903 2084 quod
946 2012 1242 2083 Scriptura
1279 2011 1481 2069 divina
1523 2013 1881 2070 creationem
1929 2026 2124 2070 rerum
2172 2013 2234 2070 in
2279 2012 2630 2072 indivisibili

226 2087 439 2141 iactam
510 2082 811 2140 ronuntiat
836 2081 1042 2140 dicens
1072 2099 1087 2139 ε
1117 2084 1184 2138 In
1198 2084 1478 2164 principio
1503 2085 1708 2139 creavit
1732 2086 1874 2140 Deus
1903 2084 2090 2140 coelum
2135 2086 2189 2139 et
2213 2088 2413 2141 terram
2441 2084 2632 2157 (Gen.,

225 2157 352 2222 1,ll
389 2194 404 2212 .
455 2097 626 2221 (guod
671 2152 1621 2234 quidem‚principium-Basilius
1709 2153 2017 2224 rincipium
2060 2156 2345 2225 temporis
2369 2154 2631 2227 exponit,

226 2236 341 2351 ᾳέιᾳ
376 2226 635 2369 nop)ortet
659 2235 794 2283 esse
822 2222 1206 2293 indivisibile,
1236 2228 1392 2281 utin
1420 2229 1589 2282 sexto
1616 2226 1661 2281 Ρ
1699 2238 1783 2294 ys.
1812 2223 2097 2296 probatur
2123 2225 2284 2298 (text.
2314 2237 2531 2285 comm.
2560 2229 2634 2287 24

1215 2463 1465 2529 CAPUT
1514 2464 1644 2528 XX.

822 2633 975 2688 QUOD
1008 2633 1241 2681 mmm
1285 2632 1499 2680 GORPUS
1533 2633 1753 2681 Pomm·
1787 2633 2033 2683 cuman.

299 2793 378 2849 Ex
407 2789 525 2849 hoc
552 2793 751 2849 autem
791 2789 1096 2848 evidenter
1143 2793 1385 2861 apparet
1471 2788 1587 2847 uod
1633 2789 1862 2847 nullum
1908 2801 2128 2861 corpus
2175 2794 2370 2861 potest
2408 2790 2633 2866 aliquid

231 2874 334 2934 per
360 2860 606 2919 modum
639 2859 960 2919 creationis
982 2859 1329 2931 producere.
1361 2862 1449 2917 Nu
1481 2861 1598 2918 lum
1632 2861 1790 2917 enirn
1817 2873 2035 2931 corpus
2083 2862 2226 2933 agit,
2255 2861 2368 2919 nisi
2400 2876 2638 2926 movea-

233 2938 346 3002 tur,
377 2944 450 2990 eo
480 2930 637 3002 quod
669 2935 933 3001 oporteat
969 2943 1156 3002 agens
1178 2935 1237 2988 et
1261 2930 1494 3001 patiens
1522 2945 1657 2989 esse
1678 2931 1879 3001 simul,
1909 2932 2001 2988 vet
2049 2930 2275 2990 faciens
2302 2934 2628 2993 attactum.

234 3002 633 3061 simulantem
658 3014 727 3059 su
739 3005 818 3067 iit,
838 3001 1046 3073 quaein
1069 3000 1274 3059 eodem
1297 3001 1431 3059 loco
1449 3007 1613 3069 sunt,
1632 3001 1957 3059 utbabetur
1973 3001 2033 3059 in
2052 3002 2260 3074 quinto
2278 3005 2446 3074 Phys.
2471 3004 2636 3077 (text.

235 3085 452 3131 comm.
483 3072 608 3143 22);
649 3071 844 3129 locum
889 3076 1083 3128 autern
1109 3085 1250 3152 ‚non
1283 3071 1537 3143 acquirit
1563 3084 1783 3152 corpus
1821 3071 1937 3129 nisi
1969 3085 2074 3153 pei·
2111 3078 2375 3132 motum:
2405 3076 2634 3135 nullum

234 3149 431 3201 autem
461 3156 567 3200 coi·
614 3156 683 3199 us
712 3145 980 3199 movetur
1006 3141 1123 3199 nisi
1154 3146 1502 3212 intempore
1535 3159 1551 3199 ε
1583 3141 1862 3215 quicquid
1903 3143 2088 3215 igitur
2112 3143 2176 3200 lit
2216 3157 2319 3212 per
2346 3146 2637 3202 actionem

232 3213 529 3286 corporiS,
603 3219 621 3269 t
650 3211 1009 3269 successive.
1045 3213 1273 3270 creatio
1303 3220 1520 3279 autem,
1555 3219 1617 3270 ut
1636 3219 1942 3271 ostensum
1965 3219 2056 3271 est
2079 3211 2153 3285 (c.
2188 3213 2296 3278 ¹9).
2330 3227 2447 3272 non
2469 3215 2641 3273 babet

232 3284 705 3413 fiucqessionlem.
730 3281 890 3340 Nihil
917 3281 1101 3354 igitur
1128 3287 1326 3355 potest
1349 3296 1386 3342 a
1409 3295 1656 3354 corpore
1688 3296 2063 3358 quocumque
2089 3296 2196 3356 per
2218 3283 2459 3343 modum
2483 3297 2644 3344 crea·

279 3368 419 3413 onis
449 3368 557 3425 pro
605 3368 720 3411 uci.

302 3426 598 3492 Praeterea,
646 3436 824 3481 omne
857 3435 1044 3494 agens
1131 3422 1249 3481 uod
1275 3422 1398 3495 agit
1439 3422 1501 3480 in
1531 3429 1819 3494 quantum
1858 3428 2146 3493 movetur,
2188 3424 2260 3482 de
2289 3423 2642 3483 necessitate

234 3501 429 3554 movet
462 3495 606 3551 illud
643 3493 703 3550 in
732 3492 889 3565 quod
920 3493 1082 3565 agit:
1125 3493 1325 3552 actum
1365 3494 1524 3553 enim
1556 3498 1614 3550 ct
1664 3508 1905 3565 passum
1957 3495 2343 3565 consequitur
2386 3494 2644 3565 disposi-

235 3566 463 3625 tionem
500 3564 774 3622 facientis
799 3568 855 3620 et
879 3563 1134 3636 agentis,
1159 3577 1232 3622 eo
1261 3566 1417 3637 quod
1454 3577 1631 3622 omne
1670 3578 1856 3636 agens
1884 3564 2008 3636 agit
2046 3564 2160 3622 sibi
2188 3563 2385 3621 simile
2412 3581 2431 3619 ε
2465 3564 2639 3628 unde,

235 3636 288 3694 si
317 3648 509 3709 agens
538 3634 742 3692 nonin
769 3632 972 3690 eadem
1003 3633 1096 3692 dis
1139 3634 1397 3692 ositione
1422 3647 1489 3693 se
1519 3634 1744 3692 babens
1772 3634 1916 3706 agit,
1960 3633 2022 3690 in
2058 3640 2343 3706 quantum
2387 3648 2491 3705 per
2515 3646 2644 3691 mo·

235 3710 363 3764 tum
396 3705 676 3773 variatur,
706 3718 743 3761 o
786 3709 939 3761 ortet
962 3717 1081 3777 quo
1145 3706 1321 3761 etiam
1359 3705 1420 3762 in
1453 3704 1710 3774 patiente
1747 3709 1803 3761 et
1849 3704 2004 3761 facto
2039 3703 2305 3775 quaedam
2342 3703 2643 3763 renovatio

239 3774 703 3847 dispositionum
777 3779 855 3841 at,
885 3773 1043 3846 quod
1075 3775 1206 3832 sine
1235 3780 1397 3831 motu
1427 3788 1562 3833 esse
1593 3786 1713 3831 non
1745 3779 1958 3845 potest.
1985 3774 2170 3831 Omne
2199 3778 2392 3831 autem
2426 3787 2644 3845 corpus

243 3859 359 3904 non
392 3852 590 3905 movet
621 3844 735 3902 nisi
770 3851 1017 3911 motum,
1047 3849 1110 3901 ut
1138 3845 1442 3914 probatum
1491 3850 1601 3902 est.
1648 3844 1804 3901 Nihil
1836 3843 2020 3914 igitur
2068 3843 2135 3899 fit
2180 3857 2216 3900 a
2260 3845 2527 3915 corporis
2555 3859 2648 3904 ao-

246 3914 401 3976 tione
428 3916 549 3974 nisi
591 3930 694 3987 pel*
719 3921 944 3973 motum
973 3915 1062 3971 vel
1093 3916 1478 3971 mutationem
1528 3914 1689 3972 facti.
1734 3913 1962 3971 creatio
2007 3918 2200 3971 autem
2249 3927 2366 3970 non
2398 3920 2490 3972 est
2519 3929 2647 3973 mu-

242 3987 405 4052 tatio,
441 4001 556 4044 nec
584 3994 804 4113 moniis,
837 3990 900 4042 ut
932 3990 1243 4043 ostensum
1285 3990 1395 4042 est.
1441 3986 1627 4057 Igitur
1670 3985 1900 4042 nullum
1939 3996 2158 4057 eorpus
2190 3989 2386 4055 potest
2421 3984 2646 4059 aliquid

236 4071 491 4117 causare
518 4070 694 4114 crean
738 4071 797 4115 ο.

303 4129 464 4191 Item,
496 4140 631 4185 cum
670 4140 855 4197 agens
880 4129 941 4184 et
983 4122 1203 4183 factum
1232 4130 1501 4195 oporteat
1540 4124 1654 4182 sibi
1702 4137 1837 4182 esse
1874 4123 2117 4195 similia,
2146 4138 2266 4182 non
2295 4128 2492 4195 potest
2511 4139 2647 4185 esse

236 4197 660 4270 productivum
691 4198 874 4255 totius
901 4193 1252 4255 substantiae
1284 4195 1417 4252 l‘acti
1446 4195 1602 4266 quod
1633 4206 1754 4251 non
1795 4198 1918 4251 tota
1960 4207 2072 4251 sua
2115 4195 2451 4252 substantia
2489 4197 2646 4268 agit·

232 4269 400 4327 sicut
415 4283 450 4326 e
466 4280 755 4325 converso
773 4267 979 4339 probat
994 4266 1352 4336 Philosopus
1371 4265 1430 4344 in
1448 4264 1703 4333 septimo
1721 4264 1958 4333 Metapa.
1973 4261 2135 4335 (text.
2156 4279 2371 4345 comm.
2386 4266 2476 4337 28)
2489 4239 2649 4337 quod

233 4339 435 4397 forma
465 4338 600 4396 sinc
630 4338 891 4408 materia,
921 4349 1052 4410 quae
1064 4340 1187 4394 tota
1206 4350 1272 4393 se
1297 4338 1439 4405 agit,
1470 4347 1587 4390 non
1605 4339 1948 4405 potestesse
1968 4347 2150 4392 causa
2211 4348 2436 4392 roxima
2467 4346 2646 4404 gene-

231 4406 524 4478 rationis,
553 4409 879 4467 secundum
904 4419 1083 4479 quam
1117 4407 1248 4464 sola
1278 4405 1470 4462 forma
1497 4403 1562 4461 in
1607 4407 1802 4461 actum
1837 4402 2124 4461 educitur.
2221 4405 2406 4462 ullum
2450 4406 2649 4460 autem
