3076 5025
477 275 589 332 448
1318 266 1453 323 LlB.
1493 267 1592 334 m,
1632 265 1788 323 CAP.
1826 265 2094 324 CXXXIII.

481 393 775 478 mittenda
803 396 898 451 est
937 388 1280 450 sollicitudo
1309 401 1517 470 eorum
1562 402 1696 480 quie
1742 393 1886 447 sunt
1930 387 2276 474 necessaria
2317 386 2394 445 ad
2445 387 2626 445 vitam
2683 393 2923 460 propter

488 460 1614 611 11115ιέθέιῖῗᾷῗὲἓῗέπῗοτὲξξὲῃὲὲέιιιιξὲἰιξᾶε.
1646 528 1778 587 Pari
1808 529 1967 587 enim
1996 528 2228 587 ratione
2254 531 2454 599 potest
2480 526 2702 592 dicere.
2755 526 2917 607 quod

489 618 614 663 non
645 604 786 661 velit
840 603 1168 671 ambulare,
1196 605 1301 659 aut
1351 614 1585 671 aperire
1634 612 1707 658 os
1762 599 1836 658 ad
1890 599 2207 668 edendum,
2260 603 2364 655 aut
2417 598 2625 671 fugere
2666 597 2922 669 lapidem

488 676 820 743 cadentem,
852 676 955 730 aut
982 672 1248 745 gladium
1292 670 1616 728 irruentem
1642 687 1657 736 ;
1688 669 1795 727 sed
1847 675 2155 741 expectare
2202 668 2361 741 quod
2412 670 2571 726 Deus
2616 673 2919 740 operetur,

481 745 650 828 quod
683 750 775 803 est
827 746 1014 801 Deum
1067 747 1315 800 tentare.
1345 743 1477 800 Non
1522 744 1618 799 est
1649 740 1832 814 igitur
1873 739 2218 798 sollicitudo
2247 738 2442 798 victus
2478 738 2745 798 totaliter
2784 738 2926 813 abji-

478 816 722 875 cienda.

1397 968 1659 1035 CAPUT
1699 967 2017 1035 cxxxiii.

1206 1139 1480 1198 QUOMODO
1516 1139 1858 1187 ramus
1896 1139 1989 1187 sn·
2022 1137 2202 1187 BONA.

564 1310 637 1368 Ut
664 1313 863 1367 autem
889 1305 1336 1379 praemissorum
1366 1304 1589 1386 veritas
1616 1303 2052 1385 manifestetur,
2081 1301 2226 1376 quid
2268 1301 2345 1386 de
2387 1305 2737 1385 paupertate
2786 1313 2922 1361 sen-

487 1379 767 1439 tiendum
813 1378 896 1436 sit
938 1390 1012 1434 ex
1055 1375 1279 1433 divitiis
1331 1374 1808 1433 consideremus.
1838 1375 2174 1433 Exteriores
2221 1373 2462 1447 quidem
2509 1374 2735 1431 dlvittae
2780 1378 2924 1432 sunt

492 1448 853 1509 necessariis
882 1446 957 1505 ad
983 1447 1207 1504 bonum
1237 1445 1494 1514 virtutis,
1523 1458 1659 1503 cum
1687 1458 1793 1516 per
1846 1457 1950 1502 eas
1979 1449 2387 1502 sustentemus
2436 1457 2660 1515 corpus
2689 1449 2749 1501 et
2790 1443 2925 1503 aliis

489 1520 943 1580 subveniamus·
975 1518 1216 1589 Oportet
1243 1521 1441 1574 autem
1486 1515 1746 1588 quodea
1810 1529 1902 1573 uae
1931 1520 2074 1573 sunt
2108 1513 2183 1573 ad
2229 1514 2408 1573 finem
2464 1529 2531 1573 ex
2584 1514 2706 1571 fine
2753 1513 2922 1572 boni·

487 1596 672 1649 tatem
703 1589 1017 1659 accipiant.
1050 1589 1305 1645 Necesse
1329 1599 1474 1658 ergo
1513 1592 1608 1644 est
1651 1599 1770 1658 quo
1856 1586 2181 1644 exteriores
2230 1585 2452 1643 divitiae
2500 1585 2624 1643 sint
2677 1583 2920 1657 aliquod

491 1661 720 1720 bonum
759 1658 1044 1726 bominis,
1089 1669 1213 1715 non
1264 1663 1466 1714 tamen
1508 1656 1836 1728 principale
1887 1654 1993 1713 sed
2081 1655 2213 1714 uasi
2258 1655 2682 1715 secundarium
2718 1673 2735 1721 ;
2788 1667 2922 1713 nain

485 1730 637 1789 finis
668 1728 1072 1802 principaliter
1097 1728 1322 1785 bonum
1353 1731 1465 1796 est,
1522 1727 1643 1784 alia
1684 1739 1825 1784 vero
1869 1738 2055 1784 secun
2101 1739 2200 1784 nm
2245 1725 2407 1799 quod
2456 1726 2816 1785 ordinantur
2862 1725 2921 1784 in

489 1800 700 1858 finem.
729 1802 971 1870 Propter
999 1799 1113 1856 boc
1138 1798 1505 1879 quibusdam·
1526 1797 1722 1878 vjisum
1754 1802 1847 1854 est
1873 1796 2033 1878 quod
2060 1797 2307 1879 isirtutes
2332 1797 2456 1855 sint
2482 1796 2749 1855 maxima
2762 1795 2923 1855 bona

494 1869 780 1938 hominis,
813 1867 1135 1927 exteriores
1163 1874 1363 1926 autem
1391 1867 1611 1925 divitiae
1639 1866 1909 1940 quadam
1938 1879 2189 1926 minima
2214 1866 2395 1926 bona.

567 1941 810 2011 Oportet
838 1944 1034 1996 autem
1103 1938 1224 1996 uod
1253 1951 1326 1996 ea
1351 1951 1485 2010 quai
1514 1937 1756 1995 suntad
1786 1936 1986 2001 finem,
2006 1938 2249 1996 modum
2267 1936 2561 2009 accipiant
2582 1934 2925 1997 secundum

483 2009 857 2082 exigentiam
881 1953 1143 2090 finisfln
1172 2014 1401 2090 tantum
1432 2007 1617 2089 igitur
1643 2007 1863 2065 divitiae
1895 2007 2052 2065 bona
2101 2014 2243 2066 sunt
2288 2008 2351 2066 in
2396 2015 2689 2081 quantum
2737 2003 2924 2088 pross-

499 2081 667 2139 ciunt
695 2079 767 2137 ad
799 2092 976 2137 usum
1004 2083 1262 2137 virtutis.
1290 2080 1351 2136 Si
1379 2091 1521 2136 vero
1557 2083 1672 2136 iste
1712 2076 1931 2136 modus
1969 2078 2287 2136 excedatur
2327 2082 2393 2136 nt
2440 2089 2548 2150 per
2586 2090 2694 2136 eas
2740 2089 2927 2149 impe—

500 2150 699 2209 diatur
725 2161 877 2208 usus
903 2148 1161 2231 virtutis,
1209 2161 1331 2230 non
1363 2148 1496 2276 dam
1546 2149 1703 2206 inter
1749 2148 1909 2206 bona
1948 2155 2091 2206 sunt
2128 2148 2564 2230 computande,
2607 2146 2719 2231 sed
2772 2148 2927 2206 inter

496 2222 675 2279 mala.
704 2220 868 2278 Unde
896 2219 1114 2277 accidit
1180 2220 1359 2278 uibus
1403 2233 1498 2277 am
1530 2220 1755 2277 bonum
1778 2231 1915 2277 esse
1946 2218 2163 2277 babere
2200 2219 2437 2284 divitas,
2469 2219 2573 2292 qui
2625 2231 2720 2277 eis
2746 2223 2926 2277 utun-

497 2296 595 2348 tur
622 2290 696 2348 ad
717 2291 996 2348 virtutem
1024 2308 1039 2359 ;
1068 2303 1170 2363 qui
1216 2291 1426 2348 usdam
1453 2290 1847 2369 vero-malum
1880 2303 2016 2348 esse
2045 2304 2149 2348 eas
2178 2289 2416 2359 babere,
2447 2290 2551 2370 qui
2581 2302 2691 2361 per
2737 2301 2846 2347 eas
2892 2301 2927 2347 a
3032 2333 3033 2336 η

491 2361 708 2420 virtute
737 2360 1120 2418 retrahuntur
1144 2360 1237 2417 vel
1263 2360 1452 2417 nimia
1479 2360 1887 2418 sollicitudine
1915 2360 2006 2417 vel
2063 2360 2252 2418 nimia
2276 2358 2596 2419 affectione
2623 2360 2699 2418 ad
2763 2360 2923 2431 ipsas

493 2431 589 2490 vel
616 2433 793 2489 etiam
829 2431 1046 2488 mentis
1075 2431 1330 2488 elatione
1361 2444 1433 2487 ex
1457 2431 1551 2489 eis
1570 2437 1991 2503 consurgente.

565 2501 697 2572 Sed,
725 2516 861 2561 cum
891 2501 1016 2561 sint
1031 2500 1279 2560 virtutes
1308 2501 1514 2560 activae
1543 2500 1677 2559 vitae
1706 2508 1764 2559 et
1787 2500 2467 2572 contemplativae,aliter
2487 2504 2762 2574 utrmque
2789 2499 2923 2559 dirl—

491 2572 596 2631 tiis
626 2572 1021 2631 exterioribus
1051 2572 1339 2644 indigent.
1369 2574 1515 2630 Nam
1544 2572 1793 2630 virtutes
1823 2571 2295 2643 contemplativae
2322 2570 2597 2645 indigent
2622 2571 2703 2629 ad
2727 2572 2922 2633 solam

495 2644 996 2701 sustentationem
1025 2645 1291 2712 naturae3
1335 2642 1586 2700 virtutes
1631 2649 1831 2701 autem
1868 2643 2073 2700 activae
2120 2641 2392 2716 indigent
2437 2641 2512 2700 ad
2560 2642 2681 2700 boc
2737 2648 2801 2700 et
2852 2640 2922 2701 ad

493 2713 970 2771 subveniendum
998 2712 1135 2771 aliis
1163 2726 1298 2771 cum
1325 2711 1546 2785 quibus
1570 2712 2003 2771 convivendum
2032 2718 2144 2771 est.
2172 2713 2335 2771 Unde
2360 2717 2419 2769 et
2460 2719 2703 2770 contem

387 2848 390 2857 s
489 2785 613 2841 rita
638 2784 814 2841 etiam
846 2784 910 2840 in
939 2783 1055 2840 boc
1081 2783 1400 2854 perfectior
1425 2788 1516 2841 est
1610 2783 1728 2841 uod
1761 2783 2148 2854 paucioribus
2184 2783 2442 2856 indiget.
2470 2784 2554 2841 Ad
2587 2796 2773 2856 quam
2805 2782 2920 2856 qui-

479 2854 627 2911 ·dem
657 2854 837 2911 vitam
867 2854 1162 2925 pertinere
1190 2853 1422 2911 videtur
1459 2867 1582 2925 quo
1660 2855 1919 2912 totaliter
1966 2853 2150 2912 homo
2199 2853 2422 2911 divinis
2472 2853 2658 2912 rebus
2704 2859 2914 2912 vacet:

491 2937 670 2997 quam
699 2923 939 3005 quidem
981 2923 1420 3005 perfectionem·
1449 2923 1722 2982 doctrina
1768 2924 1988 2983 Christi
2032 2923 2262 2983 bomini
2290 2923 2522 2983 suadet.
2555 2923 2726 2982 Unde
2772 2925 2918 2983 lianc

488 2995 914 3065 perfectionem
943 2993 1312 3051 sectantibus
1341 2995 1657 3051 minimum
1688 2994 1761 3052 de
1786 2994 2181 3054 exterioribus
2212 2994 2437 3053 divitiis
2463 2993 2717 3064 sufficit,
2738 3005 2917 3067 qusn-

489 3069 615 3121 tum
647 3064 879 3121 scilicet
903 3077 1154 3122 necesse
1184 3069 1277 3122 est
1304 3064 1378 3121 ad
1405 3066 1906 3122 sustentationem
1946 3070 2173 3123 naturae
2224 3082 2237 3122 z
2284 3065 2444 3123 unde
2490 3069 2553 3122 et
2596 3066 2916 3137 Apostolus
3018 3100 3019 3103 =

479 3133 652 3203 dicit,
686 3137 705 3190 1
736 3135 907 3205 Tim„
936 3147 1023 3204 vi,
1047 3138 1082 3192 8
1109 3153 1127 3191 ε
1157 3135 1422 3191 Habentes
1450 3137 1726 3200 alimenta,
1744 3139 1796 3191 et
1822 3136 2017 3206 quibus
2033 3140 2309 3205 teum,
2340 3134 2427 3192 his
2455 3139 2909 3193 sententiam.
3016 3194 3017 3197 ,

563 3204 934 3275 Paupertasi
979 3205 1101 3262 itur
1127 3204 1447 3263 laudabilis
1485 3212 1598 3274 est,
1628 3206 1690 3262 in
1734 3210 2021 3278 quantum
2064 3205 2369 3264 bominem
2415 3205 2630 3263 liberat
2687 3206 2766 3264 ab
2826 3204 2913 3263 bis

481 3274 650 3333 vitiis
677 3275 897 3347 quibus
984 3274 1106 3347 iqui
1136 3290 1239 3347 per
1264 3275 1504 3334 divitias
1527 3276 1909 3347 implicantur
1938 3294 1952 3332 ε
1980 3276 2044 3333 in
2072 3282 2358 3350 quantum
2389 3282 2585 3334 autem
2616 3277 2909 3334 sollicitu-

488 3343 688 3404 dinem
719 3347 876 3404 tollit
899 3360 1031 3417 quae
1057 3360 1130 3403 ex
1157 3345 1382 3404 divitiis
1412 3347 1744 3419 consurgit,
1768 3352 1863 3404 est
1886 3345 2056 3405 utilis
2100 3347 2483 3420 quibusdam,
2528 3347 2633 3419 qui
2686 3346 2911 3405 scilicet

487 3421 633 3473 sunt
660 3416 740 3472 ita
770 3416 1068 3486 dispositi.
1100 3421 1165 3474 ut
1192 3417 1352 3475 circa
1396 3417 1646 3475 meliora
1666 3422 2068 3488 occupentur;
2116 3417 2475 3490 quibusdam
2500 3429 2645 3474 vero
2676 3417 2907 3483 nociva,
2980 3454 2981 3457 η

529 3486 613 3556 ui,
644 3486 718 3543 ab
748 3486 859 3543 bac
884 3485 1290 3566 sollicitudine
1318 3487 1571 3556 liberati,
1620 3489 1684 3543 in
1724 3487 1962 3559 pejores
2000 3488 2427 3569 occupationes
2472 3487 2718 3545 cadunt.
2754 3486 2907 3545 Unde
2980 3562 2981 3565 Ἴ

533 3557 807 3629 regorius
835 3556 981 3614 dicit
1006 3569 1070 3613 in
1091 3562 1264 3614 sexto
1291 3559 1488 3616 Horat.
1522 3576 1536 3614 ε
1563 3559 1729 3628 Saepe
1752 3558 1854 3631 qui
1898 3564 2169 3629 occupati
2198 3558 2351 3616 bene
2370 3557 2666 3617 humanis
2697 3558 2907 3617 usibus

484 3627 769 3696 viverent,
797 3626 1002 3699 gladio
1032 3640 1156 3685 suae
1183 3628 1403 3700 quietis
1447 3628 1723 3685 exstincti
1768 3634 1929 3687 sunt.
1960 3631 2023 3685 In
2068 3634 2356 3701 quantum
2398 3641 2541 3687 vero
2590 3636 2905 3701 paupertas

473 3696 679 3754 aufert
703 3696 929 3754 bonum
958 3697 1116 3770 quod
1146 3712 1218 3755 ex
1259 3697 1483 3756 divitiis
1529 3699 1822 3769 provenit,
1853 3699 2080 3757 scilicet
2127 3699 2583 3757 subventionem
2627 3700 2903 3765 alioruin,

486 3771 544 3824 et
577 3768 1012 3825 sustentionem
1039 3768 1335 3840 propriam
1367 3768 1635 3840 impedit,
1667 3768 2019 3841 simpliciter
2039 3769 2263 3827 malum
2292 3776 2420 3843 es,t;
2450 3768 2570 3828 nisi
2610 3769 2677 3827 in
2722 3780 2904 3841 quan·

482 3841 611 3894 tum
671 3837 985 3896 subventio
1037 3853 1158 3911 qua
1214 3839 1278 3895 in
1325 3838 1753 3910 temporalibus
1801 3840 2091 3911 proximis
2132 3840 2506 3907 subvenitur,
2554 3852 2669 3911 per
2714 3839 2903 3911 majus

481 3904 714 3965 bonum
745 3913 941 3979 potest
965 3909 1429 3979 recompensari,
1461 3909 1694 3967 scilicet
1742 3922 1847 3982 per
1880 3911 1993 3969 hoc
2062 3910 2180 3969 uod
2208 3910 2395 3969 bomo
2420 3910 2650 3969 divitiis
2696 3917 2901 3969 careus

481 3974 735 4059 liberius
765 3984 961 4060 potest
987 3979 1207 4037 divinis
1231 3983 1290 4036 et
1318 3978 1733 4060 spiritualibus
1760 3994 1987 4039 vacare.
2066 3993 2251 4039 onum
2279 3985 2477 4039 autem
2520 3980 2901 4058 sustentatio:

477 4059 587 4105 nis
612 4062 866 4119 propriae
888 4049 1044 4130 ‚adeo
1074 4062 1480 4131 necessarium
1510 4056 1624 4121 est,
1668 4051 1831 4123 quod
1875 4050 2043 4109 nullo
2084 4051 2205 4110 alio
2253 4050 2417 4110 bono
2461 4058 2898 4123 recompensari

479 4123 676 4187 potest
708 4137 721 4175 ε
754 4120 980 4177 nullius
1010 4133 1168 4177 enim
1191 4120 1335 4178 boni
1366 4118 1608 4179 obtentu
1642 4120 1814 4179 debet
1844 4121 2026 4180 homo
2059 4121 2175 4181 sibi
2225 4122 2729 4181 sustentationem
2772 4121 2897 4178 vito

475 4187 853 4268 subtrahere.
886 4192 1208 4261 Paupertas
1237 4190 1420 4264 igitur
1447 4192 1587 4249 talis
1632 4191 1949 4250 laudabilis
1992 4198 2084 4250 est
2129 4206 2266 4251 cum
2318 4193 2496 4252 bomo
2578 4206 2644 4250 er
2688 4203 2818 4251 eain
2865 4202 2899 4247 a

474 4257 993 4336 sollicitudinibus
1022 4261 1275 4320 terrenis
1301 4261 1608 4327 liberatus,
1638 4262 1886 4321 liberius
1913 4262 2132 4321 divinis
2161 4268 2220 4321 et
2254 4207 2670 4335 spiritualibus
2698 4265 2892 4328 vacam

483 4330 572 4382 ita
601 4331 794 4384 tamen
827 4331 987 4411 quod
1025 4344 1166 4388 cum
1193 4346 1266 4390 ea
1311 4338 1618 4391 remaneat
1660 4332 1915 4391 facultas
1952 4332 2186 4392 bomini
2226 4346 2332 4405 per
2374 4334 2603 4392 licitum
2656 4333 2890 4391 modunl

471 4398 859 4456 sustentandi
897 4413 1192 4474 seipsum,
1234 4401 1308 4461 ad
1359 4403 1525 4476 quod
1574 4402 1768 4462 multa
1812 4403 2236 4477 requiruntur3
2290 4410 2354 4462 et
2397 4409 2624 4477 quanto
2678 4403 2887 4462 modiis
