3076 5025
408 136 513 190 542
1295 133 1430 186 ΜΒ.
1469 131 1560 199 IV,
1600 132 1753 186 CAP.
1791 132 1965 185 XXIX.
2712 16 3002 220 -

406 256 574 312 Pater
609 267 731 309 mea
757 251 1145 323 sunu-Iouna„
1170 262 1298 319 xvi,
1330 250 1438 324 15),
1470 263 1607 322 quae
1643 254 1872 307 certum
1892 253 1986 307 est
2017 249 2072 307 ei
2091 248 2424 308 secundum
2452 255 2717 308 naturam
2736 243 2825 308 ffi-

408 323 607 383 vinam
635 336 767 381 com
814 327 992 380 etere.
1029 320 1363 379 ostendunt
1391 320 1572 379 etiam
1602 320 1717 378 hoc
1744 319 1940 392 ipsius
1968 319 2206 378 Domini
2231 320 2390 377 facta
2424 333 2555 394 quae
2599 319 2673 378 de
2700 321 2822 391 ipso

408 393 467 454 le
515 399 714 453 untur.
800 391 918 450 uod
965 391 1125 449 enim
1172 390 1392 459 timuit,
1420 390 1697 449 tristatus
1743 396 1858 458 est,
1882 390 2114 460 esuriit,
2142 396 2419 449 mortuus
2446 395 2556 459 est,
2583 392 2829 471 pertinet

408 479 447 525 a
534 464 863 522 humanam
909 467 1222 531 naturam3
1255 460 1419 534 quod
1467 462 1714 533 propria
1801 466 2053 520 otestate
2095 460 2371 519 infirmos
2399 466 2653 530 sanavit,
2677 461 2831 534 quod

408 540 680 594 mortuos
718 532 1029 591 suscitavit
1057 537 1116 590 et
1142 532 1457 590 elementis
1487 531 1695 590 mundi
1726 544 1758 589 e
1830 532 2051 591 caciter
2076 530 2411 604 imperavit,
2440 530 2600 604 quod
2627 530 2833 590 daemo·

408 619 521 664 nes
563 603 811 677 expulit,
841 602 1000 676 quod
1043 607 1288 673 peccata
1333 601 1585 670 dimisit,
1660 602 1781 660 uod
1825 601 2144 661 amortuis
2188 615 2374 675 quum
2412 601 2602 659 voruit
2639 615 2833 659 resur-

407 674 582 745 rexit,
608 673 772 748 quod
799 673 1057 746 denique
1085 672 1274 732 coelos
1311 672 1601 739 ascendit,
1672 672 1892 731 ivinam
1913 673 1978 731 in
2007 684 2080 732 eo
2107 671 2385 731 virtutem
2404 671 2831 731 demonstrant.

1519 807 1524 814 r

1345 890 1600 954 CAPUT
1637 890 1908 953 XXVIII.

942 1071 1021 1116 DE
1054 1069 1286 1117 monz
1314 1069 1556 1116 PHOTINI
1591 1070 1764 1115 (ΗΒΕΑ
1798 1068 2304 1116 ῘΝΕΔΒΝΔΤῙΟΝΕΠ.

484 1233 739 1315 Quidam
769 1232 1450 1316 autem,·Scripturarum
1485 1205 1735 1315 sensum
1780 1232 2194 1305 depravantes,
2228 1232 2353 1290 cira
2378 1231 2623 1291 Domini
2653 1232 2833 1291 nostri

410 1309 551 1365 Jesu
582 1305 802 1365 Christi
832 1304 1200 1363 divinitatem
1226 1308 1284 1361 et
1305 1304 1735 1362 humanitatem
1758 1315 2106 1374 perversum
2137 1315 2386 1362 sensum
2414 1307 2833 1374 conceperunt.

483 1379 746 1436 Fuerunt
766 1375 928 1434 enim
965 1373 1229 1448 quidam,
1260 1379 1328 1432 ut
1364 1374 1555 1433 Ebion
1585 1379 1641 1432 et
1671 1373 2013 1446 Cerinthu8‚
2041 1378 2104 1451 et
2144 1379 2355 1446 postea
2380 1373 2612 1432 Paulus
2640 1374 2834 1432 Samo·

412 1452 663 1506 satenus
694 1450 753 1503 et
798 1444 1115 1516 Photinus,
1144 1444 1248 1518 qui
1276 1444 1339 1501 in
1366 1444 1604 1503 Christo
1644 1443 1845 1503 solum
1894 1449 2169 1502 naturam
2198 1443 2524 1502 humanam
2563 1443 2835 1502 confiten-

410 1523 542 1598 tur5
575 1515 943 1575 divinitatem
989 1525 1153 1583 vero,
1181 1528 1304 1572 non
1352 1528 1459 1587 per
1485 1519 1782 1586 naturam,
1815 1513 1921 1574 sed
1967 1527 2075 1586 per
2097 1514 2415 1588 quamdam
2446 1514 2833 1573 excellentem

414 1587 632 1646 divinae
679 1586 886 1659 gloriae
935 1585 1474 1659 participationem,
1505 1599 1685 1667 quam
1731 1598 1840 1658 per
1880 1597 2059 1656 opera
2102 1591 2418 1655 meruerat,
2453 1585 2518 1641 in
2551 1598 2628 1643 eo
2659 1584 2834 1644 fuisse

415 1656 795 1731 confingunt,
826 1661 892 1714 ut
936 1656 1214 1727 superius
1260 1654 1336 1728 (c.
1364 1654 1422 1728 4)
1472 1655 1695 1714 dictum
1745 1659 1857 1713 est.
1893 1653 2032 1725 Sed,
2053 1660 2118 1713 ut
2154 1654 2275 1714 alia
2319 1655 2834 1728 praetermittamus

412 1741 547 1802 quae
575 1731 785 1786 contra
814 1727 1178 1808 positionem
1203 1724 1551 1808 hujusmodi
1583 1725 1736 1785 dicta
1761 1730 1903 1800 sunt
1926 1724 2225 1797 superius,
2252 1725 2380 1784 haec
2402 1726 2635 1798 positio
2662 1725 2834 1784 incar·

415 1798 685 1857 nationis
713 1802 1064 1870 mysterium
1091 1796 1270 1855 tollit.

451 1870 615 1949 ‚Non
664 1867 848 1936 enim,
880 1866 1211 1926 secundum
1235 1881 1298 1994 dp
1982 1936 1993 1947 ,

413 1942 599 1997 sisset
625 1944 691 1995 ut
716 1935 884 1995 fieret
930 1936 1135 2008 homo,
1163 1949 1230 1994 se
1301 1938 1495 2009 magis
1543 1937 1727 1996 homo
1772 1936 2031 1996 carnalis
2076 1939 2235 1996 Deus
2276 1937 2472 1996 factus
2498 1939 2831 2008 fuisset;et

411 2008 503 2066 sic
531 2019 652 2065 non
679 2020 886 2065 verum
912 2012 1078 2087 esset
1122 2006 1282 2080 quod
1320 2008 1583 2065 loannes
1616 2006 1760 2065 dicit
1790 2025 1807 2065 z
1842 2006 2077 2065 Verbum
2103 2021 2229 2064 cai-o
2248 2009 2464 2076 tactum
2494 2012 2581 2065 est
2606 2009 2831 2081 (Ionum,

410 2091 458 2148 1,
494 2077 607 2151 ¹4),
634 2076 743 2135 sed
780 2090 976 2150 magis
1001 2090 1035 2135 e
1080 2089 1369 2136 converso
1405 2090 1547 2135 caro
1591 2077 1846 2136 verbum
1887 2077 2046 2135 facta
2076 2077 2311 2136 fuisset.
2340 2078 2635 2137 Similiter
2672 2079 2833 2138 etiam

417 2160 546 2206 non
594 2147 985 2205 convenirent
1026 2147 1131 2205 Dei
1162 2147 1308 2206 Filio
1356 2147 1687 2206 exinanitio
1729 2153 1833 2206 aut
1875 2146 2213 2219 descensiO,
2239 2148 2345 2207 sed
2386 2150 2591 2222 magis
2616 2149 2831 2209 homini

461 2215 777 2276 lorificatio
822 2223 880 2275 et
924 2216 1203 2277 ascensio
1230 2236 1247 2289 ;
1278 2221 1339 2276 et
1361 2217 1454 2276 sic
1496 2231 1623 2276 non
1663 2231 1870 2277 verum
1913 2223 2075 2276 esset
2112 2218 2271 2292 quod
2305 2219 2641 2292 Apostolus
2668 2219 2829 2280 dicit:

459 2289 539 2359 ui,
570 2303 736 2359 quum
778 2290 844 2346 in
885 2289 1068 2357 tonna
1106 2289 1210 2346 Dei
1247 2292 1406 2346 esset.
1426 2330 1439 2344 .
1455 2330 1473 2358 ,
1496 2290 1808 2346 exmanivit
1851 2291 2212 2361 semetipsum,
2239 2291 2477 2358 formam
2511 2294 2663 2347 serui
2705 2292 2831 2347 acci-

404 2360 567 2430 piens
609 2357 801 2430 (Phth,
831 2371 899 2430 11,
926 2362 982 2429 θ,
1009 2364 1042 2416 7
1074 2400 1090 2429 ,
1119 2357 1226 2417 sed
1274 2357 1408 2418 sola
1445 2359 1723 2419 exaltatio
1761 2359 2028 2418 hominis
2053 2359 2119 2417 in
2164 2359 2416 2417 divinam
2509 2361 2745 2430 loriam,
2769 2359 2832 2418 de

409 2443 531 2500 qua
557 2427 940 2500 postmodum
970 2443 1041 2487 su
1088 2429 1244 2487 ditur
1273 2447 1288 2487 t
1318 2430 1937 2503 Propterqziodetneus
1960 2430 2225 2487 exaltavit
2250 2432 2428 2487 illum.
2447 2374 2646 2504 (glut,
2666 2444 2728 2501 11,
2759 2429 2825 2502 9.)

416 2500 623 2574 Neque
649 2512 857 2559 verum
886 2505 1051 2559 esset
1128 2499 1247 2560 uod
1293 2500 1585 2561 Dominus
1609 2500 1750 2560 dicit
1780 2521 1795 2559 ε
1821 2500 2085 2560 Descendi
2109 2500 2177 2559 de
2202 2502 2326 2559 coelo
2367 2502 2596 2567 Ioann„
2621 2517 2707 2568 vi,
2732 2500 2828 2573 38),

415 2569 525 2628 sed
549 2570 749 2629 solum
812 2569 930 2629 uod
945 2571 1026 2629 ait
1055 2588 1071 2627 ε
1148 2571 1342 2628 scendo
1359 2570 1437 2628 ad
1455 2575 1675 2630 Patrem
1699 2588 1875 2630 metim
1923 2573 2141 2638 Joann„
2167 2584 2269 2642 xx,
2293 2579 2356 2631 17
2389 2616 2404 2642 ,
2427 2588 2622 2646 quum
2647 2580 2831 2631 tamen

409 2644 734 2725 utrumque
819 2641 1081 2714 criptura
1121 2641 1485 2715 conjungat;
1518 2642 1663 2701 dicit
1708 2643 1868 2702 enim
1959 2642 2200 2702 ominus
2252 2644 2464 2704 :Nemo
2513 2643 2834 2701 ascenditin

410 2711 600 2768 coelum
621 2726 733 2768 nist
773 2714 872 2782 qui
915 2712 1191 2769 descendit
1237 2712 1303 2768 de
1329 2713 1474 2778 coelo,
1498 2715 1674 2770 Filius
1719 2714 1970 2777 hominis,
2001 2714 2102 2785 qui
2126 2717 2205 2769 est
2229 2714 2292 2769 in
2318 2715 2445 2770 coelo
2472 2713 2723 2856 {ssiass.‚
2751 2726 2830 2781 m,

2540 2801 2587 2857 p
2689 2825 2725 2855 .‚
2751 2794 2829 2844 tv,

1302 1867 1626 1925 ositionem
1668 1864 2037 1939 huiusmodi,
2076 1868 2237 1925 Deus
2281 1880 2527 1925 carnem
2572 1881 2833 1939 assump-

413 2779 500 2853 ¹3)
555 2785 656 2839 et:
688 2782 795 2850 Qui
816 2781 1109 2847 descendit,
1139 2784 1258 2854 ipse
1284 2787 1364 2839 est
1390 2787 1443 2839 et
1468 2786 1569 2853 qui
1592 2784 1839 2840 ascendit
1874 2797 2037 2855 super
2063 2798 2242 2840 omnes
2267 2784 2442 2841 coelos.

413 2854 500 2909 to.
563 2851 657 2910 Sic
707 2852 883 2909 etiam
933 2865 1056 2933 non
1092 2852 1440 2911 conveniret
1490 2854 1635 2913 Filio
1681 2853 1843 2928 quod
1887 2853 2114 2912 missus
2157 2859 2318 2913 esset
2358 2868 2397 2913 a
2422 2857 2623 2925 Patre,
2652 2865 2830 2927 neque

410 2921 571 3001 quod
604 2936 641 2981 a
670 2924 838 2981 Patre
870 2923 1118 2981 exiverit
1144 2929 1211 2981 ut
1249 2923 1475 2981 veniret
1501 2924 1567 2981 in
1607 2924 1917 2992 mundum,
1949 2922 2055 2983 sed
2085 2923 2282 2983 solum
2312 2924 2475 2998 quod
2503 2926 2584 2984 ad
2614 2928 2831 2983 Patrem

411 2997 546 3059 iret,
573 3006 754 3065 quum
805 2997 1005 3051 tamen
1050 2993 1181 3066 ipse
1225 2999 1544 3068 uti-umque
1585 2994 1931 3067 conjungat,
1967 2993 2215 3053 dicens:
2250 2995 2406 3053 Vado
2459 2995 2540 3051 ad
2583 3011 2704 3052 etan
2745 2994 2831 3064 qui

407 3064 560 3118 misit
600 3077 685 3119 me
730 3062 972 3133 (Mania,
1013 3075 1140 3134 xvr,
1172 3061 1263 3137 5);
1294 3069 1355 3121 et
1390 3064 1605 3122 iterum
1637 3082 1654 3122 ε
1683 3066 1855 3122 Exivi
1896 3080 1933 3120 α
1957 3066 2140 3130 Patre,
2171 3068 2224 3120 et
2257 3067 2387 3121 vem·
2427 3068 2490 3121 in
2534 3065 2827 3130 mundium

406 3133 607 3188 iterum
640 3133 890 3204 relinquo
935 3134 1200 3191 mundum
1226 3137 1279 3189 et
1318 3134 1462 3191 vado
1503 3134 1582 3190 ad
1625 3136 1843 3192 Patrem
1882 3133 2119 3206 (Joanm
2151 3146 2280 3205 xvi,
2308 3133 2399 3209 28)
2423 3153 2441 3207 3
2467 3134 2537 3194 in
2582 3145 2825 3210 quorum

407 3206 662 3275 utroque
687 3210 747 3260 et
772 3203 1117 3263 humanitas
1137 3209 1197 3263 et
1222 3203 1503 3264 divinitas
1533 3205 1973 3278 comprobatur.

1361 3423 1617 3489 CAPUT
1657 3425 1869 3489 XXIX.

829 3603 908 3648 DE
942 3603 1173 3651 mmmm
1204 3604 1659 3652 ummmzonm
1705 3605 1875 3653 (1ch
1910 3605 2407 3657 maurianum.

440 3766 738 3846 ‘Fuerunt
763 3770 963 3849 autem
989 3770 1052 3848 et
1075 3765 1180 3849 alii
1206 3767 1330 3849 qui,
1354 3767 1599 3826 veritate
1644 3767 2077 3827 incarnationis
2114 3774 2352 3842 negata,
2382 3767 2700 3842 quamdam
2728 3765 2820 3846 flc-

411 3837 604 3915 titiam
653 3842 1090 3896 incarnationis
1127 3837 1578 3896 similitudinem
1617 3838 2093 3897 introduxerunt.
2122 3839 2404 3898 Dixerunt
2448 3839 2611 3897 enim
2652 3839 2819 3896 Mani·

402 3904 553 3962 chaei
593 3906 699 3964 Dei
748 3906 961 3965 Filium
1011 3920 1136 3965 non
1182 3921 1388 3966 verum
1452 3921 1696 3981 corpuS,
1731 3908 1841 3968 sed
1885 3910 2327 3981 phantasticum
2379 3910 2810 3981 assumpsisse;

398 3975 561 4032 unde
586 3990 924 4058 nectverus
970 3977 1155 4037 homo
1204 3991 1340 4037 esse
1383 3979 1598 4051 potuit,
1627 3978 1736 4038 sed
1781 3993 2113 4054 apparens;
2142 3993 2181 4038 n
2263 3993 2338 4039 ue
2365 3993 2440 4038 ea
2464 3994 2599 4061 quae
2624 3988 2817 4037 secun-

399 4042 543 4125 dum
570 4045 875 4107 hominem
903 4047 1115 4122 gessit,
1144 4047 1302 4106 sicut
1330 4049 1492 4122 quod
1519 4055 1699 4108 natus
1731 4056 1843 4120 est,
1873 4050 2034 4124 quod
2062 4062 2231 4109 come
2274 4049 2340 4120 it,
2365 4048 2535 4120 bibit,
2563 4046 2813 4127 ambuta-

397 4118 504 4185 vit,
536 4128 756 4186 passus
784 4124 877 4177 est
905 4124 963 4177 et
990 4118 1286 4191 sepultus.
1320 4118 1383 4176 in
1411 4120 1661 4179 veritate
1687 4121 1903 4193 fuisse,
1937 4120 2046 4180 sed
2072 4121 2138 4178 in
2164 4119 2421 4194 quadam
2446 4117 2813 4179 assimilatio-

396 4197 475 4242 ne
527 4188 938 4261 consequitur.
970 4190 1039 4246 Et
1092 4189 1182 4248 sic
1234 4194 1395 4262 patet
1444 4190 1606 4264 quod
1650 4194 1841 4251 totum
1892 4190 2324 4252 incarnationis
2354 4190 2701 4265 mysterium
2745 4183 2811 4243 ad

396 4254 715 4327 quamdam
743 4256 1045 4318 fictionem
1076 4259 1398 4320 deducunt.
