3076 5025
407 286 512 343 326
1185 244 1202 254 ”
1301 276 1435 332 ma.
1477 277 1574 343 iii,
1616 274 1771 331 car.
1810 273 1943 330 Liv.

408 407 530 464 boc
558 403 717 477 quod
750 401 817 459 fit
842 401 1107 460 lucidum
1153 404 1288 459 actu
1326 411 1432 470 per
1463 398 1709 455 sormam
1767 396 1921 454 lucis
1966 399 2262 467 receptam
2293 393 2357 451 in
2404 392 2540 464 ipso
2566 392 2640 450 de
2666 405 2846 451 novo.

411 479 479 535 Et
509 475 624 533 boc
668 474 906 547 quidem
937 472 1174 529 virtutis
1217 475 1603 542 augmentum
1636 467 1959 539 requiritur
2002 467 2077 524 ad
2104 465 2353 524 alterius
2387 462 2606 535 speciei
2642 476 2853 534 opera—

409 547 638 604 tionem
671 542 1175 616 consequendam.
1196 542 1394 598 Virtus
1421 545 1616 597 autem
1648 538 1988 595 intellectus
2010 536 2190 594 creati
2223 534 2514 593 naturalis
2536 547 2657 591 non
2690 533 2856 591 sussi-

414 617 495 676 cit
524 617 598 674 ad
646 616 907 673 divinam
948 612 1346 671 substantiam
1388 609 1727 678 videndam,
1756 615 1821 666 ut
1864 622 1937 665 ex
1982 607 2159 665 dictis
2206 611 2386 678 patet.
2417 605 2661 686 Oportet
2706 616 2856 674 ergo

413 687 575 761 quod
607 692 898 757 augeatur
922 684 974 741 ei
1021 683 1208 740 virtus
1237 682 1309 738 ad
1358 681 1472 738 hoc
1502 680 1660 752 quod
1692 680 1764 736 ad
1789 678 1966 736 talem
2012 678 2309 758 visionem
2360 680 2685 756 perveniat.
2719 677 2857 756 Non

415 757 637 818 sutticit
668 762 865 813 autem
914 757 1300 826 augmentum
1334 765 1438 821 per
1485 750 1889 808 intensionem
1920 748 2212 806 naturalis
2247 751 2506 815 virtutiS,
2539 759 2681 818 quia
2710 747 2857 804 talis

414 829 572 887 visio
602 840 720 883 non
772 830 862 882 est
890 824 1155 897 ejusdem
1204 821 1456 880 rationis
1509 835 1643 879 cum
1690 822 1925 879 visione
1966 818 2222 877 naturali
2252 817 2594 875 intellectus
2643 816 2854 874 creati.

415 898 586 968 Quod
621 912 692 953 ex
721 896 1002 952 distantia
1046 895 1313 952 visorum
1360 897 1537 964 patet.
1572 894 1810 963 Oportet
1859 894 2084 971 autem·
2108 889 2267 962 quod
2316 886 2420 970 siat
2459 890 2855 960 augmentum

417 968 655 1026 virtutis
683 966 1054 1023 intellectivae
1085 980 1188 1036 per
1216 964 1472 1035 alicujus
1506 977 1673 1020 novae
1703 962 2122 1032 dispositionis
2152 960 2552 1031 adeptionem.
2672 1028 2684 1038 ·

490 1038 642 1107 Quia
665 1051 806 1094 vero
857 1036 922 1092 in
966 1035 1369 1108 cognitionem
1413 1033 1885 1106 intelligibilium
1912 1048 1985 1089 ex
2016 1030 2408 1110 sensibilibus
2431 1041 2857 1110 ‘pervenimuffi

419 1109 596 1168 etiam
630 1107 938 1165 sensibilis
967 1106 1335 1178 cognitionis
1359 1105 1607 1162 nomina
1637 1104 1706 1161 ad
1741 1103 2177 1174 intelligibilem
2220 1106 2625 1173 cognitionem
2658 1104 2860 1156 trans-

420 1180 740 1247 sumimuS‚
773 1183 831 1234 et
859 1178 1154 1248 praecipue
1226 1190 1316 1233 uae
1343 1176 1642 1247 pertinent
1681 1174 1755 1231 ad
1783 1174 2002 1242 visum,
2032 1173 2133 1245 qui
2168 1173 2324 1230 inter
2352 1176 2602 1228 caeteros
2634 1182 2861 1228 sensus

419 1249 684 1307 nobilior
714 1254 805 1306 est
851 1254 906 1304 et
954 1191 1343 1318 spiritualior,
1375 1261 1444 1326 ac
1475 1260 1579 1317 per
1621 1245 1739 1302 hoc
1785 1243 2112 1325 intellectui
2162 1241 2437 1323 affinior3
2473 1245 2530 1297 et
2580 1239 2867 1320 inde-est

421 1320 580 1393 quod
615 1320 744 1389 ipsa
773 1318 1191 1375 intellectualis
1222 1316 1488 1389 cognitio
1512 1317 1668 1373 visio
1700 1321 2062 1373 nominatur.
2090 1317 2157 1370 Et
2176 1328 2318 1385 quia
2338 1311 2671 1392 corporalis
2702 1322 2864 1390 visio

419 1404 547 1448 non
575 1390 906 1460 completur
933 1389 1050 1445 nisi
1099 1403 1205 1459 per
1232 1388 1450 1456 lucem,
1479 1401 1550 1444 ea
1597 1386 1818 1459 quibus
1860 1384 2284 1442 intellectualis
2330 1384 2487 1440 visio
2530 1380 2862 1452 perficitur,

417 1460 577 1518 lucis
609 1473 828 1516 nomen
874 1463 1210 1516 assumunt.
1243 1457 1406 1515 Unde
1451 1458 1633 1515 etiam
1680 1456 2029 1514 Aristoteles
2059 1455 2124 1513 in
2152 1454 2325 1512 tertio
2354 1455 2433 1509 De
2464 1454 2653 1508 anima
2693 1451 2863 1523 (text.

422 1544 639 1589 comm.
677 1530 761 1610 ¹8)
810 1529 1178 1585 intellectum
1224 1533 1498 1600 agentem
1552 1528 1668 1584 luci
1719 1527 2037 1594 assimilat,
2066 1540 2140 1584 ex
2177 1539 2249 1583 eo
2302 1522 2463 1598 quod
2511 1522 2864 1604 intellectus

423 1615 610 1673 agens
643 1600 781 1656 facit
811 1599 1215 1680 intelligibilia
1240 1599 1299 1654 in
1333 1605 1490 1666 actu,
1517 1599 1672 1655 sicut
1702 1598 1802 1656 lux
1843 1597 1982 1655 facit
2025 1594 2469 1669 quodammodo
2499 1592 2775 1673 visibilia
2798 1605 2868 1673 in

424 1676 580 1729 actu.
614 1669 719 1726 llla
750 1669 934 1741 igitur
980 1669 1298 1739 dispositio
1328 1684 1446 1741 qua
1474 1669 1813 1726 intellectus
1842 1672 2078 1726 creatus
2104 1666 2178 1724 ad
2222 1665 2686 1724 intellectualem
2718 1662 2872 1720 divi-

422 1755 517 1799 nae
542 1740 892 1798 substantiae
922 1740 1216 1797 visionem
1247 1740 1573 1808 extollitur,
1601 1753 1865 1811 congrue
1894 1737 1998 1795 lux
2023 1738 2231 1810 gloriae
2261 1736 2499 1794 dicitur.
2527 1736 2659 1792 Non
2689 1746 2871 1806 prop-

421 1818 514 1869 ter
545 1810 659 1867 boc
703 1809 862 1882 quod
913 1810 1090 1868 saciat
1138 1809 1516 1882 intelligibile
1556 1816 1712 1877 actii,
1745 1810 1902 1866 sicut
1945 1808 2048 1866 lux
2094 1807 2432 1865 intellectus
2471 1804 2728 1877 agentis,
2753 1801 2869 1862 sed

423 1896 530 1954 per
565 1881 677 1938 boc
710 1880 867 1952 quod
894 1880 1035 1937 facit
1063 1880 1430 1937 intellectum
1459 1880 1783 1950 patientem
1813 1885 1950 1937 actu
1981 1879 2170 1936 intelli
2218 1893 2336 1935 ere.

495 1953 824 2008 Hocautem
843 1958 935 2007 est
953 1950 1152 2008 lumen
1174 1951 1245 2007 de
1262 1951 1459 2023 quoin
1480 1953 1767 2020 Ps.xxxv‚
1804 1955 1889 2018 lo,
1906 1950 2149 2006 dicitur:
2192 1950 2439 2004 alumine
2454 1946 2870 2003 tuovidebimtoe

421 2022 623 2091 tuanen,
650 2021 881 2079 scilicet
906 2021 1121 2080 divinae
1147 2021 1516 2088 substantiae,
1536 2026 1812 2093 etApoc.‚
1837 2024 2084 2089 xxii,2l,
2109 2019 2325 2077 dicitur
2346 2037 2361 2076 ε
2385 2019 2608 2086 Civitas,
2630 2015 2871 2075 seilicet

422 2091 756 2160 beatorum,
808 2108 916 2147 non
958 2096 1075 2161 θροῦ
1121 2093 1227 2147 sole
1265 2107 1436 2161 neque
1471 2094 1645 2157 luna3
1678 2107 1807 2146 nam
1850 2092 2077 2147 claritas
2117 2092 2218 2146 Dei
2264 2091 2544 2145 illuminat
2585 2089 2766 2158 illam,
2808 2090 2870 2145 et

425 2161 615 2230 Isaiae,
647 2174 740 2230 Lx,
775 2165 860 2230 19,
890 2161 1110 2219 dicitur
1139 2180 1153 2217 ε
1184 2164 1305 2218 Νοη
1351 2163 1454 2217 erit
1500 2163 1605 2217 tibi
1645 2163 1880 2232 amplius
1926 2162 2008 2217 sol
2034 2160 2109 2216 ad
2142 2161 2425 2216 lucendum
2454 2176 2555 2230 per
2569 2160 2733 2226 diem,
2772 2171 2868 2214 noc

422 2232 679 2303 splendor
736 2233 879 2287 lunae
938 2232 1272 2287 illuminabit
1318 2235 1389 2300 te,
1433 2233 1528 2288 sed
1556 2232 1661 2287 erit
1686 2234 1790 2287 tibi·
1821 2235 2081 2288 Dominus
2108 2234 2167 2287 in
2196 2232 2365 2287 lucem
2383 2231 2789 2301 sempiternam,
2818 2231 2870 2286 et

425 2306 567 2359 Deus
595 2307 722 2357 tuus
751 2305 812 2357 in
842 2303 1072 2370 qlortam
1095 2306 1264 2360 tuam.

496 2372 638 2429 Inde
684 2378 776 2429 est
811 2373 989 2429 etiam
1011 2373 1152 2446 quia
1173 2375 1294 2430 Deo
1314 2378 1403 2430 est
1435 2372 1591 2429 idem
1623 2386 1758 2431 esse
1787 2371 1948 2444 quod
1976 2372 2332 2444 intelligere,
2364 2376 2422 2428 et
2459 2377 2551 2427 est
2580 2370 2869 2430 omnibus

425 2457 610 2502 causa
637 2443 1009 2516 intelligendi
1063 2443 1219 2518 quod
1275 2443 1491 2501 dicitur
1515 2458 1650 2501 esse
1710 2443 1829 2506 lux,
1865 2447 1883 2500 l
1913 2445 2150 2511 Joan.,1
2177 2448 2208 2500 5
2244 2460 2257 2500 ε
2289 2445 2432 2498 Deus
2462 2443 2561 2497 lua:
2588 2445 2686 2510 est,
2717 2446 2780 2497 et
2804 2441 2867 2498 in

426 2516 524 2572 ΡΒ.
556 2527 677 2583 cm,
707 2520 741 2572 2
775 2532 789 2570 ε
846 2516 1097 2572 Amicitia
1150 2517 1354 2571 lumine
1393 2519 1536 2571 sicut
1580 2518 1891 2571 vestimento
1919 2533 1937 2583 3
1965 2520 2023 2572 et
2061 2518 2302 2585 propter
2354 2512 2469 2571 hoc
2516 2512 2693 2570 etiam
2745 2516 2867 2569 tam

425 2586 586 2643 Deus
609 2599 786 2658 quam
818 2586 1015 2656 angeli
1036 2586 1094 2641 in
1122 2599 1295 2643 sacra
1314 2586 1434 2643 Scri
1443 2591 1615 2657 ptura
1634 2586 1696 2642 in
1728 2585 1939 2660 figuris
1959 2584 2158 2658 igneis
2182 2584 2604 2643 describuntur
2621 2589 2867 2659 propter

425 2654 589 2729 ignis
615 2656 965 2714 claritatem.
1000 2656 1043 2729 (Ι
1078 2662 1253 2728 part„
1284 2671 1342 2729 q.
1375 2669 1483 2719 xii,
1516 2663 1609 2713 art
1636 2656 1713 2729 5.)

1416 2874 1670 2938 CAPUT
1713 2824 1889 2937 Livs'

526 3053 813 3100 amomis
850 3053 1078 3098 coN'riiA
1113 3054 1466 3099 PRAEDIGTAM
1502 3053 2093 3111 DETssmNATlon,
2132 3053 2210 3099 ΒΤ
2241 3053 2451 3099 mim
2486 3055 2753 3100 somno,

464 3214 748 3297 ,Objiciet
788 3220 986 3273 autem
1035 3214 1116 3274 ali
1161 3215 1257 3273 uis
1283 3221 1492 3274 contra
1520 3214 1821 3296 praedicta.
1849 3216 2089 3274 Nullum
2119 3214 2281 3274 enim
2310 3215 2511 3275 lumen
2535 3216 2863 3276 adveniens

420 3287 578 3345 visui
628 3290 823 3359 potest
867 3286 1064 3344 visum
1093 3301 1128 3343 e
1154 3301 1325 3344 evare
1372 3286 1447 3343 ad
1477 3287 1799 3344 videndum
1825 3300 1918 3355 ea,
1948 3301 2081 3358 quae
2132 3288 2464 3345 naturalem
2516 3288 2861 3347 facultatem

420 3356 590 3414 visus
637 3357 968 3427 corporalis
1014 3357 1327 3415 excedunt.
1381 3359 1510 3415 Non
1559 3357 1717 3414 enim
1768 3363 1964 3428 potest
1995 3358 2161 3416 visus
2185 3357 2387 3415 videre
2418 3359 2536 3416 nisi
2567 3360 2857 3417 colorata.

421 3426 636 3484 Divina
704 3432 900 3484 autem
969 3427 1309 3485 substantia
1361 3427 1593 3484 excedit
1664 3441 1901 3485 omnem
1950 3428 2293 3487 intellectus
2340 3429 2523 3487 creati
2571 3431 2860 3501 capacita-

421 3504 563 3579 tem,
595 3501 650 3554 et
692 3498 869 3555 etiam
909 3498 1105 3570 magis
1131 3512 1309 3571 quam
1342 3497 1684 3556 intellectus
1715 3498 1960 3555 excedat
1988 3500 2378 3570 capacitatem
2410 3513 2653 3558 sensus.
2684 3500 2859 3558 Nullo

419 3567 848 3642 igiturlumine
875 3568 1711 3639 superveniente,intellectus
1741 3574 1977 3627 creatus
2000 3570 2215 3628 elevari
2247 3570 2466 3643 poterit
2491 3571 2567 3628 ad
2597 3571 2858 3629 divinam

421 3639 819 3698 substantiam
849 3638 1182 3697 videndam.

488 3711 777 3779 Praei-ea,
826 3710 1031 3768 lumen
1068 3709 1217 3767 illud
1258 3709 1419 3783 quod
1447 3710 1509 3766 in
1540 3708 1847 3768 intellectu
1878 3716 2077 3768 creato
2128 3711 2430 3783 recipitur,
2464 3717 2727 3769 creatum
2757 3710 2858 3770 ali·

436 3781 562 3852 {uid
614 3786 723 3838 est.
758 3783 959 3851 Ipsum
1002 3794 1146 3853 ergo
1187 3780 1248 3838 in
1296 3780 1597 3837 infinitum
1647 3793 1683 3837 a
1732 3782 1854 3838 Deo
1907 3781 2102 3839 distat.
2132 3784 2264 3840 Non
2306 3787 2511 3863 potest
2539 3782 2727 3854 igitur
2796 3792 2858 3839 er

437 3850 767 3933 iujusmodi
807 3852 1011 3909 lumen
1034 3850 1375 3910 intellectus
1402 3855 1642 3908 creatus
1672 3851 1747 3909 ad
1776 3850 1994 3911 divinae
2018 3851 2375 3912 substantiae
2402 3852 2703 3911 visionem
2735 3868 2768 3911 e
2792 3867 2856 3911 e·

487 3992 640 4073 Iceni,
673 3994 726 4051 si
756 3993 871 4051 hoc
899 3991 1138 4065 quidem
1165 3996 1364 4073 potest
1383 3992 1588 4073 'facere
1622 3993 1825 4052 lumen
1854 3993 2225 4067 praedictum,
2255 4008 2365 4066 pro
2407 3999 2498 4052 ter
2525 3993 2643 4051 boc
2693 3991 2853 4067 quod

419 4066 512 4119 est
557 4063 771 4121 divinae
819 4063 1170 4121 substantiae
1210 4062 1570 4143 similitudo,
1612 4079 1746 4122 cum
1797 4065 1996 4122 omnis
2025 4064 2375 4124 intellectua
2399 4066 2454 4123 is
2489 4065 2853 4134 substantia,

420 4143 494 4188 ex
544 4131 657 4190 boc
703 4135 837 4205 ipso
927 4134 1045 4192 uod
1091 4132 1491 4192 intellecualis
1540 4141 1651 4203 est,
1688 4135 1952 4193 divinam
1983 4135 2441 4194 similitudinem
2470 4141 2685 4209 gerat:
2718 4136 2852 4206 ipsa

416 4205 633 4329 Ratutra
681 4204 896 4276 cujusli
942 4210 1002 4262 et
1047 4203 1470 4262 intellectualis
1522 4205 1875 4265 substantiae
1930 4205 2006 4265 ad
2057 4206 2355 4264 visionem
2402 4207 2664 4264 divinam
2723 4205 2850 4264 sut·-

462 4285 553 4327 cie
583 4313 596 4327 .

484 4341 712 4423 fidelium,
722 4343 774 4399 si
795 4343 998 4402 lumen
1027 4345 1177 4404 illud
1205 4352 1474 4412 creatum
1489 4345 1759 4415 est,nihil
1777 4350 1973 4404 autem
1996 4347 2272 4418 prohibet
2286 4347 2445 4421 quod
2465 4351 2558 4405 est
2579 4352 2847 4404 creatum

421 4411 600 4473 alicui
630 4426 715 4470 rei
752 4421 962 4473 creatae
992 4417 1379 4477 connaturale
1409 4431 1567 4488 esse,
1598 4416 1814 4489 poterit
1839 4417 2064 4491 aliquis
2090 4419 2433 4478 intellectus
2449 4422 2685 4477 creatus
2708 4428 2847 4475 esse
