3076 5025
296 182 401 237 316
1159 173 1295 231 Lm.
1335 173 1433 242 ιιι,
1473 172 1627 228 ciii).
1664 171 1870 227 xnvu.

297 299 592 360 habemus
621 317 676 356 n.
705 300 770 355 In
801 294 1156 355 duodecimo
1185 294 1367 352 etiam
1413 292 1825 360 Confessionum
1853 289 2005 364 (cap.
2047 291 2138 364 25)
2181 290 2366 349 dicit:
2407 312 2437 344 «
2466 291 2527 349 Si
2556 291 2736 352 ambo

296 371 572 428 videmus
599 381 806 426 verum
834 380 970 425 esse
999 366 1156 439 quod
1188 365 1362 433 dicis,
1397 369 1456 421 et
1480 363 1658 421 ambo
1685 363 1959 421 videmus
1987 376 2192 421 verum
2225 376 2359 420 esse
2386 361 2546 434 quod
2575 363 2735 434 dice,

296 441 425 509 ubi,
454 453 682 513 quaeso,
703 438 763 496 id
792 439 1061 495 videmus
1082 437 1111 493 ‘2
1132 438 1249 493 Nec
1276 447 1388 507 ego
1411 435 1616 506 utique
1646 434 1709 490 in
1738 438 1817 502 te,
1853 447 1961 491 nec
1984 439 2048 490 tu
2077 433 2140 490 in
2168 447 2285 501 me,
2326 433 2434 490 sed
2463 433 2641 491 ambo
2670 433 2733 492 in

297 512 435 583 ipsa
505 524 594 568 uae
619 523 801 580 supra
826 512 1059 566 mentes
1087 509 1327 564 nostras
1354 509 1445 562 est
1474 502 1952 561 incommutabili
1976 505 2231 561 veritate
2268 524 2322 560 ».

375 585 441 638 ln
496 581 624 638 ibro
654 580 829 636 etiam
860 582 937 634 De
961 593 1093 633 vera
1138 577 1398 644 reliqione
1430 574 1582 646 (cap.
1613 574 1705 647 31)
1735 574 1900 643 dicit,
1932 574 2093 647 quod
2139 573 2472 632 secundum
2520 574 2741 634 verita·
2816 563 2835 572 ⁴

299 658 423 712 tem
455 651 714 709 divinam
739 649 812 707 de
843 647 1123 706 omnibus
1146 646 1511 718 judicamus.
2624 715 2635 725 ·

376 726 441 779 In
472 721 624 779 libro
653 724 848 777 autem
879 719 1296 787 soliloquiorum
1326 715 1388 786 (l.
1418 730 1462 784 ι,
1489 729 1619 787 cap.
1648 715 1736 787 15)
1770 714 1916 773 dicit
1940 714 2102 788 quod
2133 734 2164 767 «
2190 715 2359 786 prius
2388 719 2481 773 est
2516 719 2738 775 veritas

306 789 754 864 cognoscenda,
782 803 889 860 per
916 801 1095 860 quam
1124 791 1381 859 possunt
1406 786 1525 844 alia
1554 787 1841 859 cognosci
1871 806 1926 844 ».
1957 785 2127 855 Quod
2157 785 2230 843 de
2262 785 2507 842 veritate
2538 785 2743 844 divina

302 862 640 934 intelligere
687 859 939 917 videtur.
969 857 1212 915 Videtur
1254 870 1396 929 ergo
1444 871 1518 914 ex
1561 856 1761 916 verbis
1787 856 1919 929 ejus
1949 855 2110 928 quod
2155 856 2357 937 ipsum
2392 858 2603 927 Deum,
2634 857 2740 928 qui

304 946 417 991 sua
447 931 664 987 veritas
688 936 801 999 est,
828 928 1160 998 videamus,
1187 934 1246 986 et
1271 942 1377 999 per
1400 927 1599 998 ipsum
1628 940 2071 1001 cognoscamus
2101 927 2240 984 alia.

374 1001 457 1059 Ad
481 1001 635 1058 idem
658 1001 836 1058 etiam
856 1000 1151 1071 pertinere
1167 997 1442 1055 videntur
1457 998 1633 1055 verba
1648 998 2083 1070 ejusdem‚quae
2104 997 2274 1069 ponit
2292 997 2351 1053 in
2377 996 2736 1056 duodecimo

304 1075 383 1129 De
415 1073 568 1127 Trin.
603 1072 751 1143 (cap.
781 1070 838 1141 2)
868 1070 958 1127 sic
983 1069 1190 1126 dicens
1223 1087 1237 1125 z
1273 1089 1303 1119 «
1332 1068 1603 1126 Rationis
1632 1074 1724 1126 est
1744 1068 2014 1141 judicare
2048 1067 2120 1125 de
2159 1069 2295 1126 istis
2323 1068 2741 1138 corporalibus

306 1142 640 1200 secundum
668 1140 934 1199 rationes
963 1138 1370 1210 incorporales
1401 1144 1459 1195 et
1482 1139 1901 1223 sempiternas,
1928 1153 2082 1212 quae,
2119 1139 2236 1197 nisi
2265 1151 2449 1218 supra
2473 1144 2741 1196 mentem

304 1214 630 1270 humanam
675 1216 899 1279 essent,
926 1209 1447 1268 incommutabiles
1495 1213 1761 1281 proiecto
1789 1223 1915 1267 non
1960 1214 2183 1267 essent.
2215 1211 2496 1266 Rationes
2537 1214 2738 1266 autem

303 1281 832 1340 incommutabiles
862 1286 920 1338 et
942 1280 1318 1352 sempiternae
1349 1280 1489 1337 alibi
1522 1294 1701 1352 quam
1733 1281 1797 1338 in
1825 1283 1947 1338 Deo
1977 1293 2112 1338 esse
2142 1293 2262 1337 non
2335 1284 2573 1341 ossunt,
2601 1293 2739 1338 cum

305 1353 478 1412 solus
522 1354 679 1409 Deus
728 1351 1061 1410 secundum
1107 1350 1245 1408 fidei
1289 1351 1621 1408 doctrinam
1670 1350 1749 1409 sit
1799 1350 2220 1421 sempiternus,
2305 1350 2501 1407 idetur
2556 1350 2743 1422 igitur

305 1423 482 1495 sequi
513 1423 674 1495 quod
702 1424 887 1480 Deum
915 1422 980 1478 in
1025 1423 1145 1478 ista
1169 1421 1293 1478 vita
1333 1421 1556 1501 videre·
1581 1421 1911 1493 possimus,
1942 1426 2000 1478 et
2018 1435 2126 1493 per
2153 1420 2269 1479 boc
2295 1419 2458 1492 quod
2489 1434 2649 1489 eum,
2681 1425 2743 1478 et

304 1493 372 1553 in
405 1507 477 1550 eo
511 1494 775 1551 rationes
804 1505 1001 1550 rerum
1029 1491 1325 1559 videmus,
1357 1491 1429 1548 de
1458 1492 1596 1549 aliis
1619 1492 1985 1564 judicamuS.

380 1566 511 1621 Non
539 1569 631 1621 est
663 1569 858 1621 autem
888 1561 1250 1620 credendum
1305 1562 1464 1634 quod
1506 1562 1880 1635 Augustinus
1909 1562 2009 1619 hic
2056 1560 2122 1617 in
2148 1560 2349 1619 verbis
2403 1561 2739 1631 praemissis

308 1634 570 1693 senserit
597 1633 757 1707 quod
787 1633 847 1690 in
879 1633 991 1690 hac
1017 1632 1140 1691 vita
1165 1634 1349 1690 Deum
1386 1647 1487 1702 per
1506 1646 1677 1690 suam
1702 1633 2026 1691 essentiam
2058 1630 2391 1703 intelligere
2406 1633 2738 1703 possimus,

307 1718 447 1764 cum
479 1704 845 1762 contrarium
891 1703 1051 1761 dicat
1078 1703 1141 1759 in
1189 1703 1341 1760 libro
1368 1706 1448 1759 De
1470 1704 1703 1758 videndo
1739 1706 1912 1759 Deum
1938 1703 2014 1761 ad
2044 1700 2352 1760 Paulinam
2385 1702 2578 1775 (epist.
2610 1706 2741 1773 ¹46,

308 1774 644 1913 caguglifflr
686 1843 872 1971 igitur
907 1844 1072 1902 illam
1131 1841 1681 1900 incommutabilem
1739 1842 2069 1912 veritatem,
2109 1841 2203 1899 vel
2255 1842 2422 1901 illius
2470 1843 2739 1903 rationes

308 1920 563 1974 aeternas
594 1915 657 1971 in
749 1929 819 1972 ac
864 1915 986 1972 vita
1029 1913 1361 1981 videamus,
1392 1918 1450 1970 et
1479 1913 1810 1970 secundum
1841 1926 1971 1970 eam
2003 1913 2076 1971 de
2104 1912 2241 1970 aliis
2282 1913 2624 1984 judicemus
2651 1913 2743 1973 in-

350 1985 666 2043 uirendum
695 1992 807 2043 est.
836 1985 1151 2042 Veritatem
1180 1982 1418 2056 quidem
1447 1984 1509 2040 in
1543 1984 1745 2040 anima
1775 1997 1911 2040 esse
1942 1984 2070 2055 ipse
2090 1985 2465 2055 Augustinus
2494 1985 2560 2042 in
2583 1984 2741 2043 libro

307 2000 725 2126 galiloquiorum
744 2055 1009 2113 secundo
1035 2057 1183 2126 (cap.
1210 2058 1274 2111 18
1295 2059 1350 2111 et
1375 2055 1460 2125 19)
1482 2053 1817 2111 confitetur.
1847 2054 2010 2111 Unde
2032 2067 2103 2111 ex
2124 2054 2450 2113 aeternitate
2469 2055 2739 2115 veritatis

308 2125 812 2184 immortalitatem
846 2126 1060 2182 animae
1085 2125 1314 2195 probat.
1345 2126 1475 2181 Non
1506 2124 1702 2181 solum
1727 2130 1924 2182 autem
1956 2125 2044 2181 sic
2063 2125 2281 2182 veritas
2299 2132 2391 2183 est
2418 2126 2478 2181 in
2511 2126 2738 2196 anima,

308 2197 465 2254 sicut
491 2198 649 2254 Deus
675 2210 782 2267 per
809 2195 1131 2253 essentiam
1164 2194 1225 2251 in
1252 2193 1432 2251 rebus
1473 2194 1757 2252 omnibus
1787 2193 2023 2263 dicitur,
2050 2207 2243 2266 neque
2279 2196 2436 2254 sicut
2460 2197 2524 2253 ιιι
2554 2195 2736 2256 rebus

309 2267 593 2325 omnibus
618 2272 710 2325 est
736 2280 842 2347 per
885 2279 1057 2324 suam
1104 2265 1581 2345 similitudinem?
1617 2270 1792 2346 prout
1844 2278 2217 2345 unaquaeque
2261 2279 2359 2323 res
2412 2267 2738 2325 intantum

310 2336 529 2395 dicitur
556 2350 715 2406 vera,
744 2350 807 2392 in
837 2342 1123 2409 quantum
1154 2335 1228 2393 ad
1256 2335 1359 2393 Dei
1391 2335 1849 2393 similitudinem
1896 2335 2144 2393 accedit.
2176 2338 2307 2393 Non
2339 2336 2498 2393 enim
2529 2339 2591 2394 in
2622 2339 2742 2396 hoc

309 2409 512 2465 anima
539 2407 718 2464 rebus
747 2406 883 2464 aliis
907 2407 1246 2486 praefertur„
1267 2408 1369 2464 Est
1411 2419 1556 2478 ergo
1602 2405 1850 2476 speciali
1902 2405 2082 2463 modo
2112 2405 2175 2463 in
2221 2406 2423 2464 anima
2451 2407 2512 2464 in
2544 2422 2735 2479 quan·

306 2485 435 2536 tum
477 2478 781 2536 veritatem
826 2477 1158 2551 cognoscit.
1189 2477 1354 2534 Sicut
1400 2476 1586 2549 igitur
1629 2476 1845 2534 animae
1883 2481 1941 2534 et
1967 2489 2066 2535 res
2115 2477 2249 2536 aliae
2292 2492 2445 2536 verae
2488 2479 2730 2549 quidem

309 2549 588 2607 dicuntur
635 2549 697 2605 in
741 2548 872 2606 suis
925 2548 1156 2606 naturis
1200 2547 1531 2605 secundum
1581 2548 1741 2620 quod
1787 2547 2243 2607 similitudinem
2273 2547 2440 2607 illius
2470 2562 2727 2609 summae

307 2625 535 2676 naturae
565 2619 803 2689 habent,
834 2633 965 2700 quae
995 2624 1083 2677 est
1113 2618 1246 2690 ipsa
1271 2618 1512 2687 veritas,
1544 2632 1679 2676 cum
1726 2619 1807 2677 sit
1830 2619 2392 2676 suumintellectum
2426 2633 2561 2678 esse
2594 2639 2607 2676 :
2644 2621 2739 2678 ita

307 2689 370 2746 id
413 2688 573 2761 quod
612 2703 719 2760 per
758 2703 1019 2746 animam
1067 2689 1375 2761 cognitum
1422 2696 1533 2756 est,
1561 2688 1945 2747 manifestum
1996 2689 2179 2747 estin
2226 2695 2515 2761 quantum
2561 2690 2748 2749 illius'

310 2757 524 2817 divinae
553 2760 818 2816 veritatis
847 2773 1025 2831 quam
1066 2761 1224 2817 Deus
1250 2759 1567 2828 cognoscit
1595 2759 1927 2818 similitudo
1958 2760 2226 2832 quaedam
2254 2761 2455 2818 existit
2484 2762 2547 2817 in
2572 2761 2726 2832 ipsa.

307 2828 472 2886 Unde
502 2833 561 2886 et
588 2829 799 2887 Glossa
825 2842 1008 2900 super
1046 2828 1197 2887 illud
1226 2831 1324 2886 Ρε.
1373 2843 1456 2899 xi,
1481 2834 1517 2887 2
1551 2847 1563 2884 :
1591 2832 1884 2886 Diminutae
1913 2835 2040 2886 sunt
2056 2832 2310 2887 veritates
2338 2847 2374 2886 a
2397 2833 2530 2902 filiis
2559 2832 2733 2888 homi-

305 2914 455 2963 num,
487 2898 631 2956 dicit
659 2898 820 2972 quod
844 2899 1002 2958 sicut
1030 2899 1103 2957 ab
1148 2913 1271 2958 una
1297 2900 1450 2957 facie
1480 2900 1773 2958 resultant
1796 2900 1996 2958 multae
2029 2901 2212 2958 facies
2246 2901 2310 2958 in
2334 2901 2604 2972 speculo,
2637 2903 2726 2962 ita

307 2969 381 3026 ab
411 2981 531 3025 una
572 2968 763 3043 prima
810 2968 1054 3027 veritate
1082 2970 1374 3028 resultant
1392 2970 1594 3027 multae
1640 2970 1917 3029 veritates
1967 2971 2028 3027 in
2069 2971 2724 3032 mentibusbominum.

307 3037 591 3106 Quamvis
614 3044 811 3096 autem
838 3039 1074 3097 diversa
1098 3053 1135 3097 a
1160 3039 1413 3099 diversis
1439 3046 1881 3112 cognoscantur
1909 3046 1968 3099 et
1994 3041 2311 3099 credantur
2339 3056 2492 3111 vera,
2520 3048 2724 3100 tamen

306 3108 577 3180 quaedam
625 3114 768 3166 sunt
806 3123 946 3166 vera
988 3109 1050 3166 in
1101 3110 1321 3182 quibus
1365 3124 1578 3169 omnes
1626 3111 1902 3169 homines
1949 3113 2336 3181 concordant,
2374 3112 2526 3170 sicut
2583 3118 2732 3170 sunt
2821 3152 2827 3159 ·

304 3180 499 3251 prima
528 3178 820 3250 principia
846 3179 1183 3239 intellectus
1197 3185 1318 3238 tam
1344 3182 1696 3253 speculativi
1722 3196 1900 3254 quam
1925 3183 2191 3253 practici,
2213 3183 2543 3240 secundum
2565 3184 2731 3255 quod

310 3249 726 3307 universaliter
749 3250 812 3307 in
840 3250 1141 3309 mentibus
1170 3252 1437 3309 omnium
1474 3252 1691 3310 divinae
1719 3253 1984 3312 veritatis
2013 3254 2185 3325 quasi
2210 3254 2480 3326 quaedam
2526 3253 2732 3327 imago

306 3320 576 3377 resultat.
609 3322 676 3377 ln
704 3330 992 3400 quantum
1022 3334 1166 3394 ergo
1214 3322 1494 3393 quaelibet
1520 3336 1693 3381 mens
1734 3323 2015 3396 quicquid
2046 3338 2151 3395 per
2186 3324 2600 3382 certitudinem
2628 3339 2733 3384 co·

351 3391 565 3459 noscit,
589 3389 654 3446 in
684 3389 781 3472 his
810 3391 1123 3472 princi-piis
1149 3392 1414 3450 intuetur
1441 3392 1774 3451 secundum
1803 3394 1963 3466 quod
1986 3393 2058 3451 de
2086 3394 2369 3452 omnibus
2396 3395 2720 3475 judicatur,

328 3463 463 3518 'acta
489 3460 858 3542 resolutione
885 3475 946 3519 in
996 3475 1146 3534 ipsa,
1177 3462 1395 3521 dicitur
1421 3465 1625 3521 omnia
1670 3464 1732 3520 in
1762 3464 1961 3523 divina
1990 3465 2233 3521 veritate
2262 3465 2352 3521 vel
2390 3480 2452 3522 ιιι
2483 3465 2731 3524 rationi-

301 3530 418 3588 bus
443 3537 682 3590 aeternis
713 3531 932 3601 videre,
963 3536 1024 3590 et
1068 3532 1398 3592 secundum
1429 3547 1533 3592 eas
1562 3535 1634 3591 de
1663 3535 1946 3592 omnibus
1981 3534 2271 3607 iudicare.
2304 3538 2365 3592 Et
2395 3535 2557 3594 hunc
2586 3550 2728 3594 sen-

300 3613 439 3680 sum
494 3600 849 3660 confirmant
901 3602 1081 3661 verba
1122 3605 1438 3676 Augustini
1471 3605 1532 3661 in
1567 3603 1718 3662 libro
1742 3605 1909 3662 Solito
1987 3608 2161 3661 iorum
2184 3605 2378 3676 primo
2405 3606 2479 3677 (c.
2510 3607 2587 3679 8),
2622 3606 2730 3679 qui

300 3671 656 3753 dicit,·quod
686 3672 1072 3732 scientiarum
1101 3676 1469 3747 spectamina
1512 3674 1788 3733 videntur
1816 3677 1876 3734 in
1944 3676 2104 3735 ivina
2126 3676 2372 3734 veritate
2400 3677 2558 3735 sicut
2582 3676 2731 3734 visi-

299 3740 448 3798 bilia
478 3756 541 3800 ιιι
571 3743 796 3801 ιυιιιιιιε
824 3744 996 3816 εοΙιε,
1026 3759 1159 3817 quae
1186 3750 1422 3803 constat
1464 3758 1588 3803 non
1615 3745 1802 3804 videri
1845 3747 1908 3803 in
1937 3747 2071 3818 ipso
2099 3759 2348 3818 corpore
2383 3747 2556 3815 solis,
2614 3747 2726 3806 sed

297 3811 634 3891 perlumen
665 3814 826 3886 quod
854 3820 946 3872 est
970 3815 1303 3874 similitudo
1324 3816 1543 3874 solaris
1572 3814 1860 3876 claritatis
1889 3816 1952 3876 in
1990 3830 2147 3886 aere,
2176 3822 2238 3875 et
2262 3817 2565 3876 similibus
2594 3831 2730 3876 cor-

297 3881 548 3961 poribus
576 3883 802 3942 relicta.
835 3887 916 3943 Ex
957 3885 1055 3944 his
1106 3900 1250 3959 ergo
1292 3886 1502 3968 verbis·
1532 3886 1851 3968 Augustini
1897 3900 2020 3967 non
2068 3887 2320 3945 habetur
2359 3887 2527 3968 quod·
2568 3890 2728 3969 Deus

296 3950 568 4011 videatur
611 3954 942 4013 secundum
984 3969 1156 4014 suam
1207 3956 1602 4015 substantiam
1636 3970 1701 4014 in
1737 3956 1851 4015 bac
1893 3963 2033 4027 vita,
2064 3957 2171 4016 sed
2222 3958 2421 4016 solum
2477 3963 2635 4017 sicut
2661 3972 2727 4017 in

296 4020 584 4101 specu103
613 4025 776 4152 {3⁰5¹
826 4032 886 4083 et
917 4026 1240 4096 Apostolus
1289 4026 1362 4083 de
1390 4027 1738 4099 cognitione
1775 4026 1955 4098 hujus
1989 4027 2126 4087 vitae
2151 4027 2487 4098 confitetur,
2517 4028 2727 4087 dicens

294 4104 364 4148 111
433 4104 583 4149 rima
697 4096 902 4165 rinth„
927 4108 1056 4166 xm,
1081 4100 1148 4154 12
1177 4114 1192 4153 ι
1230 4096 1486 4154 Videmus
1510 4113 1655 4155 nunc
1679 4113 1780 4169 pei·
1799 4099 2076 4168 speculum
2100 4101 2163 4154 in
2184 4102 2492 4169 aeniqmate.

422 4162 652 4220 uamvis
679 4171 879 4223 autem
913 4179 1086 4225 meus
1134 4167 1394 4225 humana
1436 4168 1509 4225 de
1555 4168 1966 4241 propinquiori
1996 4169 2100 4226 Dei
2145 4169 2600 4227 similitudinem
2628 4182 2720 4227 re·

293 4236 618 4363 flraesentet
643 4248 821 4315 quam
862 4236 1179 4296 inferiores
1223 4244 1528 4306 creaturae,
1556 4244 1756 4298 tamen
1802 4237 2068 4311 cognitio
2096 4239 2201 4296 Dei
2250 4255 2382 4313 quae
2421 4254 2492 4298 ex
2521 4244 2723 4296 mente

341 4315 562 4364 umana
588 4306 779 4378 accipi
806 4311 1023 4379 potest,
1047 4320 1172 4367 non
1219 4308 1453 4369 excedit
1478 4308 1631 4369 illud
1671 4321 1866 4382 genus
1893 4310 2259 4382 cognitionis
2291 4309 2452 4383 quod
2477 4324 2552 4367 ex
2577 4322 2724 4368 sen·
