3076 5025
1972 125 1989 166 l

465 286 569 339 424
703 259 708 266 ’
1366 277 1497 333 ma.
1542 275 1638 343 ιιι,
1678 274 1833 333 ωε).
1874 275 2020 330 cxx.

384 349 409 378 e*

382 409 386 414 ’
467 405 695 461 cultum
749 400 927 459 rebus
973 399 1246 458 diversis.
1281 398 1626 456 Exhibendo
1678 397 1835 455 enim
1891 395 2144 456 diversis
2182 394 2362 454 rebus
2414 393 2603 453 latriae
2651 394 2903 465 cultum,

466 476 743 530 videntur
793 473 893 528 uni
948 484 1184 528 summo
1211 472 1331 527 Deo
1380 470 1611 526 latriam
1654 467 1955 534 exhibere,
1987 467 2061 526 ad
2105 479 2280 539 quem
2332 465 2662 524 secundum
2698 478 2906 524 eorum

470 545 832 617 positionem
882 542 1131 599 diversae
1170 547 1368 612 partes
1408 540 1616 598 mundi
1647 543 2088 610 comparantur,
2119 537 2277 596 sicut
2303 536 2376 593 ad
2416 537 2683 594 animam
2716 536 2904 593 bomi-

469 617 586 672 mis
618 614 852 670 diversa
879 612 1151 683 corporis
1181 611 1466 668 membra.
1763 679 1774 690 .
2624 678 2635 688 .

542 685 652 742 Sed
682 684 855 740 etiam
888 683 941 739 ei
971 683 1123 740 ratio
1166 681 1382 740 obviat.
1418 681 1630 739 Dicunt
1679 693 1839 738 enim
1883 679 2109 736 mundo
2155 689 2279 735 non
2319 691 2455 735 esse
2498 677 2899 735 exhibendum

471 754 658 814 latriae
708 755 932 811 cultum
985 753 1214 811 ratione
1261 751 1552 823 corporis,
1584 749 1687 808 sed
1742 750 1973 807 ratione
2036 750 2275 817 animae,
2306 762 2482 829 quam
2538 750 2729 807 Deum
2772 762 2905 807 esse

470 823 696 883 dicunt.
727 826 885 881 Licet
906 831 1103 882 autem
1126 836 1345 895 corpus
1371 822 1578 879 muudi
1633 820 1933 878 divisibile
1949 819 2030 878 sit
2072 819 2137 877 in
2152 825 2352 892 partes
2378 818 2671 900 diversae,
2703 820 2903 878 anima
2933 881 2939 888 ,

469 902 667 953 tamen
717 894 1103 952 indivisibilis
1151 898 1261 952 est.
1294 897 1422 950 Non
1448 897 1542 950 est
1591 892 1774 964 igitur
1820 890 2148 948 divinitatis
2196 889 2396 948 cultus
2440 888 2699 948 diversis
2726 890 2902 948 rebus

472 966 867 1034 exhibenduS,
898 965 1001 1024 sed
1034 965 1136 1022 uni
1169 969 1424 1022 tantum.

541 1037 758 1096 Adhuc,
790 1036 842 1093 si
873 1035 1133 1093 mundus
1154 1035 1397 1107 ponitur
1419 1033 1683 1092 animam
1712 1031 1931 1090 habere
1950 1045 2084 1113 quae
2109 1035 2303 1090 totum
2330 1030 2576 1100 animet,
2600 1035 2665 1088 et
2690 1045 2900 1091 omnes

457 1113 671 1179 -partes
721 1107 933 1177 ipsius,
963 1119 1081 1164 non
1118 1111 1315 1177 potest
1357 1106 1470 1164 boc
1499 1103 1752 1176 intelligi
1785 1103 1858 1160 de
1887 1115 2088 1160 anima
2111 1101 2415 1170 nutritiva,
2457 1102 2547 1158 vel
2588 1103 2899 1172 sensitiva,

473 1178 617 1250 quia
645 1177 851 1234 harum
883 1177 1136 1247 partium
1167 1175 1382 1244 apimae
1409 1175 1790 1245 operationes
1812 1187 1935 1231 non
1964 1178 2309 1244 competunt
2328 1172 2614 1230 omnibus
2673 1173 2899 1232 artibus

473 1248 760 1306 universi.
797 1249 941 1305 Dato
971 1247 1150 1304 etiam
1173 1246 1332 1319 quod
1355 1247 1599 1304 baberet
1617 1243 1878 1302 mundus
1898 1244 2159 1302 animam
2184 1243 2532 1301 sensitivam
2561 1257 2633 1298 ve
2675 1244 2901 1301 nutriti·

471 1332 629 1388 vam,
643 1331 766 1376 non
782 1323 1019 1390 propter
1035 1316 1373 1389 hujusmodi
1395 1317 1629 1374 animas
1649 1314 1961 1373 deberetur
1971 1315 2026 1372 ei
2048 1313 2233 1378 latriae
2249 1313 2636 1381 cultuS,sicut
2650 1328 2768 1371 nec
2777 1315 2902 1372 bru·

473 1388 554 1447 tis
580 1388 962 1457 animalibus,
994 1401 1105 1445 nec
1119 1387 1362 1460 plantis.
1385 1386 1760 1459 Relinquitur
1774 1399 1918 1467 ergo
1935 1385 2096 1458 quod
2126 1385 2238 1442 boc
2266 1384 2430 1465 quod
2454 1384 2668 1465 dicunt
2690 1387 2899 1456 Deum,

475 1460 572 1518 cui
602 1459 849 1517 debetur
877 1458 1069 1529 latria,
1098 1470 1233 1515 esse
1281 1462 1542 1515 animam
1588 1456 1791 1515 mundi
1844 1456 2210 1527 intelligatur
2233 1454 2306 1512 de
2334 1468 2537 1512 amma
2564 1456 2897 1514 intellectu·

476 1529 591 1597 ali3
620 1544 750 1602 quae
780 1529 1019 1602 quidem
1049 1529 1251 1587 anima
1276 1541 1399 1586 non
1429 1534 1521 1586 est
1564 1527 1849 1598 perfectio
1896 1527 2419 1584 determinatarum
2468 1526 2735 1597 partium
2778 1540 2899 1586 cor·

474 1600 663 1674 poris,
693 1599 799 1657 sed
830 1600 1031 1672 aliquo
1061 1599 1241 1658 modo
1268 1598 1717 1668 respicittotum
1746 1615 1760 1654 ι
1792 1597 1952 1669 quod
1973 1597 2150 1654 etiam
2181 1596 2243 1653 in
2273 1602 2480 1654 nostra
2510 1596 2742 1670 anima,
2774 1611 2896 1671 quae

477 1676 572 1729 est
600 1670 945 1742 ignobilior,
969 1675 1148 1742 patet.
1176 1672 1307 1727 Non
1346 1670 1505 1727 enim
1533 1668 1874 1726 intellectus
1905 1667 2081 1725 babet
2108 1666 2658 1739 aliquodorganum
2689 1681 2900 1740 corpo-

477 1741 632 1810 rale,
653 1746 718 1797 ut
744 1740 1026 1812 probatur
1068 1740 1132 1797 in
1159 1740 1334 1798 tertio
1360 1742 1436 1798 De
1472 1742 1662 1795 anima
1689 1737 1849 1810 (text.
1881 1749 2097 1796 comm.
2131 1737 2208 1809 6).
2235 1740 2359 1795 Non
2401 1737 2420 1793 i
2466 1738 2589 1796 itur
2613 1738 2899 1796 exhiben-

479 1811 594 1869 dus
631 1816 793 1869 esset
837 1812 1036 1868 cultus
1082 1810 1412 1868 divinitatis
1463 1809 1717 1867 diversis
1757 1808 2024 1881 partibus
2070 1806 2300 1878 mundi,
2336 1821 2401 1866 se
2487 1808 2597 1865 toti
2650 1809 2897 1877 mundo,

474 1886 719 1953 propter
746 1880 1004 1938 animam
1036 1881 1167 1952 eJus
1195 1881 1525 1938 secundum
1554 1893 1761 1937 eorum
1792 1880 2070 1937 radicem.
2447 1948 2461 1959 ·

547 1952 822 2020 Amplius,
855 1952 906 2008 si
960 1950 1290 2009 secundum
1333 1964 1538 2008 eorum
1585 1950 1943 2022 positionem
1975 1963 2095 2008 una
2142 1954 2371 2006 tantum
2410 1953 2494 2007 sit
2531 1949 2746 2008 anima
2774 1962 2902 2023 quae

477 2024 666 2079 totum
719 2021 1003 2078 mundum
1070 2021 1295 2079 animat
1344 2026 1401 2078 et
1446 2028 1644 2092 partes
1690 2033 1901 2078 omnes
1951 2020 2166 2092 ipsius,
2213 2019 2475 2077 mundus
2528 2026 2731 2078 autem
2786 2034 2899 2080 non

479 2090 698 2149 dicitur
725 2093 882 2149 Deus
929 2091 1046 2148 nisi
1094 2096 1332 2163 propter
1374 2093 1656 2159 animam,
1706 2091 1819 2171 erit
1857 2104 2001 2164 ergo
2045 2102 2203 2148 unus
2249 2096 2480 2149 tantum
2512 2092 2694 2156 Deus,
2718 2095 2786 2150 et
2820 2091 2901 2151 sic

480 2162 678 2221 cultus
708 2161 1036 2219 divinitatis
1065 2174 1188 2218 non
1216 2161 1462 2220 debetur
1491 2162 1613 2219 nisi
1640 2173 1767 2218 uni.

550 2232 610 2290 Si
644 2245 781 2290 vero
809 2232 887 2289 sit
931 2246 1049 2289 una
1076 2232 1276 2289 anima
1326 2232 1533 2300 totius,
1564 2238 1624 2289 et
1648 2232 1896 2289 diversae
1945 2236 2145 2301 partes
2172 2231 2388 2289 iterum
2420 2231 2684 2290 habeant
2710 2232 2898 2291 diver·

480 2315 583 2363 sas
608 2303 841 2359 animas
864 2344 879 2370 ,
906 2307 1137 2373 oportet
1182 2316 1290 2361 eos
1315 2301 1532 2371 dicere,
1564 2300 1720 2375 quod
1768 2304 1983 2359 animae
2028 2301 2283 2374 partium
2323 2301 2436 2361 sub
2465 2303 2673 2360 anima
2716 2304 2900 2361 totius

481 2372 849 2431 ordinentur.
882 2373 1094 2430 Eadem
1140 2373 1300 2430 enim
1349 2378 1441 2430 est
1486 2373 1791 2444 proportio
1835 2372 2264 2443 perfectionum
2309 2381 2369 2429 et
2414 2373 2896 2445 perfectibilium.

479 2443 884 2501 Existentibus
933 2450 1128 2501 autem
1175 2443 1448 2515 pluribus
1499 2442 1855 2502 substantiis
1900 2441 2404 2501 intellectualibus
2456 2443 2781 2514 ordinatis,
2824 2445 2896 2503 illi

483 2519 711 2572 tantum
743 2514 988 2572 debetur
1030 2514 1215 2573 latriae
1244 2515 1441 2572 cultus
1470 2529 1603 2588 quae
1640 2528 1941 2573 summum
1975 2512 2169 2571 locum
2202 2515 2265 2571 in
2291 2516 2381 2572 eis
2403 2520 2584 2584 tenet,
2620 2523 2688 2573 ut
2724 2530 2901 2588 supra

481 2593 792 2643 ostensum
822 2591 913 2643 est
942 2591 1150 2644 contra
1175 2585 1352 2643 aliam
1383 2587 1765 2658 positionem.
1796 2588 1927 2643 Non
1955 2585 2069 2642 erit
2094 2584 2279 2656 igitur
2305 2585 2684 2644 exhibendus
2716 2586 2898 2645 latriae

481 2656 683 2714 cultus
707 2656 974 2727 partibus
1002 2656 1232 2725 mundi,
1263 2655 1368 2714 sed
1398 2658 1594 2714 solum
1627 2657 1755 2714 toti.

551 2728 837 2794 Praeterea,
867 2727 1248 2784 manifestum
1280 2733 1372 2785 est
1417 2727 1705 2799 quasdam
1796 2731 1953 2783 artes
1994 2725 2200 2783 mundi
2232 2739 2354 2784 non
2390 2726 2609 2785 habere
2639 2726 2898 2786 animam

478 2797 799 2868 propriam.
833 2798 978 2854 Eisi
1027 2799 1143 2855 itur
1172 2810 1291 2855 non
1340 2798 1448 2854 erit
1478 2798 1731 2854 exbiben
1781 2809 1849 2854 us
1895 2797 2131 2865 cultus;
2162 2801 2219 2853 et
2246 2801 2444 2855 tamen
2479 2797 2902 2875 ipsi—colebant

481 2867 716 2925 animas
744 2873 803 2922 et
829 2880 970 2923 mun
1018 2866 1036 2923 i
1065 2868 1377 2936 elementa,
1405 2868 1637 2925 scilicet
1674 2873 1911 2936 terram,
1944 2879 2180 2939 aquam,
2212 2867 2432 2939 ignem,
2457 2874 2513 2925 et
2542 2868 2665 2924 alia
2698 2869 2899 2942 huJus·

429 2952 438 2959 ·
478 2937 642 2995 modi
667 2937 995 2994 inanimata
1022 2950 1291 3008 corpora.

551 3009 702 3071 Item,
735 3008 1114 3065 manifestum
1144 3014 1236 3065 cst
1277 3008 1437 3080 quod
1466 3008 1744 3078 superius
1770 3020 1893 3064 non
1939 3005 2116 3065 debet
2138 3006 2408 3065 inferiori
2437 3008 2625 3067 latriae
2652 3010 2897 3069 cultum.

481 3075 672 3135 Homo
713 3082 908 3134 autem
942 3079 1216 3149 superior
1241 3084 1334 3136 est
1378 3078 1588 3135 ordine
1617 3085 1842 3136 naturae
1868 3077 1943 3135 ad
1970 3078 2173 3136 minus
2202 3079 2484 3136 omnibus
2512 3079 2899 3139 inferioribus

481 3147 853 3218 corporibus,
885 3153 1109 3220 quanto
1151 3148 1562 3219 perfectiorem
1613 3148 1787 3205 habet
1837 3148 2109 3205 sormam.
2140 3149 2272 3206 Non
2322 3150 2508 3221 igitur
2543 3150 2617 3209 ab
2660 3150 2897 3209 homine

482 3223 644 3276 esset
672 3218 857 3275 latriae
904 3219 1101 3276 cultus
1143 3218 1512 3276 exhibendus
1557 3218 1943 3277 inferioribus
1990 3218 2366 3288 corporibuS,
2398 3220 2452 3277 si
2495 3225 2743 3292 propter
2768 3234 2898 3294 pro·

478 3290 643 3361 prias
673 3302 879 3346 eorum
911 3290 1143 3347 animas
1173 3289 1262 3346 eis
1291 3291 1488 3347 cultus
1517 3288 1851 3347 deberetur.

553 3357 766 3416 Eadem
807 3365 1002 3416 autem
1052 3360 1532 3417 inconvenientia
1574 3360 1746 3440 sequi
1799 3372 2045 3418 necesse
2101 3364 2214 3429 est,
2244 3361 2297 3419 si
2342 3360 2479 3432 quis
2530 3360 2713 3431 dicat,
2742 3361 2900 3435 quod

480 3427 737 3501 singulae
767 3434 962 3500 partes
1001 3428 1204 3486 mundi
1232 3429 1451 3490 habent
1485 3443 1757 3501 proprias
1798 3431 2052 3501 animas,
2084 3443 2208 3488 non
2252 3436 2449 3489 autem
2493 3438 2684 3490 totum
2730 3432 2901 3491 babet

479 3498 740 3571 aliquam
770 3500 1030 3557 animam
1060 3513 1462 3558 communem.
1496 3500 1802 3572 Oportebit
1829 3502 1987 3558 enim
2018 3500 2179 3573 quod
2210 3513 2492 3574 suprema
2522 3517 2658 3574 pars
2689 3501 2896 3563 mundi

478 3567 694 3696 halbteat
723 3571 982 3627 animam
1027 3570 1405 3641 nobiliorem,
1435 3573 1534 3629 cui
1583 3571 1699 3630 soli
1729 3571 2058 3630 secundum
2090 3573 2404 3644 praenn‘ssa
2427 3573 2679 3631 debetur
2714 3574 2898 3633 latria

477 3651 553 3700 cu
607 3655 698 3698 us.

551 3711 655 3768 His
699 3715 894 3768 autem
943 3711 1346 3783 positionibus
1393 3711 1862 3771 irrationabilior
1902 3717 1993 3772 est
2039 3712 2142 3772 illa
2168 3727 2301 3787 quae
2345 3714 2491 3772 dicit
2526 3713 2609 3772 im
2698 3713 2897 3776 ‘nibus

477 3794 613 3840 esse
661 3781 846 3839 latriae
908 3782 1134 3839 cultum
1181 3782 1600 3841 exhibendum.
1633 3784 1692 3840 Si
1741 3784 1901 3841 enim
1943 3783 2286 3856 hujusmodi
2335 3784 2633 3856 imagines
2722 3785 2897 3844 abent

475 3852 774 3919 virtutem,
807 3858 909 3910 aut
935 3853 1197 3924 aliquam
1231 3852 1579 3925 dignitatem
1618 3868 1692 3911 ex
1719 3854 2072 3924 corporibus
2096 3854 2461 3918 coelestibus,
2495 3868 2618 3913 non
2656 3862 2895 3929 propter

474 3921 592 3982 hos
621 3923 709 3980 eis
738 3923 983 3981 debetur
1013 3924 1198 3981 latriae
1239 3927 1459 3993 cultuS,
1489 3938 1627 3981 cum
1659 3938 1768 3983 nec
1793 3926 1942 3997 ipsis
1971 3925 2323 3996 corporibus
2353 3925 2703 3984 coelestibus
2728 3926 2895 3985 debe·

476 3998 629 4074 atur,
663 3994 779 4051 nisi
812 3994 961 4050 forte
992 3999 1230 4066 propter
1257 4007 1462 4051 eorum
1492 3995 1747 4059 animas,
1782 4003 1846 4052 ut
1883 3994 2124 4069 quidam
2155 4002 2505 4067 posuerunt.
2534 3998 2670 4054 Haec
2697 4002 2892 4058 autem

475 4064 773 4133 imagines
804 4071 1107 4136 ponuntur
1135 4064 1406 4123 virtutem
1438 4064 1697 4137 aliquam
1743 4065 2029 4138 consequi
2063 4079 2136 4123 ex
2163 4066 2518 4137 corporibus
2548 4067 2895 4127 coelestibus

475 4137 806 4192 secundum
835 4148 1040 4193 eorum
1072 4136 1439 4206 corporalem
1473 4138 1769 4194 virtutem.

504 4270 517 4283 ⁶
545 4205 829 4268 Praeterea,
862 4205 1244 4263 manifestum
1274 4206 1552 4279 estquod
1583 4219 1704 4264 non
1735 4210 2188 4278 consequuntur
2213 4221 2286 4264 ex
2306 4208 2664 4278 corporibus
2694 4207 2895 4267 coeles-

475 4269 638 4351 tlbus
665 4280 783 4332 tam
830 4277 1090 4333 nobilem
1142 4276 1568 4348 perfectionem
1620 4278 1775 4335 sicut
1822 4284 1914 4334 est
1940 4277 2143 4335 anima
2190 4278 2520 4336 rationalis.
2552 4280 2703 4337 Sunt
2757 4289 2892 4352 ergo

476 4342 897 4468 ἒῃΐταιςναᾴυη]
919 4347 1238 4472 ldignitatis
1265 4347 1587 4420 cujuslibet
1606 4348 1893 4406 hominis,
1917 4349 2050 4406 Non
2073 4347 2259 4421 igitur
2278 4348 2352 4407 ab
2380 4347 2624 4406 bomine
2649 4349 2892 4409 debetur

510 4425 566 4470 is
594 4426 629 4469 a
655 4428 814 4485 lquls
842 4430 916 4473 cu
970 4430 1059 4474 us·
