3076 5025
1168 344 1303 403 Lis.
1341 345 1415 414 ll,
1454 343 1608 402 CAP.
1642 344 1750 402 LV.
2558 349 2658 405 169

229 481 413 536 esse;
453 466 615 526 sicut
657 466 1023 539 diaphauum
1064 472 1159 526 est
1184 467 1306 526 aeri
1335 466 1696 540 principium
1723 466 1983 538 lucendi,
2012 466 2156 542 quia
2183 467 2323 526 facit
2355 482 2492 527 eum
2520 481 2658 543 pro·

228 539 433 611 prium
464 537 800 610 subJectum
831 537 1006 597 lucis.

303 608 493 676 Unde,
527 609 587 665 in
612 608 965 679 compositis
993 623 1065 665 ex
1084 608 1333 666 materia
1359 612 1418 665 et
1446 608 1659 679 forma,
1685 622 1795 667 nec
1820 609 2069 667 materia
2097 623 2208 668 nec
2244 609 2438 669 forma
2462 614 2659 681 potest

228 678 356 738 dici
396 680 598 750 ipsum
625 679 786 752 quod
814 684 925 748 est,
956 692 1067 737 nec
1092 679 1267 736 etiam
1295 679 1488 750 ipsum
1520 693 1695 748 esse;
1730 678 1919 737 forma
1944 685 2142 737 tamen
2169 685 2365 751 potest
2390 681 2506 738 dici
2536 693 2655 753 quo

223 755 343 819 est,
391 748 724 807 secundum
755 749 914 824 quod
954 755 1048 808 est
1074 749 1314 807 essendi
1342 749 1724 821 principium.
1752 751 1885 820 Ipsa
1919 756 2117 808 autem
2145 756 2272 808 tota
2319 751 2658 809 substantia

225 824 321 879 est
352 818 554 892 ipsum
595 819 755 900 quod
792 824 906 884 est,
948 825 1007 901 et
1050 820 1248 947 ipsum
1280 832 1413 899 esse
1442 825 1534 878 est
1562 832 1682 893 quo
1712 820 2049 878 substantia
2073 819 2496 880 denominatur
2523 834 2661 879 ens.

223 894 297 948 ln
328 891 688 948 substantiis
717 895 918 948 autem
946 895 1068 948 inte
1098 890 1471 960 lectualibuS,
1502 904 1635 963 quae
1665 902 1787 947 non
1816 896 1960 948 sunt
1987 905 2062 948 ex
2088 892 2338 949 materia
2363 897 2421 948 et
2466 891 2657 950 forma

222 961 600 1031 compositae,
634 967 699 1018 ut
726 961 801 1034 (c.
836 965 905 1019 50
932 966 990 1017 et
1018 960 1107 1032 51)
1135 966 1447 1018 ostensum
1476 967 1569 1019 est
1595 959 1721 1033 (sed
1753 960 1815 1017 in
1854 959 1945 1018 eis
1982 960 2116 1032 ipsa
2155 962 2347 1019 forma
2374 966 2464 1020 est
2513 962 2655 1020 sub·

223 1032 450 1089 stantia
499 1031 862 1102 subsistens)
911 1031 1099 1088 forma
1148 1036 1241 1088 est
1280 1030 1437 1105 quod
1468 1037 1597 1101 est3
1629 1031 1829 1101 ipsum
1858 1036 2054 1089 autem
2088 1044 2222 1089 esse
2263 1038 2357 1089 est
2401 1036 2570 1090 actus
2599 1036 2663 1092 et

223 1115 351 1174 quo
397 1107 533 1171 est;
582 1107 640 1159 et
667 1107 907 1173 propter
935 1101 1051 1159 hoc
1081 1101 1142 1158 in
1171 1102 1261 1159 eis
1290 1107 1380 1159 est
1411 1101 1591 1159 unica
1615 1106 1847 1159 tantum
1871 1102 2229 1173 compositio
2259 1108 2428 1159 actus
2457 1108 2516 1159 et
2538 1114 2649 1183 po-

225 1172 455 1239 tentiae,
499 1185 634 1245 quae
680 1172 910 1230 scilicet
949 1177 1141 1230 estex
1169 1172 1505 1230 substantia
1528 1176 1588 1229 et
1614 1185 1787 1230 esse:
1819 1186 1953 1243 quae
1982 1187 2017 1230 a
2044 1172 2404 1244 quibusdam
2435 1171 2663 1229 dicitur

226 1257 307 1300 ex
347 1243 494 1313 quod
518 1246 597 1297 est
637 1247 696 1298 et
719 1257 865 1309 esse;
895 1242 987 1299 vel
1017 1256 1089 1300 ex
1132 1257 1190 1298 eo
1233 1243 1377 1313 quod
1421 1246 1501 1298 est
1546 1247 1604 1300 et
1649 1257 1754 1314 quo
1798 1247 1896 1297 est.
1947 1245 2013 1299 ln
2059 1242 2413 1299 substantiis
2457 1247 2653 1299 autem

227 1313 589 1384 compositis
613 1326 684 1369 ex
709 1312 957 1370 materia
983 1317 1041 1370 et
1071 1312 1261 1370 forma
1290 1319 1381 1370 est
1411 1312 1630 1383 duplex
1658 1312 2016 1392 compositio
2055 1319 2222 1369 actus
2253 1318 2312 1368 et
2338 1311 2618 1383 potentiae
2642 1330 2663 1369 r

225 1382 425 1455 prima
449 1382 693 1455 quidem
736 1383 931 1454 ipsius
959 1383 1331 1464 substantiae,
1380 1397 1514 1455 quae
1544 1389 1924 1453 componitur
1950 1396 2022 1439 ex
2052 1382 2295 1440 materia
2331 1388 2390 1438 et
2419 1382 2645 1450 forma;

227 1453 503 1512 secunda
545 1466 687 1510 vero
733 1467 804 1511 ex
848 1452 980 1524 ipsa
1034 1453 1369 1511 substantia
1410 1454 1533 1524 jam
1581 1452 1917 1524 composita
1959 1458 2019 1510 et
2066 1466 2240 1522 esse;
2290 1465 2422 1524 quae
2479 1452 2663 1509 etiam

225 1528 430 1595 potest
457 1523 575 1581 dici
605 1539 679 1581 ex
703 1539 765 1579 eo
792 1524 937 1594 quod
971 1527 1133 1580 estet
1158 1538 1288 1591 esse,
1317 1523 1410 1580 vel
1441 1538 1514 1581 ex
1541 1538 1598 1579 eo
1627 1524 1772 1594 quod
1796 1526 1876 1578 est
1902 1528 1962 1579 et
1988 1538 2093 1593 quo
2117 1527 2216 1579 est.

305 1594 403 1652 Sic
452 1594 638 1675 igitur
678 1598 839 1665 patet
877 1593 1037 1666 quod
1086 1593 1443 1674 compositio
1489 1598 1660 1652 actus
1707 1599 1766 1651 et
1801 1594 2083 1665 potentiae
2112 1592 2289 1675 estin
2315 1593 2454 1665 plus
2480 1605 2662 1666 quam

229 1665 596 1737 compositio
622 1664 828 1722 formae
856 1669 915 1721 et
958 1668 1220 1722 materiae
1243 1682 1257 1733 3
1285 1664 1440 1722 unde
1465 1664 1713 1723 materia
1740 1669 1799 1721 et
1825 1664 2017 1722 forma
2068 1663 2341 1722 dividunt
2385 1664 2663 1723 substan-

230 1735 380 1793 tiam
421 1734 835 1804 materialem;
882 1734 1148 1806 potentia
1187 1740 1386 1792 autem
1433 1739 1492 1792 et
1538 1739 1709 1792 actus
1760 1733 2031 1791 dividunt
2074 1747 2184 1792 ens
2212 1740 2656 1805 commune3et

229 1810 476 1878 propter
521 1805 636 1863 hoc
676 1818 1067 1878 quaecumque
1108 1804 1348 1877 quidem
1393 1811 1847 1877 consequuntur
1883 1804 2212 1878 potentiam
2258 1809 2319 1862 et
2341 1810 2562 1874 actum,
2593 1803 2659 1864 in

230 1881 521 1949 quantum
555 1874 921 1946 hujusmodi,
953 1880 1095 1933 sunt
1121 1875 1464 1933 communia
1491 1874 1848 1934 substantiis
1893 1875 2306 1933 materialibus
2348 1879 2407 1933 et
2450 1876 2660 1934 imma·

232 1946 551 2004 terialibus
592 1946 831 2014 creatis,
879 1945 1037 2004 sicut
1080 1945 1341 2018 recipere
1380 1951 1440 2003 et
1464 1944 1671 2017 recipi,
1700 1943 1983 2026 perficere
2011 1950 2071 2003 et
2137 1944 2319 2003 erfici.
2348 1946 2662 2015 Quaecum-

231 2029 352 2090 que
394 2030 541 2074 vero
578 2022 722 2075 sunt
772 2016 1015 2087 propria
1041 2016 1301 2075 materiae
1342 2020 1401 2073 et
1440 2014 1670 2086 formae,
1696 2029 1761 2072 in
1790 2019 2079 2089 quantum
2151 2016 2474 2089 ujusmodi,
2504 2016 2665 2074 sicut

231 2086 511 2160 generari
542 2091 600 2143 et
641 2086 966 2158 corrumpi,
996 2090 1055 2144 et
1084 2085 1202 2144 alia
1228 2085 1597 2160 hujusmodi,
1618 2086 1746 2145 liaec
1772 2093 1913 2144 sunt
1931 2086 2170 2168 propria
2189 2087 2660 2145 substantiarum

233 2156 661 2227 materialium,
734 2160 794 2214 et
852 2155 1020 2215 nullo
1085 2156 1267 2216 modo
1322 2156 1689 2216 conveniunt
1754 2157 2111 2217 substantiis
2162 2156 2663 2219 immaterialibus

235 2228 477 2288 creatis,
504 2226 552 2300 (1
579 2231 755 2300 part..
784 2240 845 2300 q.
872 2230 924 2291 l,
952 2230 1061 2286 art.
1092 2225 1171 2299 l.)

1231 2446 1485 2514 CAPUT
1544 2447 1670 2514 LV.

534 2630 686 2685 QUOD
724 2627 1101 2675 SUBSTANTOE
1137 2627 1639 2676 INTELLEGTUALES
1673 2626 1823 2675 SUNT
1858 2626 2365 2676 mconnurnmms

308 2796 392 2853 Ex
436 2793 555 2852 boc
581 2796 780 2851 autem
825 2796 1025 2864 aperte
1064 2789 1401 2870 ostenditur
1437 2789 1601 2871 quod
1640 2790 1839 2849 omnis
1863 2790 2200 2850 substantia
2242 2790 2669 2854 intellectualis

237 2869 332 2922 est
366 2862 860 2933 incorruptibilis,
911 2862 1120 2920 Omnis
1150 2874 1307 2916 enim
1340 2866 1643 2931 corruptio
1668 2866 1760 2919 est
1784 2875 1887 2933 per
1914 2862 2356 2933 separationem
2387 2863 2594 2922 sormae
2622 2876 2661 2923 a

237 2935 491 2993 materia
513 2949 525 2986 :
549 2934 800 3003 simplex
823 2931 1062 3006 quidem
1081 2930 1384 3001 corruptio
1406 2945 1509 3002 per
1528 2932 1965 3002 separationem
1988 2933 2194 2991 formae
2214 2933 2506 2992 substanti
2516 2935 2661 3005 alis;

238 3004 545 3077 corruptio
586 3010 783 3061 autem
826 3002 1156 3061 secundum
1183 3001 1327 3074 quid
1367 3015 1472 3072 per
1511 3003 1949 3073 separationem
1979 3003 2186 3062 sormae
2214 3004 2601 3064 accidentalis
2637 3022 2656 3074 ς

239 3076 434 3134 forma
479 3073 639 3132 euim
671 3077 968 3141 manente,
998 3077 1227 3153 oportet
1258 3084 1382 3129 rein
1411 3085 1547 3130 esse
1572 3090 1586 3141 ;
1629 3087 1733 3145 per
1760 3074 2012 3131 formam
2043 3074 2202 3132 enim
2228 3075 2566 3134 substantia
2594 3073 2662 3133 fit

238 3145 546 3218 propi-ium
577 3143 993 3224 susceptivum
1009 3156 1139 3214 eius
1168 3142 1325 3215 quod
1357 3147 1452 3201 est
1474 3155 1631 3200 esse.
1665 3144 1769 3200 Ubi
1801 3150 1999 3203 autem
2026 3158 2146 3202 nou
2178 3150 2271 3204 est
2299 3145 2659 3218 compositio

241 3219 449 3275 formae
490 3221 548 3272 et
587 3215 870 3282 materiae,
913 3212 996 3270 ibi
1030 3225 1151 3270 non
1191 3217 1387 3283 potest
1430 3226 1566 3271 esse
1610 3214 1908 3285 separatio
1938 3215 2355 3274 earumdemst
2400 3217 2519 3274 itur
2549 3230 2663 3275 nec

240 3286 568 3358 corruptio.
601 3286 917 3342 ostensum
942 3287 1256 3364 est-autem
1275 3283 1349 3355 (c.
1370 3284 1459 3355 50)
1489 3284 1839 3366 quod-nulla
1867 3286 2205 3344 substantia
2232 3286 2355 3343 inte
2382 3286 2657 3345 lectualis

238 3363 333 3416 est
360 3357 811 3482 composissalex
852 3359 1102 3412 materia
1127 3359 1188 3411 et
1216 3354 1427 3411 forma.
1459 3355 1635 3412 Nulla
1661 3356 1847 3427 igitur
1872 3355 2209 3415 substantia
2235 3355 2658 3415 intellectualis

241 3432 337 3486 est
360 3439 541 3485 corru
586 3433 626 3482 ti
675 3438 796 3483 iis.

309 3440 589 3568 Ampliug,
637 3494 799 3568 quod
839 3507 948 3566 per
970 3506 1047 3576 se.
1067 3493 1245 3553 alicui
1273 3495 1576 3566 competit,
1606 3494 1680 3553 de
1701 3496 2081 3578 necessitate,
2110 3502 2167 3554 et
2197 3509 2434 3568 semper
2484 3496 2657 3556 etin-

240 3567 657 3640 separabiliter
695 3566 751 3624 ei
788 3567 967 3634 inest,
995 3571 1155 3623 sicut
1183 3567 1502 3624 rotundum
1573 3579 1637 3622 er
1663 3578 1731 3624 se
1773 3567 2014 3639 quidem
2062 3574 2222 3626 inest
2266 3568 2429 3626 circu
2456 3581 2493 3625 o
2598 3581 2667 3625 er

241 3638 524 3719 accidens
550 3643 749 3695 autem
778 3636 922 3705 aeri3
968 3635 1122 3693 unde
1143 3649 1226 3694 aes
1253 3637 1494 3708 quidem
1530 3579 1657 3718 geri
1708 3638 2182 3718 nourotundum
2211 3644 2304 3697 est
2331 3582 2662 3709 possibiYe3

241 3708 535 3767 circulum
565 3713 764 3764 autem
793 3719 914 3763 non
944 3719 1079 3765 esse
1121 3707 1437 3764 rotundum
1477 3712 1572 3764 est
1591 3708 2003 3787 ‚impossibile
2033 3710 2176 3766 Esse
2206 3715 2400 3766 autem
2449 3723 2554 3781 per
2599 3721 2666 3767 se

242 3779 636 3852 consequitur
662 3778 737 3836 ad
771 3776 1044 3836 sormam.
1073 3777 1182 3834 Per
1207 3789 1273 3835 se
1301 3779 1460 3834 enim
1487 3777 1745 3835 dicimus
1773 3778 1932 3850 quod
1953 3784 2045 3836 est
2072 3779 2401 3837 secundum
2424 3779 2662 3850 ipsum:

243 3849 714 3922 unumquodque
762 3853 958 3905 autem
1007 3846 1186 3905 habet
1220 3860 1355 3905 esse
1404 3847 1733 3906 secundum
1776 3848 1938 3920 quod
1983 3848 2163 3906 habet
2193 3850 2466 3907 foi-mam.
2516 3851 2665 3907 Sub-

239 3921 478 3978 stantiae
510 3920 692 3991 igitur
733 3932 866 4000 quae
907 3930 1031 3976 non
1070 3921 1211 3974 sunt
1247 3918 1394 3998 ipsae
1441 3919 1647 3976 formae
1678 3923 1929 3999 possunt
1976 3920 2193 3991 privari
2239 3933 2396 3988 esse,
2445 3934 2660 3979 secun-

241 3991 386 4049 dum
434 3989 595 4064 quod
645 3992 925 4047 amittunt
959 3989 1255 4058 formam3
1299 3993 1459 4046 sicut
1502 4002 1587 4046 aes
1620 3995 1878 4059 privatur
1922 3989 2304 4058 rotunditate,
2333 3992 2663 4050 secundum

243 4060 404 4133 quod
461 4059 687 4119 desinit
737 4072 873 4118 esse
927 4058 1237 4117 circulare.
1291 4058 1647 4139 substantiae
1668 4073 1832 4139 ‚vero
1936 4074 2025 4117 uae
2070 4065 2213 4118 sunt
2260 4061 2408 4132 ipsae
2462 4061 2669 4122 sormae

242 4145 552 4205 nunquam
583 4135 837 4202 possunt
863 4129 1081 4201 privari
1115 4143 1288 4196 esse;
1320 4130 1497 4196 sicut,
1519 4142 1572 4186 si
1602 4128 1804 4202 aliqua
1831 4142 1901 4188 su
1947 4131 2168 4189 stantia
2194 4136 2355 4189 esset
2381 4130 2642 4192 circulus

243 4215 552 4276 nunquam
579 4206 782 4281 posset
803 4199 932 4258 fieri
961 4213 1084 4258 non
1109 4198 1382 4282 rotunda.
1415 4201 1732 4280 ostensum
1765 4206 1856 4259 est
1875 4207 2070 4259 autem
2093 4214 2275 4272 supra
2294 4200 2369 4273 (c.
2394 4202 2484 4275 50)
2505 4176 2665 4275 quod

243 4273 600 4332 substantiae
625 4270 1056 4329 intellectuales
1093 4275 1400 4342 suutipsae
1431 4272 1633 4328 tormae
1680 4271 2101 4331 subsistentes.
2147 4272 2526 4345 Impossibile
2573 4278 2665 4331 est

244 4343 428 4414 igitur
456 4342 619 4415 quod
650 4354 786 4398 esse
814 4341 1111 4400 desinant.
1137 4342 1287 4399 Sunt
1313 4341 1497 4413 igilur
1525 4341 2033 4414 incorruptibiles.

311 4414 536 4480 Adhuc,
567 4413 628 4469 in
659 4411 821 4469 omni
852 4412 1253 4486 corruptione,
1282 4417 1512 4469 remoto
1542 4417 1698 4482 actu,
1728 4418 1993 4470 remanet
2029 4413 2312 4485 potentia.
2341 4415 2473 4470 Non
2501 4412 2663 4469 enim

245 4485 654 4558 corrumpitur
676 4481 903 4556 aliquid
930 4482 996 4543 in
1038 4482 1288 4543 omniuo
1316 4495 1439 4543 non
1482 4495 1614 4549 ens,
1656 4482 1816 4543 sicut
1858 4497 1967 4545 nec
2000 4489 2318 4558 generatur
2343 4482 2567 4554 aliquid
2596 4493 2670 4537 ex
