3076 5025
1160 286 1294 344 ΗΒ.
1335 286 1436 356 111,
1471 286 1626 343 CAP.
1663 286 1842 343 XCVI.
2605 291 2703 347 391

278 406 385 469 fiat
407 407 475 467 iii
493 420 718 467 vanum
744 426 761 464 ε
790 407 894 480 qui
914 406 1154 481 quidem
1176 418 1344 464 error
1364 410 1464 464 tan
1514 405 1652 476 'tur,
1680 406 1953 470 Malach„
1984 418 2074 475 111,
2097 411 2163 465 tt
2183 424 2198 464 t
2215 408 2471 473 Diristis,
2490 410 2704 483 inquit.

278 493 454 537 canus
476 481 673 549 estqui
694 481 862 534 servit
885 481 1029 545 De03
1074 482 1129 535 et
1174 476 1320 547 quod
1361 491 1473 532 emo
1495 480 1788 542 timentum,
1833 479 1968 548 quia
2009 478 2394 536 custodivimus
2436 486 2711 554 praecepta

276 550 418 622 ejus,
447 553 501 606 et
524 552 657 620 quia
685 549 1081 605 ambulavimus
1101 550 1281 606 tristes
1303 562 1487 604 coram
1519 549 1749 604 Domino
1784 549 2152 604 exercituum?

351 620 606 689 Quidam
659 633 801 678 vero
846 633 881 679 e
912 618 1214 678 contrario
1241 618 1502 676 divinam
1558 617 2018 690 dispositionem
2059 619 2432 678 orationihus
2476 620 2712 680 vertibi-

274 689 398 751 lem
425 704 562 750 esse
591 688 889 762 dicebant,
918 690 1077 749 sicut
1103 694 1163 749 et
1372 688 1441 769 tii
1474 688 1772 759 dicebant,
1803 689 1963 762 quod
1999 690 2182 748 fatum
2225 690 2623 762 orationibus,
2652 698 2713 752 et

273 760 643 836 quibusdam
669 760 1058 834 imaginibus,
1087 765 1147 819 et
1173 759 1286 820 sub
1316 759 1811 833 umigationibus,
1861 760 1987 820 sive
2038 761 2547 820 incantationibus
2579 776 2709 822 vei·-

273 831 548 903 tebatur3
579 838 641 891 et
665 831 741 890 ad
766 831 930 891 hunc
951 844 1197 891 sensum
1227 831 1525 902 pertinere
1548 829 1826 890 videntur
1868 829 2139 904 quaedam
2167 844 2301 904 quae
2342 832 2405 889 in
2447 833 2709 906 Scriptu-

277 903 369 963 ris
395 902 620 962 divinis
641 902 925 962 dicuntur
946 901 1279 962 secundum
1307 900 1369 960 id
1396 901 1559 983 quod
1582 901 1775 974 prima
1802 901 1955 960 facie
1983 907 2225 973 apparet
2251 917 2324 959 ex
2342 903 2452 961 eis.
2483 904 2711 963 Dicitur

280 974 447 1056 enim
476 974 958 1057 lsaiae,·xxxvm,
991 976 1087 1032 t—ti
1119 971 1284 1101 qai-od
1311 974 1502 1048 isaias
1530 987 1603 1031 ex
1630 973 1912 1030 mandato
1959 972 2195 1031 Domini
2251 972 2400 1031 dixit
2443 975 2710 1033 Ezechiae

279 1058 414 1118 regi
443 1062 460 1102 ι
489 1047 618 1102 Haec
636 1044 775 1101 dicit
806 1046 1069 1102 Dominus
1097 1061 1117 1099 ε

282 1120 345 1173 et
412 1114 530 1174 uod
595 1120 693 1174 ost
718 1114 1052 1175 orationem
1079 1115 1224 1173 Ezeo
1269 1113 1342 1173 ἰῶ
1364 1115 1577 1184 factum
1601 1118 1681 1170 est
1697 1116 1919 1171 verbum
1933 1116 2152 1170 Domini
2168 1115 2243 1170 ad
2258 1116 2463 1171 Isaiam
2487 1115 2672 1172 dicens
2690 1135 2709 1172 τ

288 1130 442 1244 Vaga
464 1190 519 1242 et
581 1188 634 1242 ic
675 1186 921 1244 Ezechiae
947 1205 967 1241 ε
994 1186 1209 1244 Audivi
1253 1188 1551 1242 orationem
1581 1189 1751 1266 tuam.
1780 1188 1915 1242 Ecce
1959 1201 2054 1254 eqo
2092 1185 2358 1267 adjiciam
2390 1201 2555 1257 super
2595 1186 2711 1244 dies

280 1260 406 1314 tuos
423 1256 730 1326 quindecim
751 1271 943 1315 annos.
970 1258 1288 1325 Etterem„
1309 1268 1463 1326 ΠΗ,
1480 1261 1537 1321 7,
1561 1254 1781 1313 dicitur
1798 1270 1870 1314 ex
1884 1268 2144 1327 persona
2163 1256 2399 1314 Domini
2432 1273 2448 1312 t
2481 1258 2713 1328 Repente

281 1327 480 1398 loquar
506 1326 1018 1413 adversus-pentem,
1046 1331 1101 1412 et
1121 1327 1382 1413 adversus
1406 1342 1652 1412 reanum,
1680 1331 1744 1383 ut
1785 1328 2072 1395 eradicem,
2104 1331 2156 1382 et
2186 1327 2480 1390 destruam,
2516 1331 2568 1383 et
2596 1327 2710 1385 dis-

277 1397 1710 1549 tssaetssftmttttsstesffltt
1742 1397 2713 1538 ‚sammuawa

280 1541 354 1597 ei.
383 1540 454 1596 Et
472 1539 679 1609 melis,
705 1552 774 1608 11,
802 1543 970 1598 13-14
998 1557 1015 1596 ε
1041 1540 1433 1598 Convertimini
1456 1540 1533 1596 ad
1555 1541 1845 1596 Dominum
1887 1543 2058 1596 Deum
2096 1542 2352 1606 vestrum,
2391 1541 2527 1610 quia
2569 1540 2714 1596 beni·

279 1624 446 1681 quus,
475 1613 528 1666 et
549 1611 855 1667 misericors
880 1613 979 1668 est.
1010 1609 1142 1678 Quis
1167 1611 1272 1667 scit
1295 1612 1348 1668 si
1372 1613 1720 1667 convertatur
1740 1614 1793 1667 et
1816 1612 2061 1679 ianoscat
2080 1611 2224 1665 Deus
2238 1611 2270 1664 ?

357 1681 496 1739 Haec
521 1685 742 1751 autem,
774 1680 829 1739 si
845 1680 1191 1740 secundum
1233 1693 1407 1740 suam
1446 1680 1824 1752 superficiem
1858 1679 2287 1761 intelligantur,
2320 1678 2394 1737 ad
2437 1680 2715 1740 inconve-

280 1748 465 1809 niens
491 1749 739 1808 ducunt.
769 1751 1047 1825 Sequitur
1072 1751 1235 1809 enim
1263 1753 1458 1825 primo
1481 1750 1644 1824 quod
1672 1752 1950 1810 voluntas
1977 1752 2078 1807 Dei
2104 1751 2185 1809 sit
2207 1749 2534 1808 mutabilis
2564 1754 2712 1809 Item

283 1819 449 1894 quod
473 1820 701 1895 aliquid
729 1836 800 1879 ex
827 1827 1095 1893 tempore
1123 1824 1246 1880 Deo
1272 1823 1581 1890 adveniat3
1611 1828 1671 1879 et
1710 1822 1963 1881 ulterius
1986 1820 2143 1894 quod
2173 1821 2376 1893 aliqua
2402 1834 2535 1894 quae
2562 1826 2712 1879 tem-

281 1891 570 1964 poraliter
596 1891 661 1950 in
689 1893 976 1951 creaturis
999 1897 1143 1952 sunt
1188 1892 1311 1953 sint
1335 1906 1523 1953 caiisa
1540 1892 1798 1966 alicujus
1817 1891 2130 1950 existentis
2152 1891 2217 1948 in
2243 1893 2388 1962 Dee,
2417 1891 2550 1964 ‹111ae
2566 1897 2708 1950 sunt

283 1962 605 2022 manifeste
632 1962 1055 2034 impossibilia,
1080 1962 1238 2022 sicut
1264 1979 1338 2022 ex
1365 1962 1780 2036 superioribus
1804 1966 1983 2035 patet.

353 2031 758 2091 Adversantur
793 2034 973 2092 etiam
1020 2034 1478 2093 auctoritatibus
1536 2046 1724 2092 sacrae
1770 2034 2108 2105 Scripturae,
2155 2045 2288 2104 quae
2330 2030 2709 2092 infallibilem

284 2103 557 2163 continet
577 2103 886 2163 veritatem
910 2109 971 2161 et
1000 2117 1367 2189 expressam.
1400 2104 1628 2163 Dicitur
1667 2104 1851 2174 enim,
1898 2107 2096 2172 Num„
2136 2114 2309 2170 xxiii,
2340 2106 2441 2159 19:
2471 2103 2595 2161 Non
2632 2107 2712 2160 est

282 2174 429 2232 Deus
453 2175 617 2245 quasi
643 2175 815 2240 homo,
840 2178 905 2231 ut
927 2178 1243 2242 mentiatur,
1266 2192 1365 2232 nec
1388 2180 1452 2232 ut
1471 2177 1621 2246 filius
1666 2176 1918 2238 hominis,
1968 2179 2033 2230 ut
2062 2177 2321 2230 mutetur.
2362 2176 2522 2229 Dixit
2560 2189 2706 2243 erqo,

284 2249 340 2302 et
362 2260 475 2301 non
497 2246 666 2314 faciet
686 2247 965 2303 PLocutus
1014 2249 1114 2308 est,
1141 2250 1195 2301 et
1235 2262 1347 2303 non
1388 2247 1684 2317 implebit?
1709 2248 1777 2304 Et
1802 2248 1828 2303 1
1856 2247 2019 2315 Reg.,
2045 2257 2150 2313 xv,
2169 2248 2241 2300 29
2270 2261 2286 2300 ε
2326 2243 2712 2314 Triumphator

281 2316 350 2372 in
372 2316 679 2373 Israeliten
702 2320 891 2388 parcet
939 2314 1007 2371 de
1025 2318 1365 2388 panituctine
1387 2332 1497 2373 non
1523 2319 1764 2387 flectetur
1788 2335 1809 2383 3
1836 2331 2006 2385 neque
2031 2318 2174 2370 enim
2194 2314 2348 2371 homo
2373 2318 2541 2372 estut
2578 2319 2714 2386 agat

278 2387 679 2468 mensium-iam.
709 2389 780 2445 Et
802 2360 1080 2467 Majach„
1109 2400 1180 2459 11,
1213 2392 1247 2446 6
1276 2406 1295 2442 =
1325 2389 1440 2457 Epo
1467 2390 1743 2451 Dominus,
1768 2391 1821 2441 et
1845 2402 1956 2466 non
1980 2389 2179 2466 mutor.
2292 2455 2304 2465 .

358 2457 423 2517 Si
447 2469 587 2530 quis
615 2462 813 2517 autem
840 2457 1159 2530 diligenter
1198 2458 1541 2517 consideret
1565 2457 1727 2515 circa
1772 2455 2074 2529 praedlcta,
2106 2459 2369 2514 inveniet
2400 2454 2561 2528 quod
2589 2468 2713 2514 oin-

284 2526 388 2587 nis
415 2541 584 2586 error
610 2529 712 2601 qui
738 2530 803 2587 in
829 2528 928 2587 his
956 2527 1173 2586 accidit
1227 2543 1302 2587 ex
1327 2529 1446 2587 hoc
1470 2528 1746 2601 provenit
1771 2526 1932 2600 quod
1961 2540 2083 2584 non
2107 2526 2523 2585 consideratur
2547 2524 2713 2585 diffe-

283 2597 482 2657 rentia
508 2599 664 2657 inter
692 2597 1091 2658 universalem
1119 2599 1389 2658 ordinem
1419 2603 1477 2657 et
1504 2598 1942 2671 particularem.
1973 2599 2118 2655 Cum
2149 2596 2307 2655 enim
2339 2609 2551 2655 omnes
2574 2596 2712 2654 effe-

286 2673 423 2730 ctus
452 2668 724 2728 ordinem
751 2668 828 2729 ad
855 2669 1111 2727 invicem
1142 2669 1418 2739 habeant,
1447 2668 1781 2728 secundum
1808 2665 1969 2740 quod
1996 2667 2059 2723 in
2097 2680 2221 2725 una
2263 2680 2449 2725 causa
2493 2680 2710 2725 conve·

286 2739 484 2810 aiunt,
514 2745 747 2811 oportet
770 2746 937 2798 tanto
965 2741 1439 2799 communiorem
1468 2740 1740 2798 ordinem
1770 2752 1926 2808 esse,
1949 2743 2174 2811 quanto
2202 2743 2295 2796 est
2313 2738 2711 2797 universalior

283 2822 505 2879 oausa;
534 2811 692 2869 unde
716 2811 790 2870 ab
820 2810 1143 2869 universali
1169 2824 1373 2879 causa,
1404 2823 1538 2893 quae
1567 2813 1723 2868 Deus
1752 2815 1867 2878 est,
1899 2808 2049 2866 ordo
2073 2808 2431 2890 proveniens
2460 2821 2710 2868 necesse

283 2886 382 2940 est
408 2880 571 2954 quod
598 2882 805 2940 omnia
830 2880 1278 2953 complectatur.
1309 2881 1470 2939 Nihil
1498 2881 1516 2938 i
1568 2881 1684 2938 'tur
1709 2879 1985 2951 probibet
2013 2879 2091 2937 ali
2136 2892 2272 2937 uem
2290 2879 2709 2949 particularem

286 2951 584 3034 ordinem,
613 2953 704 3011 vel
731 2965 840 3025 per
861 2952 1214 3021 orationem,
1243 2952 1337 3009 vel
1407 2965 1472 3010 er
1498 2895 1977 3033 affiquemssiium
1997 2962 2109 3032 mo·
2141 2963 2239 3007 um
2257 2949 2581 3009 immutari.
2611 2953 2713 3009 Est

288 3035 451 3081 enim
480 3028 647 3083 extra
671 3024 844 3104 illuni
873 3022 1144 3104 ordinem
1172 3022 1355 3105 aliqu-i
1426 3022 1588 3095 quod
1611 3026 1808 3093 possit
1841 3034 2041 3092 ipsum
2092 3025 2440 3089 immutare;
2470 3026 2712 3104 propter

282 3091 2711 3247 iittrsssssssitlttitff„issistietti?{⁰331153r13'ssv23333253qtsitiit!

284 3234 558 3294 tionibus
601 3240 664 3294 et
702 3235 921 3294 ritibus
963 3248 1148 3306 posse
1196 3240 1498 3293 immutari
1534 3252 1551 3293 ε
1599 3247 1740 3292 nam
1790 3239 1956 3291 extra
1994 3233 2267 3291 coelestia
2309 3246 2592 3304 corpora,
2651 3237 2712 3291 et

281 3316 473 3378 supra
499 3318 575 3365 ea
596 3310 692 3365 est
717 3307 877 3364 Deus
927 3307 1032 3379 qui
1059 3310 1258 3380 potest
1283 3305 1573 3379 impedire
1598 3305 1934 3363 coelestium
1962 3316 2280 3374 corporum
2305 3302 2581 3362 effectum
2601 3303 2707 3376 qui

282 3374 352 3436 in
411 3376 549 3435 istis
601 3376 871 3436 inferiori
915 3391 990 3436 us
1020 3391 1094 3435 ex
1129 3377 1370 3434 illorum
1413 3376 1813 3448 impressione
1858 3381 2175 3435 secuturus
2216 3379 2363 3433 erat.
2404 3374 2519 3433 Sed
2547 3380 2713 3432 extra

285 3445 563 3506 ordinem
586 3445 1080 3519 complectentem
1105 3447 1312 3507 omnia
1331 3459 1457 3504 non
1478 3452 1678 3519 potest
1714 3445 1861 3529 poni
1913 3445 2140 3518 aliquid
2186 3459 2293 3517 per
2327 3445 2489 3518 quod
2512 3445 2711 3518 possit

286 3517 437 3577 ordo
483 3518 559 3577 ab
586 3517 913 3578 universali
941 3532 1127 3578 causa
1163 3518 1506 3589 dependens
1548 3522 1729 3575 everti
1760 3535 1776 3574 i
1802 3515 2231 3597 propterquod
2258 3516 2464 3580 Stoici,
2495 3516 2598 3598 qui
2643 3515 2712 3574 in

284 3589 475 3647 Deum
503 3589 665 3648 sicut
688 3589 752 3646 in
780 3602 1025 3647 causam
1051 3587 1455 3647 universalem
1483 3588 1753 3647 omnium
1801 3587 2033 3646 ordinis
2061 3599 2260 3645 rerum
2298 3586 2709 3645 reductionem

285 3659 772 3728 considerabant,
790 3659 1103 3741 ,ponebant
1124 3659 1285 3732 quod
1312 3658 1463 3718 ordo
1494 3659 1809 3717 institutus
1836 3670 1875 3717 a
1904 3659 2025 3715 Deo
2056 3657 2225 3716 nulla
2246 3657 2478 3715 ratione
2512 3660 2713 3729 potest

283 3729 612 3790 immutari.
643 3729 759 3789 Sed
785 3742 852 3788 in
871 3729 988 3789 hoc
1017 3730 1233 3788 iterum
1262 3743 1300 3789 a
1326 3729 1811 3788 consideratione
1838 3728 2200 3787 universalis
2218 3727 2451 3786 ordinis
2479 3726 2713 3786 recede-

243 3828 248 3831 ·
282 3798 450 3871 bant,
481 3800 644 3875 quod
669 3800 976 3874 ponebant
1001 3799 1307 3860 orationes
1334 3800 1409 3859 ad
1438 3800 1593 3859 nihil
1621 3800 1802 3858 utiles
1846 3813 2006 3869 esse,
2033 3804 2315 3872 tanquam
2352 3797 2709 3858 arbitraren-

282 3875 384 3930 tur
401 3872 741 3931 voluntates
767 3871 1080 3930 hominum
1137 3877 1199 3929 et
1225 3885 1431 3930 eorum
1460 3870 1782 3940 desideria,
1812 3884 1886 3929 ex
1910 3869 2131 3944 quibus
2168 3869 2475 3928 orationes
2543 3883 2709 3927 roce-

283 3941 456 4013 dunt,
483 3942 597 4002 sub
639 3942 747 4001 illo
790 3942 1117 4002 universali
1163 3942 1373 4001 ordine
1419 3955 1545 4000 non
1590 3941 2035 4013 comprehendi.
2083 3941 2232 3999 Cum
2297 3940 2459 3998 enim
2544 3940 2712 3999 icunt

281 4013 469 4086 quod,
492 4013 621 4071 sive
638 4013 945 4073 orationes
970 4011 1138 4084 fiant,
1162 4013 1291 4071 sive
1313 4025 1460 4082 non,
1479 4008 1880 4071 nihilominus
1908 4012 2067 4071 idem
2085 4009 2336 4091 effectus
2354 4010 2627 4092 sequitur
2644 4012 2709 4068 in

245 4125 254 4129 -
281 4083 470 4143 rebus
495 4095 572 4141 ex
616 4083 941 4143 universali
968 4083 1179 4143 ordine
1217 4096 1439 4147 rerum,
1484 4082 1800 4141 manifeste
1845 4081 1920 4141 ab
1972 4082 2078 4140 illo
2126 4080 2447 4140 universali
2500 4081 2710 4140 ordine

280 4158 426 4212 vota
451 4153 750 4234 orantium
770 4159 1177 4228 sequestrant;
1209 4154 1264 4213 si
1292 4153 1454 4213 enim
1469 4153 1598 4213 haec
1620 4153 1732 4212 sub
1753 4152 1860 4211 illo
1879 4151 2087 4210 ordine
2108 4151 2719 4223 comprehendantur,

282 4223 448 4284 sicut
479 4237 586 4296 per
611 4223 763 4282 alias
780 4238 1020 4296 causas,
1047 4224 1134 4284 ita
1167 4238 1273 4298 per
1307 4225 1434 4282 haec
1476 4239 1551 4282 ex
1579 4223 1780 4281 divina
1806 4222 2183 4281 ordinatione
2227 4222 2414 4296 aliqui
2462 4220 2711 4280 effectus

243 4306 248 4313 ’
281 4299 642 4369 sequuntur.
676 4293 835 4352 ldem
873 4308 1017 4370 ergo
1058 4295 1172 4354 erit
1198 4293 1510 4354 excludere
1535 4292 1829 4353 orationis
1862 4291 2139 4373 effectum
2185 4298 2245 4351 et
2298 4291 2710 4351 communium

282 4366 542 4426 aliarum
587 4377 925 4423 causarum.
957 4365 1127 4435 Quod
1156 4365 1211 4425 si
1240 4365 1377 4424 aliis
1406 4366 1610 4424 causis
1638 4362 2029 4422 immobilitas
2055 4363 2244 4424 divini
2270 4363 2504 4424 ordinis
2531 4359 2706 4421 effec-

249 4458 266 4467 -
281 4441 383 4498 tiis
402 4449 528 4498 non
555 4434 874 4508 subtrahit,
902 4450 1099 4513 neque
1126 4436 1468 4499 orationum
1492 4434 1823 4498 efficaciam
1847 4433 2025 4494 tollit.

1279 1058 1379 1101 one
1401 1044 1589 1101 domui
1614 1047 1738 1108 mee,
1771 1046 1906 1115 quia
1925 1045 2173 1102 morieris
2204 1047 2283 1105 tu.
2311 1048 2364 1100 et
2387 1056 2497 1101 non
2520 1048 2708 1115 vives3
