3076 5025
1183 314 1317 370 ΠΒ.
1358 313 1427 381 11,
1469 314 1621 369 GAP.
1664 314 1777 369 Lu.
2571 318 2669 373 167

235 438 360 497 nisi
409 452 556 498 una.
582 437 853 510 quamvis
897 436 1186 494 habentes
1237 442 1506 494 naturam
1554 435 1717 491 illam
1763 435 1962 516 plures
2006 437 2244 508 possint
2271 437 2525 495 inveniri
2559 458 2573 505 ;
2612 440 2668 497 si

234 511 401 566 enirn
457 516 670 566 natura
714 507 993 565 animalis
1043 522 1145 578 per
1181 521 1247 564 se
1292 511 1566 577 separata
1613 506 1985 576 subsisteret,
2021 521 2137 565 non
2173 509 2414 565 liaberet
2442 524 2512 565 ea
2535 523 2669 581 quae

236 587 384 638 sunt
434 579 722 638 bominis,
769 579 861 635 vel
909 592 1041 650 quae
1071 584 1212 635 sunt
1252 577 1600 647 bovis3jam
1635 578 1792 633 enim
1822 591 1941 635 non
1974 583 2135 636 esset
2160 579 2378 636 animai
2413 585 2666 651 tantum,

235 651 350 709 sed
401 650 587 706 bomo
643 649 732 705 vel
778 649 910 706 bos.
960 649 1225 706 Remotis
1265 655 1462 706 autem
1495 646 1849 704 differentiis
1875 649 2278 707 constitutivis
2309 651 2668 720 specierum,

235 728 513 779 remanet
544 724 756 776 natura
782 719 1022 791 generis
1052 718 1344 785 indivisa;
1376 719 1518 790 quia
1547 717 1764 775 eaedem
1797 716 2144 777 differentiae
2171 735 2302 791 quae
2323 727 2465 777 sunt
2491 734 2670 779 cons-

235 791 494 848 titutivae
516 790 849 860 specierum
872 795 1010 846 sunt
1039 790 1303 846 divisivae
1333 788 1593 860 generis.
1621 788 1715 845 Sic
1746 789 1955 861 igitur„
1969 789 2021 846 si
2044 791 2158 847 boc
2175 792 2372 862 ipsum
2393 792 2551 863 quod
2579 796 2672 849 est

238 874 378 920 esse
407 861 492 917 sit
535 873 854 917 commune
897 859 1055 917 sicut
1093 873 1310 932 genuS‚
1353 872 1487 917 esse
1534 865 1872 928 separatum
1903 874 2006 939 per
2053 874 2118 918 se
2160 861 2500 920 subsistens
2547 874 2672 919 non

237 936 442 1005 potest
489 944 625 988 esse
666 930 783 987 nisi
838 943 1021 987 unum
1053 948 1069 992 ς
1101 931 1151 987 si
1186 930 1322 987 vero
1366 943 1486 987 non
1535 928 1832 987 dividatur
1861 926 2214 989 differentiis
2269 932 2425 990 sicut
2453 945 2671 1005 genus,

240 1001 351 1060 sed
399 1014 504 1072 per
552 1001 665 1058 boc
714 999 873 1072 quod
920 1006 1014 1057 est
1059 999 1240 1071 buius
1290 1001 1377 1057 vel
1423 1000 1592 1057 itlius
1621 1013 1777 1080 esse,
1802 998 1927 1070 jam
1959 1000 2071 1058 boc
2101 1002 2293 1074 magis
2332 1008 2425 1060 est
2467 1015 2672 1061 verum

239 1071 404 1145 quod
463 1084 584 1128 uon
639 1076 837 1143 potest
894 1084 1029 1129 esse
1087 1085 1193 1142 per
1231 1085 1297 1127 se
1347 1070 1612 1128 existens
1657 1083 1773 1127 nisi
1818 1083 2021 1127 unum.
2071 1073 2447 1144 Relinquitur
2489 1072 2674 1145 igitur

239 1140 429 1214 quod,
459 1155 600 1199 cum
648 1143 805 1199 Deus
848 1141 930 1199 sit
971 1154 1082 1199 ens
1126 1142 1487 1206 subsistens,
1538 1140 1689 1199 nibil
1719 1138 1883 1199 aliud
1910 1145 2119 1212 praeter
2146 1143 2343 1214 ipsum
2374 1149 2468 1201 est
2493 1155 2672 1202 suum

244 1227 405 1270 esse.

315 1282 535 1344 Adhuc,
567 1281 943 1353 impossibile
989 1287 1081 1340 est
1125 1282 1285 1355 quod
1331 1281 1412 1340 sit
1459 1280 1679 1354 duplex
1722 1294 1857 1340 esse
1897 1281 2145 1341 omnino
2173 1281 2495 1340 infinitum.
2528 1286 2673 1342 Esse

240 1353 406 1412 enim
436 1353 596 1425 quod
627 1353 876 1410 omnino
901 1358 992 1410 est
1028 1351 1327 1411 infinitum
1367 1366 1607 1410 omnem
1650 1352 2071 1433 perfectionem
2115 1354 2354 1411 essendi
2400 1368 2671 1425 compre-

242 1423 457 1484 hendit
479 1441 494 1491 ;
518 1423 700 1485 etsic.
730 1423 782 1481 si
812 1423 1049 1481 duobus
1079 1424 1216 1481 talis
1246 1422 1785 1491 adessetinfinnaS,
1818 1435 1935 1480 non
1963 1423 2327 1481 inveniretur
2346 1438 2465 1495 quo
2488 1436 2673 1482 unum

242 1493 322 1554 ab
372 1495 562 1551 altero
612 1492 894 1551 differret.
941 1496 1083 1552 Esse
1133 1500 1331 1552 autem
1376 1494 1716 1551 subsistens
1761 1499 1993 1564 oportet
2019 1507 2155 1551 esse
2183 1494 2504 1559 infinitum,
2532 1495 2675 1566 quia

242 1577 373 1624 non
401 1564 756 1644 terminatur
783 1563 987 1637 aliquo
1020 1565 1361 1635 recipiente.
1391 1564 1769 1636 Impossibile
1799 1569 1891 1621 est
1909 1563 2092 1636 igitur
2109 1578 2245 1623 esse
2266 1565 2512 1638 aliquod
2535 1578 2673 1623 esse

243 1648 355 1709 per
387 1648 456 1692 se
485 1634 828 1692 subsistens
857 1641 1069 1706 praeter
1096 1637 1370 1706 primum.

316 1707 469 1769 Item,
504 1706 556 1762 si
587 1706 669 1762 sit
694 1706 934 1777 aliquod
964 1719 1099 1763 esse
1128 1719 1232 1776 per
1260 1721 1326 1763 se
1356 1704 1718 1775 subsistenS‚
1752 1706 1901 1763 nihil
1932 1704 2215 1777 competit
2245 1704 2324 1774 ei,
2360 1704 2481 1763 nisi
2510 1704 2674 1778 quod

243 1780 342 1834 est
369 1777 528 1832 entis
556 1774 618 1832 iu
647 1783 929 1847 quantum
961 1782 1051 1834 est
1079 1790 1207 1833 ens.
1238 1776 1406 1845 Quod
1439 1776 1597 1833 enim
1627 1776 1842 1833 dicitur
1876 1776 1947 1834 de
1976 1776 2202 1848 utiquc,
2237 1788 2358 1832 non
2391 1776 2451 1833 in
2480 1788 2669 1847 quan-

244 1852 376 1905 tum
399 1846 765 1916 hujusmodi,
787 1859 908 1903 non
930 1847 1206 1904 convenit
1234 1847 1284 1904 ei
1316 1847 1430 1903 nisi
1460 1859 1564 1916 pcr
1591 1846 1890 1916 accidens,
1921 1847 2152 1905 ratione
2176 1846 2451 1916 subjecti.
2483 1847 2669 1910 Unde,

187 1950 202 1957 -
244 1918 304 1976 si
334 1918 654 1987 separatim
682 1930 719 1973 a
745 1916 1013 1987 subjecto
1044 1922 1318 1987 ponatur,
1351 1919 1519 1974 nullo
1552 1917 1727 1974 niodo
1767 1917 1820 1975 ei
1851 1919 2152 1989 competit.
2186 1920 2328 1974 Esse
2356 1923 2551 1974 autem
2596 1916 2673 1975 ab

247 1986 372 2046 alio
403 1992 715 2043 causatum
752 2000 871 2043 non
900 1987 1181 2058 competit
1213 1987 1355 2055 enti,
1395 1988 1457 2043 in
1503 1992 1789 2059 quantum
1840 1995 1931 2045 est
1975 2001 2119 2055 ens;
2167 1987 2319 2045 alias
2345 2000 2523 2046 omne
2561 1999 2672 2046 ens

249 2064 415 2117 esset
449 2057 524 2113 ab
551 2059 672 2113 alio
702 2062 1036 2125 causatum,
1060 2064 1117 2113 et
1138 2059 1227 2115 sic
1251 2062 1550 2129 oporteret
1582 2058 1898 2128 procedere
1928 2057 1991 2115 in
2012 2057 2311 2115 infinitum
2344 2059 2405 2114 in
2430 2058 2634 2115 causis
2654 2075 2671 2090 ·

247 2126 411 2202 quod
441 2134 534 2184 est
563 2127 955 2197 impossibile,
983 2133 1049 2184 ut
1076 2141 1257 2198 supra
1285 2130 1346 2200 (l.
1374 2141 1414 2191 ι,
1448 2143 1500 2184 c.
1535 2128 1622 2200 13)
1647 2134 1957 2186 ostensum
1988 2136 2099 2187 est.
2130 2129 2291 2186 Istud
2325 2128 2507 2201 igitur
2535 2098 2680 2187 ess&

247 2199 410 2272 quod
438 2202 530 2256 est
561 2211 671 2254 ens
700 2198 1059 2267 subsistenS‚
1099 2204 1331 2269 oportet
1369 2198 1530 2273 quod
1575 2199 1656 2256 sit
1692 2212 1814 2256 non
1857 2205 2189 2258 causatum.
2218 2199 2457 2256 Nullum
2487 2198 2673 2270 igitur

248 2282 361 2329 ens
391 2274 706 2325 causatum
744 2274 837 2325 est
863 2282 1040 2326 suum
1068 2283 1222 2327 esse.

320 2340 600 2408 Amplius,
652 2337 988 2396 substantia
1035 2337 1511 2410 uniuscujusque
1542 2343 1635 2397 est
1679 2352 1788 2397 ens
1826 2353 1937 2419 per
1979 2351 2046 2397 se
2094 2344 2154 2396 et
2187 2352 2308 2396 non
2335 2353 2441 2409 per
2468 2338 2675 2408 aliud;

250 2410 411 2469 unde
461 2422 598 2466 esse
643 2408 905 2466 lucidum
957 2415 1089 2467 actu
1137 2423 1257 2467 non
1304 2414 1397 2467 est
1434 2409 1505 2466 de
1544 2409 1881 2467 substantia
1919 2409 2110 2477 aeriS,
2150 2409 2290 2481 quia
2332 2416 2424 2467 est
2468 2410 2522 2465 ei
2569 2422 2676 2479 per

245 2479 412 2542 aliud
438 2498 452 2549 3
483 2479 595 2537 sed
635 2479 955 2552 cujuslibet
995 2480 1078 2537 rei
1123 2485 1335 2538 creatae
1383 2492 1563 2539 suum
1610 2492 1747 2538 esse
1794 2483 1888 2538 est
1932 2480 1986 2536 ei
2019 2493 2122 2551 per
2148 2478 2334 2547 aliud,
2368 2478 2521 2537 alias
2550 2491 2676 2538 non

247 2558 723 2633 esset‘creatum.
752 2551 986 2609 Nullius
1015 2550 1199 2623 igitur
1225 2551 1577 2608 substantiae
1608 2556 1820 2608 creatae
1849 2563 2028 2608 suum
2071 2563 2206 2608 esse
2243 2556 2337 2607 est
2374 2563 2486 2607 sua
2532 2549 2677 2610 subq

322 2695 475 2757 Rern,
529 2705 666 2750 cum
712 2704 888 2749 omne
913 2704 1102 2763 agens
1134 2690 1351 2762 agatin
1379 2697 1669 2763 quantum
1699 2696 1793 2749 est
1814 2697 1971 2758 actu,
2016 2690 2207 2762 primo
2248 2690 2470 2761 agenti,
2514 2689 2679 2763 quod

248 2769 347 2823 est
387 2762 910 2834 perfectissimum,
955 2763 1237 2832 competit
1280 2774 1414 2819 esse
1466 2761 1528 2817 in
1577 2768 1710 2819 actu
1758 2761 2195 2832 perfectissimo
2240 2761 2442 2818 modo.
2488 2763 2676 2819 Tanto

246 2838 450 2894 autem
491 2833 730 2913 aliquod
762 2833 1079 2903 perfectius
1111 2832 1172 2888 in
1218 2838 1351 2889 actu
1391 2838 1615 2904 quanto
1644 2832 1782 2889 talis
1811 2837 1982 2889 actus
2010 2839 2102 2887 est
2128 2831 2189 2887 in
2220 2832 2315 2888 via
2339 2832 2672 2903 generatio·

248 2903 349 2963 nis
379 2911 677 2974 posterior
699 2922 713 2970 ;
739 2908 907 2960 actus
927 2903 1083 2958 enim
1108 2909 1199 2959 est
1218 2908 1480 2971 tempore
1502 2902 1767 2973 potentia
1793 2901 2086 2971 posterior
2105 2901 2165 2958 in
2200 2915 2321 2958 uno
2349 2907 2405 2959 et
2436 2901 2668 2967 eodem,

250 2974 414 3048 quod
445 2974 517 3031 de
547 2974 813 3046 potentia
836 2973 910 3030 ad
938 2978 1132 3029 actum
1144 2974 1428 3099 (procedit
1455 2991 1470 3040 ;
1503 2973 1824 3043 perfectius
1853 2986 2089 3045 quoque
2119 2978 2210 3052 est
2238 2974 2299 3028 in
2347 2979 2479 3029 actu
2514 2972 2675 3052 quod

248 3049 346 3105 est
387 3045 519 3115 ipse
565 3051 756 3110 actus,
805 3056 981 3115 quam
1021 3057 1139 3115 quo
1226 3050 1317 3101 est
1365 3043 1593 3101 babens
1645 3049 1861 3101 actum.
1915 3046 2037 3101 Hoc
2066 3056 2225 3099 enim
2255 3048 2495 3113 propter
2524 3041 2675 3101 illud

254 3120 424 3174 actus
456 3119 566 3172 est.
601 3115 703 3171 His
732 3114 915 3185 igitur
942 3114 1031 3171 sic
1059 3113 1294 3183 positis,
1321 3119 1558 3171 constat
1585 3129 1657 3170 ex
1685 3128 1865 3184 supra
1895 3112 1956 3185 (l.
1988 3128 2031 3182 1,
2060 3128 2113 3171 c.
2148 3118 2212 3170 13
2240 3120 2299 3170 et
2330 3119 2416 3182 15,
2452 3121 2508 3170 et
2539 3113 2577 3170 l.
2605 3125 2672 3176 11,

252 3198 309 3242 c.
336 3184 429 3257 21)
458 3185 725 3242 ostensis
753 3183 910 3256 quod
944 3186 1099 3241 Deus
1123 3185 1293 3242 solus
1319 3190 1411 3241 est
1432 3185 1688 3256 primum
1720 3197 1925 3254 agens.
1953 3184 2076 3241 Sibi
2107 3196 2250 3256 ergo
2279 3184 2393 3242 soli
2442 3197 2679 3253 compe-

251 3254 326 3313 tit
368 3269 506 3312 esse
541 3255 602 3311 in
630 3262 764 3312 actu
797 3254 1229 3325 perfectissimo
1262 3255 1459 3323 niodo,
1495 3261 1558 3311 ut
1587 3255 1813 3311 scilicet
1842 3255 1922 3312 sit
1951 3255 2077 3325 ipse
2107 3262 2276 3312 actus
2305 3253 2676 3325 perfectissi-

253 3337 411 3384 mus.
445 3328 568 3382 Hoc
597 3332 792 3382 autem
825 3331 915 3382 est
940 3338 1073 3381 esse
1102 3325 1176 3382 ad
1205 3326 1362 3397 quod
1391 3326 1735 3397 generatim
1767 3330 1825 3380 et
1852 3327 2050 3383 omnis
2082 3331 2278 3382 motus
2319 3325 2672 3381 terminatur

255 3397 455 3454 omnis
496 3395 654 3452 enim
703 3397 887 3452 t'orma
918 3401 976 3451 et
998 3401 1167 3453 actus
1197 3402 1288 3452 est
1318 3397 1374 3452 in
1413 3396 1677 3466 potentia
1707 3402 2022 3467 antequam
2050 3408 2185 3452 esse
2225 3395 2512 3466 acquirat.
2547 3393 2673 3451 Soli

253 3465 438 3547 igitur
488 3468 609 3522 Deo
652 3464 934 3536 competit
976 3465 1136 3537 quod
1184 3467 1266 3522 sit
1305 3465 1504 3537 ipsum
1552 3479 1707 3535 esse,
1753 3467 1911 3523 sicut
1950 3466 2065 3524 soli
2094 3466 2377 3536 competit
2400 3464 2561 3537 quod
2591 3464 2694 3522 sit,

296 3549 512 3593 timum
543 3551 575 3593 a
659 3550 752 3593 ns,

254 3548 294 3609 p
326 3550 824 3678 Ampliusfffpsum
858 3617 992 3663 esse
1021 3608 1302 3686 competit
1324 3607 1516 3678 primo
1549 3606 1747 3677 agenti
1779 3605 2128 3664 secumdum
2158 3606 2455 3678 propriam
2502 3610 2678 3664 natu·

255 3689 413 3745 ram3
443 3690 581 3734 esse
631 3677 792 3733 enim
836 3676 937 3732 Dei
991 3683 1083 3733 est
1125 3691 1254 3747 ejus
1300 3679 1656 3740 substantia,
1686 3685 1749 3733 ut
1777 3691 1958 3746 supra
1990 3676 2052 3748 (l.
2084 3690 2127 3743 1,
2151 3694 2206 3733 c.
2236 3677 2328 3747 22)
2358 3684 2672 3735 ostensum

256 3754 365 3804 est.
397 3747 566 3815 Quod
594 3753 791 3803 autem
822 3746 1104 3815 competit
1126 3748 1302 3803 alicui
1331 3748 1661 3805 secundum
1694 3749 1990 3818 propriam
2017 3761 2189 3804 suam
2221 3754 2515 3812 naturam,
2548 3759 2670 3803 non

255 3818 536 3874 convenit
561 3816 700 3874 aliis
729 3817 843 3874 nisi
873 3830 976 3885 per
1003 3816 1243 3873 modum
1276 3819 1768 3889 pai-ticipationiS‚
1800 3818 1955 3875 sicut
1983 3819 2148 3874 calor
2168 3817 2305 3874 aliis
2321 3817 2705 3887 corporibus.

257 3886 332 3946 ab
377 3888 536 3961 igne.
583 3889 784 3957 Ipsum
832 3886 1017 3958 igitui-
1058 3899 1192 3944 esse
1235 3891 1515 3958 competit
1563 3889 1844 3947 omnibus
1874 3888 2011 3946 aliis
2040 3901 2077 3944 a
2105 3888 2296 3958 primo
2324 3894 2537 3958 agente
2572 3898 2677 3957 per

251 3959 773 4030 participationem
826 3957 1164 4031 quamdam.
1199 3957 1367 4025 Quod
1423 3967 1617 4016 autem
1677 3960 1959 4029 competit
1985 3958 2165 4015 alicui
2217 3972 2322 4029 per
2369 3959 2679 4028 participa·

252 4028 501 4097 tionem,
553 4042 678 4085 non
727 4034 818 4086 est
868 4029 1203 4086 substantia
1240 4029 1389 4099 ejus.
1425 4030 1799 4099 lmpossibile
1824 4030 2118 4101 estigitur
2145 4028 2306 4100 quod
2334 4028 2675 4086 substantia

252 4099 511 4173 alicujus
540 4099 723 4166 entis,
756 4104 966 4171 praeter
992 4112 1179 4180 agens
1213 4101 1358 4170 prim
1371 4114 1488 4167 um,
1521 4103 1599 4156 sit
1624 4101 1821 4171 ipsum
1842 4114 1999 4158 esse.

321 4172 469 4229 Hinc
517 4177 615 4228 est
656 4168 816 4241 quod
864 4169 1066 4234 Exodi,
1115 4182 1202 4237 ιιι,
1251 4175 1336 4236 15,
1368 4172 1667 4240 propi-ium
1706 4185 1917 4228 nornen
1948 4170 2048 4226 Dei
2079 4169 2320 4240 ponitur
2354 4182 2534 4226 esse:
2570 4169 2677 4235 Qui

248 4248 343 4304 est,
394 4242 544 4315 quia
593 4239 725 4310 eJus
773 4239 961 4296 solius
1007 4241 1308 4310 proprium
1362 4249 1453 4296 est
1495 4242 1655 4312 quod
1699 4255 1811 4299 sua
1847 4241 2186 4298 substantia
2232 4253 2353 4298 non
2392 4241 2472 4298 sit
2513 4236 2679 4298 aliud

249 4324 424 4385 quam
451 4323 640 4372 suum
675 4322 833 4367 esse.
866 4311 911 4382 (Ι
937 4309 1109 4380 sent„
1140 4310 1279 4368 dist.
1310 4323 1399 4379 ιιι,
1431 4324 1488 4382 q.
1520 4309 1594 4382 1.)
