3076 5025
1151 318 1285 374 LIB.
1326 320 1397 386 11,
1438 319 1590 374 GAP.
1630 320 1821 376 LXXV.
2586 323 2695 378 2⁰7

254 438 514 498 ultimus
545 439 608 495 in
638 438 844 496 ordine
873 438 1341 512 intelligibilium
1367 439 1837 501 substantiarum
1861 458 1877 510 ;
1905 453 2037 514 quae
2064 440 2327 515 quidem,
2358 443 2691 505 secundum

263 512 494 584 ipsum,
527 514 671 567 sunt
700 509 924 582 plures.

329 582 451 638 Nec
482 584 681 651 potest
708 579 825 636 dici
858 579 1004 652 quin
1034 579 1249 653 aliquae
1288 581 1667 653 superiorum
1696 580 2166 640 substantiarum
2194 582 2451 641 habeant
2479 583 2692 657 cogni·
2777 584 2782 589 ’

255 650 491 708 tionem
522 664 729 707 eorum
777 665 907 723 quae
957 650 1298 709 intellectus
1345 650 1659 723 possibilis
1705 652 2036 724 cognoscit.
2067 654 2137 711 In
2164 654 2497 711 motoribus
2528 654 2691 713 enim

255 720 526 789 orbium,
559 725 623 778 ut
651 721 780 792 ipse
810 720 987 778 etiam
1019 720 1180 790 dicit,
1211 727 1352 779 sunt
1382 721 1587 780 formae
1633 734 1839 780 eorum
1882 734 2015 795 quae
2044 728 2366 781 causantur
2394 738 2498 795 pei·
2525 723 2695 783 orbis

261 797 520 849 motum.
549 790 755 848 Adhuc
782 790 964 873 igitur
992 793 1339 859 remanebit,
1371 792 1510 850 licet
1532 793 1872 850 intellectus
1900 792 2212 863 possibilis
2236 793 2317 852 sit
2332 808 2510 864 unuS‚
2530 794 2693 869 quod

261 860 477 919 formae
505 860 922 932 intelligibiles
949 861 1417 932 multiplicentur
1444 862 1505 920 in
1536 861 1790 920 diversis
1818 862 2239 922 intellectibus.

331 932 496 988 Licet
526 936 724 988 autem
755 931 1082 989 dixerimus
1107 932 1266 1004 quod
1295 931 1528 1003 species
1559 931 1960 1004 intelligibilis
1984 933 2046 989 in
2076 933 2380 990 intellectu
2413 934 2690 1005 possibili

256 1007 504 1073 recepta
530 1014 652 1059 non
701 1002 780 1059 sit
818 1001 974 1075 quod
1020 1002 1394 1075 intelligitur,
1436 1003 1541 1061 sed
1569 1017 1689 1075 quo
1718 1001 2090 1074 intelligitur,
2119 1016 2241 1061 non
2270 1009 2468 1061 tamen
2496 1018 2692 1063 remo-

262 1077 434 1129 vetur
489 1072 659 1143 quin,
747 1085 812 1128 er
857 1071 1237 1130 reflexionem
1284 1074 1602 1146 quamdam
1626 1117 1641 1141 ‚
1687 1072 2027 1130 intellectus
2079 1073 2345 1144 seipsum
2400 1074 2694 1147 intelligat

259 1148 321 1200 et
366 1156 547 1199 suum
592 1142 714 1198 inte
743 1141 926 1222 ligere
968 1148 1028 1200 et
1071 1144 1330 1215 speciem
1374 1158 1492 1224 qua
1536 1142 1729 1200 intelli
1774 1144 1839 1200 it.
1889 1144 2073 1201 Suum
2112 1148 2308 1201 autem
2360 1144 2692 1217 intelligere

260 1213 550 1284 intelligit
581 1211 893 1283 dupliciter
928 1231 942 1270 :
984 1226 1107 1271 uno
1150 1214 1351 1282 mod0,
1392 1228 1454 1270 iu
1503 1215 1735 1284 particu
1762 1213 1847 1271 ari
1874 1230 1889 1281 ς
1921 1212 2203 1285 intelligit
2248 1214 2405 1271 enim
2438 1228 2503 1272 se
2533 1229 2693 1274 nunc

260 1282 638 1363 intelligere;
697 1282 817 1341 alio
876 1283 1088 1347 modo,
1146 1284 1210 1342 in
1280 1284 1643 1355 universali,
1704 1283 2034 1342 secundum
2086 1283 2245 1357 quod
2303 1284 2693 1344 ratiocinatur

257 1352 332 1410 de
371 1354 571 1423 ipsius
606 1358 775 1410 actus
834 1359 1065 1411 natura.
1121 1354 1285 1411 Unde
1325 1359 1380 1411 et
1429 1354 1796 1411 intellectum
1836 1359 1893 1411 et
1938 1353 2198 1425 speciem
2252 1354 2695 1427 intelligibilem

259 1423 554 1494 intelligit
607 1423 816 1480 eodem
867 1424 1047 1481 modo
1097 1424 1410 1496 dupliciter
1456 1442 1471 1482 ε
1515 1429 1574 1481 et
1620 1425 2001 1496 percipiendo
2059 1438 2124 1482 se
2181 1438 2315 1483 esse
2362 1430 2420 1482 et
2478 1426 2695 1484 habere

257 1493 529 1565 speciem
564 1493 752 1549 intelli
799 1493 1022 1556 ibilem‚
1072 1494 1232 1575 quod
1280 1500 1370 1552 est
1414 1508 1781 1568 cognoscere
1807 1494 1870 1553 in
1911 1494 2287 1567 particulam
2320 1500 2378 1553 et
2416 1497 2695 1557 conside-

259 1562 450 1645 rando
500 1576 673 1645 suam
718 1508 796 1622 ef
820 1565 1041 1636 speciei
1090 1564 1489 1647 intelligibilis
1545 1571 1841 1635 naturam,
1881 1565 2041 1648 quod
2076 1570 2177 1649 ,est
2204 1570 2592 1646 ‘cognoscere
2631 1567 2698 1627 in

262 1635 628 1714 universali3
680 1639 739 1691 et
779 1634 1111 1693 secundum
1167 1635 1282 1694 hoc
1324 1636 1397 1693 de
1445 1636 1748 1695 intellectu
1801 1640 1860 1694 et
1896 1634 2264 1710 intelligibili
2312 1641 2598 1697 tractatur
2630 1636 2697 1697 iu

266 1711 568 1763 scientiis.

335 1777 450 1834 Per
475 1775 605 1833 liaec
636 1780 832 1832 autem
862 1790 993 1848 quae
1019 1775 1174 1836 dicta
1206 1782 1348 1835 sunt
1374 1781 1433 1835 et
1459 1777 1649 1835 tertiie
1677 1776 1931 1835 rationis
1961 1781 2204 1848 apparet
2254 1777 2497 1836 solutio.
2523 1776 2695 1847 Quod

261 1846 425 1903 enim
444 1844 592 1903 dicit
612 1844 1090 1919 (commentator)
1108 1847 1420 1905 scientiam
1437 1851 1502 1905 in
1520 1847 1818 1918 discipulo
1834 1846 1973 1905 etin
1986 1847 2275 1922 magistro
2293 1862 2427 1907 esse
2440 1861 2691 1907 numero

263 1930 473 1985 unam,
513 1916 729 1988 partim
739 1917 997 2043 ξιιὲιιξᾱειιι
1025 1932 1163 1976 vere
1187 1918 1424 1986 dicitur,
1454 1918 1673 1990 partim
1700 1923 1900 1976 autem
1930 1930 2052 1976 non
2077 1936 2092 1986 3
2126 1923 2216 1975 est
2245 1920 2406 2000 enim
2437 1931 2690 2000 numero

263 2000 386 2045 una
414 1991 708 2059 quantum
840 1986 901 2044 id
932 1988 1090 2060 quod
1121 1988 1326 2057 scitur,
1375 2002 1494 2046 non
1545 1994 1745 2046 tamen
1769 1992 2056 2062 quantum
2100 1988 2173 2045 ad
2215 2001 2448 2061 species
2477 1989 2693 2049 intelli-

265 2057 484 2130 gibiles
507 2056 727 2129 quibus
750 2058 957 2123 scitur,
1007 2073 1200 2131 neque
1246 2064 1532 2132 quantum
1576 2059 1653 2117 ad
1700 2059 1900 2130 ipsum
1930 2058 2196 2118 scientiae
2231 2059 2522 2119 habitum.
2557 2062 2692 2119 Nou

265 2132 470 2185 tamen
496 2131 730 2210 oportet
760 2128 918 2200 quod
947 2129 1357 2188 eodemmodo
1388 2130 1677 2203 magister
1703 2135 1907 2191 causet
1946 2129 2260 2189 scientiam
2291 2130 2354 2188 in
2393 2130 2691 2203 discipulo

269 2198 429 2255 sicut
459 2197 621 2269 ignis
650 2203 896 2269 generat
937 2198 1133 2271 ignem
1162 2218 1175 2269 3
1209 2214 1330 2257 non
1374 2200 1534 2257 enim
1564 2200 1723 2257 idem
1762 2206 1851 2258 est
1878 2199 2092 2257 modus
2122 2213 2328 2259 eorum
2360 2215 2491 2274 quae
2521 2215 2556 2259 a
2592 2214 2693 2261 na·

267 2273 401 2326 tura
425 2275 788 2340 generantur
816 2274 1106 2329 eteorum
1137 2285 1268 2343 quae
1297 2270 1371 2329 ab
1399 2276 1546 2329 arte.
1573 2271 1741 2344 Ignis
1764 2270 2003 2343 quidem
2032 2278 2277 2344 generat
2295 2272 2495 2343 ignem
2525 2276 2693 2329 natu-

267 2338 474 2397 raliter
501 2338 841 2396 reducendo
871 2341 1178 2398 materiam
1228 2341 1300 2398 de
1388 2341 1615 2399 olentia
1642 2341 1703 2399 in
1751 2345 1949 2398 actum
1979 2353 2105 2398 suae
2135 2340 2340 2400 formae
2360 2360 2377 2411 ;,
2406 2342 2693 2414 magister

265 2422 406 2467 vero
429 2413 641 2467 causat
671 2409 986 2468 scientiam
1016 2411 1080 2469 in
1109 2411 1340 2481 discipu
1367 2425 1405 2470 o
1451 2425 1557 2484 per
1584 2410 1828 2470 modum
1853 2410 2035 2478 artis;
2069 2410 2143 2471 ad
2186 2411 2302 2469 hoc
2330 2412 2489 2471 enim
2519 2412 2693 2471 datur

266 2492 363 2538 ars
410 2478 899 2549 demonstrativa,
948 2495 1128 2557 quam
1173 2482 1519 2541 Aristoteles
1549 2481 1823 2564 frosm„
1851 2494 1897 2554 ι,
1932 2485 2073 2540 text.
2121 2493 2338 2541 comm.
2368 2481 2422 2555 5)
2472 2481 2689 2553 tradit;

269 2550 707 2609 demonstratio
730 2552 889 2610 enim
913 2558 1004 2612 est
1032 2552 1422 2626 syllogismus
1450 2552 1678 2612 faciens
1717 2551 1894 2611 scire.

329 2620 652 2680 Sciendum
679 2626 881 2680 tamen
906 2622 1090 2696 qnod,
1120 2622 1450 2681 secundum
1481 2622 1641 2696 quod
1672 2622 2020 2682 Aristoteles
2040 2621 2383 2704 metaphys.
2405 2636 2514 2694 vn,
2543 2628 2688 2686 text.

267 2704 485 2751 comm.
516 2691 608 2763 29)
640 2692 831 2761 docet,
877 2693 1092 2751 artium
1142 2693 1416 2766 quaedam
1455 2697 1599 2750 sunt
1643 2692 1708 2750 in
1752 2705 2003 2764 quarum
2044 2697 2287 2750 materia
2317 2707 2439 2752 non
2465 2699 2557 2751 est
2588 2696 2693 2756 ali-

239 2762 422 2842 =quod
453 2762 809 2842 principium
855 2776 1042 2844 agens
1088 2763 1162 2844 ad
1193 2760 1469 2844 eil‘ectum
1516 2762 1663 2843 artis
1692 2761 2183 2892 producendum,
2220 2763 2377 2844 sicut
2422 2769 2580 2835 patet
2625 2766 2691 2825 in

263 2831 650 2900 aedificativa;
683 2846 808 2890 non
827 2847 985 2891 enim
1017 2840 1195 2891 estin
1225 2834 1408 2907 lignis
1440 2838 1498 2890 et
1526 2831 1706 2905 lapidi
1753 2845 1826 2890 us
1855 2831 2056 2904 aliqua
2088 2846 2182 2890 vis
2220 2839 2411 2892 activa
2444 2847 2690 2894 movens

260 2902 334 2962 ad
361 2903 584 2961 domus
611 2903 1124 2976 constitutionem,
1154 2903 1264 2962 sed
1307 2902 1576 2975 aptitudo
1622 2902 1862 2976 passiva
1890 2908 2141 2962 tantum.
2178 2904 2391 2977 Aliqua
2434 2919 2573 2966 vero
2599 2910 2692 2966 est

261 2985 360 3032 ars
389 2974 454 3030 in
483 2973 578 3044 cuj
589 2987 658 3031 us
688 2974 934 3032 materia
962 2981 1054 3033 est
1101 2974 1345 3047 aliquod
1392 2974 1649 3033 activum
1705 2973 2063 3045 principium
2094 2987 2341 3033 movens
2369 2975 2443 3034 ad
2471 2976 2690 3048 produ-

264 3043 520 3102 cendum
557 3042 833 3102 effectum
855 3045 1023 3112 artis,
1047 3045 1204 3104 sicut
1228 3050 1389 3126 patet
1416 3045 1482 3102 in
1502 3043 1894 3125 medicativa3
1928 3055 2066 3104 nam
2097 3045 2159 3102 in
2177 3059 2249 3105 co
2322 3059 2425 3104 ore
2449 3047 2688 3106 infirmo

262 3120 354 3173 est
382 3113 629 3187 aliquod
678 3115 934 3173 activum
992 3115 1350 3188 principium
1405 3114 1479 3173 ad
1532 3120 1871 3176 sanitatem.
1898 3116 1966 3174 Et
2017 3114 2154 3174 ideo
2211 3132 2241 3176 e
2290 3122 2487 3176 ectum
2544 3118 2690 3176 artis

303 3184 440 3242 rimi
470 3184 712 3258 generis
752 3197 1061 3313 nunffiuam
1114 3185 1390 3258 producit
1430 3190 1678 3254 natura;
1710 3185 1817 3244 sed
1861 3198 2099 3268 semper
2125 3186 2205 3267 fii
2251 3186 2326 3244 ab
2355 3193 2502 3256 arte,
2534 3186 2692 3246 sicut

303 3268 484 3314 omns
509 3255 709 3313 omnis
740 3260 830 3314 est
860 3271 895 3314 a
963 3262 1107 3314 arte.
1140 3254 1397 3314 Effectus
1426 3262 1623 3314 autem
1647 3254 1897 3314 secundi
1933 3270 2172 3328 generis
2203 3256 2267 3314 tlt
2295 3261 2353 3316 et
2380 3257 2455 3316 ab
2482 3262 2605 3315 arte
2631 3261 2692 3316 et

256 3339 298 3384 a
328 3331 545 3383 natura
565 3325 701 3383 sine
730 3332 891 3394 arte3
921 3327 1092 3384 multi
1121 3326 1303 3395 euim,
1335 3340 1441 3397 per
1467 3325 1874 3400 operationem
1902 3329 2153 3397 naturae,
2182 3328 2316 3386 sine
2348 3330 2473 3385 arte
2502 3327 2689 3386 medi-

263 3395 435 3467 cinae,
466 3402 780 3454 sanantur.
799 3399 867 3453 In
887 3397 984 3455 bis
1015 3401 1212 3455 autem
1236 3411 1367 3470 quoe
1392 3401 1650 3469 possunt
1676 3394 1805 3455 fleri
1835 3401 1892 3454 et
1920 3402 2044 3456 arte
2074 3403 2132 3457 et
2158 3402 2392 3466 natura,
2424 3410 2523 3455 ars
2552 3398 2689 3456 imi·

260 3471 419 3525 tatur
445 3471 758 3535 naturam3
792 3467 846 3525 si
874 3468 1013 3542 quis
1069 3468 1229 3525 enim
1286 3482 1359 3525 ex
1407 3467 1624 3541 stigida
1663 3480 1848 3528 causa
1892 3466 2247 3538 infirmetur,
2294 3472 2507 3526 natura
2551 3481 2691 3527 eum

261 3536 668 3600 calefaciendo
697 3543 871 3595 sanat
894 3555 910 3607 3
936 3536 1093 3596 unde
1121 3543 1181 3596 et
1204 3537 1496 3606 medicus,
1525 3537 1577 3596 si
1604 3551 1740 3596 eum
1769 3550 1977 3618 curare
2014 3537 2244 3604 debeat.
2277 3537 2688 3619 calefaciendo

262 3612 456 3667 sanat.
488 3607 637 3664 Huic
666 3613 864 3666 autem
909 3608 1022 3667 arti
1069 3608 1290 3666 similis
1315 3614 1409 3666 est
1454 3621 1555 3667 ars
1583 3606 1835 3666 docendi
1862 3626 1881 3677 ;
1911 3620 1976 3668 in
2002 3621 2075 3666 eo
2115 3607 2279 3667 enim
2310 3622 2412 3682 qui
2444 3608 2690 3668 docetur

260 3682 353 3736 est
377 3677 740 3749 principium
769 3677 1028 3736 activum
1053 3678 1127 3736 ad
1153 3678 1489 3745 scientiam,
1530 3678 1764 3737 scilicet
1790 3676 2151 3747 intellectus,
2176 3684 2236 3736 et
2262 3693 2330 3738 ea
2359 3692 2491 3753 quae
2517 3684 2688 3738 natu-

260 3748 466 3806 raliter
491 3748 931 3821 intelliguntur,
955 3747 1188 3806 scilicet
1217 3748 1409 3820 prima
1456 3747 1789 3822 principia;
1817 3752 1878 3807 et
1902 3748 2040 3808 ideo
2070 3748 2327 3808 scientia
2356 3749 2690 3822 acquiritur

259 3817 583 3890 dupliciter
612 3823 711 3875 :et
753 3818 886 3878 sine
921 3818 1193 3877 doctrina
1232 3834 1337 3891 per
1381 3820 1813 3889 inventionem,
1851 3822 1911 3877 et
1935 3833 2042 3892 per
2074 3818 2426 3878 doctrinam.
2458 3821 2691 3879 nocens

259 3887 445 3962 igitui-
461 3889 578 3947 hoc
605 3887 785 3947 modo
813 3889 1024 3961 incipit
1052 3888 1266 3948 docere
1293 3889 1449 3947 sicut
1476 3889 1791 3948 inveniens
1819 3888 2029 3961 incipit
2057 3889 2348 3958 invenire,
2380 3888 2689 3952 offerendo

257 3959 494 4017 scilicet
519 3959 986 4017 considerationi
1019 3959 1297 4030 discipuli
1343 3959 1636 4030 principia
1662 3959 1735 4018 ab
1765 3972 1840 4019 eo
1883 3965 2061 4028 notn3
2100 3960 2244 4035 quia
2276 3961 2481 4020 omnis
2512 3961 2689 4022 disci-

260 4029 427 4111 plina
461 4034 518 4085 et
553 4029 752 4088 omnis
782 4030 1035 4089 scientia
1063 4045 1136 4089 ex
1185 4030 1619 4103 praeexsistenti
1659 4030 1725 4088 fit
1767 4030 2134 4104 cognitione,
2168 4035 2226 4089 et
2266 4030 2369 4090 illa
2395 4032 2690 4106 principia

263 4112 332 4159 in
356 4098 787 4159 conclusiones
816 4100 1186 4170 deducend0‚
1210 4106 1268 4160 et
1346 4113 1414 4157 ro
1456 4100 1696 4158 onendo
1725 4101 1994 4173 exempla
2023 4100 2341 4160 sensibilia
2369 4116 2441 4161 ex
2467 4104 2690 4176 quibus

259 4169 325 4228 in
351 4171 558 4229 anima
584 4169 866 4245 discipuli
890 4171 1219 4231 formentur
1256 4184 1295 4242 p
1339 4182 1418 4228 an
1445 4176 1673 4251 asmata
1717 4171 2059 4234 necessaria
2084 4170 2159 4232 ad
2208 4171 2684 4246 intelligendum.

262 4243 330 4300 Et
357 4241 788 4314 quia.exterior
825 4242 1094 4315 operatio
1111 4241 1413 4323 fdocentis·
1453 4242 1607 4301 nibil
1727 4247 2000 4322 ‚eraretur
2046 4241 2169 4302 nisi
2199 4242 2437 4303 adesset
2508 4244 2688 4301 rinci-

299 4311 430 4369 inm
457 4312 846 4372 intrinsecum
875 4313 1166 4383 scientiae,
1249 4312 1367 4369 uod
1395 4317 1554 4370 inest
1599 4325 1678 4370 no
1724 4325 1776 4369 is
1822 4312 2129 4376 divinitus,
2160 4313 2298 4372 ideo
2329 4327 2442 4384 apu
2514 4313 2684 4370 theo-

286 4395 439 4455 ogos
489 4382 709 4441 dicitnr
801 4383 919 4442 uod
967 4383 1149 4442 bomo
1244 4387 1378 4442 ocet
1425 4381 1829 4442 ministerium
1882 4383 2236 4453 exhibendo,
2268 4386 2427 4444 Deus
2478 4389 2683 4440 autem

266 4453 523 4512 interius
551 4466 773 4524 operan
815 4467 893 4525 o;
925 4452 1082 4513 sicut
1105 4458 1167 4511 et
1187 4453 1459 4513 medicus
1487 4452 1706 4511 dicitur
1736 4457 1961 4512 naturae
1994 4454 2268 4513 minister
2298 4454 2360 4510 in
2384 4447 2681 4509 sanando.

1728 4605 1777 4642 s
