3076 5025
339 321 445 377 344
1191 310 1324 368 LIB.
1363 307 1462 372 111,
1502 307 1659 364 CAP.
1699 301 1927 362 vam.

341 440 538 523 prima
576 448 784 504 causa,
814 440 881 493 ut
928 433 994 492 in
1042 431 1239 505 primo
1290 430 1444 503 (cap.
1476 429 1570 502 13)
1602 433 1914 487 ostensum
1970 430 2082 486 est.
2120 427 2274 499 Ergo
2325 438 2539 507 omnes
2581 438 2786 507 causffe

339 511 658 569 inferiores
689 510 938 579 agentes
965 507 1155 577 agunt
1207 501 1274 560 in
1301 500 1520 559 virtute
1566 499 1784 571 ipsius.
1815 499 2010 557 Causa
2045 502 2243 555 autem
2290 503 2549 555 actionis
2580 509 2782 577 magis

344 586 438 640 est
466 579 528 639 id
574 577 749 651 cujus
776 576 995 633 virtute
1022 574 1243 647 agitur,
1267 584 1449 645 quam
1478 569 1660 628 etiam
1700 568 1859 650 illud·
1880 567 2039 650 quod
2087 567 2244 648 agit.
2264 566 2424 648 sicut
2448 566 2784 637 principale

343 664 532 725 agens
561 649 756 722 magis
784 646 909 718 agit
940 658 1121 718 quam
1142 643 1631 701 instrumentum.
1656 641 1813 698 Deus
1843 644 2029 712 igitur
2055 637 2449 709 pnnclpahus
2474 641 2568 695 est
2596 649 2788 695 causa

342 722 669 781 cu‘uslibet
694 716 952 776 actionis
983 726 1162 788 quam
1189 712 1367 771 etiam
1397 710 1679 792 secundae
1702 723 1901 769 causae
1930 714 2200 790 agentes.
2573 778 2585 789 .

415 738 568 857 item,
599 802 779 848 omne
806 798 1064 857 operans
1089 797 1199 856 per
1224 795 1398 842 suam
1420 787 1830 865 operationem
1852 780 2164 861 ordinatur
2185 777 2261 837 ad
2279 777 2460 836 finem
2478 778 2785 837 ultimum.

347 863 597 935 Oportet
618 865 816 917 autem
847 855 1009 930 quod
1030 856 1124 913 vel
1153 854 1425 927 operatio
1462 865 1601 924 ipsa
1649 852 1729 910 sit
1770 849 1932 921 finis,
1981 850 2073 907 vel
2118 853 2458 931 operatum..
2499 848 2661 922 quod
2692 855 2788 907 est

345 930 715 1005 operationis
743 926 1013 986 effeetus.
1034 925 1325 984 ordinare
1354 928 1556 1005 autem
1585 935 1683 981 res
1713 921 1777 1003 in
1801 921 1980 979 finem
2005 926 2099 978 est
2131 933 2324 991 tpslus
2354 921 2484 989 Dei,
2515 925 2582 976 ut
2600 932 2790 1001 supra.

344 996 1391 1147 itta§tlgtffissztsststi‘g-issffit
1407 991 2297 1122 eti¹ziisss¹issiioilt⁰3mssffiffi
2320 1002 2548 1144 &53¹3
2567 993 2790 1145 ”¹“⁰}⁰

420 1143 571 1201 Hinc
599 1146 693 1199 est
721 1137 880 1212 quod
909 1137 1149 1205 dicitur,
1182 1139 1374 1204 lsatae,
1405 1147 1575 1204 XXVI,
1604 1138 1670 1192 12
1700 1152 1715 1190 ι
1749 1134 1947 1191 Omnia
1973 1148 2139 1203 opera
2165 1136 2418 1213 operatus
2442 1146 2497 1187 es
2523 1146 2586 1185 m
2607 1130 2791 1193 nobas,

345 1215 591 1274 Domine.
612 1214 680 1269 Et
691 1212 886 1279 Joan„
904 1219 1010 1278 xv,
1032 1212 1065 1266 5
1091 1225 1106 1265 ε
1128 1208 1258 1266 Sine
1276 1222 1359 1262 me
1382 1207 1528 1262 nihil
1552 1206 1775 1276 potestis
1798 1206 1997 1273 tacere.
2017 1206 2084 1261 Et
2109 1202 2393 1272 Philipp„
2415 1214 2484 1270 11,
2512 1205 2577 1259 ¹3
2607 1204 2791 1282 :Deus

347 1288 429 1342 est
450 1285 549 1355 qui
565 1284 823 1353 operatur
848 1283 908 1335 in
932 1278 1088 1335 nobis
1113 1278 1248 1334 velle
1271 1281 1324 1333 et
1343 1279 1608 1348 perficere
1632 1290 1738 1347 pro
1779 1274 1917 1331 bona
1939 1274 2235 1330 voluntate.
2281 1274 2348 1329 Et
2389 1272 2502 1329 hac
2546 1277 2785 1330 ratione

347 1354 692 1427 frequenter
715 1351 777 1409 in
806 1348 1127 1421 scripturis
1155 1352 1384 1406 naturae
1419 1345 1670 1405 effectus
1718 1343 2050 1416 operationi
2091 1343 2308 1401 divinae
2355 1340 2789 1411 attribuuntur,

350 1425 494 1498 quia
519 1423 650 1494 ipse
667 1427 759 1482 est
785 1420 888 1495 qui
919 1424 1198 1491 operatur
1220 1418 1289 1476 in
1316 1416 1481 1476 omni
1514 1421 1798 1488 operante
1822 1429 1928 1487 per
1946 1419 2221 1473 naturam
2254 1412 2350 1469 vel
2379 1426 2486 1497 per
2510 1412 2793 1471 volunta·

348 1500 493 1565 tem,
519 1495 677 1552 siout
702 1491 851 1549 illud
878 1490 1009 1560 soh,
1037 1501 1097 1558 x,
1131 1493 1198 1547 to
1225 1493 1285 1545 et
1311 1493 1371 1547 tt
1409 1506 1425 1545 ε
1458 1489 1651 1546 Nonne
1672 1489 1816 1544 sicut
1833 1487 1919 1542 lac
1944 1486 2186 1542 mulsisti
2200 1499 2303 1552 me,
2325 1487 2376 1538 et
2403 1486 2546 1539 sicut
2574 1497 2794 1540 cascum

347 1581 434 1622 me
460 1564 762 1634 coaqulasti
788 1564 818 1617 P
842 1563 986 1618 Pelle
1008 1564 1059 1616 et
1082 1561 1340 1616 carnibus
1365 1559 1581 1615 vestisti
1604 1573 1708 1627 me,
1738 1557 1946 1614 ossibus
1973 1560 2025 1613 et
2051 1558 2235 1611 nervis
2262 1554 2578 1625 compeqisti
2596 1568 2701 1610 me.
2725 1555 2794 1611 Et

349 1635 416 1695 in
445 1638 542 1693 PS.
572 1647 723 1703 xvu,
761 1636 824 1689 ¹4
857 1649 872 1689 t
902 1633 1146 1688 Intonuit
1172 1631 1241 1686 de
1267 1628 1394 1685 coelo
1438 1629 1702 1686 Dominus
1752 1633 1805 1684 et
1846 1627 2164 1684 Altissimus
2208 1623 2360 1681 dedit
2394 1639 2573 1683 vocem
2609 1638 2793 1687 suam,

350 1704 565 1777 orando
591 1709 643 1761 et
670 1703 923 1760 carbones
943 1704 1111 1772 ionis.

1288 1916 1544 1982 CAPUT
1584 1917 1846 1981 vanl.

850 2096 1001 2149 QUOD
1037 2095 1186 2141 DEUS
1221 2093 1331 2140 EST
1357 2094 1575 2147 UBIQUE
1605 2092 1682 2139 ΕΤ
1712 2093 1777 2139 m
1812 2093 2066 2140 OMNIBUS
2087 2093 2291 2142 RBBUS·

419 2259 508 2387 l13:11
529 2258 645 2318 hoc
671 2263 869 2316 autem
898 2261 1144 2330 apparet
1165 2255 1327 2329 quod
1347 2258 1535 2314 Deum
1563 2268 1813 2315 necesse
1834 2262 1926 2313 est
1946 2270 2081 2315 esse
2109 2256 2328 2329 ubique
2348 2255 2491 2313 etin
2506 2255 2793 2317 omnibus

424 2402 668 2458 Moveus
694 2399 854 2457 enim
884 2403 943 2456 et
980 2402 1208 2455 motum
1257 2402 1491 2469 oportet
1540 2396 1725 2454 simul
1778 2411 1936 2465 esse,
1994 2403 2058 2454 ut
2114 2395 2327 2469 probat
2374 2396 2791 2470 Philosophus

354 2469 767 2545 (Physic.‚vn,
800 2473 942 2528 text.
973 2482 1191 2527 comm.
1226 2472 1292 2527 lo
1321 2472 1380 2526 et
1405 2466 1608 2541 infra).
1640 2469 1799 2527 Deus
1825 2473 2022 2527 autem
2070 2467 2273 2527 omnia
2313 2473 2512 2527 movet
2539 2467 2615 2528 ad
2643 2480 2792 2529 suas

354 2541 757 2616 operationes,
785 2546 853 2599 ut
874 2545 1185 2598 ostensum
1212 2545 1307 2598 est
1334 2539 1488 2612 (cap.
1521 2539 1636 2611 67).
1663 2541 1766 2596 Est
1789 2539 1977 2612 igitur
2004 2540 2067 2596 in
2090 2539 2373 2598 omnihus
2397 2539 2599 2599 rebus.

424 2614 576 2675 Item,
604 2624 783 2669 omne
810 2610 970 2684 quod
1000 2616 1094 2669 est
1122 2611 1186 2668 in
1215 2609 1351 2668 loco
1377 2609 1471 2667 vel
1500 2609 1566 2667 in
1594 2623 1660 2667 re
1696 2623 2071 2682 quacumque
2120 2610 2323 2682 aliquo
2350 2610 2532 2669 modo
2560 2610 2793 2669 contin·

353 2682 445 2755 git
467 2683 660 2754 ipsam
686 2700 701 2752 ;
730 2695 829 2740 res
858 2681 1016 2738 enim
1048 2693 1336 2753 corporea
1363 2679 1545 2738 estin
1573 2681 1778 2753 aliquo
1808 2680 1967 2738 sicut
2015 2680 2079 2736 in
2121 2680 2255 2739 loco
2284 2679 2615 2738 secundum
2643 2693 2792 2738 con·

351 2759 579 2811 tactum
608 2752 957 2825 quantitatis
976 2751 1345 2810 dimensivae.
1377 2753 1494 2809 Res
1525 2756 1724 2809 autem
1753 2750 2109 2822 incorporea
2137 2750 2200 2808 in
2248 2751 2450 2823 aliquo
2479 2764 2617 2810 esse
2641 2750 2791 2808 dici-

351 2827 452 2882 tur
472 2823 805 2882 secundum
832 2826 1172 2880 contactum
1198 2821 1458 2880 virtutis.
1491 2821 1687 2890 Quum
1717 2826 1917 2879 eareat
1942 2820 2276 2880 dimensiva
2302 2823 2651 2903 quantitate.
2690 2822 2790 2880 Sic

352 2893 541 2974 igitur
563 2907 627 2951 se
651 2892 828 2950 habet
846 2905 944 2950 res
966 2892 1320 2964 incorporea
1344 2892 1417 2950 ad
1440 2892 1558 2949 hoc
1580 2891 1739 2963 quod
1765 2891 1921 2951 sitin
1943 2892 2020 2950 ali
2066 2905 2146 2950 uo
2167 2906 2272 2963 per
2289 2898 2564 2950 virtutem
2590 2905 2791 2962 suam,

355 2970 514 3022 sicut
540 2976 608 3022 se
638 2962 816 3021 habet
833 2974 931 3020 res
961 2976 1250 3034 corporea
1275 2961 1351 3021 ad
1397 2962 1511 3021 hoc
1559 2961 1718 3035 quod
1770 2961 1851 3020 sit
1894 2962 1958 3020 in
1995 2976 2030 3019 a
2058 2963 2198 3036 iquo
2245 2977 2350 3035 per
2395 2963 2790 3035 quantitatem

355 3032 776 3091 dimensivam.
806 3032 867 3090 Si
896 3038 1094 3091 autem
1118 3037 1280 3091 esset
1303 3032 1551 3106 aliquod
1585 3045 1804 3104 corpus
1850 3032 2078 3092 habens
2117 3034 2508 3106 quantitatem
2556 3032 2789 3091 dimen-

356 3104 548 3162 sivam
578 3101 897 3171 infinitam,
929 3108 1228 3175 oporteret
1254 3103 1405 3161 illud
1430 3116 1567 3163 esse
1595 3103 1837 3176 ubique.
1867 3106 2040 3177 Ergo,
2072 3102 2125 3162 si
2158 3104 2240 3162 sit
2258 3104 2458 3177 aliqua
2473 3116 2570 3162 res
2589 3104 2790 3164 incor-

352 3187 541 3246 porea
567 3173 799 3232 habens
826 3174 1103 3232 virtutem
1133 3172 1452 3256 infinitam²
1481 3178 1715 3244 oportet
1742 3173 1902 3255 quod
1931 3174 2013 3232 sit
2033 3172 2276 3247 ubique.
2330 3176 2649 3233 ostensum
2696 3178 2791 3232 cst

356 3251 558 3303 autem
584 3244 709 3318 (tib.
739 3259 783 3314 1,
806 3258 915 3317 cap
940 3245 1030 3317 43)
1053 3247 1242 3303 Deum
1265 3257 1402 3303 esse
1432 3244 1682 3302 infinitae
1711 3244 1966 3302 virtutis.
1997 3245 2099 3302 Est
2125 3244 2310 3317 igitur
2342 3245 2584 3319 ubique.

424 3316 643 3380 Adhuc,
675 3314 831 3373 sicut
855 3328 922 3374 se
947 3314 1125 3373 habet
1151 3328 1338 3373 causa
1364 3314 1744 3387 particularis
1786 3314 1861 3372 ad
1899 3315 2318 3387 particularem
2351 3314 2649 3379 effectum,
2702 3315 2790 3375 ita

355 3397 422 3443 se
448 3385 628 3443 habet
655 3398 840 3443 causa
864 3385 1225 3444 universalis
1254 3385 1331 3443 ad
1361 3384 1762 3444 universalem
1795 3382 2095 3443 effectum.
2128 3387 2371 3467 Oportet
2412 3391 2611 3445 autem
2643 3399 2787 3445 cau-

353 3468 482 3514 sam
514 3456 933 3528 particularem
959 3456 1201 3528 proprio
1230 3454 1470 3514 effectui
1494 3454 1837 3527 particulari
1893 3455 2108 3515 adesse
2153 3458 2379 3527 snmul;
2425 3457 2584 3515 sicut
2622 3456 2787 3529 ignis

348 3538 458 3598 per
478 3539 650 3585 suam
672 3527 995 3585 essentiam
1030 3526 1323 3595 calefacit,
1357 3531 1417 3584 et
1438 3527 1642 3584 anima
1662 3538 1770 3607 per
1792 3538 1966 3584 suam
1998 3527 2325 3586 essentiam
2340 3527 2523 3586 vitam
2544 3527 2787 3598 corpori

352 3596 603 3654 confert.
636 3597 830 3665 Quum
859 3597 1043 3668 igitur
1073 3600 1232 3656 Deus
1259 3597 1342 3655 sit
1368 3610 1556 3655 causa
1581 3596 1944 3656 universalis
1970 3598 2159 3656 totius
2188 3610 2347 3668 esse,
2374 3603 2441 3656 ut
2469 3602 2786 3659 ostensum

265 3716 272 3722 .
348 3665 590 3795 ἐξῆ-(ΠΙ).
616 3679 684 3736 11,
714 3679 854 3793 capt..
874 3666 953 3740 6),
983 3671 1218 3739 oportet
1239 3667 1422 3740 quod,
1447 3666 1512 3724 in
1544 3679 1924 3740 quocumque
1952 3672 2047 3727 est
2073 3668 2341 3727 invenire
2370 3682 2527 3738 esse,
2548 3668 2605 3726 ei
2626 3667 2788 3726 adsit

390 3751 555 3795 mna
618 3750 810 3796 raesen
839 3750 917 3794 ia.

391 3809 566 3887 „Amp
591 3810 698 3878 ius,
727 3807 1147 3882 quodcumque
1176 3821 1365 3881 agens
1385 3812 1479 3867 est
1543 3820 1770 3866 raesens
1787 3812 2018 3867 tantum
2043 3809 2145 3866 uni
2169 3821 2417 3869 suorum
2439 3806 2784 3880 effectuum,

350 3889 484 3949 ejus
513 3878 670 3937 actio
694 3890 819 3937 non
845 3882 1041 3950 potest
1069 3878 1321 3936 derivari
1362 3878 1437 3937 ad
1472 3891 1508 3936 a
1532 3879 1593 3936 ia
1620 3879 1740 3936 nisi
1763 3879 1874 3938 illo
1901 3878 2226 3950 mediante,
2265 3892 2337 3938 eo
2383 3880 2543 3952 quod
2595 3892 2785 3951 agens

348 3953 409 4005 et
436 3948 670 4018 patiens
708 3953 943 4020 oportet
968 3962 1104 4008 esse
1131 3947 1316 4007 simul
1338 3967 1355 4018 ;
1386 3948 1547 4007 sicut
1570 3948 1665 4008 vis
1692 3950 1917 4008 motiva
1941 3962 2065 4007 non
2105 3954 2306 4008 movet
2349 3950 2469 4008 alia
2517 3949 2788 4008 membra

347 4015 469 4074 nisi
499 4018 797 4077 mediante
825 4019 1024 4077 corde.
1056 4019 1118 4077 Si
1150 4019 1335 4092 igitur
1381 4021 1541 4077 Deus
1583 4025 1745 4079 esset
1787 4033 2056 4101 praesens
2094 4019 2199 4078 uni
2252 4025 2500 4079 tantum.
2532 4032 2784 4080 suorum

347 4083 667 4151 effectuum
694 4094 899 4171 utpote
915 4090 1111 4171 primo
1139 4088 1374 4160 mobili,
1403 4088 1567 4163 quod
1591 4090 1668 4149 ab
1695 4104 1770 4149 eo
1798 4090 2142 4149 immediate
2172 4096 2471 4161 movetur,
2501 4103 2786 4165 sequere·

345 4160 446 4215 tur
471 4159 632 4230 quod
656 4174 787 4240 eJus
815 4166 972 4219 actlo
1002 4173 1125 4218 non
1150 4166 1360 4232 posset
1385 4161 1461 4219 ad
1503 4161 1626 4220 alia
1669 4160 1923 4219 derivari
1968 4160 2087 4219 nisi
2131 4160 2242 4220 ilto
2286 4161 2609 4221 mediante.
2660 4163 2786 4220 Hoc

348 4231 547 4306 autem
576 4233 670 4288 est
685 4231 1137 4290 inconveniens,
1169 4230 1230 4290 Si
1259 4232 1422 4290 enim
1450 4231 1710 4305 alicujus
1739 4231 1976 4304 agentis
2005 4231 2164 4289 actio
2214 4245 2339 4291 non
2384 4237 2585 4305 potest
2624 4230 2784 4290 deri·

343 4310 471 4355 van
498 4296 572 4356 ad
599 4299 720 4357 alia
750 4300 872 4359 nisi
899 4302 1197 4360 mediante
1224 4301 1429 4376 aliquo
1457 4303 1673 4374 primo,
1704 4307 1937 4374 oportet
1963 4301 2127 4375 quod
2150 4298 2300 4362 illud
2319 4301 2787 4375 proportionali·

344 4372 439 4426 ter
463 4368 820 4441 respondeat
847 4373 1047 4444 agenti
1078 4373 1408 4433 secundum
1432 4377 1619 4431 totam
1640 4372 1771 4431 e‘us
1794 4373 2071 4432 virtutem
2091 4390 2107 4444 ;
2131 4373 2304 4433 aliter
2317 4373 2479 4432 enim
2506 4385 2629 4431 non
2649 4383 2786 4445 pos·

344 4443 441 4498 set
466 4452 654 4514 agens
680 4444 808 4502 tota
832 4454 947 4501 sua
971 4442 1188 4503 virtute
1234 4444 1344 4517 uti,
1388 4442 1548 4504 sicut
1589 4443 1647 4502 vi
1693 4455 1863 4503 emus
1909 4444 2070 4519 quod
2119 4456 2330 4506 omnes
2372 4448 2576 4503 motus
2620 4448 2782 4517 quos
