3076 5025
1048 333 1179 389 Lm.
1218 333 1315 400 111,
1358 331 1506 386 cap,
1551 331 1721 387 exn.
2486 322 2592 391 '459

167 457 289 526 qni,
317 454 613 510 secundum
643 456 963 526 patientiam
993 454 1119 510 bom·
1144 451 1341 524 operis,
1389 454 1642 523 moriam,
1674 456 1725 508 et
1763 453 2030 522 honorem,
2060 456 2112 509 et
2136 455 2592 524 incorruptionem

166 531 442 597 quaerunt,
468 528 640 580 vitam
672 530 960 592 aeternam3
992 528 1063 581 iis
1106 530 1283 580 autem
1333 528 1493 594 qui...
1537 539 1647 579 non
1692 525 2039 594 acquiescunt
2080 526 2323 593 veritati,
2366 526 2593 581 credunt

165 601 353 653 autem
371 597 677 666 iniquitati,
714 599 804 651 ira
823 600 874 651 et
896 597 1222 665 indignatio.
1251 595 1450 665 (Rom.‚
1485 609 1551 658 11,
1586 592 1718 665 6-8.)

243 669 358 723 Per
383 665 498 723 hoc
525 672 720 723 autem
751 665 1084 724 excluditur
1112 680 1276 724 error
1299 665 1692 738 quorumdam
1738 663 2060 722 dicentium
2089 665 2247 737 quod
2274 668 2431 723 Deus
2464 678 2589 724 non

159 737 372 810 punit3
404 737 677 794 dicebant
712 737 870 794 enim
897 737 1154 794 Marcion
1185 742 1243 794 et
1269 736 1617 794 valentinus
1647 734 1833 793 alium
1862 748 1997 794 esse
2028 738 2215 794 Deum
2255 735 2503 808 honum,
2530 739 2591 794 et

166 805 364 867 alium
390 821 528 866 esse
557 809 741 866 Deum
763 807 1015 881 justum,
1046 807 1147 879 qui
1176 807 1370 878 punit.

1123 1027 1376 1092 CAPUT
1440 1026 1640 1091 CXLI.

769 1207 848 1253 DE
889 1206 1279 1253 limmata
1310 1206 1387 1252 ΕΤ
1422 1206 1638 1252 ORDINE
1678 1205 1995 1253 emulum.

249 1370 403 1438 Quia
422 1383 584 1436 vero,
611 1368 769 1427 sicut
795 1383 867 1427 ex
893 1368 1191 1441 praedictis
1217 1373 1396 1439 patet,
1419 1368 1729 1439 praemium
1756 1367 2035 1442 estquod
2059 1368 2346 1427 voluntati
2371 1385 2586 1445 propo-

171 1440 342 1499 nitur
366 1441 533 1512 quasi
564 1439 704 1497 finis
732 1453 850 1511 quo
880 1440 1167 1497 excitatur
1195 1439 1269 1496 ad
1286 1439 1438 1497 hene
1467 1439 1784 1510 agendum,
1816 1454 1849 1497 e
1867 1440 2166 1498 contrario
2191 1455 2364 1512 poena
2384 1445 2588 1501 volun·

168 1512 283 1568 tati
312 1509 663 1582 proponitur
694 1516 756 1568 ut
783 1524 816 1566 a
841 1510 1001 1567 malo
1030 1510 1381 1579 retrahatur,
1403 1511 1578 1581 quasi
1603 1509 1828 1584 aliquid
1859 1510 2207 1582 fugiendum
2237 1518 2294 1568 et
2336 1515 2584 1585 malum,

171 1581 337 1640 sicut
364 1582 434 1639 de
461 1581 691 1638 ratione
718 1580 946 1653 praemii
977 1586 1068 1637 est
1095 1581 1254 1652 quod
1284 1581 1364 1637 sit
1407 1580 1631 1637 bonum
1677 1586 1735 1638 et
1780 1581 2072 1639 voluntati
2114 1595 2472 1653 consonum,
2502 1585 2587 1642 ita

172 1652 249 1709 de
279 1652 508 1709 ratione
538 1665 727 1723 poenae
755 1650 1029 1723 estquod
1059 1650 1140 1708 sit
1165 1650 1386 1708 malum
1418 1657 1474 1706 et
1497 1651 1861 1708 contrarium
1889 1651 2200 1709 voluntati.

245 1722 459 1779 Malum
490 1727 688 1779 autem
714 1727 802 1779 est
834 1721 1083 1792 privatio
1111 1720 1253 1778 boni
1270 1739 1287 1784 ;
1317 1720 1470 1778 unde
1499 1727 1730 1792 oportet
1766 1720 1927 1793 quod
1956 1721 2286 1780 secundum
2311 1722 2588 1782 differen-

165 1792 317 1850 tiam
349 1798 408 1849 et
431 1792 700 1850 ordinem
732 1792 1024 1849 bonorum
1056 1791 1132 1849 sit
1161 1791 1337 1848 etiam
1368 1791 1515 1848 ordo
1547 1797 1604 1848 et
1632 1790 1967 1850 differentia
1992 1806 2323 1862 poenarum.
2369 1797 2465 1852 Est
2488 1810 2590 1853 au-

165 1869 294 1921 tem
351 1877 652 1921 summum
704 1862 926 1920 bonum
979 1861 1243 1920 hominis
1299 1861 1575 1928 felicitas,
1600 1876 1731 1934 quae
1788 1867 1879 1920 est
1934 1861 2180 1920 ultimus
2230 1863 2370 1921 finis
2427 1865 2588 1936 eJ‘us3

174 1940 405 2006 quanto
437 1946 579 2005 ergo
609 1932 833 2005 aliquid
869 1938 960 1991 est
1005 1932 1144 2003 huic
1191 1931 1296 1988 fini
1347 1933 1766 2004 propinquius,
1810 1938 1979 1990 tanto
2025 1935 2370 2004 praeeminet
2396 1936 2591 2016 magis

169 2003 444 2063 hominis
475 2003 718 2061 bonum.
750 2003 899 2060 Huic
927 2008 1122 2059 autem
1148 2001 1723 2075 propinquissimum
1751 2008 1842 2060 est
1864 2003 2077 2072 virtus,
2104 2011 2162 2060 et
2181 2005 2232 2061 si
2259 2005 2400 2076 quid
2427 2004 2592 2063 aliud

172 2081 269 2133 est
292 2074 454 2156 quod
485 2073 559 2131 ad
589 2074 804 2131 bonam
850 2074 1255 2143 operationem
1287 2072 1914 2201 bominumdproficiat,
1961 2087 2079 2145 qua
2129 2076 2467 2154 pervenitur
2513 2075 2589 2134 ad

169 2145 635 2213 beatitudinem
667 2144 1054 2216 consequitur
1081 2149 1276 2201 autem
1298 2148 1356 2201 et
1383 2143 1583 2201 debita
1648 2144 1923 2214 ispositio
1942 2145 2194 2202 rationis
2214 2150 2273 2202 et
2293 2146 2507 2203 virium
2536 2146 2594 2204 ei

175 2215 610 2286 subiectarum
643 2220 778 2285 post
815 2215 930 2272 hoc
972 2219 1188 2276 autem,
1221 2219 1279 2271 et
1318 2215 1589 2284 corporis
1643 2214 2045 2282 incolumitaS‚
2077 2230 2207 2287 quie
2250 2216 2593 2275 necessaria

175 2291 271 2344 est
298 2286 372 2344 ad
404 2286 729 2356 expeditam
767 2285 1200 2356 operationem3
1229 2285 1467 2341 demum
1497 2290 1714 2353 autem,
1746 2300 1818 2342 ea
1835 2300 1967 2357 quae
1994 2286 2255 2343 exterius
2282 2287 2594 2367 sunt‚qui-

172 2356 294 2415 bus
348 2356 521 2428 quasi
575 2355 1142 2412 adminiculantibus
1192 2355 1412 2412 utimur
1459 2356 1529 2412 ad
1576 2357 1870 2412 virtutem.
1934 2355 2055 2411 Erit
2104 2356 2288 2427 igitur
2338 2370 2600 2414 maxima

172 2441 357 2501 poena
385 2426 692 2484 hominem
720 2426 1141 2483 abeatitudine
1189 2425 1459 2493 excludi;
1508 2431 1645 2495 post
1684 2425 1840 2482 hanc
1879 2431 2097 2494 autem,
2135 2425 2348 2483 virtute
2376 2427 2593 2497 privari

178 2503 240 2557 et
309 2498 630 2556 erfectione
663 2511 1035 2569 quacumque
1064 2496 1424 2554 naturalium
1451 2496 1737 2553 virtutum
1760 2494 1977 2553 animae,
1991 2495 2060 2553 ad
2081 2495 2233 2553 hene
2253 2497 2547 2568 agendum
2575 2515 2591 2567 3

177 2512 398 2650 deffinc
428 2568 787 2626 naturalium
818 2567 1215 2640 potentiarum
1238 2567 1451 2624 animae
1482 2567 1883 2647 deordinatio;
1916 2567 2189 2637 posthoc
2218 2575 2436 2646 autem,
2467 2581 2597 2626 cor·

173 2653 347 2712 poris
374 2646 833 2707 nocumentum3
866 2638 1104 2695 demum
1134 2644 1327 2694 autem
1361 2643 1718 2693 exteriorum
1747 2637 2040 2694 bonorum
2063 2638 2342 2695 sublatio.

252 2709 388 2778 Sed,
421 2710 562 2780 quia
589 2709 660 2766 de
707 2710 815 2765 rati
864 2723 935 2765 ne
978 2722 1166 2779 poenae
1215 2713 1326 2775 est,
1368 2720 1489 2763 non
1532 2708 1731 2764 solum
1776 2707 1936 2779 quod
1980 2707 2061 2764 sit
2101 2709 2386 2777 privativa
2424 2708 2592 2778 boni,

173 2780 290 2839 sed
321 2781 496 2837 etiam
524 2779 683 2852 quod
713 2781 790 2836 sit
839 2778 1118 2836 ·ontraria
1144 2778 1454 2846 voluntati,
1487 2791 1608 2834 non
1637 2782 1833 2835 autem
1862 2776 2180 2857 cujuslibet
2208 2779 2470 2836 hominis
2494 2792 2593 2836 vo-

175 2851 385 2909 luntas
415 2850 713 2907 existimat
737 2849 896 2906 bona
920 2848 1246 2907 secundum
1280 2848 1437 2920 quod
1470 2853 1628 2910 sunt,
1677 2847 1974 2919 contingit
2020 2848 2315 2905 interdum
2347 2850 2502 2920 quod
2533 2848 2593 2908 id

175 2921 343 2994 quod
373 2927 467 2978 est
510 2920 754 2991 majoris
796 2919 937 2978 boni
971 2919 1322 2990 privativum
1371 2924 1463 2975 est
1503 2919 1705 2976 minus
1749 2918 2111 2975 contrarium
2160 2919 2471 2989 voluntati,
2517 2924 2593 2990 et,

177 2995 426 3065 propter
453 2991 590 3059 hoc,
619 2991 821 3048 minus
849 2990 1086 3061 poenale
1123 3002 1256 3047 esse
1306 2988 1569 3058 videtum
1617 2993 1676 3045 et
1736 2988 1877 3045 inde
1909 2989 2184 3060 estquod
2237 2989 2438 3060 plures
2491 2990 2596 3047 ho-

176 3062 403 3130 mines,
434 3062 535 3133 qui
564 3061 724 3118 bona
750 3061 1062 3118 sensibilia
1090 3066 1148 3116 et
1174 3060 1507 3131 corporalia
1555 3059 1749 3131 magis
1791 3060 2087 3116 aestimant
2116 3065 2175 3116 et
2220 3064 2595 3131 cognoscunt

180 3146 366 3205 quam
411 3131 816 3204 intelligibilia
858 3137 916 3188 et
957 3130 1310 3202 spiritualia,
1337 3130 1471 3201 plus
1518 3129 1729 3186 timent
1775 3130 2115 3200 corporales
2159 3144 2369 3201 poenas
2415 3144 2590 3203 quam

181 3202 568 3274 spirituales;
618 3201 944 3259 secundum
1012 3215 1266 3273 quorum
1315 3200 1774 3258 aestimationem
1831 3201 2167 3259 contrarius
2220 3202 2366 3258 ordo
2434 3203 2594 3259 vide·-

178 3280 288 3329 tur
350 3286 612 3330 oenarum
647 3272 841 3330 ordini
872 3272 1233 3343 supradicto,
1263 3272 1428 3341 Apud
1459 3272 1572 3329 hos
1604 3272 1764 3328 enim
1791 3271 2050 3328 maxima
2082 3285 2258 3342 poena
2294 3272 2596 3329 aestiman-

180 3349 287 3400 tur
340 3344 593 3401 aesiones
640 3342 908 3414 corporis
950 3347 1008 3399 et
1055 3342 1270 3399 damna
1315 3356 1509 3398 rerum
1552 3341 1943 3423 exteriorum}
1993 3341 2367 3399 deordinatio
2398 3349 2594 3398 autem

182 3414 426 3484 animae,
457 3419 514 3471 et
541 3414 824 3471 damnum
852 3413 1106 3480 virtutis,
1131 3417 1187 3469 et
1214 3412 1464 3470 amissio
1493 3412 1799 3470 fruitionis
1827 3412 2061 3481 divinae,
2093 3413 2156 3468 in
2185 3427 2304 3484 qua
2322 3413 2600 3469 consistit

179 3484 401 3543 ultima
429 3485 692 3542 hominis
736 3484 1009 3546 felicitas,
1058 3489 1156 3541 aut
1200 3483 1499 3540 modicum
1540 3489 1641 3540 aut
1682 3482 1832 3539 nibil
1879 3487 2182 3554 reputatur
2206 3484 2280 3540 ab
2310 3484 2419 3541 eis.
2454 3483 2599 3540 Hinc

181 3562 385 3613 autem
417 3555 682 3626 procedit
709 3554 868 3627 quod
898 3554 1209 3612 hominum
1236 3559 1475 3624 peccata
1504 3569 1540 3609 a
1570 3556 1689 3610 Deo
1718 3551 1915 3632 puniri
1948 3567 2071 3610 non
2109 3554 2426 3623 aestimant,
2458 3554 2601 3625 quia

177 3626 388 3684 vident
430 3626 777 3698 plerumque
833 3632 1175 3695 peccatores
1222 3624 1630 3681 incolumitate
1664 3636 1934 3694 corporis
1981 3624 2181 3696 vigere
2219 3631 2279 3681 et
2323 3625 2599 3682 exteriori

178 3697 429 3756 fortuna
455 3696 655 3768 potiri.
684 3695 903 3769 quibus
934 3694 1230 3775 interdum
1261 3694 1537 3752 homines
1584 3694 1838 3752 virtuosi
1869 3693 2201 3774 privantur3
2233 3695 2392 3766 quod
2442 3700 2599 3752 recte

180 3767 710 3827 considerantibus
732 3767 948 3824 mirum
976 3766 1160 3822 videri
1192 3779 1311 3822 non
1344 3764 1533 3822 debet.
1568 3765 1759 3832 Quum
1801 3778 1957 3822 enim
1990 3766 2193 3823 omnia
2212 3766 2505 3824 exteriora
2525 3765 2597 3823 ad

174 3838 474 3897 interiora
516 3837 884 3905 ordinentur,
929 3849 1147 3906 corpus
1195 3841 1389 3893 autem
1439 3834 1512 3891 ad
1549 3835 1807 3892 animam
1862 3836 2182 3893 intantum
2224 3836 2514 3893 exteriora
2543 3840 2602 3892 et

176 3908 523 3982 corporalia
547 3908 704 3965 bona
742 3912 882 3965 sunt
912 3906 1142 3964 homini
1167 3905 1326 3963 bona
1353 3907 1417 3963 in
1446 3914 1732 3977 quantum
1764 3877 1837 3963 ad
1880 3907 2103 3964 honum
2139 3907 2388 3963 rationis
2420 3906 2596 3977 profi-

174 3980 387 4049 ciunt;
421 3979 750 4036 secundum
780 3992 920 4036 vero
950 3977 1108 4051 quod
1139 3977 1362 4035 honum
1395 3976 1647 4033 rationis
1669 3976 2026 4047 impediunt,
2046 3976 2271 4033 homini
2296 3982 2602 4033 vertuntur

172 4052 247 4109 in
311 4049 561 4106 malum.
632 4048 802 4105 Novit
866 4054 1063 4106 autem
1127 4062 1324 4106 rerum
1380 4047 1705 4117 dispositor
1758 4048 1914 4104 Deus
1969 4060 2308 4104 mensuram
2363 4048 2600 4104 virtutis

175 4122 499 4187 humanam
531 4118 688 4175 unde
718 4119 1010 4176 interdum
1038 4119 1266 4176 homini
1305 4117 1573 4175 virtuoso
1619 4118 1955 4188 corporalia
2000 4122 2058 4174 et
2107 4117 2399 4174 exteriora
2442 4116 2602 4175 hona

178 4191 499 4251 ministrat
524 4188 586 4244 in
609 4188 961 4259 adjutorium
990 4189 1244 4256 virtutis,
1266 4193 1324 4245 et
1343 4190 1405 4245 in
1428 4188 1544 4245 hoc
1564 4188 1616 4244 ei
1639 4187 1991 4245 beneficium
2010 4193 2279 4258 praestat3
2303 4188 2601 4244 interdum

179 4275 330 4322 vero
361 4261 414 4318 ei
450 4258 1070 4338 praedictasubtrahit,
1101 4274 1173 4317 eo
1205 4258 1363 4332 quod
1392 4259 1733 4315 considerat
1764 4258 1993 4315 homini
2032 4258 2118 4314 illi
2145 4272 2279 4314 esse
2312 4257 2384 4314 ad
2415 4258 2600 4328 impe-

182 4333 519 4392 dimentum
551 4329 788 4386 virtutis
817 4334 872 4385 et
902 4329 1201 4388 fruitionis
1237 4329 1470 4386 divinae.
1504 4332 1582 4385 Ex
1615 4328 1727 4386 hoc
1743 4335 1939 4386 autem
1969 4328 2260 4386 exteriora
2290 4329 2446 4385 bona
2475 4340 2597 4383 ver·

181 4408 397 4461 tuntur
424 4400 657 4459 bomini
689 4400 748 4456 in
774 4399 1016 4480 malum,
1048 4405 1112 4457 ut
1137 4401 1358 4457 dictum
1391 4406 1508 4469 est3
1543 4400 1698 4457 unde
1742 4404 2047 4479 eteorum
2086 4399 2357 4467 amissio,
2395 4399 2598 4454 eadem

183 4476 441 4545 ratione,
472 4470 703 4531 homini
733 4470 975 4530 vertitur
998 4483 1061 4529 in
1089 4469 1334 4530 bonum.
1363 4469 1424 4528 Si
1454 4470 1637 4544 igitur
1666 4483 1867 4529 omnis
1891 4483 2070 4543 poena
2091 4471 2312 4530 malum
2342 4474 2452 4535 est,
2472 4477 2595 4523 non
