3076 5025
992 300 1127 358 ult.
1164 300 1265 367 111,
1302 299 1456 356 CAP.
1496 298 1631 357 xm.
2419 301 2530 360 ³05

176 425 304 482 enim
330 422 468 496 quod
492 422 843 480 intellectum
870 418 1055 479 unius
1081 418 1190 489 rei,
1219 424 1429 491 utputa
1455 419 1617 500 equi,
1658 418 1819 501 apud
1839 432 1936 501 nie
1963 425 2025 478 et
2049 420 2204 492 apud
2237 426 2296 478 te
2323 421 2519 480 multi-

176 497 382 567 plicatur
412 492 587 551 solum
616 507 717 563 per
754 489 1308 562 multiplicationem
1355 503 1688 560 specierum
1730 492 2153 562 spiritualium,
2198 505 2330 565 quae
2378 500 2521 551 sunt

175 566 375 621 diversae
403 564 457 620 in
480 577 567 620 me
594 568 649 619 et
676 563 737 619 in
773 568 851 620 te.
885 563 1126 643 Oportet
1154 561 1338 633 igitur
1366 559 1526 631 quod
1557 560 1923 619 intellectum
1996 562 2110 620 uod
2132 576 2250 620 non
2281 568 2517 620 susten·

175 640 302 690 tatur
330 635 381 689 iii
407 634 590 705 aliqua
616 632 956 704 hujusmodi
987 631 1186 703 specie
1212 631 1291 689 sit
1315 630 1472 692 idem
1501 631 1655 701 apud
1685 637 1743 688 te
1773 636 1830 688 et
1850 645 1963 703 apu
2052 646 2167 689 me.
2198 634 2307 691 Sed
2355 633 2524 706 quid·

176 705 301 762 ditas
326 704 596 771 intellecti,
628 718 801 775 quain
834 702 1173 760 intellectus
1204 706 1408 759 noster
1436 706 1616 759 natus
1644 707 1737 759 est
1781 703 2146 772 abstrahere,
2196 709 2263 761 ut
2306 704 2521 775 proba-

173 782 273 831 tum
300 780 391 841 est,
418 787 528 830 non
552 774 726 831 habet
752 773 1012 846 aliquam
1051 771 1311 844 speciem
1340 771 1711 844 spiritualem
1755 778 1814 829 et
1862 772 2306 842 individualem,
2334 787 2521 846 quum

177 843 426 916 quidditas
452 843 719 902 intellecti
757 858 879 903 non
928 844 1009 902 sit
1049 842 1350 916 quidditas
1390 840 1682 900 individui
1723 854 1916 915 neque
1962 844 2289 914 spiritualis
2327 859 2524 918 neque

174 914 465 984 corporalis,
493 929 667 986 quum
696 914 1082 984 intellectum,
1109 913 1175 971 in
1205 917 1492 986 quantum
1521 918 1616 970 est
1657 913 2023 984 hujusmodi,
2055 914 2135 971 sit
2163 916 2518 975 universale.
2553 946 2561 959 ·

176 985 454 1042 intellectus
479 985 654 1057 igitur
681 990 887 1043 noster
915 990 1092 1043 natus
1119 990 1213 1041 est
1240 983 1572 1056 intelligere
1642 983 1989 1041 uidditatem
2038 983 2211 1065 cujus
2253 984 2519 1044 intellec·

175 1058 251 1112 tus
273 1058 347 1111 est
369 1068 508 1112 uuus
535 1055 687 1126 apud
717 1068 947 1114 omncs.
977 1054 1137 1112 Talis
1159 1059 1357 1112 autem
1388 1060 1481 1112 est
1509 1054 1610 1127 qui
1656 1053 1812 1111 ditas
1837 1054 2188 1113 substantiae
2209 1061 2517 1126 separatae.

174 1126 254 1183 Est
273 1124 428 1196 igitur
452 1125 780 1183 intellectus
810 1131 1016 1185 noster
1042 1130 1219 1183 natus
1250 1137 1617 1205 cognoscere
1644 1124 2037 1183 substantiam
2095 1129 2447 1197 separatam.

225 1195 271 1252 Si
295 1198 463 1252 autem
504 1196 814 1269 diligenter
842 1196 1272 1264 consideretur,
1302 1209 1411 1253 viae
1441 1196 1573 1253 istae
1602 1193 1827 1253 frivolae
1860 1195 2258 1260 invenientur.

226 1264 385 1333 Quum
412 1266 972 1335 enim-intellectum,
1013 1266 1076 1323 in
1122 1270 1408 1338 quantum
1448 1265 1817 1337 hujusmodi,
1848 1265 1928 1323 sit
1968 1266 2325 1336 universale,
2353 1280 2390 1324 o
2432 1279 2526 1325 or-

170 1338 240 1391 tet
256 1336 383 1406 quod
408 1337 699 1408 quidditas
747 1337 1029 1395 intellecti
1084 1337 1166 1395 sit
1209 1335 1510 1409 quidditas
1560 1335 1813 1408 alicujus
1863 1336 2242 1403 universalis,
2295 1338 2379 1395 sci
2409 1337 2523 1395 icet

171 1406 364 1529 fencris
383 1408 468 1463 vel
494 1408 735 1478 speciei.
767 1407 1078 1476 Quidditas
1102 1411 1301 1465 autem
1337 1406 1576 1480 generis
1603 1406 1696 1463 vel
1740 1406 1958 1477 speciei
2007 1407 2221 1465 borum
2266 1402 2523 1466 sensibiss
2569 1460 2576 1467 .

192 1487 311 1544 ium,
335 1476 486 1557 cujus
513 1479 916 1551 cognitionem
947 1476 1363 1535 intellectivam
1397 1490 1500 1546 per
1537 1476 1953 1548 phantasmata
1980 1478 2330 1548 accipimuS,
2361 1490 2523 1536 com·
2579 1506 2585 1519 ·

168 1544 427 1623 prehendit
451 1548 511 1605 iri
539 1563 604 1607 se
632 1550 945 1606 materiam
974 1553 1032 1606 et
1058 1547 1328 1605 sormam.
1358 1549 1460 1604 Est
1485 1548 1669 1620 igitur
1696 1548 1945 1606 omnino
1987 1548 2303 1606 dissimilis
2359 1548 2530 1621 quid·

169 1612 307 1671 ditati
329 1617 654 1677 substantiae
685 1625 973 1690 separatae
1002 1631 1133 1691 quae
1167 1622 1260 1676 est
1287 1617 1537 1699 simplex
1569 1623 1627 1675 et
1672 1618 2102 1676 immaterialis.
2134 1620 2265 1677 Non
2293 1625 2386 1676 est
2411 1618 2526 1693 igi·

165 1687 244 1740 tur
264 1687 519 1756 possibile
545 1690 729 1762 quod,
756 1704 866 1770 per
891 1689 1003 1748 hoc
1032 1688 1193 1770 quod
1220 1688 1576 1760 intelligitur
1604 1688 1904 1761 quidditas
1932 1689 2018 1746 rei
2060 1688 2371 1749 sensibilis
2419 1702 2534 1763 per

168 1753 547 1830 phantasmata,
575 1761 946 1832 intelligatur
973 1758 1275 1832 quidditas
1301 1759 1654 1817 substantias
1681 1764 1987 1831 separatae.

218 1825 462 1909 Praefert,
494 1843 613 1894 non
641 1836 734 1889 est
762 1829 1026 1902 ejusdem
1057 1829 1309 1888 rationis
1339 1829 1530 1887 forma
1557 1842 1690 1903 quae
1717 1830 2046 1890 secundum
2077 1844 2144 1889 se
2171 1843 2295 1889 non
2331 1835 2529 1902 potest

164 1905 216 1952 se
249 1908 377 1977 arari
404 1899 473 1958 ab
501 1901 707 1975 aliquo
738 1901 1008 1973 subjecto
1039 1913 1176 1958 cum
1205 1900 1312 1958 illa
1338 1914 1471 1972 quae
1501 1905 1811 1982 separatur
1842 1901 2167 1959 secundum
2203 1915 2337 1960 esse
2362 1917 2398 1961 a
2419 1902 2523 1963 tali

250 1974 402 2047 lecto,
430 1970 565 2029 licet
588 1977 840 2045 utraque
868 1969 1199 2029 secundum
1227 1970 1770 2030 considerationem
1799 1972 2124 2042 accipiatur
2149 1971 2375 2045 absque
2421 1973 2527 2036 tali

165 2036 421 2117 subiectoe
450 2054 569 2100 non
595 2043 758 2100 enim
789 2046 882 2100 est
908 2041 1114 2100 eadem
1143 2041 1294 2099 ratio
1313 2041 1745 2114 magnitudinis
1772 2046 1831 2100 et
1848 2043 2198 2101 substantiae
2217 2048 2526 2117 separatae,

163 2116 257 2183 nisi
278 2122 548 2189 ponamus
575 2127 634 2171 m
721 2112 1026 2171 nitudines
1054 2117 1361 2183 separatas
1387 2111 1618 2171 medias
1649 2116 1708 2171 et
1731 2113 1888 2170 inter
1914 2114 2147 2186 species
2174 2119 2234 2171 et
2268 2113 2528 2174 sensibi-

163 2171 243 2244 lia,
261 2186 395 2238 sicut
419 2184 493 2241 ali
538 2184 600 2241 ui
628 2199 668 2257 p
698 2182 919 2242 atonici
946 2187 1297 2255 posuerunt.
1329 2182 1642 2252 Quidditas
1669 2188 1867 2242 autem
1896 2184 2136 2255 generis
2181 2184 2274 2243 vel
2303 2184 2530 2255 speciei

162 2256 320 2325 reruni
345 2254 496 2312 sensi
542 2254 718 2313 ilium
747 2266 868 2313 non
893 2259 1091 2325 potest
1117 2254 1378 2325 separari
1408 2253 1739 2311 secundum
1770 2266 1904 2312 esse
1933 2254 2008 2312 ab
2051 2255 2165 2312 hac
2200 2254 2528 2315 individua·

162 2313 195 2372 li
217 2323 450 2392 materia,
476 2325 592 2382 nisi
621 2325 798 2394 sorte,
829 2323 1158 2384 secundum
1186 2324 1544 2397 platonicos,
1574 2336 1870 2396 ponamus
1896 2337 2089 2382 rerum
2112 2325 2344 2396 species
2364 2339 2530 2397 sepa·

162 2391 320 2465 ratam
369 2395 518 2465 quod
574 2402 669 2454 est
728 2395 801 2452 ab
855 2395 1167 2453 Aristotele
1236 2394 1581 2474 metaphys..
1608 2407 1654 2474 ι,
1682 2398 1823 2451 text.
1854 2406 2070 2451 comm.
2101 2399 2157 2463 2,
2182 2398 2219 2453 4
2272 2401 2332 2451 et
2373 2395 2525 2468 seq.)

160 2461 526 2538 improbatum.
558 2468 661 2526 Est
709 2465 895 2539 igitur
917 2466 1165 2524 omnino
1244 2463 1520 2523 issimilis
1548 2462 1850 2537 quidditas
1879 2465 2162 2537 praedicta
2186 2479 2223 2523 a
2250 2463 2530 2525 substan-

161 2531 242 2587 tiis
263 2537 551 2614 separatis,
581 2550 720 2612 quae
748 2536 916 2595 nullo
943 2535 1124 2594 modo
1153 2541 1294 2594 sunt
1328 2535 1391 2592 in
1415 2534 1683 2594 materia.
1711 2537 1843 2593 Non
1865 2534 2068 2661 iffiitur,
2098 2548 2203 2605 per
2228 2535 2345 2593 hoc
2367 2536 2532 2610 quod

161 2593 232 2658 11ae
289 2604 587 2666 uidditates
615 2606 1058 2679 intelliguntur,
1085 2605 1436 2664 substantiae
1465 2610 1753 2676 separatae
1777 2605 1866 2661 int
1947 2606 2027 2677 igi
2058 2610 2332 2676 possunt.

215 2615 400 2756 Agla&
433 2678 485 2735 si
516 2677 825 2751 quidditas
854 2676 1519 2757 substantiisseparatae
1563 2674 1734 2756 detur
1764 2688 1916 2756 ‘esse
1957 2675 2224 2746 ejusdem
2274 2677 2527 2738 rationis

160 2749 267 2798 cum
288 2746 595 2825 quidditate
625 2748 871 2821 generis
892 2747 986 2805 vel
1014 2759 1232 2818 speciei
1265 2752 1520 2804 istorum
1550 2744 1951 2815 sensibilium,
1981 2758 2104 2803 non
2149 2748 2367 2817 poterit
2410 2748 2529 2807 dici

160 2811 284 2888 quod
318 2821 387 2873 sit
422 2817 691 2891 ejusdem
740 2817 995 2877 rationis
1028 2815 1357 2875 secundum
1393 2816 1694 2887 speciem
1741 2815 1860 2873 nisi
1904 2815 2175 2874 dicamus
2203 2817 2358 2890 quod
2397 2831 2528 2889 spe·

157 2883 470 2946 cieshorum
498 2889 883 2949 sensibilium
915 2888 1038 2946 sint
1082 2887 1228 2958 ipsae
1280 2885 1631 2945 substantiae
1684 2891 1990 2968 separatae,
2040 2887 2198 2945 sicut
2248 2887 2529 2958 platonici

156 2959 452 3018 posuerunt.
483 2961 775 3021 Remanet
817 2960 833 3016 i
882 2959 1003 3016 itur
1044 2958 1203 3032 quod
1230 2971 1351 3016 non
1374 2962 1551 3015 erunt
1578 2957 1845 3029 ejusdem
1875 2958 2151 3027 rationis,
2182 2958 2301 3017 nisi
2341 2972 2528 3031 quan-

154 3023 257 3101 111113
278 3025 344 3084 ad
363 3028 651 3090 rationem
682 3029 825 3103 quid
870 3030 1031 3088 itatis
1084 3029 1144 3086 in
1188 3033 1473 3102 quantum
1520 3032 1617 3086 est
1662 3026 1983 3100 quidditas.
2015 3030 2151 3087 Haec
2192 3034 2389 3087 autem
2439 3034 2532 3089 cst

154 3094 280 3152 ratio
302 3102 648 3181 communis,
680 3100 921 3174 generis
945 3070 1176 3182 scilicet
1198 3106 1255 3157 et
1284 3098 1506 3180 speciei
1533 3103 1594 3180 et
1620 3098 1991 3181 substantiae.
2023 3100 2154 3181 Non
2203 3100 2386 3182 igitur
2428 3114 2533 3171 per

156 3155 247 3219 has
268 3168 606 3238 quidditates
630 3171 706 3229 de
723 3171 1078 3229 substantiis
1101 3176 1397 3241 separatis
1412 3168 1637 3242 aliquid
1666 3168 1921 3241 intelligi
1945 3174 2180 3240 poterit,
2202 3183 2320 3229 nisi
2346 3183 2534 3228 remo·

152 3231 257 3290 tum
274 3250 452 3316 genus
476 3243 770 3324 ipsarum.
802 3241 1051 3314 Cognito
1081 3246 1277 3298 autern
1306 3252 1545 3314 genere,
1575 3251 1699 3297 non
1727 3245 1969 3321 propter
2001 3239 2118 3298 hoc
2145 3242 2532 3314 cognoscitur

156 3310 367 3385 Species,
394 3312 509 3370 nisi
537 3315 603 3370 in
631 3312 921 3383 potentia.
952 3314 1083 3369 Non
1111 3311 1328 3383 poterit
1353 3310 1538 3383 igitur
1567 3308 1823 3384 intelligi
1870 3308 2210 3370 substantia
2254 3316 2530 3383 separata

152 3380 240 3441 Per
257 3379 598 3441 intellectum
627 3384 843 3441 harum
873 3381 1287 3454 quidditatum.

210 3443 453 3524 4mptius,
484 3453 682 3535 major
710 3458 803 3511 est
830 3451 1114 3510 distantia
1139 3450 1491 3511 substantiae
1518 3456 1807 3523 separatae
1836 3463 1875 3510 a
1927 3451 2318 3511 sensibilibus
2352 3465 2532 3526 quain

158 3521 631 3599 umus-sensibilis
661 3523 737 3582 ab
765 3522 905 3580 alio.
938 3521 1051 3579 Sed
1076 3521 1408 3593 intelligere
1436 3522 1825 3594 quidditatem
1855 3521 2039 3581 unius
2077 3523 2385 3582 sensibilis
2410 3536 2532 3581 non

158 3582 347 3646 sufficit
371 3593 439 3651 ad
467 3594 660 3653 intelli
710 3593 921 3652 endam
947 3592 1333 3673 quidditatem
1359 3592 1605 3651 alterius
1631 3591 1977 3661 sensibilis3
2006 3607 2204 3652 caecus
2231 3593 2388 3650 enim
2426 3606 2535 3652 na-

156 3654 261 3735 tus,
281 3671 375 3728 per
395 3663 505 3723 hoc
572 3679 655 3724 uo
725 3663 1008 3736 intelligit
1030 3660 1417 3735 quidditatem
1445 3663 1606 3734 soni,
1631 3662 1801 3720 nullo
1821 3663 2000 3721 modo
2019 3668 2214 3734 potest
2227 3663 2548 3735 pervenire.

159 3721 222 3800 ad
247 3730 530 3809 intelligen
578 3750 675 3794 am
749 3734 1096 3792 uidditatem
1132 3732 1377 3791 coloris.
1405 3733 1588 3791 Multo
1616 3733 1800 3814 igitur
1826 3734 2052 3801 minus,
2083 3747 2187 3804 per
2214 3735 2328 3791 hoc
2374 3735 2533 3805 quod

154 3790 412 3929 &affigat
476 3806 575 3865 uis
606 3805 710 3887 qui
758 3803 998 3931 ditatern
1026 3802 1338 3863 sensibilis
1355 3802 1727 3876 substantiae,
1752 3802 1968 3878 poterit
1992 3802 2326 3877 intelligere
2364 3802 2542 3878 quide
2612 3854 2617 3858 .

379 3886 445 3932 su
489 3883 731 3934 stantiae
759 3889 823 3934 se
867 3889 967 3933 ara
994 3888 1065 3934 ae.
1629 3917 1638 3924 -
2617 3927 2621 3931 Α

216 3934 343 4008 Μ»,
370 3944 419 4001 si
469 3947 651 4005 etiam
694 3890 991 4019 pongmus
1032 3944 1194 4019 quod
1239 3943 1593 4005 substantiae
1630 3950 1919 4020 separatae
1946 3943 2124 4003 orbes
2153 3951 2430 4010 moveant
2459 3961 2534 4006 ex

157 4014 373 4072 ‘luorum
395 4016 665 4075 motibus
711 4021 1036 4075 causantur
1082 4016 1290 4074 formae
1321 4017 1722 4087 sensibilium,
1757 4016 1855 4075 hic
1899 4015 2115 4074 modus
2166 4017 2532 4089 cognitionis

155 4072 464 4150 substantiae
488 4094 778 4158 separatae
808 4101 881 4144 ex
909 4085 1302 4145 sensibilibus
1329 4098 1453 4144 non
1474 4086 1699 4146 sufficit
1725 4085 1799 4144 ad
1820 4085 2124 4144 sciendam
2145 4087 2532 4158 quidditatem

152 4151 399 4228 lpsarum.
439 4158 589 4215 Nam
637 4171 742 4230 per
784 4155 1060 4215 effectum
1104 4157 1291 4215 scitur
1330 4169 1533 4220 causa,
1560 4157 1652 4214 vel
1689 4157 1920 4214 ratione
1953 4155 2368 4216 similitudinis
2398 4172 2531 4232 quae

154 4220 229 4271 est
252 4227 393 4282 inter
419 4225 700 4285 effectum
733 4233 793 4286 et
819 4240 1083 4292 causam,
1114 4227 1208 4285 vel
1235 4227 1301 4285 in
1329 4233 1621 4299 quantum
1651 4225 1898 4284 effectus
1944 4226 2313 4287 demonstrat
2345 4229 2530 4287 virtu-

154 4284 250 4342 lem
274 4304 477 4354 causae.
506 4298 758 4356 Ratione
785 4301 982 4357 autem
1009 4296 1424 4357 similitudinis
1472 4310 1548 4356 ex
1594 4294 1807 4356 effectu
1852 4308 1975 4354 non
2020 4297 2237 4369 poterit
2279 4300 2419 4358 sciri
2456 4298 2532 4356 de

154 4363 308 4419 causa
331 4366 470 4438 quid
497 4373 613 4438 est,
645 4369 763 4427 nisi
795 4368 875 4428 sit
920 4381 1107 4441 agens
1154 4369 1338 4428 unius
1366 4367 1624 4440 speciei;
1655 4366 1745 4426 sic
1785 4370 1985 4426 autem
2028 4380 2151 4427 non
2199 4383 2266 4428 se
2308 4369 2531 4428 habent

156 4425 470 4499 substantiae
497 4444 789 4515 separatae
815 4438 891 4501 ad
912 4438 1248 4503 sensibilia.
1278 4438 1527 4503 Ratione
1554 4442 1755 4502 autem
1782 4437 2020 4501 virtutis
2050 4438 2168 4502 boc
2195 4441 2377 4502 etiam
2404 4448 2529 4501 nou

2283 4557 2347 4606 so
