3076 5025
2377 11 3058 213 Ἴ

415 316 450 369 2
1355 315 1488 373 un.
1530 316 1576 384 1,
1603 280 1768 371 off.
1809 316 1878 371 11.

408 442 782 503 testationem
806 437 1009 496 divina
1029 436 1326 508 Sapientia
1348 451 1526 494 carne
1556 436 1763 493 induta
1793 448 1857 494 se
1895 435 2134 495 venisse
2162 436 2226 494 in
2256 435 2547 493 mundum
2575 439 2833 498 testatur

401 514 612 572 ,dicens
641 531 658 566 τ
688 513 801 580 qu
820 512 877 564 in
908 510 1003 564 hoc
1025 513 1186 564 natus
1211 524 1329 564 sum
1356 508 1495 563 etad
1520 508 1617 562 hoc
1633 509 1759 561 veni
1785 509 1844 561 in
1861 508 2141 570 mundum,
2172 510 2235 562 ut
2258 509 2621 562 testimonium
2639 509 2829 578 perhi-

408 584 557 639 beam
584 584 803 637 veritati
831 580 1041 651 (Joan.‚
1062 591 1233 646 Um,
1262 578 1370 650 37).
1402 577 1511 635 Sed
1556 584 1613 634 et
1639 578 1890 647 primam
1943 577 2386 648 philosophiam
2417 577 2819 649 Philosophus

408 653 575 726 (Meta
624 653 777 723 hys„
808 664 829 707 1
918 654 1057 706 text.
1102 662 1320 706 comm.
1350 649 1405 721 3)
1454 648 1801 706 determinat
1843 661 1981 706 esse
2023 647 2332 706 scientiam
2377 649 2665 717 veritatis,
2704 662 2825 707 non

406 667 745 794 quusssbet,
776 735 842 778 se
913 720 1043 791 ejus
1074 719 1360 781 veritatis,
1393 733 1524 790 quae
1570 726 1662 776 est
1690 719 1859 790 origo
1890 719 2089 776 omnis
2115 717 2403 786 veritatis,
2431 717 2665 776 scilicet
2694 733 2824 791 quae

405 794 661 866 pertinet
692 791 764 848 ad
794 791 1049 861 primum
1078 790 1437 860 principium
1467 788 1705 847 essendi
1734 789 2014 846 omnibus
2040 807 2055 858 ;
2086 788 2243 845 unde
2274 794 2332 845 et
2356 802 2468 846 sua
2499 789 2713 846 veritas
2735 792 2830 848 est

407 864 607 922 omnis
652 861 917 918 veritatis
965 860 1322 940 principium
1365 860 1733 932 (metaphys,
1760 873 1825 927 11,
1856 864 1995 939 text.
2048 873 2264 916 comm.
2295 858 2374 931 4).
2424 858 2520 916 Sic
2545 860 2702 916 enim
2734 863 2838 919 est

409 932 725 1004 dispositio
757 945 949 989 rerum
975 944 1036 987 in
1058 936 1298 987 veritate
1347 931 1503 988 sicut
1527 932 1588 986 in
1626 944 1781 988 esse.
1815 930 2086 1001 Ejusdem
2121 936 2316 986 autem
2347 935 2439 988 est
2468 943 2651 987 unum
2681 943 2832 988 con-

405 1004 725 1061 trariorum
757 1001 1057 1074 prosequi,
1089 1006 1146 1058 et
1174 974 1334 1080 aliud
1360 1001 1654 1070 refutare3
1687 1002 1844 1058 sicut
1861 1000 2163 1080 ‘medicina
2191 1001 2506 1057 sanitatem
2528 1006 2831 1073 operatur,

409 1074 820 1147 aegritudinem
870 1085 1008 1130 vero
1042 1070 1319 1129 excludit.
1355 1071 1516 1128 Unde
1563 1070 1716 1129 sicut
1746 1071 2034 1141 sapientis
2074 1077 2165 1129 est
2192 1071 2496 1128 veritatem
2571 1072 2832 1142 raecipue

408 1144 479 1202 de
503 1144 694 1216 primo
748 1142 1041 1213 principio
1072 1141 1341 1198 meditari
1374 1149 1431 1197 et
1461 1141 1532 1198 de
1562 1142 1698 1199 aliis
1746 1142 2060 1204 disserere,
2091 1141 2176 1199 ita
2203 1140 2360 1222 e‘us‘
2380 1146 2485 1221 est·
2509 1085 2833 1200 spalsitatem

408 1214 765 1273 contrariam
818 1214 1186 1285 impugnare.
1258 1212 1691 1269 convenienter
1740 1226 1904 1285 ergo,
1950 1227 2022 1269 ex
2073 1225 2175 1269 ore
2269 1226 2301 1268 a
2345 1217 2563 1280 tentiae,
2612 1211 2836 1282 duplex

406 1284 698 1353 sapientis
738 1281 1002 1339 officium
1032 1281 1094 1338 in
1120 1281 1321 1340 verbis
1368 1282 1692 1353 propositis
1713 1282 2173 1351 demonstratur,
2213 1227 2443 1340 scificet
2476 1282 2832 1339 :veritatem

408 1354 689 1421 divinam,
721 1366 853 1433 quae
904 1354 1381 1409 antonomastice
1413 1359 1504 1410 est
1531 1352 1769 1414 veritas.
1808 1353 2100 1415 meditari,
2133 1357 2191 1409 et
2219 1352 2563 1409 meditatam
2605 1351 2835 1424 eloqui,

406 1424 565 1497 quod
595 1429 786 1489 tanmt
830 1436 1011 1494 quum
1042 1421 1223 1479 dicit:
1266 1424 1561 1478 Veritatem
1605 1424 1958 1478 meditabitur
1998 1427 2190 1492 quitur
2235 1438 2410 1477 meum
2432 1441 2451 1489 3
2480 1428 2538 1479 et
2568 1435 2836 1480 errorem

407 1499 616 1551 contra
636 1493 937 1549 veritatem
970 1492 1321 1564 inpugnare,
1342 1492 1502 1565 quod
1532 1495 1723 1566 tangit
1749 1508 1931 1566 quum
1962 1493 2144 1550 dicit:
2175 1496 2248 1550 Et
2276 1493 2423 1549 labia
2454 1508 2575 1548 mea
2601 1492 2839 1549 detesta-

409 1564 611 1619 buntur
629 1566 891 1633 impium;
918 1577 1019 1632 per
1030 1563 1192 1635 quod
1214 1563 1447 1621 falsitas
1462 1569 1672 1620 contra
1700 1563 1962 1621 divinam
1987 1565 2291 1621 veritatem
2309 1563 2679 1636 designatur,
2697 1577 2837 1637 quae

406 1634 685 1713 religioni
716 1633 1016 1690 contraria
1043 1638 1154 1703 est,
1187 1646 1319 1705 quae
1363 1634 1555 1705 pietas
1585 1634 1970 1705 nominatur3
2010 1634 2169 1694 unde
2207 1635 2386 1693 etiam
2418 1634 2652 1695 falsitas
2690 1648 2834 1694 con-

405 1707 589 1764 traria
611 1709 669 1760 et
696 1703 998 1775 inpietatis
1027 1703 1143 1760 sibi
1165 1716 1382 1762 nomen
1411 1704 1686 1762 assumit.

1427 1922 1681 1989 CAPUT
1732 1920 1812 1990 11.

1161 2101 1294 2157 011AE
1327 2100 1421 2148 81¹1*
1454 2100 1740 2148 auo‘roms
1777 2095 2072 2149 mmo·

473 2266 635 2323 Inter
661 2263 867 2321 omnia
904 2277 1044 2320 vero
1089 2262 1288 2321 studia
1334 2263 1669 2333 hominum,
1709 2262 2022 2335 sapientiae
2064 2260 2330 2322 studium
2354 2266 2448 2321 est
2481 2260 2822 2334 perfectius,

402 2334 726 2399 sublimius
755 2340 812 2390 et
838 2333 1047 2391 utilius
1078 2339 1135 2390 et
1156 2332 1505 2404 jucundius.

472 2404 801 2463 perfectius
872 2403 1088 2465 uidem,
1120 2404 1281 2476 quia,
1313 2404 1372 2460 in
1406 2407 1693 2475 quantum
1724 2404 1906 2462 homo
1937 2403 2244 2476 sapientiae
2276 2402 2475 2461 studio
2506 2403 2605 2462 dat
2647 2417 2734 2474 se,
2759 2404 2826 2463 in

396 2478 631 2536 tantum
663 2487 814 2533 verae
884 2473 1228 2533 eatitudinis
1251 2474 1375 2547 jam
1401 2475 1662 2548 aliquam
1693 2480 1918 2546 partem
1946 2475 2143 2533 habet.
2176 2473 2338 2533 Unde
2365 2474 2616 2548 Sapiens
2632 2475 2778 2535 dicit
2805 2494 2821 2534 ε

396 2548 597 2607 Beatus
624 2549 712 2601 vir
739 2547 838 2616 qui
864 2548 924 2601 in
950 2548 1222 2616 sapientia
1247 2545 1550 2602 morabitur
1580 2547 1801 2617 (Eccli.,
1833 2559 1962 2615 xiv,
1991 2545 2106 2619 22).

470 2617 800 2674 sublimius
845 2623 1041 2674 autem
1073 2622 1183 2679 est,
1215 2617 1355 2688 quia
1384 2629 1490 2686 per
1532 2616 1730 2686 ipsum
1760 2616 1941 2673 homo
1971 2617 2044 2674 ad
2076 2616 2334 2674 divinam
2368 2615 2819 2676 similitudinem

395 2687 572 2760 praeci
622 2701 694 2743 ue
711 2686 958 2754 accedit,
989 2688 1088 2758 qui
1118 2687 1318 2744 omnia
1346 2687 1409 2744 in
1431 2687 1727 2758 sapientia
1755 2687 1912 2744 fecit.
1937 2687 2098 2746 Unde
2125 2687 2265 2760 quia
2290 2687 2619 2745 similitudo
2635 2701 2821 2747 causa

397 2763 492 2817 est
518 2757 574 2815 di
605 2757 880 2825 ectionis,
903 2757 1211 2828 sapientiae
1233 2757 1497 2814 studium
1525 2758 1818 2829 praecipue
1839 2760 1960 2814 Deo
1981 2772 2086 2830 per
2110 2758 2432 2816 amicitiam
2468 2758 2817 2832 conjungit3

392 2833 637 2902 propter
659 2827 818 2899 quod
863 2826 1079 2883 dicitur
1116 2828 1273 2900 quod
1316 2831 1587 2897 sapientia
1614 2834 1694 2884 est
1729 2831 1979 2899 infinitus
2024 2829 2308 2884 thesaurus
2349 2830 2692 2897 hominum-5,-
2718 2845 2822 2900 quo
3050 2811 3052 2960 Ι

394 2901 495 2972 qui
518 2900 610 2952 usi
633 2901 780 2964 sunt,
811 2898 952 2963 sacti
976 2900 1104 2952 sunt
1125 2900 1424 2968 participes
1462 2901 1716 2954 amicitiae
1743 2901 1845 2955 Dei
1875 2898 2054 2971 (Sap..
2079 2911 2192 2964 vn,
2225 2898 2332 2970 14).

465 2967 683 3024 Utilius
712 2970 909 3023 autem
932 2971 1042 3034 est,
1065 2967 1207 3038 quia
1229 2981 1330 3037 per
1357 2968 1552 3038 ipsam
1577 2969 1932 3039 sapientiam
1963 2968 2035 3026 ad
2071 2968 2526 3027 immortalitatis
2561 2981 2815 3040 regnum
3049 2971 3050 2994 ³

388 3037 1274 3180 &wenitu{1³)c⁰n⁰upi⁵oemia
1316 3042 1496 3095 autem
1544 3042 1826 3111 sapientiae
1872 3039 2096 3098 deducet
2122 3041 2198 3096 ad
2231 3053 2451 3108 reanum
2484 3042 2812 3109 perpetuum
3047 3009 3050 3110 A

458 3120 576 3176 ap.‚
608 3118 692 3173 Ἦ,
814 3147 830 3163 .

282 3223 287 3226 Α
461 3176 793 3234 iucundius
820 3180 1015 3234 autem
1044 3182 1155 3248 est,
1185 3176 1328 3249 quia
1351 3193 1459 3235 non
1504 3179 1665 3236 habet
1686 3181 2108 3238 amaritudinem
2153 3179 2477 3235 conversatio
2511 3177 2683 3244 illius,
2714 3193 2811 3236 nec

386 3247 614 3308 taedium
641 3249 911 3303 convictus
939 3249 1115 3311 illius,
1141 3248 1237 3303 sed
1264 3250 1510 3306 lautitiam
1536 3255 1589 3306 et
1617 3251 1884 3319 qaudium
1907 3252 2089 3332 (Sap.,
2117 3263 2245 3319 vm,
2277 3248 2385 3321 ¹6).

393 3385 397 3392 ¹
458 3317 977 3399 Assumptaigitur
1002 3333 1074 3401 ex
1092 3318 1292 3375 divina
1312 3320 1527 3390 pietate
1553 3321 1770 3379 fiducia
1795 3324 2085 3393 sapientis
2104 3320 2365 3379 officium
2385 3318 2813 3392 prosequendi,

388 3399 666 3460 quamvis
692 3402 964 3459 proprias
992 3402 1150 3447 vires
1177 3390 1441 3460 excedat,
1514 3394 1849 3463 ropositum
1880 3400 2097 3451 nostrae
2136 3392 2486 3449 intentionis
2520 3395 2611 3447 est
2657 3390 2813 3449 veri-

387 3460 593 3526 =tatem,
626 3473 802 3531 quam
834 3456 983 3516 fides
1012 3460 1308 3518 catholica
1347 3476 1452 3531 pro
1502 3468 1679 3532 tetur,
1709 3477 1816 3535 pro
1866 3468 2074 3521 nostro
2114 3462 2360 3521 modulo
2401 3461 2790 3519 manifestare

387 3538 623 3610 errores
649 3529 1015 3610 eliminando
1044 3531 1397 3589 contrarios.
1433 3535 1501 3589 Ut
1529 3534 1689 3591 enim
1717 3534 1915 3591 verbis
1945 3533 2149 3591 Hilarii
2175 3540 2327 3606 utar,
2361 3552 2392 3585 «
2420 3547 2532 3606 ego
2571 3531 2690 3590 hoc
2716 3545 2787 3589 ve

385 3608 755 3680 praecipnum
797 3606 932 3658 vitae
983 3614 1129 3659 meae
1166 3600 1431 3660 officium
1475 3603 1688 3661 debere
1733 3618 1830 3661 me
1877 3606 1998 3663 Deo
2047 3604 2333 3663 conscius
2368 3617 2527 3676 sum,
2562 3606 2630 3660 ut
2674 3614 2809 3660 eum

386 3680 589 3729 omnis
615 3684 814 3728 sermo
841 3684 1013 3729 meus
1042 3677 1101 3728 et
1128 3684 1346 3730 sensus
1367 3673 1647 3746 loquatur
1672 3696 1700 3726 υ
1733 3676 1837 3746 (De
1864 3674 2092 3744 Trinit.,
2123 3688 2166 3743 1,
2198 3674 2312 3745 37).

458 3740 678 3820 Contra
703 3741 1078 3822 singulorum
1111 3748 1307 3800 autem
1340 3758 1573 3802 errores
1602 3743 1845 3802 difficile
1874 3751 1964 3802 est
2005 3744 2326 3816 procedere
2369 3749 2611 3826 propter
2637 3742 2803 3823 duo-x

456 3810 679 3878 Primo,
708 3825 850 3883 quia
877 3825 999 3869 non
1028 3817 1112 3869 ita
1143 3818 1284 3871 sunt
1308 3813 1483 3872 nobis
1514 3820 1658 3873 nota
1682 3814 2060 3886 singulorum
2082 3814 2407 3872 errantium
2434 3814 2592 3873 dicta
2622 3825 2800 3873 sacri·

386 3875 523 3950 lega
578 3884 661 3947 ut,
693 3893 765 3936 ex
792 3880 888 3939 his
912 3895 1043 3955 quae
1073 3881 1297 3963 dicunt,
1329 3885 1636 3955 possimus
1666 3886 1929 3944 rationes
1956 3899 2264 3944 assumere
2294 3886 2368 3943 ad
2401 3899 2612 3943 eorum
2648 3894 2806 3941 erro·

383 3959 484 4029 res
515 3920 930 4009 destruendos.
962 3954 1087 4034 Hoc
1112 3966 1272 4011 enim
1301 3955 1483 4014 modo
1518 3955 1613 4011 usi
1663 3962 1805 4014 sunt
1843 3956 2072 4028 antiqui
2123 3955 2401 4014 doctores
2430 3956 2494 4012 in
2539 3955 2807 4035 destruc:

383 4019 549 4099 tione
579 4033 845 4076 errorum
876 4023 1215 4093 Gentilium,
1247 4038 1500 4105 quorum
1532 4026 1865 4096 positiones
1888 4026 2044 4084 scire
2072 4031 2366 4098 poterant,
2397 4026 2541 4098 quia
2584 4032 2645 4082 et
2690 4026 2808 4106 ipsi

382 4089 923 4218 gentilezftuerant,
947 4094 1040 4151 vel
1065 4094 1278 4153 saltem
1306 4101 1462 4154 inter
1490 4097 1750 4157 Gentiles
1779 4097 2118 4157 conversati
2151 4102 2211 4155 et
2234 4097 2301 4154 in
2346 4108 2553 4155 eorum
2583 4095 2809 4155 doctm-

451 4172 483 4216 s
511 4173 616 4217 eru
662 4176 677 4216 1
708 4175 749 4219 1.

428 4229 748 4310 ‚Secundo,
780 4232 1191 4314 quiaquidam
1232 4250 1460 4305 eorum,
1488 4242 1553 4294 ut
1594 4237 2030 4295 mahumetistae
2060 4242 2118 4294 et
2144 4236 2385 4311 pagani,
2416 4249 2539 4294 non
2587 4249 2810 4294 conve-

378 4306 558 4380 niunt
587 4302 902 4383 nobiseum
934 4318 996 4360 in
1025 4307 1373 4365 auctoritate
1403 4307 1660 4380 aliqu'us
1690 4309 2021 4379 scripturae,
2051 4322 2160 4379 per
2188 4321 2366 4380 quam
2397 4306 2634 4378 possint
2665 4319 2812 4365 con·

376 4377 573 4436 vmctz
604 4377 760 4431 sicut
787 4381 994 4454 contra
1017 4375 1255 4436 Judaeos
1285 4377 1587 4451 disputare
1613 4391 1939 4450 possumus
1968 4392 2075 4451 per
2109 4380 2291 4436 Vetus
2319 4380 2812 4446 Testamentum;

385 4447 595 4501 contra
621 4441 959 4516 haereticoS‚
986 4459 1095 4520 per
1122 4450 1371 4508 Novum.
1404 4449 1474 4509 Hi
1502 4464 1643 4509 vero
1674 4455 1952 4509 neutrum
1981 4448 2299 4525 recipiunt.
2338 4448 2502 4508 Unde
2551 4460 2814 4510 necesse
