3076 5025
403 334 510 389 330
681 271 695 294 χ
1181 343 1186 350 ’
1299 325 1436 398 Lm.
1476 326 1574 393 111,
1614 324 1767 380 GAP.
1805 322 1966 380 LVII.

408 468 515 526 per
557 453 693 520 hoc,
724 451 882 524 quod
933 456 1025 509 est
1052 449 1228 507 nobis
1277 462 1462 505 causa
1502 446 1739 504 volendi
1768 465 1782 517 ;
1812 452 1913 510 aut
1936 460 2040 516 per
2088 445 2202 502 hoc
2233 444 2391 517 quod
2422 443 2639 515 aliquis
2676 444 2847 500 alteri

411 538 582 582 suam
612 523 977 580 voluntatem
1009 521 1297 588 insinuat,
1329 525 1395 576 ut
1418 532 1551 574 cum
1576 517 1795 589 aliquis
1818 515 2119 588 loquendo
2150 529 2325 572 suum
2351 514 2626 572 affectum
2660 515 2852 593 expri-

410 596 538 651 mit.
572 595 715 650 Cum
763 592 946 672 igitur
991 590 1178 648 multa
1207 604 1280 647 ex
1312 588 1426 646 sim
1471 588 1569 644 lici
1606 587 1709 644 Dei
1742 587 2070 665 voluntate·
2093 584 2485 665 dependeant,
2522 592 2599 664 ut·
2634 591 2852 655 partim

412 680 486 722 ex
513 663 925 734 superioribus
953 661 1080 731 (lib.
1111 675 1176 726 11,
1199 673 1327 729 cap.
1363 603 1467 785 ΠΣ
1483 663 1662 730 patet,
1694 656 1962 714 etadhuc
1989 661 2100 714 erit
2128 656 2387 726 amphus
2440 657 2853 735 manifestum,

411 734 752 792 intellectus
782 737 1036 800 creatuS‚
1070 730 1180 788 etsi
1213 730 1314 785 Dei
1346 743 1416 786 su
1463 729 1743 786 stantiam
1773 728 1988 797 videat,
2019 740 2144 785 non
2167 732 2371 785 tamen
2396 739 2601 783 omnia
2630 739 2852 798 cogno-

409 805 529 864 scit
555 818 688 875 quae
722 805 875 859 Deus
905 816 1010 873 per
1033 814 1206 858 suam
1229 799 1628 857 substantiam
1656 798 1836 857 videt.
2361 838 2365 844 -

488 877 688 931 Potest
734 877 927 930 autem
978 871 1198 943 aliquis
1246 876 1454 927 contra
1501 869 1784 940 praedicta
1828 867 2084 939 objicere
2150 868 2309 941 quod
2356 867 2460 925 Dei
2511 866 2853 925 substantia

352 964 355 967 ⁴
415 945 611 1016 majus
640 948 728 1000 est
760 942 984 1014 aliquid
1015 956 1192 1014 quam
1237 940 1440 998 omnia
1489 955 1620 1012 quae
1652 940 1779 1010 ipse
1822 939 2035 1007 facere,
2065 937 2156 995 vel
2184 938 2539 1018 intelligere,
2570 937 2662 994 vel
2690 937 2848 1019 velle

413 1020 613 1088 potest
638 1018 849 1084 praeter
877 1012 1166 1083 seipsum.
1196 1011 1380 1080 Unde,
1404 1011 1454 1069 si
1479 1010 1820 1068 intellectus
1839 1014 2079 1068 creatus
2099 1009 2204 1065 Dei
2225 1010 2627 1067 substantiam
2645 1007 2849 1064 videre

415 1088 632 1159 potest,
665 1084 851 1141 multo
882 1082 1077 1155 magis
1186 1081 1396 1140 ssibile
1437 1087 1530 1138 est
1558 1081 1717 1154 quod
1746 1080 1953 1139 omnia
1982 1084 2313 1151 cognoscat
2338 1093 2470 1151 quae
2516 1081 2675 1136 Deus
2702 1092 2850 1149 prte-

416 1161 509 1214 ter
542 1154 808 1226 seipsum
837 1154 926 1211 vel
958 1153 1103 1210 intel
1129 1152 1260 1226 igit,
1289 1151 1383 1208 vel
1413 1151 1559 1214 vult,
1588 1151 1683 1209 vel
1714 1152 1909 1208 facere
1939 1156 2156 1222 potest.
2797 1219 2807 1228 ·

492 1224 606 1283 Sed
661 1225 712 1283 si
785 1224 1104 1304 diligenter
1177 1222 1609 1292 consideretur,
1663 1235 1783 1280 non
1838 1228 1926 1279 est
1988 1221 2256 1301 ejusdem
2286 1220 2569 1302 ‚rationis
2627 1219 2854 1300 aliquid

419 1295 706 1368 cognosci
736 1294 800 1351 in
830 1308 1032 1365 seipso
1051 1300 1111 1351 et
1139 1294 1202 1350 in
1232 1307 1342 1351 sua
1371 1308 1577 1350 causa.
1606 1292 1886 1360 Quaedam
1917 1306 2079 1349 enim
2119 1304 2180 1348 in
2212 1305 2299 1349 sei
2345 1304 2431 1348 sis
2458 1291 2530 1348 de
2562 1289 2722 1346 sacili
2753 1303 2853 1345 co-

464 1365 785 1424 noscibilia
830 1371 990 1433 sunt,
1022 1379 1153 1437 quae
1177 1369 1377 1421 tamen
1422 1365 1483 1419 in
1514 1364 1645 1421 suis
1686 1364 1888 1421 causis
1934 1375 2056 1442 non
2086 1361 2159 1418 de
2184 1305 2343 1419 sacifi
2384 1365 2853 1441 cognoscuntur.

418 1381 636 1494 gerum
667 1442 756 1493 est
801 1435 984 1508 igitur
1014 1433 1174 1508 quod
1201 1434 1397 1514 majus
1440 1439 1534 1491 est
1559 1433 1891 1504 intelligere
1921 1433 2182 1489 divinam
2224 1432 2644 1496 substantiam,
2674 1443 2856 1502 quam

424 1506 707 1587 quicquid
736 1512 826 1562 est
857 1505 1019 1563 aliud
1049 1509 1262 1586 praeter
1292 1518 1507 1575 ipsam,
1540 1504 1698 1576 quod
1731 1505 1791 1559 iii
1819 1503 2020 1574 seipso
2050 1502 2335 1575 cognosci
2376 1508 2594 1572 potest.
2625 1500 2856 1581 901100-

425 1578 601 1636 tioris
653 1582 852 1633 tamen
900 1575 1268 1646 cognitionis
1299 1580 1392 1648 est
1434 1588 1800 1646 cognoscere
1851 1575 2113 1631 divinam
2162 1573 2666 1651 substantiamet
2694 1584 2758 1627 in
2787 1584 2860 1626 ea

435 1647 567 1720 eius
617 1645 865 1705 effectus
911 1647 1132 1716 videre,
1162 1660 1342 1718 quam
1392 1657 1759 1716 cognoscere
1806 1644 2069 1701 divinam
2114 1644 2511 1701 substantiam
2560 1655 2692 1699 sine
2742 1641 2858 1698 1100

430 1717 590 1789 quod
622 1716 896 1774 videatur
939 1714 1187 1774 effectus
1217 1718 1277 1773 in
1309 1717 1460 1787 ipsa.
1499 1718 1567 1772 Et
1616 1715 1730 1772 1100
1768 1716 2007 1786 quidem
2057 1714 2216 1786 quod
2266 1713 2466 1771 divina
2523 1711 2862 1790 substantia

401 1819 406 1824 -
432 1788 720 1855 videatur,
756 1787 982 1858 absque
1030 1787 1569 1858 comprehensione
1610 1785 1803 1856 ipsius
1833 1785 1959 1842 fieri
1991 1790 2204 1855 potest..
2234 1784 2407 1851 Quod
2432 1788 2629 1840 autem
2653 1785 2863 1863 'omnia

429 1870 536 1929 per
569 1858 762 1927 ipsam
791 1858 1046 1929 intelligi
1077 1857 1316 1929 possint
1342 1862 1400 1913 et
1427 1861 1893 1928 cognoscantur,
1924 1856 2039 1914 1100
2067 1854 2291 1927 absque
2320 1853 2862 1926 comprehensione

427 1940 550 1988 non
577 1933 775 1999 potest
803 1928 1093 1997 accidere,
1130 1934 1193 1985 ut
1219 1943 1287 1985 ex
1316 1926 1617 1999 praedictis
1643 1931 1821 1998 patet.

1400 2147 1654 2211 CAPUT
1706 2147 1832 2210 Lvl
1838 2148 1885 2209 1.

499 2317 654 2372 oum>
686 2317 864 2364 oms
899 2316 1285 2364 mutuli-crus
1319 2316 1731 2369 clausentiam:
1769 2317 1998 2362 GRADUS
2043 2315 2358 2361 PARTinnPs
2394 2315 2534 2360 1358ss
2570 2313 2788 2359 roms}

1372 2395 1596 2440 Divum
1637 2395 1914 2440 visioms.

502 2563 645 2618 Cum
677 2565 877 2618 autem
906 2557 978 2617 ad
1008 2559 1304 2616 visionem
1336 2559 1553 2616 divinae
1583 2558 1933 2630 substantiae
1969 2559 2315 2616 intellectus
2342 2563 2579 2617 creatus
2606 2558 2867 2630 quodam

433 2629 870 2701 supernaturali
924 2629 1151 2687 lumine
1199 2628 1576 2699 sublimetur,
1610 2634 1673 2686 ut
1718 2635 1874 2700 patet
1921 2644 1993 2685 ex
2041 2629 2219 2687 dictis
2267 2629 2415 2701 (cap.
2449 2630 2561 2701 53),
2606 2642 2730 2686 non
2776 2636 2870 2685 est
2925 2639 2928 2642 ’

433 2701 659 2772 aliquis
684 2699 1028 2757 intellectus
1055 2704 1292 2757 01001113
1322 2699 1408 2756 110
1427 2698 1760 2757 3000011010
1796 2713 1967 2757 suam
2006 2707 2281 2757 naturam
2314 2700 2579 2768 infimus,
2610 2700 2867 2771 quinon

431 2771 508 2827 ad
566 2770 722 2828 hanc
773 2770 1070 2826 visionem
1126 2769 1320 2841 possit
1370 2769 1611 2827 elevari.
1644 2773 1965 2828 ostensum
2020 2777 2112 2827 est
2165 2771 2326 2828 enim
2389 2770 2539 2841 (cap.
2574 2770 2662 2841 54)
2707 2769 2869 2841 quod

434 2841 636 2898 lumen
685 2840 833 2896 illud
881 2852 1003 2896 non
1052 2844 1250 2910 potest
1293 2854 1427 2898 esse
1477 2840 1656 2898 alicui
1706 2846 1991 2898 creaturae
2042 2842 2450 2909 connaturale,
2483 2840 2587 2898 sed
2626 2852 2868 2897 omnem

434 2915 691 2967 creatam
743 2913 1014 2966 naturam
1081 2910 1312 2967 excedit
1365 2911 1697 2968 secundum
1742 2910 2039 2968 virtutem.
2074 2911 2242 2978 Quod
2299 2916 2497 2969 autem
2545 2910 2610 2977 fit
2654 2911 2869 2967 virtute

433 2980 898 3051 supernaturali,
931 2993 1050 3037 non
1107 2981 1427 3051 impeditur
1473 2988 1713 3053 propter
1756 2988 1983 3038 naturae
2029 2980 2457 3050 diversitatem,
2481 2996 2619 3039 cum
2664 2981 2871 3039 divina

430 3051 621 3107 virtus
657 3050 736 3107 sit
782 3048 1040 3108 infinita.
1071 3051 1236 3108 Unde
1281 3051 1346 3107 in
1395 3053 1708 3109 sanatione
1770 3051 1991 3108 infirmi
2036 3065 2170 3123 quae
2220 3051 2287 3108 fit
2329 3052 2711 3121 miraculose,
2745 3065 2866 3109 non

433 3118 632 3178 differt
677 3125 872 3177 utrum
921 3120 1141 3201 aliquis
1187 3121 1441 3179 multum
1469 3122 1563 3179 vel
1633 3136 1799 3180 arum
1830 3121 2183 3181 infirmetur.
2214 3122 2497 3181 Diversus
2517 3122 2702 3194 igitur
2729 3137 2868 3203 gra-

431 3191 544 3249 dus
588 3197 814 3271 natu—rae
858 3203 983 3247 non
1030 3192 1277 3262 impedit
1320 3192 1466 3265 quin
1515 3192 1575 3249 in
1627 3208 1789 3250 mum
1842 3193 1905 3249 in
1953 3193 2056 3250 tali
2098 3198 2314 3251 natura
2355 3192 2749 3250 intellectuali
2791 3192 2867 3250 ad

430 3262 596 3318 illam
626 3274 917 3318 visionem
949 3262 1192 3331 perduci
1222 3263 1417 3333 possit
1442 3265 1727 3334 praedicto
1757 3263 2005 3321 lumine.

501 3332 716 3394 Adhuc,
750 3332 1036 3412 distantia
1074 3332 1414 3391 intellectus
1457 3334 1790 3392 secundum
1856 3334 2129 3392 ordinem
2182 3338 2413 3392 naturae
2469 3334 2733 3405 supremi
2790 3332 2866 3392 ad

431 3404 617 3459 Deum
657 3406 749 3458 est
795 3401 1030 3459 infinita
1072 3404 1131 3459 in
1177 3404 1542 3474 perfectione
1602 3410 1660 3461 et
1698 3404 1984 3462 bonitate.
2034 3404 2174 3476 Ejus
2212 3411 2409 3463 autem
2458 3404 2747 3462 distantia
2791 3403 2867 3462 ad

430 3473 799 3553 intell-ectum
828 3470 1227 3554 infimum-est
1265 3473 1456 3544 finita,
1486 3489 1521 3532 a
1550 3473 1719 3532 finito
1763 3475 1925 3532 enim
1953 3474 2031 3532 ad
2075 3474 2308 3533 finitum
2339 3489 2463 3533 non
2498 3481 2702 3557 potest
2729 3486 2865 3532 esse

431 3542 667 3600 infinita
717 3542 1022 3601 distantia.
1054 3545 1348 3602 Distantia
1394 3545 1580 3617 igitur
1665 3559 1757 3603 uae
1808 3549 1903 3603 est
1951 3545 2107 3603 inter
2159 3544 2433 3603 infimum
2493 3546 2864 3603 intellectum

431 3617 695 3670 creatum
746 3619 804 3671 et
848 3626 1198 3685 supremum
1225 3621 1317 3674 est
1359 3615 1530 3688 quasi
1565 3615 1626 3671 ni
1675 3615 1716 3672 il
1744 3615 1808 3672 in
1859 3616 2303 3688 comparatione
2333 3616 2408 3674 ad
2442 3616 2608 3674 illam
2640 3617 2864 3674 distau-

367 3706 368 3709 ¹
428 3684 573 3741 tiam
605 3698 737 3756 quae
767 3691 862 3741 est
883 3683 1040 3742 inter
1067 3699 1414 3756 supremum
1444 3685 1815 3743 intellectum
1844 3693 2108 3744 creatum
2135 3692 2194 3744 et
2225 3689 2437 3745 Deum.
2467 3687 2638 3755 Quod
2666 3692 2865 3744 autem

431 3760 524 3811 est
552 3756 722 3827 quasi
755 3754 929 3824 nibil,
957 3768 1080 3814 non
1123 3762 1323 3827 potest
1349 3757 1737 3814 variationem
1770 3757 2118 3815 sensibilem
2152 3757 2367 3826 facere,
2399 3757 2559 3815 sicut
2583 3758 2869 3815 distantia

430 3838 561 3952 311ae
593 3830 683 3882 est
713 3826 868 3882 inter
890 3832 1160 3884 centrum
1189 3832 1358 3884 terrae
1387 3832 1448 3884 et
1471 3826 1693 3896 visum,
1713 3833 1806 3885 est
1829 3828 2001 3900 quasi
2032 3828 2186 3885 nihil
2216 3829 2281 3885 in
2308 3829 2756 3900 comparatione
2785 3827 2863 3884 ad

471 3896 775 3953 istantiam
806 3910 938 3968 quae
985 3903 1077 3954 est
1105 3898 1260 3954 inter
1305 3898 1501 3955 visum
1531 3904 1806 3956 nostrum
1838 3905 1897 3955 et
1918 3904 2188 3956 octavam
2232 3900 2550 3971 sphaeram,
2582 3899 2656 3956 ad
2686 3911 2865 3979 quam

432 3971 558 4046 tota
579 3972 739 4046 terra
765 3973 1109 4037 comparata
1130 3968 1359 4039 optinet
1384 3967 1587 4025 locum
1613 3969 1838 4040 puncti.
1861 3970 1928 4025 Et
1954 3975 2195 4040 propter
2221 3969 2336 4027 1100
2365 3969 2532 4027 nulla
2551 3968 2865 4027 sensibilis

427 4042 680 4094 variatio
731 4036 796 4094 fit
836 4051 941 4108 per
986 4038 1101 4097 hoc
1148 4038 1308 4112 quod
1347 4038 1574 4097 astrolo
1620 4040 1637 4096 i
1685 4039 1749 4096 in
1779 4039 1911 4097 suis
1952 4040 2571 4099 demonstrationibus
2615 4046 2867 4098 utuntur

428 4104 562 4184 visu
593 4112 802 4186 nostro
842 4108 1031 4189 quasi·
1047 4114 1251 4166 centro
1290 4113 1482 4167 terrae.
1509 4110 1579 4167 Ni
1628 4110 1672 4167 il
1713 4123 1857 4238 QG
1885 4108 2085 4167 differt
2111 4111 2472 4185 quicumque
2519 4110 2864 4168 intellectus

431 4180 511 4232 sit
537 4189 637 4255 qui
667 4178 739 4234 ad
771 4181 875 4236 Dei
919 4192 1212 4237 visionem
1238 4194 1345 4251 per
1394 4180 1600 4237 lumen
1644 4195 1715 4253 pi·
1831 4186 1993 4239 ctum
2029 4181 2311 4252 elevetur,
2343 4188 2542 4240 utrum
2563 4193 2862 4249 summus,

427 4244 522 4302 vel
550 4244 817 4318 infimus,
842 4248 935 4306 vel
967 4250 1220 4308 medius.
1952 4274 1961 4275 ff

457 4384 471 4398 ‚
498 4317 652 4383 Item,
680 4330 862 4398 supra
889 4320 1206 4402 probatum
1235 4327 1329 4379 est
1356 4319 1506 4394 (cap.
1532 4327 1605 4381 25
1630 4327 1692 4380 et
1711 4321 1801 4394 50)
1831 4323 1991 4395 quod
2023 4323 2223 4382 omnis
2246 4322 2588 4381 intellectus
2622 4328 2864 4380 natura-

428 4385 568 4443 liter
594 4386 892 4446 desiderat
938 4390 1152 4450 divinae
1201 4391 1555 4451 substantiae
1599 4393 1914 4451 visionem.
1945 4395 2224 4453 Naturale
2267 4399 2465 4452 autem
2495 4393 2865 4452 desiderium

431 4469 556 4516 non
580 4462 780 4530 potest
810 4473 945 4519 esse
971 4462 1170 4521 inane.
1191 4463 1452 4531 Quilibet
1479 4464 1665 4537 igitur
1687 4464 2026 4524 intellectus
2054 4470 2290 4525 creatus
2324 4469 2523 4537 potest
2551 4463 2865 4536 pervenire
