3076 5025
1190 355 1325 415 LtB.
1365 357 1437 425 ΙΙ,
1476 356 1630 415 GAP.
1670 359 1774 416 Lx.
2589 363 2682 417 ist

250 483 569 550 comparat
609 482 668 559 et
714 475 1033 559 distingui-t
1069 475 1227 558 inter
1277 476 1643 558 intentiones
1688 478 2091 549 universales;
2139 485 2199 539 et
2242 481 2383 554 quia
2408 495 2514 553 pei·
2534 481 2691 541 hanc

249 551 536 608 virtutem
586 547 766 606 simul
812 561 947 606 cum
994 552 1380 618 imaginativa
1432 552 1490 604 et
1533 550 1919 609 memorativa
1962 559 2367 622 praeparantur
2450 553 2691 611 hamas·

251 627 419 680 mata
465 624 531 676 ut
574 618 866 689 recipiant
898 618 1191 675 actionem
1224 618 1564 676 intellectus
1606 619 1859 691 agentis,
1886 636 1920 679 a
1968 635 2087 694 quo
2116 620 2266 680 fiunt
2291 623 2409 680 inte
2439 622 2694 694 ligibitia

253 695 415 759 actu,
447 690 614 746 sicut
656 693 798 746 sunt
825 688 1042 760 aliquae
1093 694 1251 746 artes
1306 695 1705 759 praeparantes
1737 691 2040 749 materiam
2085 690 2296 750 artifici
2336 692 2690 765 principaii:

252 761 394 819 ideo
420 758 703 831 praedicta
731 759 919 817 virtus
948 764 1194 816 vocatur
1221 758 1834 818 nomine=intellectus
1855 767 1913 817 et
1937 762 2207 828 rationis,
2233 762 2303 820 de
2332 777 2450 834 qua
2473 762 2688 821 medici

255 832 468 890 dicunt
520 829 679 902 quod
713 828 888 909 habet
939 828 1139 886 sedem
1171 828 1233 885 in
1278 829 1475 886 media
1512 829 1734 887 cellula
1762 830 2013 901 capitis;
2044 837 2102 889 et
2128 832 2456 891 secundum
2487 833 2689 903 dispo-

255 902 542 961 sitionem
580 899 756 971 hujus
806 899 1046 957 virtutis
1075 897 1272 956 differt
1317 899 1498 957 homo
1543 913 1700 957 unus
1742 899 1816 958 ab
1847 901 1965 958 alio
1994 902 2055 959 in
2112 902 2357 975 ingenio
2385 903 2524 961 etin
2551 905 2689 962 aliis

253 985 391 1046 quae
417 972 714 1042 pertinent
739 969 813 1029 ad
842 967 1298 1040 intelligendum
1321 987 1337 1038 ;
1369 975 1427 1026 et
1492 984 1557 1026 er
1575 984 1749 1028 usum
1775 971 1955 1051 hujus
1977 977 2036 1028 et
2063 972 2407 1031 exercitium
2433 988 2501 1031 ac
2547 974 2692 1031 uirit

251 1042 443 1101 homo
499 1040 766 1098 habitum
819 1039 1108 1121 scientiae.
1160 1040 1323 1097 Unde
1346 985 1610 1121 ‘ha-gitus
1659 1041 2047 1099 scientiarum
2094 1048 2237 1100 sunt
2276 1043 2341 1100 in
2380 1043 2523 1101 intel
2551 1050 2688 1102 ectu

251 1112 502 1185 passivo
541 1112 696 1168 sicut
722 1111 786 1167 in
841 1109 1133 1182 subjecte.
1183 1112 1251 1167 Et
1300 1110 1397 1168 hic
1441 1111 1780 1169 intellectus
1810 1111 2149 1183 passivusa
2197 1112 2385 1185 princi
2432 1114 2490 1170 io
2519 1112 2688 1173 adest

255 1195 473 1256 puero,
508 1196 613 1252 pei·
636 1194 813 1253 quem
844 1182 1092 1238 sortitur
1119 1179 1362 1251 specien
1392 1181 1737 1249 humanam,
1766 1187 2083 1262 antequam
2112 1188 2247 1241 actu
2277 1183 2398 1240 inte
2427 1184 2593 1256 ligat.

328 1253 496 1321 Quod
525 1257 720 1308 autem
750 1252 879 1332 liaec
922 1250 1043 1309 sint
1105 1250 1255 1308 falsa
1286 1255 1345 1308 et
1374 1252 1620 1309 abusive
1650 1252 1830 1322 dicta,
1852 1253 2155 1309 evidenter
2184 1268 2217 1310 a
2262 1258 2444 1324 paret.
2477 1260 2691 1324 Opera·

255 1323 459 1382 tiones
502 1323 662 1379 enim
709 1327 843 1379 vitae
891 1326 1310 1391 comparantur
1336 1320 1409 1377 ad
1442 1322 1699 1379 animam
1735 1329 1799 1380 ut
1820 1328 1989 1380 actus
2016 1336 2198 1381 secun
2243 1324 2262 1380 i
2303 1323 2377 1381 ad
2407 1324 2688 1395 primum,

260 1400 325 1451 ut
353 1398 515 1465 patet
540 1406 647 1472 per
666 1391 1042 1450 Aristotelem
1064 1392 1124 1447 in
1153 1391 1511 1449 secundove
1538 1395 1726 1448 anima
1744 1392 1907 1461 (text.
1928 1406 2146 1451 comm.
2178 1392 2253 1465 5).
2276 1398 2456 1453 Actus
2485 1399 2688 1453 autem

253 1465 494 1535 primus
536 1477 598 1519 in
640 1461 848 1519 eodem
887 1461 1169 1534 praecedit
1208 1466 1472 1533 tempore
1502 1469 1698 1520 actum
1731 1463 2084 1531 secundum,
2115 1462 2271 1522 sicut
2314 1464 2569 1522 scientia
2596 1470 2691 1523 est

259 1539 400 1592 ante
449 1532 850 1591 considerare.
901 1534 967 1589 In
1015 1545 1391 1605 quocumque
1437 1532 1621 1604 igitur
1661 1533 1962 1590 invenitur
1997 1533 2198 1607 aliqua
2243 1536 2508 1605 operatio
2531 1535 2686 1605 vitae,

262 1609 501 1676 oportet
547 1604 611 1661 in
650 1617 725 1662 eo
770 1615 990 1674 ponere
1035 1602 1294 1683 aliquam
1328 1608 1550 1673 partem
1582 1603 1818 1672 animai,
1848 1618 1981 1676 quae
2011 1610 2385 1676 comparatur
2410 1605 2485 1662 ad
2520 1606 2686 1665 illam

255 1675 672 1746 operationem
703 1673 862 1732 sicut
891 1678 1061 1732 actus
1090 1685 1319 1743 primus
1343 1673 1417 1731 ad
1446 1673 1797 1732 secundum.
1839 1675 1952 1731 Sed
1982 1674 2164 1733 homo
2192 1675 2368 1733 habet
2385 1677 2685 1747 propriam

263 1746 672 1816 operationem
704 1757 887 1816 supra
924 1743 1043 1801 alia
1075 1742 1378 1811 animalia,
1429 1744 1662 1801 scilicet
1684 1744 2039 1817 intelligere,
2071 1750 2130 1802 et
2157 1746 2520 1815 ratiocinari,
2550 1760 2686 1818 quae

261 1821 355 1874 est
384 1816 654 1886 operatio
698 1813 964 1872 hominis
992 1814 1054 1869 in
1080 1819 1366 1886 quantum
1404 1819 1498 1872 est
1523 1814 1725 1883 homo,
1758 1819 1823 1872 ut
1847 1815 2195 1874 Aristoteles
2225 1815 2369 1873 dicit
2397 1817 2459 1873 in
2487 1818 2682 1888 primo

257 1887 503 1966 Ethicop.
571 1900 624 1942 c.
654 1886 731 1957 9).
760 1887 913 1965 Ergo
942 1890 1176 2012 οἵσπερ
1204 1883 1267 1965 in
1292 1883 1534 1943 homine
1566 1899 1785 1955 ponere
1822 1884 2062 1966 aliquod
2106 1886 2485 2013 principium,
2516 1887 2679 1960 quod

259 1970 500 2030 proprie
585 1961 645 2013 at
689 1968 950 2026 speciem
1039 1967 1249 2023 omini,
1295 1954 1455 2021 quod
1506 1967 1573 2012 se
1603 1956 1816 2014 habeut
1843 1956 1916 2013 ad
1960 1957 2147 2013 inteli
2196 1970 2292 2014 ere
2323 1963 2679 2016 sicutactus

253 2027 492 2099 primus
527 2025 603 2084 ad
648 2025 1005 2106 secundum.
1054 2026 1175 2106 {loc
1215 2029 1413 2106 autem
1462 2038 1586 2083 non
1627 2031 1824 2097 potest
1869 2039 2003 2084 esse
2032 2026 2155 2083 inte
2183 2028 2370 2084 lectus
2397 2027 2675 2108 passivus

298 2097 600 2164 raedietuS‚
630 2110 773 2169 quia
821 2109 1174 2167 principium
1229 2095 1522 2167 praedictae
1567 2098 1932 2167 operationis
1983 2111 2019 2155 o
2063 2102 2217 2156 ortet
2238 2111 2373 2156 esse
2400 2098 2680 2169 impassi-

253 2111 379 2226 ssile
406 2173 468 2225 et
507 2181 629 2224 non
670 2167 918 2224 mixtum
948 2165 1202 2246 corpori.
1234 2172 1300 2223 ut
1329 2165 1730 2248 Philosophus
1778 2168 1986 2238 probat
2042 2171 2122 2223 De
2163 2170 2369 2231 anima,
2399 2182 2486 2232 ιιι,
2532 2173 2676 2227 text.

255 2251 482 2297 comm.
512 2238 589 2309 6),
619 2238 793 2308 cujus
821 2242 1183 2294 contrarium
1214 2242 1455 2307 apparet
1482 2236 1555 2293 de
1585 2237 1886 2295 intellectu
1917 2238 2177 2308 passivo.
2207 2240 2338 2296 Non
2369 2240 2554 2309 igitur
2583 2245 2680 2297 est

339 2308 552 2368 ssibile
582 2306 742 2381 quod
773 2321 876 2379 per
901 2307 1175 2364 virtutem
1205 2307 1586 2378 cognitivum,
1614 2321 1745 2380 quae
1777 2308 2347 2367 dicitur-intellectus
2374 2309 2679 2380 passivus,

249 2322 444 2438 ffimo
471 2381 732 2450 speciem
762 2377 1065 2445 sortiatur,
1098 2391 1201 2459 per
1227 2390 1402 2449 quam
1434 2377 1508 2434 ab
1537 2377 1674 2435 aliis
1700 2378 2061 2435 animalibus
2091 2378 2343 2435 diflerat.

330 2449 553 2519 Adhuc,
604 2448 764 2523 quod
814 2452 909 2507 est
951 2460 1155 2521 passio
1185 2446 1368 2519 partis
1422 2448 1722 2505 sensitivae
1752 2460 1874 2506 non
1924 2452 2119 2521 potest
2145 2460 2366 2520 ponere
2390 2449 2454 2506 in
2481 2449 2681 2509 altiori

262 2533 485 2602 genere
526 2521 661 2580 vitae
711 2532 891 2601 quam
937 2519 1159 2577 sitvita
1187 2519 1492 2582 sensitiva,
1531 2520 1688 2577 sicut
1715 2519 1870 2590 quod
1902 2526 1993 2576 est
2020 2520 2225 2590 passio
2250 2521 2462 2578 animae
2492 2521 2680 2579 nutri·

253 2597 401 2651 tivae
459 2604 581 2649 non
613 2597 780 2663 ponit
809 2590 872 2648 in
901 2589 1095 2648 altiori
1126 2602 1341 2670 genere
1362 2589 1495 2646 vitae
1523 2602 1702 2661 quam
1729 2591 1806 2647 sit
1834 2589 1953 2646 vita
1978 2589 2278 2646 nutritiva.
2305 2593 2547 2649 constat
2575 2605 2680 2649 au·

259 2667 381 2719 tem
410 2661 573 2734 quod
601 2660 919 2732 phantasia
967 2664 1027 2715 et
1055 2658 1395 2738 huJusmodi
1427 2660 1704 2729 potentiae
1736 2673 1867 2730 quae
1888 2659 1961 2716 ad
1991 2659 2181 2730 ipsam
2211 2668 2681 2732 consequuntur,

259 2736 327 2790 ut
368 2732 758 2790 memorativa
808 2736 868 2788 et
894 2729 1263 2794 consimiles,
1316 2734 1458 2786 sunt
1481 2729 1796 2799 passiones
1835 2729 2018 2800 partis
2047 2730 2368 2796 sensitivae‚
2397 2735 2461 2787 ut
2489 2732 2684 2789 Philo·

258 2803 492 2884 sophus
544 2803 755 2873 probat
795 2801 857 2858 in
887 2800 990 2858 lib.
1018 2802 1097 2856 De
1138 2802 1413 2856 memoria.
1444 2801 1574 2857 Non
1599 2800 1779 2871 igitur
1810 2813 1914 2869 per
1968 2799 2280 2870 praedictas
2322 2800 2569 2860 virtutes
2591 2801 2682 2859 vel

261 2873 524 2948 aliquam
587 2885 788 2930 earum
824 2869 1065 2943 aliquod
1094 2870 1313 2927 animal
1341 2874 1535 2940 polest
1564 2870 1702 2941 poni
1737 2870 1797 2926 in
1828 2868 2024 2926 altiori
2069 2883 2286 2942 genere
2329 2871 2463 2929 vitae
2501 2884 2682 2944 quam

261 2943 344 3002 sit
373 2943 575 3001 anima
605 2942 911 3001 sensitiva.
944 2942 1132 2998 Homo
1180 2947 1376 2998 autem
1424 2945 1516 2998 est
1545 2940 1605 2997 in
1637 2939 1832 2997 altiori
1861 2953 2078 3012 genere
2108 2940 2238 2997 vitae
2267 2958 2282 3009 ;
2316 2941 2476 3020 quod
2524 2946 2685 3012 patet

259 3027 367 3086 per
396 3014 829 3085 Philosophum
858 3011 921 3068 in
952 3010 1217 3069 seeundo
1259 3013 1335 3067 De
1378 3013 1565 3066 anima
1595 3011 1755 3082 (text.
1782 3023 1998 3068 comm.
2053 3009 2681 3083 14),quidistinguens

261 3096 484 3157 genera
524 3084 658 3141 vitae
706 3080 1051 3153 superaddit
1091 3080 1537 3146 intellectivam,
1569 3081 1725 3161 quod
1776 3080 2005 3139 homini
2045 3080 2330 3150 attribuit,
2365 3083 2681 3151 sensium,

257 3154 422 3226 quod
449 3153 718 3211 attribuit
745 3152 1144 3211 communiter
1170 3152 1331 3209 omni
1364 3152 1632 3209 animati.
1666 3154 1793 3209 Non
1816 3152 2000 3223 igitur
2025 3151 2208 3211 homo
2234 3157 2323 3210 est
2342 3152 2547 3211 vivens
2563 3154 2682 3209 vita

261 3223 378 3283 sibi
408 3225 653 3296 propria
680 3238 785 3295 per
805 3225 1080 3280 virtutem
1110 3222 1488 3293 cogitativam
1522 3221 1881 3292 praedictam.

331 3296 610 3366 Amplius,
661 3307 838 3351 omne
884 3306 1131 3350 movens
1175 3292 1462 3362 seipsum,
1493 3291 1820 3372 secundum
1851 3290 2013 3364 quod
2038 3290 2250 3365 probat
2277 3291 2682 3364 Philosophus

263 3364 326 3423 in
356 3372 566 3424 octavo
585 3366 800 3433 physic.
822 3364 982 3434 (text.
1014 3376 1229 3420 comm.
1259 3362 1372 3434 40),
1403 3369 1781 3432 componitur
1808 3376 1881 3419 ex
1910 3368 2180 3421 movente
2203 3367 2261 3420 et
2286 3368 2469 3421 moto.
2493 3366 2682 3421 Homo

266 3441 486 3503 autem,
518 3436 677 3493 sicut
717 3439 778 3493 et
812 3434 933 3491 alia
957 3433 1260 3501 animalia,
1307 3437 1398 3490 est
1427 3444 1675 3490 movens
1700 3432 2000 3503 seipsum;
2031 3447 2174 3504 ergo
2205 3447 2450 3490 movens
2477 3437 2536 3489 et
2562 3447 2685 3491 mo·

263 3510 386 3564 tum
418 3512 564 3565 sunt
592 3510 789 3576 partes
818 3504 1032 3576 ipsius.
1055 3504 1316 3560 Primum
1347 3507 1545 3560 autem
1566 3515 1813 3560 movens
1842 3503 1902 3558 in
1924 3502 2164 3560 homine
2193 3508 2285 3561 est
2307 3503 2683 3571 intellectus;

265 3590 404 3634 nam
435 3576 776 3633 intellectus
819 3586 933 3633 suo
959 3572 1320 3645 intelligibili
1353 3579 1551 3630 movet
1577 3574 1960 3630 voluntatem.
1992 3575 2110 3629 Nec
2138 3578 2333 3643 potest
2360 3573 2499 3642 dici,
2522 3573 2684 3645 quod

267 3647 437 3704 solus
469 3646 808 3704 intellectus
832 3644 1111 3716 passivus
1139 3644 1219 3700 sit
1245 3656 1513 3710 movens,
1543 3644 1686 3716 quia
1714 3642 2051 3700 intellectus
2066 3644 2343 3724 passivus
2371 3648 2464 3701 est
2481 3645 2681 3701 solum

263 3717 737 3796 particularium.
788 3718 851 3771 ln
883 3713 1176 3772 movendo
1204 3719 1398 3770 autem
1429 3714 1719 3785 accipitur
1759 3712 2117 3771 universalis
2162 3726 2199 3771 o
2243 3712 2389 3781 inin,
2432 3728 2564 3785 quae
2591 3718 2686 3772 est

263 3786 606 3844 intellectus
635 3784 968 3857 possibiliS,
997 3789 1056 3841 et
1081 3784 1479 3855 particulariS‚
1510 3798 1642 3856 quae
1675 3789 1870 3855 potest
1897 3795 2031 3841 esse
2060 3784 2198 3840 intel
2230 3789 2399 3841 ectus
2427 3784 2679 3855 passivi,

269 3861 337 3913 ut
362 3861 526 3928 patet
550 3870 655 3927 per
681 3856 1056 3914 Aristotelem
1100 3855 1165 3910 in
1189 3854 1365 3911 tertio
1392 3857 1470 3910 De
1513 3857 1703 3910 anima
1730 3853 1891 3926 (text.
1923 3867 2140 3911 comm.
2172 3854 2261 3926 58)
2289 3857 2346 3910 et
2384 3854 2444 3911 in
2475 3862 2684 3913 octavo

266 3926 537 3999 Ethic.(c.
579 3931 611 3983 5
641 3968 655 3983 .
731 3929 883 3998 Ergo
937 3924 1277 3982 intellectus
1380 3923 1651 3982 ossibitis
1701 3930 1810 4004 est·
1850 3923 2051 3996 aliqua
2096 3937 2233 3996 pars
2291 3924 2576 3994 hominm,
2625 3930 2684 3983 et

265 3997 556 4070 estquod
629 3996 1010 4069 ignissimiim
1059 3999 1121 4053 et
1145 3996 1336 4053 soi-ma
1362 3995 1639 4071 issimum
1684 3994 1747 4053 in
1794 4006 1949 4066 ipso.
1997 3997 2147 4068 Ergo
2186 3993 2262 4053 ab
2309 4008 2382 4052 eo
2418 3996 2682 4068 speciem

265 4068 535 4137 sortitur,
567 4072 763 4124 elnon
795 4067 868 4124 ab
897 4065 1199 4124 intellectu
1223 4065 1485 4136 passivo.

330 4137 552 4200 Adhuc,
583 4137 925 4195 intellectus
952 4135 1263 4209 possibilis
1292 4134 1577 4206 probatur
1597 4148 1720 4194 non
1747 4147 1883 4195 esse
1912 4140 2080 4194 actus
2108 4136 2378 4209 corporis
2404 4136 2684 4211 alicujus,

266 4213 509 4280 propter
552 4208 665 4266 hoc
708 4207 866 4279 quod
910 4211 1001 4264 est
1046 4206 1493 4279 cognoscitivus
1545 4207 1812 4263 omnium
1859 4207 2181 4265 formarum
2210 4206 2585 4280 sensibilium
2620 4211 2681 4265 in

266 4277 615 4336 universali.
651 4278 864 4335 Nullai
914 4276 1033 4335 itur
1058 4278 1246 4335 virtus
1272 4275 1448 4347 cujus
1476 4278 1742 4356 operatio
1772 4290 1839 4334 se
1867 4277 2181 4334 extendere
2222 4283 2418 4349 potest
2444 4279 2517 4336 ad
2551 4278 2683 4335 uni·

267 4350 517 4406 versalia
569 4348 837 4405 omnium
910 4359 1210 4406 ormarum
1260 4346 1661 4416 sensibilium,
1693 4351 1885 4417 potest
1913 4359 2047 4404 esse
2076 4352 2243 4405 actus
2269 4348 2523 4419 alicujus
2551 4359 2681 4404 cor-

266 4418 452 4488 poris.
486 4417 772 4476 voluntas
804 4422 1003 4476 autem
1032 4423 1125 4475 est
1167 4417 1533 4490 hujusmodi.
1569 4418 1845 4474 Omnium
1887 4418 2044 4474 enim
2076 4430 2278 4474 eorum
2309 4431 2440 4490 quae
2472 4415 2684 4472 intelli-

263 4488 470 4564 gimus
515 4501 844 4563 possumus
895 4487 1113 4549 habere
1156 4493 1544 4559 voluntatem,
1597 4488 1811 4547 saltem
1858 4500 1932 4548 ea
1981 4487 2408 4561 cognoscendi.
2429 4488 2684 4556 Apparet
