3076 5025
496 266 605 323 4¹2
1399 265 1534 321 ΜΒ.
1574 264 1675 333 111,
1712 263 1867 320 GAP.
1906 262 2039 320 clx.

493 396 807 466 peccatum
850 387 1181 447 voluntatis
1211 400 1348 445 esse
1373 398 1497 443 non
1540 388 1759 458 potest.
1789 386 1857 442 In
1887 396 2268 465 quocumque
2293 388 2498 465 autem
2525 382 2650 465 alio
2672 383 2941 469 volente,

497 461 674 534 cujus
712 459 1021 533 proprium
1046 457 1275 516 bonum
1319 469 1570 514 necesse
1616 460 1711 514 est
1737 454 1855 513 sub
1901 454 2112 513 ordine
2143 454 2393 513 alterius
2437 453 2586 536 boni
2614 459 2943 536 contineri,

494 534 695 606 potest
714 533 1028 603 peccatum
1064 527 1337 586 accidere
1359 525 1792 607 voluntat-issi
1814 525 1885 607 ‘in
1911 539 2027 606 sua
2052 530 2270 606 natura
2312 524 2754 608 consideretur.
2784 527 2946 585 Licet

498 603 662 661 enim
686 599 978 660 naturalis
1007 597 1323 656 inclinatio
1349 597 1680 655 voluntatis
1707 601 1853 654 insit
1883 608 2089 653 unicui
2135 610 2212 653 ue
2237 594 2461 653 volenti
2492 594 2571 653 ad
2610 595 2942 657 volendum

496 678 560 732 et
611 670 935 731 amandum
984 669 1281 740 suiipsius
1323 667 1775 749 perfectionem,
1825 666 1912 725 ita
1955 679 2077 739 quo
2143 665 2527 748 ‘contrarium
2572 666 2763 748 liujus
2789 667 2941 726 velle

496 756 623 804 non
649 742 864 814 possit,
895 753 1018 798 non
1046 744 1249 796 tamen
1291 752 1380 796 sic
1408 743 1502 796 est
1529 737 1584 795 ei
1613 737 1872 795 inditum
1901 736 2253 794 naturaliter
2276 741 2345 794 ut
2378 740 2465 793 ita
2490 736 2736 794 ordinet
2765 750 2939 797 suam

496 812 925 887 perfectionem
965 811 1029 867 in
1057 809 1243 867 alium
1284 807 1464 866 finem
1493 808 1655 881 quod
1685 807 1761 866 ab
1784 821 1859 866 eo
1899 805 2153 865 deficere
2198 819 2325 865 non
2360 807 2579 879 possit,
2611 819 2758 890 cuni
2801 807 2941 890 finis

498 883 776 956 superior
813 894 936 939 non
964 881 1043 939 sit
1072 893 1199 938 suae
1242 886 1473 937 naturae
1499 879 1803 961 proprius,
1835 877 1943 937 sed
1971 876 2306 960 superioris
2346 883 2598 959 naturae.
2627 879 2939 961 Relinqui-

495 959 597 1013 tur
621 953 808 1026 igitur
832 963 947 1010 suo
975 950 1223 1009 arbitrio
1294 950 1411 1009 uod
1431 962 1732 1022 propriam
1753 949 2181 1030 perfectionem
2206 960 2271 1005 in
2293 960 2669 1029 superiorem
2700 949 2939 1008 ordinet

496 1023 701 1083 finem.
735 1025 803 1080 ln
829 1022 946 1080 hoc
986 1022 1148 1079 enim
1182 1021 1240 1079 di
1291 1026 1464 1078 erunt
1504 1020 1875 1078 voluntatem
1925 1017 2209 1077 habentia
2236 1017 2312 1076 ab
2339 1018 2439 1100 liis
2506 1033 2602 1077 uae
2626 1020 2938 1079 voluntate

498 1098 723 1163 carent,
795 1091 913 1150 uod
956 1091 1241 1150 habentia
1278 1091 1648 1149 voluntatem
1694 1090 1975 1148 ordinant
2000 1104 2070 1148 se
2120 1094 2181 1172 et
2205 1103 2320 1147 sua
2349 1102 2415 1147 in
2501 1102 2661 1159 nem,
2684 1089 2859 1172 Jinde
2882 1096 2936 1149 et

497 1163 674 1222 liberi
703 1177 769 1221 ar
811 1161 930 1220 itrii
961 1176 1099 1220 esse
1119 1162 1437 1231 dicuntur;
1466 1175 1603 1233 quae
1630 1166 1830 1218 autem
1848 1161 2142 1218 voluntati
2168 1164 2516 1241 carentnon
2563 1160 2934 1242 ordinantse

498 1235 566 1293 in
588 1234 792 1302 finem,
822 1232 931 1291 sed
964 1233 1317 1290 ordinantur
1341 1246 1379 1290 a
1413 1245 1485 1289 su
1530 1231 1712 1289 eriori
1741 1246 1775 1288 a
1821 1236 1976 1300 ente,
2003 1229 2177 1303 quasi
2207 1229 2281 1288 ab
2310 1229 2432 1288 alio
2458 1236 2595 1288 acta
2632 1244 2704 1289 ιιι
2733 1230 2933 1301 finem,

498 1317 626 1363 non
654 1309 853 1362 autem
903 1302 1144 1375 seipsis.
1174 1301 1374 1359 Potuit
1413 1302 1496 1373 igi
1527 1302 1599 1359 br
1624 1301 1689 1358 in
1722 1315 1797 1359 vo
1823 1306 2028 1359 untate
2074 1300 2428 1382 substantiae
2479 1305 2780 1382 separatae
2807 1315 2936 1362 esse

496 1379 807 1447 peccatum
835 1389 906 1431 ex
931 1374 1047 1431 lioc
1106 1372 1224 1430 uod
1245 1373 1552 1444 proprium
1574 1371 1799 1430 bonum
1825 1377 1885 1428 et
1910 1370 2340 1444 perfectionem
2364 1384 2430 1428 in
2451 1370 2735 1430 ultimum
2758 1371 2934 1431 finem

498 1458 624 1503 non
652 1443 968 1513 ordinavit,
999 1388 1106 1502 seg
1139 1443 1380 1502 inhaesit
1407 1442 1650 1514 proprio
1696 1441 1858 1499 bono
1888 1447 1956 1499 ut
1976 1441 2083 1499 fini
2108 1458 2126 1510 ;
2156 1446 2235 1511 et,
2265 1441 2410 1521 quia
2435 1454 2509 1522 εις
2535 1440 2659 1499 fine
2687 1456 2936 1503 necesse

500 1520 596 1574 est
625 1520 692 1574 ut
711 1514 937 1586 regulae
972 1513 1230 1572 actionis
1259 1519 1598 1582 sumantur,
1626 1525 1876 1571 necesse
1905 1516 2001 1570 est
2028 1517 2091 1569 ut
2118 1526 2192 1569 ex
2232 1524 2438 1583 seipsa
2468 1511 2554 1585 (ιιι
2586 1526 2713 1585 qua
2758 1512 2931 1572 finem

501 1584 835 1711 coustituit?
866 1583 987 1641 alia
1012 1598 1076 1641 re
1122 1583 1366 1641 ulariter
1395 1583 1742 1654 disponeret
1770 1588 1830 1640 et
1848 1587 1915 1641 ut
1932 1585 2063 1654 ejus
2085 1582 2369 1641 voluntas
2385 1581 2461 1640 ab
2488 1582 2611 1641 alio
2634 1584 2932 1665 superiori

499 1669 627 1715 non
658 1669 806 1728 regu
831 1659 1031 1712 aretur
1051 1662 1078 1720 ς·
1142 1667 1214 1712 oc
1241 1659 1441 1711 autem
1469 1653 1588 1712 soli
1634 1655 1759 1711 Deo
1787 1652 2055 1711 debetur.
2082 1654 2152 1710 Et
2189 1651 2524 1711 secundum
2552 1652 2672 1712 boc
2715 1655 2934 1714 intelli·

499 1724 763 1798 gendum
789 1730 882 1782 est
949 1724 1070 1782 uod
1099 1724 1345 1795 appetiit
1372 1724 1474 1781 Dei
1505 1723 1905 1797 aequalitatem
1929 1740 1946 1793 ;
1975 1736 2101 1782 non
2129 1723 2372 1804 quidem
2400 1728 2468 1781 ut
2493 1722 2730 1782 bonum
2760 1739 2935 1786 suum

500 1801 665 1853 esset
692 1794 895 1853 divino
982 1807 1104 1853 ono
1147 1794 1413 1867 aequale;
1445 1794 1561 1853 hoc
1590 1794 1836 1852 enimin
1866 1793 2170 1852 intellectu
2197 1807 2330 1865 eJus
2369 1792 2583 1853 cadere
2611 1802 2745 1853 non
2774 1801 2937 1868 pote·

497 1870 612 1933 rat,
643 1868 722 1934 et,
752 1865 868 1922 hoc
897 1864 1250 1937 appetendo,
1279 1869 1583 1936 appeteret
1608 1878 1676 1922 se
1705 1877 1829 1923 non
1853 1876 2012 1934 esse,
2041 1877 2226 1937 quum
2254 1864 2565 1923 distinctio
2594 1865 2938 1937 specierum

500 1934 834 1994 secundum
859 1934 1130 1993 diversos
1157 1934 1382 2008 gradus
1409 1948 1611 1993 rerum
1648 1935 1978 2007 proveniat,
2009 1940 2077 1992 ut
2097 1949 2171 1993 ex
2196 1934 2559 2006 supradictis
2588 1935 2654 2009 (l.
2687 1949 2760 2006 11,
2787 1951 2845 1996 c.
2874 1941 2939 1996 39

499 2010 560 2064 et
585 2005 676 2077 40)
707 2011 966 2077 apparet.
1001 2004 1161 2062 Velle
1189 2010 1386 2062 autem
1413 2005 1570 2063 alios
1587 2005 1860 2077 regulare
1887 2010 1947 2063 et
1969 2005 2338 2064 voluntatem
2366 2018 2541 2087 suam
2569 2021 2608 2066 a
2632 2008 2938 2079 superiori

500 2087 627 2132 non
670 2075 932 2148 regulari
975 2080 1070 2133 est
1111 2075 1264 2134 velle
1352 2089 1594 2145 raeesse,
1624 2081 1685 2133 et
1723 2075 2169 2148 quodammodo
2211 2089 2339 2134 non
2378 2076 2617 2148 subjici,
2647 2078 2827 2149 quod
2854 2084 2942 2138 est

545 2149 811 2203 eccatum
858 2144 1192 2217 superbiae3
1222 2159 1304 2203 un
1350 2159 1383 2203 e
1419 2146 1845 2204 convenienter
1888 2146 2109 2204 dicitur
2133 2146 2295 2219 quod
2312 2147 2582 2218 -primum
2619 2156 2937 2219 peccatum

499 2160 798 2274 gaemonis
827 2215 941 2275 fuit
983 2215 1284 2286 superbia.
1309 2215 1443 2285 Sed,
1473 2216 1618 2289 quia
1641 2231 1715 2274 ex
1744 2229 1866 2274 uno
1894 2229 2095 2274 errore
2139 2217 2309 2298 circa·
2321 2217 2688 2298 principium
2732 2221 2941 2279 varius

500 2291 560 2344 et
589 2285 902 2358 multiplex
946 2299 1112 2344 error
1155 2287 1565 2359 consequitur,
1600 2286 1737 2344 ideo
1764 2301 1837 2345 ex
1880 2286 2565 2359 prima-inordinatione
2602 2288 2941 2350 voluntatis

499 2370 634 2430 quae
659 2356 771 2414 fuit
797 2357 860 2413 in
905 2355 1198 2427 daemone,
1224 2362 1616 2415 consecutum
1663 2362 1757 2438 est
1802 2357 2116 2429 multiplex
2159 2363 2471 2439 peccatum
2516 2358 2580 2415 in
2624 2360 2939 2441 voluntate

497 2426 717 2498 ipsius,
744 2431 800 2484 et
824 2427 947 2485 odii
979 2428 1175 2498 ipsius
1195 2426 1269 2485 ad
1298 2430 1508 2497 Deum,
1531 2432 1601 2486 ut
1630 2432 2010 2486 resistentem
2030 2440 2158 2486 suae
2185 2427 2484 2500 Superblae
2504 2433 2563 2485 et
2578 2437 2937 2500 punientem

492 2496 834 2626 justgissime
877 2510 1051 2556 suam
1090 2497 1354 2570 culpam,
1382 2504 1443 2558 et
1480 2497 1726 2558 invidiae
1768 2496 1844 2558 ad
1872 2498 2293 2570 hominem„et
2338 2498 2531 2558 multa
2552 2499 2681 2560 alia
2724 2500 2938 2575 hujus-

462 2632 469 2638 ’
573 2636 1086 2697 Considerandum
1115 2643 1211 2697 est
1250 2639 1456 2697 etiam
1520 2638 1663 2704 uod,
1709 2652 1847 2698 cum
1874 2640 2184 2713 proprium
2211 2639 2469 2713 alicujus
2496 2639 2732 2700 bonum
2758 2642 2939 2703 haba

498 2708 774 2767 ordinem
824 2708 898 2767 ad
925 2710 1100 2782 plura
1144 2710 1478 2782 superiora,
1526 2710 1757 2768 iberum
1799 2716 1895 2768 est
1936 2711 2161 2768 volenti
2190 2711 2375 2769 ut'ab
2411 2709 2629 2769 ordine
2669 2711 2936 2787 alicujus

498 2780 877 2850 superiorum
906 2780 1147 2839 recedat
1167 2787 1225 2837 et
1245 2781 1492 2838 alterius
1518 2780 1792 2838 ordinem
1823 2780 2371 2854 non-derelinquat,
2389 2783 2516 2840 sive
2548 2783 2631 2840 sit
2653 2785 2939 2855 superior

498 2848 627 2907 sive
658 2849 740 2907 sit
766 2849 1052 2919 inferior3
1081 2850 1240 2908 sicut
1280 2850 1479 2921 miles,
1504 2851 1607 2923 qui
1638 2851 1951 2908 ordinatur
1976 2851 2090 2909 sub
2112 2864 2255 2923 rege
2276 2857 2340 2932 et
2378 2852 2494 2910 sub
2519 2850 2675 2911 duce
2706 2856 2937 2915 exerci-

468 2923 618 2987 ιιιιε,
644 2923 842 2991 potest
866 2921 1231 2977 voluntatem
1262 2934 1435 2978 suam
1476 2920 1756 2979 ordinare
1783 2922 1848 2978 in
1894 2920 2122 2979 bonum
2150 2921 2327 2980 ducis
2353 2925 2414 2980 et
2439 2936 2564 2981 non
2609 2924 2809 2997 regis,
2838 2930 2938 2984 aut

495 3003 531 3046 e
558 3002 849 3048 converso
881 3008 898 3070 ς
927 2990 1056 3059 sed,
1082 2991 1136 3049 si
1166 2990 1288 3048 dux
1313 2992 1389 3049 ab
1421 2991 1633 3049 ordine
1661 2990 1825 3064 regis
1850 2991 2088 3050 recedat
2137 2991 2300 3050 bona
2325 2992 2441 3051 erit
2464 2993 2751 3053 voluntas
2777 2996 2934 3054 mili·

492 3058 577 3118 tis
602 3059 935 3118 recedentis
958 3074 996 3118 a
1020 3060 1326 3142 voluntate
1370 3060 1544 3142 ducis
1570 3066 1630 3120 et
1661 3062 1978 3143 dirigentis
2007 3032 2376 3144 voluntatem
2409 3076 2585 3122 suam
2611 3065 2679 3122 in
2704 3078 2936 3140 regem,

493 3129 656 3187 mala
679 3135 880 3188 autem
900 3130 1181 3189 voluntas
1223 3132 1436 3190 militis
1465 3138 1776 3204 sequentis
1805 3132 2169 3191 voluntatem
2190 3172 2191 3175 ,
2212 3132 2386 3192 ducis
2413 3140 2625 3193 contra
2652 3135 2937 3196 volunta-

492 3204 613 3258 tem
643 3200 804 3274 regis
826 3218 843 3271 ;
869 3201 1017 3260 ordo
1046 3202 1206 3260 enim
1235 3202 1543 3260 inferioris
1587 3202 1867 3274 principii
1913 3202 1984 3260 de
2029 3203 2208 3261 endet
2232 3203 2308 3263 ab
2333 3204 2543 3264 ordine
2571 3208 2933 3277 superioris.

494 3270 856 3330 Substantiae
901 3278 1100 3330 autem
1157 3278 1443 3344 separatae
1481 3285 1607 3331 non
1666 3273 1865 3330 solum
1910 3284 1981 3331 or
2021 3273 2265 3332 inantur
2316 3276 2430 3334 sub
2471 3277 2618 3347 Deo,
2645 3276 2760 3335 sed
2816 3290 2938 3337 una

494 3340 674 3397 etiam
708 3355 909 3403 earum
942 3343 1253 3400 ordinatur
1279 3342 1393 3400 sub
1419 3343 1558 3411 alia,
1589 3357 1626 3400 a
1651 3344 1845 3414 prima
1872 3357 2063 3417 usque
2092 3344 2168 3403 ad
2198 3344 2490 3415 ultimam,
2519 3351 2587 3405 ut
2610 3353 2935 3408 ostensum

494 3414 587 3469 est
611 3411 672 3484 (l.
702 3423 768 3480 11,
798 3426 853 3470 c.
881 3412 1010 3484 95);
1041 3418 1119 3481 et,
1149 3413 1292 3485 quia
1317 3413 1381 3470 in
1427 3413 1697 3486 quolibet
1733 3413 1973 3471 volente
2016 3413 2132 3474 sub
2158 3416 2282 3474 Deo
2350 3420 2509 3475 otest
2548 3429 2690 3475 esse
2718 3432 2936 3490 pecca·

490 3484 620 3539 tum
646 3481 995 3552 voluntatis,
1020 3482 1075 3541 si
1112 3483 1177 3540 in
1205 3489 1582 3542 suanatura.
1601 3483 2036 3553 consideretur,
2066 3484 2300 3557 possibi
2329 3501 2362 3545 e
2391 3486 2506 3545 fuit
2534 3488 2699 3561 quod
2726 3488 2940 3563 aliqua

491 3549 568 3608 de
621 3551 1035 3623 superioribus
1090 3558 1193 3611 aut
1242 3553 1423 3613 etiam
1470 3567 1757 3635 suprema
1803 3554 1962 3636 inter
2000 3568 2215 3614 omnes
2260 3562 2535 3630 peccaret
2585 3560 2936 3619 secundum

486 3619 875 3681 voluntatem.
903 3625 972 3680 Et
1019 3622 1137 3682 hoc
1162 3623 1404 3696 quidem
1454 3629 1605 3682 satis
1649 3624 1965 3697 probabile
1978 3631 2270 3696 est;.non
2317 3627 2575 3685 enimin
2615 3641 2735 3688 suo
2760 3628 2935 3705 bono

488 3691 819 3764 quievisset
845 3692 1004 3751 siout
1030 3695 1096 3751 ιιι
1140 3692 1281 3764 fine,
1307 3694 1431 3751 nisi
1481 3707 1663 3753 suum
1690 3695 2117 3755 honum·valde
2142 3696 2469 3778 perfeetum
2504 3703 2695 3757 esset.
2724 3700 2942 3758 Potuit

486 3760 676 3834 igitur
701 3759 833 3843 fieri
859 3762 1019 3835 quod
1058 3764 1133 3844 de
1160 3764 1550 3823 inferioribus
1582 3765 1803 3838 aliquae
1826 3780 1934 3838 per
1970 3778 2272 3849 propriam
2298 3767 2671 3827 voluntatem
2694 3768 2937 3831 bonum

486 3842 667 3890 suum
705 3833 1052 3916 ordinarent
1091 3847 1157 3892 ιιι
1197 3835 1809 3917 ipsam‚recedentes
1842 3851 1882 3895 a
1924 3837 2130 3895 divino
2182 3836 2417 3919 ordine,
2438 3853 2593 3967 2331ae
2641 3840 2939 3900 similiter

483 3907 919 3985 peccaveruntf,
941 3904 1076 3963 aliae
1118 3918 1283 3987 vero,
1308 3910 1617 3964 servantes
1645 3919 1712 3964 in
1754 3913 2075 3967 motusuae
2100 3906 2431 3969 voluntatis
2498 3910 2731 3969 ivinum
2771 3910 2943 3975 ordi·

479 3984 647 4043 nem,
677 3972 752 4030 ab
781 3973 993 4032 ordine
1012 3980 1337 4047 peccantis,
1359 3977 1636 4045 quamvis
1655 3978 1991 4049 superioris
2010 3978 2346 4037 secundum
2367 3985 2597 4038 naturae
2616 3980 2938 4054 ordinem,

483 4048 647 4100 recte
673 4044 1039 4102 recederent.
1071 4044 1384 4113 Quomodo
1410 4048 1640 4105 veroin
1667 4047 1934 4107 bonitate
1950 4048 2043 4106 vel
2076 4049 2309 4108 malitia
2335 4050 2731 4121 immobiliter
2757 4058 2939 4112 utro-

481 4122 738 4241 fflffiqgg
764 4115 1047 4243 volunstas
1067 4120 1428 4244 perseverat,
1459 4117 1810 4176 ostendetur
1829 4117 1893 4190 (l.
1920 4130 2009 4189 nr,
2032 4133 2087 4177 e.
2108 4123 2181 4179 29
2211 4124 2273 4179 et
2298 4120 2390 4193 93)
2412 4140 2430 4191 ;
2459 4120 2577 4180 lioc
2596 4121 2762 4180 enim
2795 4137 2941 4195 per·

799 4198 935 4243 oena
995 4199 1066 4242 ve

558 4252 680 4309 Hoc
709 4199 907 4313 a1¹1³tem
954 4254 1153 4315 differt
1190 4256 1346 4314 inter
1372 4257 1681 4317 hominem
1725 4263 1786 4316 et
1814 4258 2216 4318 substantiam
2258 4260 2837 4336 separatam-qued,
2860 4262 2941 4337 in

482 4332 613 4400 uno
655 4321 900 4382 homine
946 4332 1090 4384 sunt
1132 4328 1337 4399 plures
1398 4329 1732 4401 appetitivae
1777 4328 2063 4399 virtutes,
2109 4344 2367 4404 quarum
2412 4344 2533 4389 una
2570 4332 2691 4392 sub
2734 4332 2945 4394 altera

481 4389 832 4463 ordinatum
863 4396 1024 4467 quod
1066 4398 1307 4470 quidem
1332 4397 1397 4455 in
1441 4397 1802 4458 substan-tiis
1829 4400 2133 4479 separatis·
2170 4414 2296 4460 non
2316 4400 2656 4477 contingit;
2686 4410 2937 4463 unate-

1118 4187 1363 4256 praemia
1388 4186 1689 4247 bonorum
1713 4187 1808 4246 vel
1837 4187 2163 4248 malorum.
