<?xml version="1.0" encoding="UTF-8"?>
<!DOCTYPE html PUBLIC "-//W3C//DTD XHTML 1.0 Transitional//EN"
    "http://www.w3.org/TR/xhtml1/DTD/xhtml1-transitional.dtd">
<html xmlns="http://www.w3.org/1999/xhtml" xml:lang="en" lang="en">
 <head>
  <title>
</title>
<meta http-equiv="Content-Type" content="text/html;charset=utf-8" />
  <meta name='ocr-system' content='tesseract 3.04.00' />
  <meta name='ocr-capabilities' content='ocr_page ocr_carea ocr_par ocr_line ocrx_word'/>
</head>
<body>
  <div class='ocr_page' id='page_1' title='image "./deveritatecatho00rubegoog_0120.png"; bbox 0 0 3076 5025; ppageno 0'>
   <div class='ocr_carea' id='block_1_1' title="bbox 429 265 1998 335">
    <p class='ocr_par' dir='ltr' id='par_1_1' title="bbox 429 265 1998 335">
     <span class='ocr_line' id='line_1_1' title="bbox 429 265 1998 335; baseline -0.007 -4"><span class='ocrx_word' id='word_1_1' title='bbox 429 274 498 331; x_wconf 74' lang='lat'><strong>84</strong></span> <span class='ocrx_word' id='word_1_2' title='bbox 1276 267 1408 322; x_wconf 87' lang='lat' dir='ltr'><strong>LIB.</strong></span> <span class='ocrx_word' id='word_1_3' title='bbox 1449 268 1495 335; x_wconf 89' lang='lat'><strong>1,</strong></span> <span class='ocrx_word' id='word_1_4' title='bbox 1534 265 1688 322; x_wconf 78' lang='lat' dir='ltr'><strong>CAP.</strong></span> <span class='ocrx_word' id='word_1_5' title='bbox 1728 265 1998 321; x_wconf 84' lang='lat' dir='ltr'><strong>Lxxvllt.</strong></span> 
     </span>
    </p>
   </div>
   <div class='ocr_carea' id='block_1_2' title="bbox 424 381 2871 2151">
    <p class='ocr_par' dir='ltr' id='par_1_2' title="bbox 424 381 2856 606">
     <span class='ocr_line' id='line_1_2' title="bbox 425 381 2856 461; baseline -0.003 -10"><span class='ocrx_word' id='word_1_6' title='bbox 425 400 543 451; x_wconf 83' lang='lat' dir='ltr'><strong>tur.</strong></span> <span class='ocrx_word' id='word_1_7' title='bbox 575 390 635 449; x_wconf 89' lang='lat' dir='ltr'><strong>Si</strong></span> <span class='ocrx_word' id='word_1_8' title='bbox 663 388 847 461; x_wconf 76' lang='lat' dir='ltr'><strong>igitur</strong></span> <span class='ocrx_word' id='word_1_9' title='bbox 871 387 1054 447; x_wconf 89' lang='lat' dir='ltr'><strong>volita</strong></span> <span class='ocrx_word' id='word_1_10' title='bbox 1080 387 1252 460; x_wconf 88' lang='lat' dir='ltr'><strong>plura</strong></span> <span class='ocrx_word' id='word_1_11' title='bbox 1268 400 1401 459; x_wconf 84' lang='lat' dir='ltr'><strong>quae</strong></span> <span class='ocrx_word' id='word_1_12' title='bbox 1430 388 1587 443; x_wconf 88' lang='lat' dir='ltr'><strong>Deus</strong></span> <span class='ocrx_word' id='word_1_13' title='bbox 1612 383 1758 455; x_wconf 89' lang='lat' dir='ltr'><strong>vult,</strong></span> <span class='ocrx_word' id='word_1_14' title='bbox 1785 383 2123 443; x_wconf 89' lang='lat' dir='ltr'><strong>inducerint</strong></span> <span class='ocrx_word' id='word_1_15' title='bbox 2151 384 2217 442; x_wconf 89' lang='lat' dir='ltr'><strong>in</strong></span> <span class='ocrx_word' id='word_1_16' title='bbox 2245 383 2379 457; x_wconf 88' lang='lat' dir='ltr'><strong>ipso</strong></span> <span class='ocrx_word' id='word_1_17' title='bbox 2407 381 2668 456; x_wconf 79' lang='lat' dir='ltr'><strong>aliquam</strong></span> <span class='ocrx_word' id='word_1_18' title='bbox 2701 383 2856 443; x_wconf 89' lang='lat' dir='ltr'><strong>mul-</strong></span> 
     </span>
     <span class='ocr_line' id='line_1_3' title="bbox 426 454 2854 532; baseline -0.004 -12"><span class='ocrx_word' id='word_1_19' title='bbox 426 462 763 524; x_wconf 71' lang='lat' dir='ltr'><strong>titudinem,</strong></span> <span class='ocrx_word' id='word_1_20' title='bbox 796 465 1146 532; x_wconf 76' lang='lat' dir='ltr'><strong>sequeretur</strong></span> <span class='ocrx_word' id='word_1_21' title='bbox 1165 457 1321 531; x_wconf 92' lang='lat' dir='ltr'><strong>quod</strong></span> <span class='ocrx_word' id='word_1_22' title='bbox 1355 469 1474 514; x_wconf 91' lang='lat' dir='ltr'><strong>non</strong></span> <span class='ocrx_word' id='word_1_23' title='bbox 1504 463 1665 514; x_wconf 90' lang='lat' dir='ltr'><strong>esset</strong></span> <span class='ocrx_word' id='word_1_24' title='bbox 1689 456 1752 513; x_wconf 91' lang='lat' dir='ltr'><strong>in</strong></span> <span class='ocrx_word' id='word_1_25' title='bbox 1787 469 1859 513; x_wconf 82' lang='lat' dir='ltr'><strong>eo</strong></span> <span class='ocrx_word' id='word_1_26' title='bbox 1890 469 2010 514; x_wconf 91' lang='lat' dir='ltr'><strong>una</strong></span> <span class='ocrx_word' id='word_1_27' title='bbox 2038 460 2265 513; x_wconf 87' lang='lat' dir='ltr'><strong>tantum</strong></span> <span class='ocrx_word' id='word_1_28' title='bbox 2311 456 2576 528; x_wconf 85' lang='lat' dir='ltr'><strong>operatio</strong></span> <span class='ocrx_word' id='word_1_29' title='bbox 2633 454 2854 513; x_wconf 88' lang='lat' dir='ltr'><strong>volun·</strong></span> 
     </span>
     <span class='ocr_line' id='line_1_4' title="bbox 424 530 2664 606; baseline -0.006 -16"><span class='ocrx_word' id='word_1_30' title='bbox 424 534 588 600; x_wconf 86' lang='lat' dir='ltr'><strong>tatis,</strong></span> <span class='ocrx_word' id='word_1_31' title='bbox 620 530 779 604; x_wconf 91' lang='lat' dir='ltr'><strong>quod</strong></span> <span class='ocrx_word' id='word_1_32' title='bbox 805 536 897 588; x_wconf 90' lang='lat' dir='ltr'><strong>est</strong></span> <span class='ocrx_word' id='word_1_33' title='bbox 921 535 1129 587; x_wconf 90' lang='lat' dir='ltr'><strong>contra</strong></span> <span class='ocrx_word' id='word_1_34' title='bbox 1155 534 1544 600; x_wconf 72' lang='lat' dir='ltr'><strong>praeostensa.</strong></span> <span class='ocrx_word' id='word_1_35' title='bbox 1915 595 1927 606; x_wconf 29' lang='grc' dir='ltr'>υ</span> <span class='ocrx_word' id='word_1_36' title='bbox 2652 595 2664 606; x_wconf 36' lang='lat'>⁸</span> 
     </span>
    </p>

    <p class='ocr_par' dir='ltr' id='par_1_3' title="bbox 428 595 2860 747">
     <span class='ocr_line' id='line_1_5' title="bbox 497 595 2857 672; baseline -0.003 -12"><span class='ocrx_word' id='word_1_37' title='bbox 497 606 650 671; x_wconf 73' lang='lat' dir='ltr'><strong>Rern,</strong></span> <span class='ocrx_word' id='word_1_38' title='bbox 697 608 1005 660; x_wconf 86' lang='lat' dir='ltr'><strong>ostensum</strong></span> <span class='ocrx_word' id='word_1_39' title='bbox 1041 605 1133 657; x_wconf 87' lang='lat' dir='ltr'><strong>est</strong></span> <span class='ocrx_word' id='word_1_40' title='bbox 1169 598 1327 672; x_wconf 91' lang='lat' dir='ltr'><strong>quod</strong></span> <span class='ocrx_word' id='word_1_41' title='bbox 1376 601 1533 655; x_wconf 88' lang='lat' dir='ltr'><strong>Deus</strong></span> <span class='ocrx_word' id='word_1_42' title='bbox 1579 596 1698 653; x_wconf 88' lang='lat' dir='ltr'><strong>alia</strong></span> <span class='ocrx_word' id='word_1_43' title='bbox 1738 597 1864 652; x_wconf 88' lang='lat' dir='ltr'><strong>vult</strong></span> <span class='ocrx_word' id='word_1_44' title='bbox 1910 609 1969 652; x_wconf 83' lang='lat' dir='ltr'><strong>in</strong></span> <span class='ocrx_word' id='word_1_45' title='bbox 2014 601 2301 668; x_wconf 89' lang='lat' dir='ltr'><strong>quantum</strong></span> <span class='ocrx_word' id='word_1_46' title='bbox 2347 595 2474 652; x_wconf 88' lang='lat' dir='ltr'><strong>vult</strong></span> <span class='ocrx_word' id='word_1_47' title='bbox 2522 595 2857 654; x_wconf 79' lang='lat' dir='ltr'><strong>bonitatem</strong></span> 
     </span>
     <span class='ocr_line' id='line_1_6' title="bbox 428 665 2860 747; baseline -0.004 -14"><span class='ocrx_word' id='word_1_48' title='bbox 428 687 621 733; x_wconf 84' lang='lat' dir='ltr'><strong>suam.</strong></span> <span class='ocrx_word' id='word_1_49' title='bbox 654 674 776 729; x_wconf 88' lang='lat' dir='ltr'><strong>Hoc</strong></span> <span class='ocrx_word' id='word_1_50' title='bbox 789 672 987 744; x_wconf 63' lang='lat' dir='ltr'><strong>‚igitur</strong></span> <span class='ocrx_word' id='word_1_51' title='bbox 1014 670 1192 727; x_wconf 90' lang='lat' dir='ltr'><strong>modo</strong></span> <span class='ocrx_word' id='word_1_52' title='bbox 1217 672 1637 739; x_wconf 81' lang='lat' dir='ltr'>comparantur</span> <span class='ocrx_word' id='word_1_53' title='bbox 1664 667 1864 745; x_wconf 82' lang='lat' dir='ltr'><strong>aliqua</strong></span> <span class='ocrx_word' id='word_1_54' title='bbox 1881 666 1959 747; x_wconf 77' lang='lat' dir='ltr'><strong>ad</strong></span> <span class='ocrx_word' id='word_1_55' title='bbox 1987 668 2350 747; x_wconf 82' lang='lat' dir='ltr'><strong>voluntatem</strong></span> <span class='ocrx_word' id='word_1_56' title='bbox 2379 665 2504 735; x_wconf 87' lang='lat' dir='ltr'><strong>Dei,</strong></span> <span class='ocrx_word' id='word_1_57' title='bbox 2531 680 2655 737; x_wconf 93' lang='lat' dir='ltr'><strong>quo</strong></span> <span class='ocrx_word' id='word_1_58' title='bbox 2683 679 2860 724; x_wconf 90' lang='lat' dir='ltr'><strong>com-</strong></span> 
     </span>
    </p>

    <p class='ocr_par' dir='ltr' id='par_1_4' title="bbox 427 736 2862 1029">
     <span class='ocr_line' id='line_1_7' title="bbox 470 736 2858 809; baseline -0.003 -10"><span class='ocrx_word' id='word_1_59' title='bbox 470 743 876 800; x_wconf 86' lang='lat' dir='ltr'><strong>rehenduntur</strong></span> <span class='ocrx_word' id='word_1_60' title='bbox 914 756 951 799; x_wconf 92' lang='lat' dir='ltr'><strong>a</strong></span> <span class='ocrx_word' id='word_1_61' title='bbox 981 740 1245 798; x_wconf 87' lang='lat' dir='ltr'><strong>bonitate</strong></span> <span class='ocrx_word' id='word_1_62' title='bbox 1286 739 1449 809; x_wconf 88' lang='lat' dir='ltr'><strong>ejus;</strong></span> <span class='ocrx_word' id='word_1_63' title='bbox 1495 737 1601 795; x_wconf 88' lang='lat' dir='ltr'><strong>sed</strong></span> <span class='ocrx_word' id='word_1_64' title='bbox 1646 749 1938 794; x_wconf 85' lang='lat' dir='ltr'><strong>ommam</strong></span> <span class='ocrx_word' id='word_1_65' title='bbox 1974 736 2237 794; x_wconf 85' lang='lat' dir='ltr'><strong>bonitate</strong></span> <span class='ocrx_word' id='word_1_66' title='bbox 2272 750 2403 807; x_wconf 77' lang='lat' dir='ltr'><strong>ejus</strong></span> <span class='ocrx_word' id='word_1_67' title='bbox 2450 750 2637 794; x_wconf 90' lang='lat' dir='ltr'><strong>unum</strong></span> <span class='ocrx_word' id='word_1_68' title='bbox 2687 743 2858 794; x_wconf 89' lang='lat' dir='ltr'><strong>suut.</strong></span> 
     </span>
     <span class='ocr_line' id='line_1_8' title="bbox 427 759 2862 891; baseline -0.004 -18"><span class='ocrx_word' id='word_1_69' title='bbox 427 759 574 873; x_wconf 60' lang='lat' dir='ltr'><strong>gunt</strong></span> <span class='ocrx_word' id='word_1_70' title='bbox 600 814 757 869; x_wconf 81' lang='lat' dir='ltr'><strong>enim</strong></span> <span class='ocrx_word' id='word_1_71' title='bbox 786 812 1059 884; x_wconf 89' lang='lat' dir='ltr'><strong>aliquain</strong></span> <span class='ocrx_word' id='word_1_72' title='bbox 1083 813 1215 891; x_wconf 87' lang='lat' dir='ltr'><strong>ipso</strong></span> <span class='ocrx_word' id='word_1_73' title='bbox 1243 808 1572 867; x_wconf 89' lang='lat' dir='ltr'><strong>secundum</strong></span> <span class='ocrx_word' id='word_1_74' title='bbox 1595 807 1837 888; x_wconf 82' lang='lat' dir='ltr'><strong>modum</strong></span> <span class='ocrx_word' id='word_1_75' title='bbox 1867 806 2018 877; x_wconf 84' lang='lat' dir='ltr'><strong>ejuS‚</strong></span> <span class='ocrx_word' id='word_1_76' title='bbox 2040 807 2268 865; x_wconf 91' lang='lat' dir='ltr'><strong>scilicet</strong></span> <span class='ocrx_word' id='word_1_77' title='bbox 2288 807 2618 887; x_wconf 80' lang='lat' dir='ltr'><strong>materialia</strong></span> <span class='ocrx_word' id='word_1_78' title='bbox 2641 806 2862 888; x_wconf 84' lang='lat' dir='ltr'><strong>imma·</strong></span> 
     </span>
     <span class='ocr_line' id='line_1_9' title="bbox 428 876 2862 950; baseline -0.004 -7"><span class='ocrx_word' id='word_1_79' title='bbox 428 884 715 943; x_wconf 75' lang='lat' dir='ltr'><strong>tet-taliter</strong></span> <span class='ocrx_word' id='word_1_80' title='bbox 734 889 793 941; x_wconf 87' lang='lat' dir='ltr'><strong>et</strong></span> <span class='ocrx_word' id='word_1_81' title='bbox 815 883 1000 939; x_wconf 87' lang='lat' dir='ltr'><strong>multa</strong></span> <span class='ocrx_word' id='word_1_82' title='bbox 1022 888 1204 949; x_wconf 81' lang='lat' dir='ltr'><strong>unite,</strong></span> <span class='ocrx_word' id='word_1_83' title='bbox 1229 887 1293 936; x_wconf 91' lang='lat' dir='ltr'><strong>ut</strong></span> <span class='ocrx_word' id='word_1_84' title='bbox 1312 894 1384 936; x_wconf 85' lang='lat' dir='ltr'><strong>ex</strong></span> <span class='ocrx_word' id='word_1_85' title='bbox 1404 878 1764 950; x_wconf 83' lang='lat' dir='ltr'><strong>supradictis</strong></span> <span class='ocrx_word' id='word_1_86' title='bbox 1781 879 1933 948; x_wconf 86' lang='lat' dir='ltr'><strong>(cap.</strong></span> <span class='ocrx_word' id='word_1_87' title='bbox 1956 882 2023 934; x_wconf 82' lang='lat'><strong>55</strong></span> <span class='ocrx_word' id='word_1_88' title='bbox 2061 884 2118 934; x_wconf 91' lang='lat' dir='ltr'><strong>et</strong></span> <span class='ocrx_word' id='word_1_89' title='bbox 2149 876 2237 949; x_wconf 79' lang='lat'><strong>58)</strong></span> <span class='ocrx_word' id='word_1_90' title='bbox 2270 882 2445 947; x_wconf 88' lang='lat' dir='ltr'><strong>patet.</strong></span> <span class='ocrx_word' id='word_1_91' title='bbox 2481 877 2862 949; x_wconf 80' lang='lat' dir='ltr'><strong>Relinquitur</strong></span> 
     </span>
     <span class='ocr_line' id='line_1_10' title="bbox 428 947 2820 1029; baseline -0.004 -15"><span class='ocrx_word' id='word_1_92' title='bbox 428 955 614 1029; x_wconf 85' lang='lat' dir='ltr'><strong>igitur</strong></span> <span class='ocrx_word' id='word_1_93' title='bbox 640 953 796 1025; x_wconf 90' lang='lat' dir='ltr'><strong>quod</strong></span> <span class='ocrx_word' id='word_1_94' title='bbox 829 951 1145 1009; x_wconf 89' lang='lat' dir='ltr'><strong>multitudo</strong></span> <span class='ocrx_word' id='word_1_95' title='bbox 1172 950 1489 1008; x_wconf 79' lang='lat' dir='ltr'>volitorum</span> <span class='ocrx_word' id='word_1_96' title='bbox 1519 961 1641 1006; x_wconf 91' lang='lat' dir='ltr'><strong>non</strong></span> <span class='ocrx_word' id='word_1_97' title='bbox 1668 947 2019 1018; x_wconf 89' lang='lat' dir='ltr'><strong>multiplicat</strong></span> <span class='ocrx_word' id='word_1_98' title='bbox 2047 948 2306 1005; x_wconf 86' lang='lat' dir='ltr'><strong>divinam</strong></span> <span class='ocrx_word' id='word_1_99' title='bbox 2335 949 2763 1028; x_wconf 78' lang='lat' dir='ltr'><strong>suhstantiam.</strong></span> <span class='ocrx_word' id='word_1_100' title='bbox 2807 1018 2820 1028; x_wconf 45' lang='lat'><strong>·</strong></span> 
     </span>
    </p>

    <p class='ocr_par' dir='ltr' id='par_1_5' title="bbox 431 1019 2868 1436">
     <span class='ocr_line' id='line_1_11' title="bbox 499 1019 2866 1094; baseline -0.003 -13"><span class='ocrx_word' id='word_1_101' title='bbox 499 1027 787 1094; x_wconf 77' lang='lat' dir='ltr'><strong>Praeterea,</strong></span> <span class='ocrx_word' id='word_1_102' title='bbox 812 1023 1051 1080; x_wconf 89' lang='lat' dir='ltr'><strong>divinus</strong></span> <span class='ocrx_word' id='word_1_103' title='bbox 1072 1022 1410 1078; x_wconf 89' lang='lat' dir='ltr'><strong>intellectus</strong></span> <span class='ocrx_word' id='word_1_104' title='bbox 1431 1026 1489 1077; x_wconf 90' lang='lat' dir='ltr'><strong>et</strong></span> <span class='ocrx_word' id='word_1_105' title='bbox 1512 1020 1789 1078; x_wconf 86' lang='lat' dir='ltr'><strong>voluntas</strong></span> <span class='ocrx_word' id='word_1_106' title='bbox 1810 1024 1952 1075; x_wconf 90' lang='lat' dir='ltr'><strong>suut</strong></span> <span class='ocrx_word' id='word_1_107' title='bbox 1968 1019 2218 1090; x_wconf 73' lang='lat' dir='ltr'><strong>aequalis</strong></span> <span class='ocrx_word' id='word_1_108' title='bbox 2247 1019 2676 1088; x_wconf 78' lang='lat' dir='ltr'><strong>simplicitatis,</strong></span> <span class='ocrx_word' id='word_1_109' title='bbox 2718 1032 2866 1091; x_wconf 82' lang='lat' dir='ltr'><strong>quta</strong></span> 
     </span>
     <span class='ocr_line' id='line_1_12' title="bbox 431 1088 2864 1169; baseline -0.003 -15"><span class='ocrx_word' id='word_1_110' title='bbox 431 1101 748 1167; x_wconf 86' lang='lat' dir='ltr'><strong>utrumque</strong></span> <span class='ocrx_word' id='word_1_111' title='bbox 799 1099 891 1152; x_wconf 90' lang='lat' dir='ltr'><strong>est</strong></span> <span class='ocrx_word' id='word_1_112' title='bbox 921 1093 1121 1150; x_wconf 89' lang='lat' dir='ltr'><strong>divina</strong></span> <span class='ocrx_word' id='word_1_113' title='bbox 1173 1091 1528 1157; x_wconf 85' lang='lat' dir='ltr'><strong>substantia,</strong></span> <span class='ocrx_word' id='word_1_114' title='bbox 1586 1095 1649 1147; x_wconf 89' lang='lat' dir='ltr'><strong>ut</strong></span> <span class='ocrx_word' id='word_1_115' title='bbox 1696 1088 2003 1169; x_wconf 86' lang='lat' dir='ltr'><strong>probatum</strong></span> <span class='ocrx_word' id='word_1_116' title='bbox 2036 1094 2128 1169; x_wconf 78' lang='lat' dir='ltr'><strong>est</strong></span> <span class='ocrx_word' id='word_1_117' title='bbox 2157 1089 2307 1161; x_wconf 87' lang='lat' dir='ltr'><strong>(cap.</strong></span> <span class='ocrx_word' id='word_1_118' title='bbox 2332 1094 2401 1146; x_wconf 76' lang='grc'><strong>45</strong></span> <span class='ocrx_word' id='word_1_119' title='bbox 2433 1090 2632 1161; x_wconf 80' lang='lat' dir='ltr'><strong>et72).</strong></span> <span class='ocrx_word' id='word_1_120' title='bbox 2663 1089 2864 1169; x_wconf 59' lang='grc' dir='ltr'>μηκί-</span> 
     </span>
     <span class='ocr_line' id='line_1_13' title="bbox 432 1159 2861 1228; baseline -0.003 -5"><span class='ocrx_word' id='word_1_121' title='bbox 432 1166 578 1223; x_wconf 84' lang='lat' dir='ltr'><strong>tudo</strong></span> <span class='ocrx_word' id='word_1_122' title='bbox 630 1172 826 1222; x_wconf 89' lang='lat' dir='ltr'><strong>autem</strong></span> <span class='ocrx_word' id='word_1_123' title='bbox 855 1164 1290 1221; x_wconf 84' lang='lat' dir='ltr'><strong>intellectorum</strong></span> <span class='ocrx_word' id='word_1_124' title='bbox 1322 1175 1444 1219; x_wconf 88' lang='lat' dir='ltr'><strong>non</strong></span> <span class='ocrx_word' id='word_1_125' title='bbox 1492 1160 1724 1217; x_wconf 79' lang='lat' dir='ltr'>inducit</span> <span class='ocrx_word' id='word_1_126' title='bbox 1753 1159 2194 1217; x_wconf 83' lang='lat' dir='ltr'><strong>multitudinem</strong></span> <span class='ocrx_word' id='word_1_127' title='bbox 2222 1160 2280 1216; x_wconf 90' lang='lat' dir='ltr'><strong>in</strong></span> <span class='ocrx_word' id='word_1_128' title='bbox 2312 1160 2578 1217; x_wconf 87' lang='lat' dir='ltr'><strong>essentia</strong></span> <span class='ocrx_word' id='word_1_129' title='bbox 2624 1159 2861 1228; x_wconf 80' lang='lat' dir='ltr'><strong>divina,</strong></span> 
     </span>
     <span class='ocr_line' id='line_1_14' title="bbox 432 1230 2864 1307; baseline -0.002 -14"><span class='ocrx_word' id='word_1_130' title='bbox 432 1249 628 1307; x_wconf 86' lang='lat' dir='ltr'><strong>neque</strong></span> <span class='ocrx_word' id='word_1_131' title='bbox 649 1236 1147 1305; x_wconf 84' lang='lat' dir='ltr'><strong>compositionem</strong></span> <span class='ocrx_word' id='word_1_132' title='bbox 1178 1233 1242 1290; x_wconf 89' lang='lat' dir='ltr'><strong>in</strong></span> <span class='ocrx_word' id='word_1_133' title='bbox 1268 1233 1570 1289; x_wconf 88' lang='lat' dir='ltr'><strong>intellectu</strong></span> <span class='ocrx_word' id='word_1_134' title='bbox 1602 1230 1751 1302; x_wconf 80' lang='lat' dir='ltr'><strong>eJ‘uS.</strong></span> <span class='ocrx_word' id='word_1_135' title='bbox 1785 1233 1934 1304; x_wconf 87' lang='lat' dir='ltr'><strong>Ergo</strong></span> <span class='ocrx_word' id='word_1_136' title='bbox 1967 1243 2168 1303; x_wconf 80' lang='lat' dir='ltr'><strong>neque·</strong></span> <span class='ocrx_word' id='word_1_137' title='bbox 2189 1230 2508 1287; x_wconf 87' lang='lat' dir='ltr'><strong>multitudo</strong></span> <span class='ocrx_word' id='word_1_138' title='bbox 2530 1230 2864 1288; x_wconf 80' lang='lat' dir='ltr'><strong>volitorum</strong></span> 
     </span>
     <span class='ocr_line' id='line_1_15' title="bbox 433 1300 2868 1372; baseline -0.002 -8"><span class='ocrx_word' id='word_1_139' title='bbox 433 1306 665 1364; x_wconf 83' lang='lat' dir='ltr'><strong>inducit</strong></span> <span class='ocrx_word' id='word_1_140' title='bbox 709 1312 814 1363; x_wconf 87' lang='lat' dir='ltr'><strong>aut</strong></span> <span class='ocrx_word' id='word_1_141' title='bbox 848 1305 1251 1363; x_wconf 79' lang='lat' dir='ltr'><strong>diversitatem</strong></span> <span class='ocrx_word' id='word_1_142' title='bbox 1280 1304 1345 1360; x_wconf 87' lang='lat' dir='ltr'><strong>in</strong></span> <span class='ocrx_word' id='word_1_143' title='bbox 1373 1301 1638 1361; x_wconf 87' lang='lat' dir='ltr'><strong>essentia</strong></span> <span class='ocrx_word' id='word_1_144' title='bbox 1667 1300 1888 1371; x_wconf 89' lang='lat' dir='ltr'><strong>divina,</strong></span> <span class='ocrx_word' id='word_1_145' title='bbox 1921 1305 2026 1359; x_wconf 87' lang='lat' dir='ltr'><strong>aut</strong></span> <span class='ocrx_word' id='word_1_146' title='bbox 2079 1300 2584 1371; x_wconf 87' lang='lat' dir='ltr'><strong>compositionem</strong></span> <span class='ocrx_word' id='word_1_147' title='bbox 2630 1300 2698 1357; x_wconf 88' lang='lat' dir='ltr'><strong>in</strong></span> <span class='ocrx_word' id='word_1_148' title='bbox 2730 1300 2868 1372; x_wconf 86' lang='lat' dir='ltr'><strong>ejus</strong></span> 
     </span>
     <span class='ocr_line' id='line_1_16' title="bbox 431 1378 763 1436; baseline 0 -2"><span class='ocrx_word' id='word_1_149' title='bbox 431 1378 763 1436; x_wconf 75' lang='lat' dir='ltr'><strong>voluntate.</strong></span> 
     </span>
    </p>

    <p class='ocr_par' dir='ltr' id='par_1_6' title="bbox 428 1440 2871 2151">
     <span class='ocr_line' id='line_1_17' title="bbox 502 1440 2869 1517; baseline -0.002 -13"><span class='ocrx_word' id='word_1_150' title='bbox 502 1448 777 1517; x_wconf 78' lang='lat' dir='ltr'><strong>Amplius,</strong></span> <span class='ocrx_word' id='word_1_151' title='bbox 801 1445 916 1503; x_wconf 89' lang='lat' dir='ltr'><strong>hoc</strong></span> <span class='ocrx_word' id='word_1_152' title='bbox 961 1445 1118 1501; x_wconf 87' lang='lat' dir='ltr'><strong>inter</strong></span> <span class='ocrx_word' id='word_1_153' title='bbox 1145 1442 1551 1515; x_wconf 80' lang='lat' dir='ltr'><strong>cognitionem</strong></span> <span class='ocrx_word' id='word_1_154' title='bbox 1601 1447 1661 1499; x_wconf 89' lang='lat' dir='ltr'><strong>et</strong></span> <span class='ocrx_word' id='word_1_155' title='bbox 1704 1440 2028 1514; x_wconf 82' lang='lat' dir='ltr'><strong>appetitum</strong></span> <span class='ocrx_word' id='word_1_156' title='bbox 2074 1442 2341 1511; x_wconf 85' lang='lat' dir='ltr'><strong>interest,</strong></span> <span class='ocrx_word' id='word_1_157' title='bbox 2373 1441 2534 1514; x_wconf 91' lang='lat' dir='ltr'><strong>quod</strong></span> <span class='ocrx_word' id='word_1_158' title='bbox 2588 1440 2869 1512; x_wconf 78' lang='lat' dir='ltr'><strong>cognitio</strong></span> 
     </span>
     <span class='ocr_line' id='line_1_18' title="bbox 434 1512 2871 1587; baseline -0.002 -12"><span class='ocrx_word' id='word_1_159' title='bbox 434 1516 502 1575; x_wconf 82' lang='lat' dir='ltr'><strong>tit</strong></span> <span class='ocrx_word' id='word_1_160' title='bbox 521 1516 852 1574; x_wconf 83' lang='lat' dir='ltr'><strong>secundum</strong></span> <span class='ocrx_word' id='word_1_161' title='bbox 882 1515 1040 1587; x_wconf 91' lang='lat' dir='ltr'><strong>quod</strong></span> <span class='ocrx_word' id='word_1_162' title='bbox 1070 1516 1374 1586; x_wconf 85' lang='lat' dir='ltr'><strong>cognitum</strong></span> <span class='ocrx_word' id='word_1_163' title='bbox 1427 1520 1519 1571; x_wconf 84' lang='lat' dir='ltr'><strong>est</strong></span> <span class='ocrx_word' id='word_1_164' title='bbox 1547 1513 1750 1585; x_wconf 89' lang='lat' dir='ltr'><strong>aliquo</strong></span> <span class='ocrx_word' id='word_1_165' title='bbox 1779 1512 1956 1570; x_wconf 91' lang='lat' dir='ltr'><strong>modo</strong></span> <span class='ocrx_word' id='word_1_166' title='bbox 1987 1513 2047 1569; x_wconf 88' lang='lat' dir='ltr'><strong>in</strong></span> <span class='ocrx_word' id='word_1_167' title='bbox 2080 1519 2482 1584; x_wconf 81' lang='lat' dir='ltr'><strong>cognoscente</strong></span> <span class='ocrx_word' id='word_1_168' title='bbox 2509 1529 2525 1581; x_wconf 80' lang='lat'>3</span> <span class='ocrx_word' id='word_1_169' title='bbox 2558 1512 2871 1583; x_wconf 85' lang='lat' dir='ltr'><strong>appetitus</strong></span> 
     </span>
     <span class='ocr_line' id='line_1_19' title="bbox 433 1582 2870 1655; baseline -0.002 -11"><span class='ocrx_word' id='word_1_170' title='bbox 433 1594 633 1644; x_wconf 86' lang='lat' dir='ltr'><strong>autem</strong></span> <span class='ocrx_word' id='word_1_171' title='bbox 664 1599 807 1654; x_wconf 86' lang='lat' dir='ltr'><strong>non,</strong></span> <span class='ocrx_word' id='word_1_172' title='bbox 838 1585 945 1643; x_wconf 85' lang='lat' dir='ltr'><strong>sed</strong></span> <span class='ocrx_word' id='word_1_173' title='bbox 974 1600 1005 1641; x_wconf 89' lang='lat' dir='ltr'><strong>e</strong></span> <span class='ocrx_word' id='word_1_174' title='bbox 1028 1591 1235 1641; x_wconf 89' lang='lat' dir='ltr'><strong>contra</strong></span> <span class='ocrx_word' id='word_1_175' title='bbox 1262 1584 1591 1641; x_wconf 89' lang='lat' dir='ltr'><strong>secundum</strong></span> <span class='ocrx_word' id='word_1_176' title='bbox 1620 1583 1777 1655; x_wconf 90' lang='lat' dir='ltr'><strong>quod</strong></span> <span class='ocrx_word' id='word_1_177' title='bbox 1808 1583 2104 1654; x_wconf 89' lang='lat' dir='ltr'><strong>appetitus</strong></span> <span class='ocrx_word' id='word_1_178' title='bbox 2137 1584 2389 1640; x_wconf 80' lang='lat' dir='ltr'><strong>refertur</strong></span> <span class='ocrx_word' id='word_1_179' title='bbox 2415 1582 2487 1639; x_wconf 89' lang='lat' dir='ltr'><strong>ad</strong></span> <span class='ocrx_word' id='word_1_180' title='bbox 2530 1597 2654 1639; x_wconf 83' lang='lat' dir='ltr'><strong>rem</strong></span> <span class='ocrx_word' id='word_1_181' title='bbox 2684 1596 2870 1653; x_wconf 89' lang='lat' dir='ltr'><strong>appe-</strong></span> 
     </span>
     <span class='ocr_line' id='line_1_20' title="bbox 431 1653 2869 1728; baseline -0.002 -14"><span class='ocrx_word' id='word_1_182' title='bbox 431 1656 660 1714; x_wconf 86' lang='lat' dir='ltr'><strong>tibilem</strong></span> <span class='ocrx_word' id='word_1_183' title='bbox 692 1658 751 1712; x_wconf 93' lang='lat' dir='ltr'><strong>in</strong></span> <span class='ocrx_word' id='word_1_184' title='bbox 784 1661 1070 1728; x_wconf 89' lang='lat' dir='ltr'><strong>quantum</strong></span> <span class='ocrx_word' id='word_1_185' title='bbox 1099 1660 1382 1726; x_wconf 85' lang='lat' dir='ltr'><strong>appetens</strong></span> <span class='ocrx_word' id='word_1_186' title='bbox 1412 1655 1622 1726; x_wconf 80' lang='lat' dir='ltr'><strong>quaerit</strong></span> <span class='ocrx_word' id='word_1_187' title='bbox 1653 1654 1714 1710; x_wconf 89' lang='lat' dir='ltr'><strong>in</strong></span> <span class='ocrx_word' id='word_1_188' title='bbox 1744 1666 1863 1724; x_wconf 91' lang='lat' dir='ltr'><strong>quo</strong></span> <span class='ocrx_word' id='word_1_189' title='bbox 1910 1654 2201 1724; x_wconf 83' lang='lat' dir='ltr'><strong>quiescat,</strong></span> <span class='ocrx_word' id='word_1_190' title='bbox 2233 1659 2292 1710; x_wconf 89' lang='lat' dir='ltr'><strong>et</strong></span> <span class='ocrx_word' id='word_1_191' title='bbox 2318 1659 2558 1725; x_wconf 87' lang='lat' dir='ltr'><strong>propter</strong></span> <span class='ocrx_word' id='word_1_192' title='bbox 2599 1653 2713 1710; x_wconf 84' lang='lat' dir='ltr'><strong>hoc</strong></span> <span class='ocrx_word' id='word_1_193' title='bbox 2755 1653 2869 1709; x_wconf 85' lang='lat' dir='ltr'><strong>ho—</strong></span> 
     </span>
     <span class='ocr_line' id='line_1_21' title="bbox 435 1723 2870 1798; baseline -0.002 -15"><span class='ocrx_word' id='word_1_194' title='bbox 435 1739 581 1784; x_wconf 88' lang='lat' dir='ltr'><strong>num</strong></span> <span class='ocrx_word' id='word_1_195' title='bbox 619 1732 677 1783; x_wconf 89' lang='lat' dir='ltr'><strong>et</strong></span> <span class='ocrx_word' id='word_1_196' title='bbox 703 1729 948 1795; x_wconf 89' lang='lat' dir='ltr'><strong>malum,</strong></span> <span class='ocrx_word' id='word_1_197' title='bbox 972 1739 1104 1798; x_wconf 79' lang='lat' dir='ltr'><strong>quae</strong></span> <span class='ocrx_word' id='word_1_198' title='bbox 1132 1725 1460 1795; x_wconf 85' lang='lat' dir='ltr'><strong>respiciunt</strong></span> <span class='ocrx_word' id='word_1_199' title='bbox 1504 1726 1849 1795; x_wconf 87' lang='lat' dir='ltr'><strong>appetitum,</strong></span> <span class='ocrx_word' id='word_1_200' title='bbox 1884 1729 2026 1781; x_wconf 90' lang='lat' dir='ltr'><strong>sunt</strong></span> <span class='ocrx_word' id='word_1_201' title='bbox 2063 1724 2126 1780; x_wconf 88' lang='lat' dir='ltr'><strong>in</strong></span> <span class='ocrx_word' id='word_1_202' title='bbox 2155 1723 2371 1781; x_wconf 89' lang='lat' dir='ltr'><strong>rebus:</strong></span> <span class='ocrx_word' id='word_1_203' title='bbox 2396 1737 2602 1780; x_wconf 88' lang='lat' dir='ltr'><strong>verum</strong></span> <span class='ocrx_word' id='word_1_204' title='bbox 2663 1728 2870 1779; x_wconf 87' lang='lat' dir='ltr'><strong>autem</strong></span> 
     </span>
     <span class='ocr_line' id='line_1_22' title="bbox 435 1794 2869 1869; baseline -0.002 -15"><span class='ocrx_word' id='word_1_205' title='bbox 435 1803 494 1854; x_wconf 90' lang='lat' dir='ltr'><strong>et</strong></span> <span class='ocrx_word' id='word_1_206' title='bbox 524 1798 762 1865; x_wconf 86' lang='lat' dir='ltr'><strong>lalsum‚</strong></span> <span class='ocrx_word' id='word_1_207' title='bbox 793 1811 925 1869; x_wconf 83' lang='lat' dir='ltr'><strong>quae</strong></span> <span class='ocrx_word' id='word_1_208' title='bbox 970 1796 1299 1868; x_wconf 88' lang='lat' dir='ltr'><strong>respiciunt</strong></span> <span class='ocrx_word' id='word_1_209' title='bbox 1327 1795 1756 1867; x_wconf 86' lang='lat' dir='ltr'><strong>cognitionem,</strong></span> <span class='ocrx_word' id='word_1_210' title='bbox 1788 1799 1931 1851; x_wconf 88' lang='lat' dir='ltr'><strong>suut</strong></span> <span class='ocrx_word' id='word_1_211' title='bbox 1978 1795 2039 1851; x_wconf 91' lang='lat' dir='ltr'><strong>in</strong></span> <span class='ocrx_word' id='word_1_212' title='bbox 2089 1801 2307 1862; x_wconf 88' lang='lat' dir='ltr'><strong>mente,</strong></span> <span class='ocrx_word' id='word_1_213' title='bbox 2340 1799 2405 1852; x_wconf 89' lang='lat' dir='ltr'><strong>ut</strong></span> <span class='ocrx_word' id='word_1_214' title='bbox 2450 1794 2869 1863; x_wconf 79' lang='lat' dir='ltr'><strong>Philosophus</strong></span> 
     </span>
     <span class='ocr_line' id='line_1_23' title="bbox 428 1863 2871 1937; baseline -0.001 -14"><span class='ocrx_word' id='word_1_215' title='bbox 428 1866 581 1924; x_wconf 85' lang='lat' dir='ltr'><strong>dicit</strong></span> <span class='ocrx_word' id='word_1_216' title='bbox 632 1869 694 1924; x_wconf 89' lang='lat' dir='ltr'><strong>in</strong></span> <span class='ocrx_word' id='word_1_217' title='bbox 718 1874 889 1925; x_wconf 82' lang='lat' dir='ltr'><strong>sexto</strong></span> <span class='ocrx_word' id='word_1_218' title='bbox 917 1867 1156 1937; x_wconf 65' lang='lat' dir='ltr'><strong>Metapa.</strong></span> <span class='ocrx_word' id='word_1_219' title='bbox 1191 1866 1361 1937; x_wconf 82' lang='lat' dir='ltr'><strong>(text.</strong></span> <span class='ocrx_word' id='word_1_220' title='bbox 1392 1880 1608 1923; x_wconf 91' lang='lat' dir='ltr'><strong>comm.</strong></span> <span class='ocrx_word' id='word_1_221' title='bbox 1643 1866 1730 1937; x_wconf 89' lang='lat'><strong>8).</strong></span> <span class='ocrx_word' id='word_1_222' title='bbox 1763 1863 1930 1932; x_wconf 86' lang='lat' dir='ltr'><strong>Quod</strong></span> <span class='ocrx_word' id='word_1_223' title='bbox 1983 1869 2181 1922; x_wconf 88' lang='lat' dir='ltr'><strong>autem</strong></span> <span class='ocrx_word' id='word_1_224' title='bbox 2218 1863 2443 1937; x_wconf 88' lang='lat' dir='ltr'><strong>aliquid</strong></span> <span class='ocrx_word' id='word_1_225' title='bbox 2473 1865 2546 1921; x_wconf 90' lang='lat' dir='ltr'><strong>ad</strong></span> <span class='ocrx_word' id='word_1_226' title='bbox 2580 1865 2774 1922; x_wconf 86' lang='lat' dir='ltr'><strong>multa</strong></span> <span class='ocrx_word' id='word_1_227' title='bbox 2803 1877 2871 1921; x_wconf 81' lang='lat' dir='ltr'><strong>se</strong></span> 
     </span>
     <span class='ocr_line' id='line_1_24' title="bbox 436 1933 2865 2018; baseline -0.002 -23"><span class='ocrx_word' id='word_1_228' title='bbox 436 1933 671 2005; x_wconf 85' lang='lat' dir='ltr'><strong>habeat,</strong></span> <span class='ocrx_word' id='word_1_229' title='bbox 712 1951 833 1994; x_wconf 91' lang='lat' dir='ltr'><strong>non</strong></span> <span class='ocrx_word' id='word_1_230' title='bbox 872 1942 1163 2018; x_wconf 81' lang='lat' dir='ltr'><strong>repugnat</strong></span> <span class='ocrx_word' id='word_1_231' title='bbox 1202 1936 1570 2007; x_wconf 78' lang='lat' dir='ltr'><strong>simplicitati</strong></span> <span class='ocrx_word' id='word_1_232' title='bbox 1627 1937 1779 2004; x_wconf 86' lang='lat' dir='ltr'><strong>ejus,</strong></span> <span class='ocrx_word' id='word_1_233' title='bbox 1827 1949 1960 1992; x_wconf 89' lang='lat' dir='ltr'><strong>cum</strong></span> <span class='ocrx_word' id='word_1_234' title='bbox 2015 1940 2074 1991; x_wconf 89' lang='lat' dir='ltr'><strong>et</strong></span> <span class='ocrx_word' id='word_1_235' title='bbox 2127 1936 2329 1993; x_wconf 89' lang='lat' dir='ltr'><strong>unitas</strong></span> <span class='ocrx_word' id='word_1_236' title='bbox 2388 1935 2468 1993; x_wconf 89' lang='lat' dir='ltr'><strong>sit</strong></span> <span class='ocrx_word' id='word_1_237' title='bbox 2526 1936 2865 1992; x_wconf 87' lang='lat' dir='ltr'><strong>multorum</strong></span> 
     </span>
     <span class='ocr_line' id='line_1_25' title="bbox 435 2006 2870 2080; baseline -0.001 -16"><span class='ocrx_word' id='word_1_238' title='bbox 435 2019 817 2067; x_wconf 86' lang='lat' dir='ltr'><strong>numerorum</strong></span> <span class='ocrx_word' id='word_1_239' title='bbox 848 2008 1225 2080; x_wconf 83' lang='lat' dir='ltr'><strong>principium.</strong></span> <span class='ocrx_word' id='word_1_240' title='bbox 1254 2006 1568 2063; x_wconf 75' lang='lat' dir='ltr'><strong>Multitudo</strong></span> <span class='ocrx_word' id='word_1_241' title='bbox 1594 2019 1737 2078; x_wconf 79' lang='lat' dir='ltr'><strong>ergo</strong></span> <span class='ocrx_word' id='word_1_242' title='bbox 1779 2008 2099 2064; x_wconf 81' lang='lat' dir='ltr'><strong>volitorum</strong></span> <span class='ocrx_word' id='word_1_243' title='bbox 2127 2018 2165 2064; x_wconf 85' lang='lat' dir='ltr'><strong>a</strong></span> <span class='ocrx_word' id='word_1_244' title='bbox 2215 2008 2336 2065; x_wconf 84' lang='lat' dir='ltr'><strong>Deo</strong></span> <span class='ocrx_word' id='word_1_245' title='bbox 2387 2017 2512 2064; x_wconf 88' lang='lat' dir='ltr'><strong>non</strong></span> <span class='ocrx_word' id='word_1_246' title='bbox 2562 2011 2870 2079; x_wconf 82' lang='lat' dir='ltr'><strong>repugnat</strong></span> 
     </span>
     <span class='ocr_line' id='line_1_26' title="bbox 435 2075 1752 2151; baseline -0.001 -16"><span class='ocrx_word' id='word_1_247' title='bbox 435 2077 567 2151; x_wconf 87' lang='lat' dir='ltr'><strong>ejus</strong></span> <span class='ocrx_word' id='word_1_248' title='bbox 596 2079 984 2151; x_wconf 85' lang='lat' dir='ltr'><strong>simplicitati.</strong></span> <span class='ocrx_word' id='word_1_249' title='bbox 1010 2079 1059 2150; x_wconf 91' lang='lat'><strong>(1</strong></span> <span class='ocrx_word' id='word_1_250' title='bbox 1080 2082 1256 2150; x_wconf 68' lang='lat' dir='ltr'><strong>part„</strong></span> <span class='ocrx_word' id='word_1_251' title='bbox 1281 2091 1341 2151; x_wconf 85' lang='lat' dir='ltr'><strong>q.</strong></span> <span class='ocrx_word' id='word_1_252' title='bbox 1371 2088 1497 2148; x_wconf 82' lang='lat' dir='ltr'><strong>xix,</strong></span> <span class='ocrx_word' id='word_1_253' title='bbox 1526 2080 1639 2135; x_wconf 88' lang='lat' dir='ltr'><strong>art.</strong></span> <span class='ocrx_word' id='word_1_254' title='bbox 1670 2075 1752 2150; x_wconf 79' lang='grc'><strong>2.)</strong></span> 
     </span>
    </p>
   </div>
   <div class='ocr_carea' id='block_1_3' title="bbox 1338 2296 1959 2363">
    <p class='ocr_par' dir='ltr' id='par_1_7' title="bbox 1338 2296 1959 2363">
     <span class='ocr_line' id='line_1_27' title="bbox 1338 2296 1959 2363; baseline -0.002 0"><span class='ocrx_word' id='word_1_255' title='bbox 1338 2297 1594 2363; x_wconf 86' lang='lat' dir='ltr'><strong>CAPUT</strong></span> <span class='ocrx_word' id='word_1_256' title='bbox 1640 2296 1959 2363; x_wconf 87' lang='lat' dir='ltr'><strong>LXXVIII.</strong></span> 
     </span>
    </p>
   </div>
   <div class='ocr_carea' id='block_1_4' title="bbox 705 2467 2580 2526">
    <p class='ocr_par' dir='ltr' id='par_1_8' title="bbox 705 2467 2580 2526">
     <span class='ocr_line' id='line_1_28' title="bbox 705 2467 2580 2526; baseline -0.001 -9"><span class='ocrx_word' id='word_1_257' title='bbox 705 2470 858 2526; x_wconf 76' lang='lat' dir='ltr'><strong>QUOD</strong></span> <span class='ocrx_word' id='word_1_258' title='bbox 889 2469 1103 2518; x_wconf 68' lang='lat' dir='ltr'><strong>1³1va</strong></span> <span class='ocrx_word' id='word_1_259' title='bbox 1137 2469 1437 2517; x_wconf 76' lang='lat' dir='ltr'>VOLUNTAS</span> <span class='ocrx_word' id='word_1_260' title='bbox 1472 2469 1554 2517; x_wconf 74' lang='lat' dir='ltr'><strong>AD</strong></span> <span class='ocrx_word' id='word_1_261' title='bbox 1590 2469 1944 2517; x_wconf 74' lang='lat' dir='ltr'><strong>SINGULARIA.</strong></span> <span class='ocrx_word' id='word_1_262' title='bbox 1977 2468 2134 2518; x_wconf 75' lang='lat' dir='ltr'>BONA</span> <span class='ocrx_word' id='word_1_263' title='bbox 2170 2467 2241 2518; x_wconf 73' lang='grc' dir='ltr'><strong>ΒΕ</strong></span> <span class='ocrx_word' id='word_1_264' title='bbox 2273 2468 2580 2517; x_wconf 75' lang='lat' dir='ltr'><strong>EXTENDIT.</strong></span> 
     </span>
    </p>
   </div>
   <div class='ocr_carea' id='block_1_5' title="bbox 432 2642 2882 4485">
    <p class='ocr_par' dir='ltr' id='par_1_9' title="bbox 434 2642 2866 3210">
     <span class='ocr_line' id='line_1_29' title="bbox 508 2642 2864 2717; baseline 0.002 -16"><span class='ocrx_word' id='word_1_265' title='bbox 508 2644 592 2701; x_wconf 83' lang='lat' dir='ltr'><strong>Ex</strong></span> <span class='ocrx_word' id='word_1_266' title='bbox 619 2652 742 2716; x_wconf 83' lang='lat' dir='ltr'><strong>quo</strong></span> <span class='ocrx_word' id='word_1_267' title='bbox 774 2644 953 2702; x_wconf 89' lang='lat' dir='ltr'><strong>etiam</strong></span> <span class='ocrx_word' id='word_1_268' title='bbox 985 2648 1245 2715; x_wconf 86' lang='lat' dir='ltr'><strong>apparet,</strong></span> <span class='ocrx_word' id='word_1_269' title='bbox 1280 2644 1441 2717; x_wconf 91' lang='lat' dir='ltr'><strong>quod</strong></span> <span class='ocrx_word' id='word_1_270' title='bbox 1470 2658 1596 2702; x_wconf 87' lang='lat' dir='ltr'><strong>non</strong></span> <span class='ocrx_word' id='word_1_271' title='bbox 1624 2648 1859 2715; x_wconf 86' lang='lat' dir='ltr'><strong>oportet</strong></span> <span class='ocrx_word' id='word_1_272' title='bbox 1884 2657 1999 2703; x_wconf 90' lang='lat' dir='ltr'><strong>nos</strong></span> <span class='ocrx_word' id='word_1_273' title='bbox 2028 2643 2245 2714; x_wconf 86' lang='lat' dir='ltr'><strong>dicere,</strong></span> <span class='ocrx_word' id='word_1_274' title='bbox 2276 2642 2350 2702; x_wconf 85' lang='lat' dir='ltr'><strong>ad</strong></span> <span class='ocrx_word' id='word_1_275' title='bbox 2377 2644 2864 2705; x_wconf 82' lang='lat' dir='ltr'><strong>conservandam</strong></span> 
     </span>
     <span class='ocr_line' id='line_1_30' title="bbox 441 2712 2864 2789; baseline 0.001 -16"><span class='ocrx_word' id='word_1_276' title='bbox 441 2712 884 2785; x_wconf 85' lang='lat' dir='ltr'><strong>simplicitatem</strong></span> <span class='ocrx_word' id='word_1_277' title='bbox 913 2714 1196 2784; x_wconf 87' lang='lat' dir='ltr'><strong>divinam,</strong></span> <span class='ocrx_word' id='word_1_278' title='bbox 1218 2716 1375 2789; x_wconf 88' lang='lat' dir='ltr'><strong>quod</strong></span> <span class='ocrx_word' id='word_1_279' title='bbox 1407 2716 1547 2772; x_wconf 90' lang='lat' dir='ltr'><strong>velit</strong></span> <span class='ocrx_word' id='word_1_280' title='bbox 1576 2715 1696 2772; x_wconf 88' lang='lat' dir='ltr'><strong>alia</strong></span> <span class='ocrx_word' id='word_1_281' title='bbox 1725 2716 1882 2773; x_wconf 88' lang='lat' dir='ltr'><strong>hona</strong></span> <span class='ocrx_word' id='word_1_282' title='bbox 1912 2716 1971 2772; x_wconf 92' lang='lat' dir='ltr'><strong>in</strong></span> <span class='ocrx_word' id='word_1_283' title='bbox 2008 2715 2263 2787; x_wconf 89' lang='lat' dir='ltr'><strong>quadam</strong></span> <span class='ocrx_word' id='word_1_284' title='bbox 2295 2715 2768 2780; x_wconf 86' lang='lat' dir='ltr'><strong>universalitate,</strong></span> <span class='ocrx_word' id='word_1_285' title='bbox 2803 2719 2864 2775; x_wconf 89' lang='lat' dir='ltr'><strong>in</strong></span> 
     </span>
     <span class='ocr_line' id='line_1_31' title="bbox 439 2785 2858 2858; baseline 0.002 -16"><span class='ocrx_word' id='word_1_286' title='bbox 439 2792 725 2858; x_wconf 89' lang='lat' dir='ltr'><strong>quantum</strong></span> <span class='ocrx_word' id='word_1_287' title='bbox 754 2785 879 2842; x_wconf 87' lang='lat' dir='ltr'><strong>vult</strong></span> <span class='ocrx_word' id='word_1_288' title='bbox 908 2799 973 2843; x_wconf 89' lang='lat' dir='ltr'><strong>se</strong></span> <span class='ocrx_word' id='word_1_289' title='bbox 1003 2798 1137 2843; x_wconf 87' lang='lat' dir='ltr'><strong>esse</strong></span> <span class='ocrx_word' id='word_1_290' title='bbox 1165 2786 1517 2857; x_wconf 78' lang='lat' dir='ltr'><strong>principium</strong></span> <span class='ocrx_word' id='word_1_291' title='bbox 1552 2786 1865 2853; x_wconf 83' lang='lat' dir='ltr'><strong>bonorum,</strong></span> <span class='ocrx_word' id='word_1_292' title='bbox 1897 2800 2029 2858; x_wconf 82' lang='lat' dir='ltr'><strong>quae</strong></span> <span class='ocrx_word' id='word_1_293' title='bbox 2075 2792 2328 2856; x_wconf 86' lang='lat' dir='ltr'><strong>possunt</strong></span> <span class='ocrx_word' id='word_1_294' title='bbox 2355 2785 2430 2843; x_wconf 87' lang='lat' dir='ltr'><strong>ab</strong></span> <span class='ocrx_word' id='word_1_295' title='bbox 2472 2785 2607 2857; x_wconf 90' lang='lat' dir='ltr'><strong>ipso</strong></span> <span class='ocrx_word' id='word_1_296' title='bbox 2642 2786 2858 2857; x_wconf 86' lang='lat' dir='ltr'><strong>fluere,</strong></span> 
     </span>
     <span class='ocr_line' id='line_1_32' title="bbox 436 2857 2866 2937; baseline 0.002 -26"><span class='ocrx_word' id='word_1_297' title='bbox 436 2869 560 2912; x_wconf 87' lang='lat' dir='ltr'><strong>non</strong></span> <span class='ocrx_word' id='word_1_298' title='bbox 590 2862 785 2936; x_wconf 82' lang='lat' dir='ltr'><strong>autem</strong></span> <span class='ocrx_word' id='word_1_299' title='bbox 814 2857 1044 2912; x_wconf 88' lang='lat' dir='ltr'><strong>velitea</strong></span> <span class='ocrx_word' id='word_1_300' title='bbox 1063 2858 1122 2912; x_wconf 92' lang='lat' dir='ltr'><strong>in</strong></span> <span class='ocrx_word' id='word_1_301' title='bbox 1145 2857 1506 2925; x_wconf 85' lang='lat' dir='ltr'><strong>particulari.</strong></span> <span class='ocrx_word' id='word_1_302' title='bbox 1531 2859 1674 2913; x_wconf 86' lang='lat' dir='ltr'><strong>Nam</strong></span> <span class='ocrx_word' id='word_1_303' title='bbox 1703 2858 1851 2913; x_wconf 85' lang='lat' dir='ltr'><strong>velle</strong></span> <span class='ocrx_word' id='word_1_304' title='bbox 1882 2864 1973 2913; x_wconf 91' lang='lat' dir='ltr'><strong>est</strong></span> <span class='ocrx_word' id='word_1_305' title='bbox 1994 2857 2322 2914; x_wconf 90' lang='lat' dir='ltr'><strong>secundum</strong></span> <span class='ocrx_word' id='word_1_306' title='bbox 2344 2859 2866 2937; x_wconf 88' lang='lat' dir='ltr'><strong>comparationem</strong></span> 
     </span>
     <span class='ocr_line' id='line_1_33' title="bbox 434 2924 2858 3000; baseline 0.002 -19"><span class='ocrx_word' id='word_1_307' title='bbox 434 2927 761 2983; x_wconf 80' lang='lat' dir='ltr'><strong>voluntatis</strong></span> <span class='ocrx_word' id='word_1_308' title='bbox 788 2924 859 2982; x_wconf 88' lang='lat' dir='ltr'><strong>ad</strong></span> <span class='ocrx_word' id='word_1_309' title='bbox 893 2939 1012 2982; x_wconf 89' lang='lat' dir='ltr'><strong>rem</strong></span> <span class='ocrx_word' id='word_1_310' title='bbox 1043 2927 1304 2983; x_wconf 87' lang='lat' dir='ltr'><strong>volitam.</strong></span> <span class='ocrx_word' id='word_1_311' title='bbox 1337 2929 1467 2983; x_wconf 87' lang='lat' dir='ltr'><strong>Non</strong></span> <span class='ocrx_word' id='word_1_312' title='bbox 1515 2933 1712 2983; x_wconf 86' lang='lat' dir='ltr'><strong>autem</strong></span> <span class='ocrx_word' id='word_1_313' title='bbox 1757 2927 2031 2997; x_wconf 88' lang='lat' dir='ltr'><strong>prohihet</strong></span> <span class='ocrx_word' id='word_1_314' title='bbox 2060 2927 2264 2985; x_wconf 87' lang='lat' dir='ltr'><strong>divina</strong></span> <span class='ocrx_word' id='word_1_315' title='bbox 2301 2927 2655 2998; x_wconf 80' lang='lat' dir='ltr'><strong>simplicitas</strong></span> <span class='ocrx_word' id='word_1_316' title='bbox 2703 2930 2858 3000; x_wconf 88' lang='lat' dir='ltr'><strong>quin</strong></span> 
     </span>
     <span class='ocr_line' id='line_1_34' title="bbox 435 2995 2855 3069; baseline 0.002 -16"><span class='ocrx_word' id='word_1_317' title='bbox 435 3000 631 3068; x_wconf 86' lang='lat' dir='ltr'><strong>possit</strong></span> <span class='ocrx_word' id='word_1_318' title='bbox 648 2997 976 3064; x_wconf 86' lang='lat' dir='ltr'><strong>comparari</strong></span> <span class='ocrx_word' id='word_1_319' title='bbox 997 2995 1068 3052; x_wconf 89' lang='lat' dir='ltr'><strong>ad</strong></span> <span class='ocrx_word' id='word_1_320' title='bbox 1094 2998 1296 3063; x_wconf 90' lang='lat' dir='ltr'><strong>multa,</strong></span> <span class='ocrx_word' id='word_1_321' title='bbox 1316 2997 1491 3053; x_wconf 88' lang='lat' dir='ltr'><strong>etiam</strong></span> <span class='ocrx_word' id='word_1_322' title='bbox 1513 2997 1909 3066; x_wconf 89' lang='lat' dir='ltr'><strong>particularia.</strong></span> <span class='ocrx_word' id='word_1_323' title='bbox 1935 2997 2160 3054; x_wconf 89' lang='lat' dir='ltr'><strong>Dicitur</strong></span> <span class='ocrx_word' id='word_1_324' title='bbox 2180 2996 2336 3055; x_wconf 89' lang='lat' dir='ltr'><strong>enim</strong></span> <span class='ocrx_word' id='word_1_325' title='bbox 2361 3001 2518 3056; x_wconf 88' lang='lat' dir='ltr'><strong>Deus</strong></span> <span class='ocrx_word' id='word_1_326' title='bbox 2535 3000 2855 3069; x_wconf 87' lang='lat' dir='ltr'><strong>optimum,</strong></span> 
     </span>
     <span class='ocr_line' id='line_1_35' title="bbox 434 3065 2856 3141; baseline 0.002 -20"><span class='ocrx_word' id='word_1_327' title='bbox 434 3065 528 3122; x_wconf 84' lang='lat' dir='ltr'><strong>vel</strong></span> <span class='ocrx_word' id='word_1_328' title='bbox 572 3065 823 3136; x_wconf 90' lang='lat' dir='ltr'><strong>primum</strong></span> <span class='ocrx_word' id='word_1_329' title='bbox 862 3072 1132 3137; x_wconf 86' lang='lat' dir='ltr'><strong>respectu</strong></span> <span class='ocrx_word' id='word_1_330' title='bbox 1189 3066 1605 3137; x_wconf 76' lang='lat' dir='ltr'><strong>singularium.</strong></span> <span class='ocrx_word' id='word_1_331' title='bbox 1646 3070 1797 3140; x_wconf 86' lang='lat' dir='ltr'><strong>Ergo</strong></span> <span class='ocrx_word' id='word_1_332' title='bbox 1844 3082 1957 3125; x_wconf 88' lang='lat' dir='ltr'><strong>sua</strong></span> <span class='ocrx_word' id='word_1_333' title='bbox 2010 3068 2365 3139; x_wconf 83' lang='lat' dir='ltr'><strong>simplicitas</strong></span> <span class='ocrx_word' id='word_1_334' title='bbox 2417 3083 2544 3128; x_wconf 85' lang='lat' dir='ltr'><strong>non</strong></span> <span class='ocrx_word' id='word_1_335' title='bbox 2574 3069 2856 3141; x_wconf 85' lang='lat' dir='ltr'><strong>prohihet</strong></span> 
     </span>
     <span class='ocr_line' id='line_1_36' title="bbox 438 3136 1940 3210; baseline 0.002 -18"><span class='ocrx_word' id='word_1_336' title='bbox 438 3136 587 3210; x_wconf 86' lang='lat' dir='ltr'><strong>quin</strong></span> <span class='ocrx_word' id='word_1_337' title='bbox 617 3138 676 3190; x_wconf 91' lang='lat' dir='ltr'><strong>in</strong></span> <span class='ocrx_word' id='word_1_338' title='bbox 709 3136 957 3206; x_wconf 85' lang='lat' dir='ltr'><strong>speciali</strong></span> <span class='ocrx_word' id='word_1_339' title='bbox 982 3137 1074 3192; x_wconf 87' lang='lat' dir='ltr'><strong>vel</strong></span> <span class='ocrx_word' id='word_1_340' title='bbox 1104 3137 1442 3207; x_wconf 86' lang='lat' dir='ltr'><strong>particulari</strong></span> <span class='ocrx_word' id='word_1_341' title='bbox 1471 3139 1591 3194; x_wconf 85' lang='lat' dir='ltr'><strong>alia</strong></span> <span class='ocrx_word' id='word_1_342' title='bbox 1617 3152 1652 3195; x_wconf 91' lang='lat' dir='ltr'><strong>a</strong></span> <span class='ocrx_word' id='word_1_343' title='bbox 1681 3151 1746 3195; x_wconf 89' lang='lat' dir='ltr'><strong>se</strong></span> <span class='ocrx_word' id='word_1_344' title='bbox 1782 3138 1940 3196; x_wconf 89' lang='lat' dir='ltr'><strong>velit.</strong></span> 
     </span>
    </p>

    <p class='ocr_par' dir='ltr' id='par_1_10' title="bbox 434 3206 2862 3546">
     <span class='ocr_line' id='line_1_37' title="bbox 504 3206 2860 3282; baseline 0.002 -21"><span class='ocrx_word' id='word_1_345' title='bbox 504 3208 656 3269; x_wconf 83' lang='lat' dir='ltr'><strong>Item,</strong></span> <span class='ocrx_word' id='word_1_346' title='bbox 676 3208 953 3264; x_wconf 89' lang='lat' dir='ltr'><strong>voluntas</strong></span> <span class='ocrx_word' id='word_1_347' title='bbox 982 3207 1083 3262; x_wconf 85' lang='lat' dir='ltr'><strong>Dei</strong></span> <span class='ocrx_word' id='word_1_348' title='bbox 1115 3206 1186 3263; x_wconf 84' lang='lat' dir='ltr'><strong>ad</strong></span> <span class='ocrx_word' id='word_1_349' title='bbox 1215 3207 1333 3265; x_wconf 88' lang='lat' dir='ltr'><strong>alia</strong></span> <span class='ocrx_word' id='word_1_350' title='bbox 1358 3209 1811 3277; x_wconf 88' lang='lat' dir='ltr'><strong>comparaturin</strong></span> <span class='ocrx_word' id='word_1_351' title='bbox 1833 3215 2120 3282; x_wconf 82' lang='lat' dir='ltr'><strong>quantum</strong></span> <span class='ocrx_word' id='word_1_352' title='bbox 2148 3208 2475 3268; x_wconf 89' lang='lat' dir='ltr'><strong>bonitatem</strong></span> <span class='ocrx_word' id='word_1_353' title='bbox 2497 3209 2860 3282; x_wconf 85' lang='lat' dir='ltr'><strong>participant</strong></span> 
     </span>
     <span class='ocr_line' id='line_1_38' title="bbox 437 3276 2862 3352; baseline 0.002 -19"><span class='ocrx_word' id='word_1_354' title='bbox 437 3289 513 3334; x_wconf 84' lang='lat' dir='ltr'><strong>ex</strong></span> <span class='ocrx_word' id='word_1_355' title='bbox 552 3277 761 3334; x_wconf 87' lang='lat' dir='ltr'><strong>ordine</strong></span> <span class='ocrx_word' id='word_1_356' title='bbox 807 3276 879 3335; x_wconf 88' lang='lat' dir='ltr'><strong>ad</strong></span> <span class='ocrx_word' id='word_1_357' title='bbox 937 3277 1259 3334; x_wconf 89' lang='lat' dir='ltr'><strong>honitatem</strong></span> <span class='ocrx_word' id='word_1_358' title='bbox 1317 3277 1598 3347; x_wconf 87' lang='lat' dir='ltr'><strong>divinam,</strong></span> <span class='ocrx_word' id='word_1_359' title='bbox 1630 3292 1762 3352; x_wconf 83' lang='lat' dir='ltr'><strong>quae</strong></span> <span class='ocrx_word' id='word_1_360' title='bbox 1800 3287 1889 3337; x_wconf 84' lang='lat' dir='ltr'><strong>est</strong></span> <span class='ocrx_word' id='word_1_361' title='bbox 1921 3281 2072 3339; x_wconf 90' lang='lat' dir='ltr'><strong>ratio</strong></span> <span class='ocrx_word' id='word_1_362' title='bbox 2109 3281 2345 3338; x_wconf 90' lang='lat' dir='ltr'><strong>volendi</strong></span> <span class='ocrx_word' id='word_1_363' title='bbox 2387 3284 2508 3339; x_wconf 88' lang='lat' dir='ltr'><strong>Deo</strong></span> <span class='ocrx_word' id='word_1_364' title='bbox 2540 3280 2687 3338; x_wconf 85' lang='lat' dir='ltr'><strong>:sed</strong></span> <span class='ocrx_word' id='word_1_365' title='bbox 2733 3294 2862 3339; x_wconf 86' lang='lat' dir='ltr'><strong>non</strong></span> 
     </span>
     <span class='ocr_line' id='line_1_39' title="bbox 436 3346 2860 3423; baseline 0.002 -19"><span class='ocrx_word' id='word_1_366' title='bbox 436 3348 632 3404; x_wconf 90' lang='lat' dir='ltr'><strong>solum</strong></span> <span class='ocrx_word' id='word_1_367' title='bbox 667 3347 1024 3405; x_wconf 85' lang='lat' dir='ltr'><strong>universitas</strong></span> <span class='ocrx_word' id='word_1_368' title='bbox 1074 3346 1391 3418; x_wconf 88' lang='lat' dir='ltr'><strong>bonorum,</strong></span> <span class='ocrx_word' id='word_1_369' title='bbox 1422 3350 1528 3407; x_wconf 90' lang='lat' dir='ltr'><strong>sed</strong></span> <span class='ocrx_word' id='word_1_370' title='bbox 1575 3355 1631 3407; x_wconf 88' lang='lat' dir='ltr'><strong>et</strong></span> <span class='ocrx_word' id='word_1_371' title='bbox 1682 3351 1989 3423; x_wconf 83' lang='lat' dir='ltr'><strong>singulum</strong></span> <span class='ocrx_word' id='word_1_372' title='bbox 2041 3365 2311 3409; x_wconf 86' lang='lat' dir='ltr'><strong>eoruma</strong></span> <span class='ocrx_word' id='word_1_373' title='bbox 2339 3351 2603 3409; x_wconf 88' lang='lat' dir='ltr'><strong>bonitate</strong></span> <span class='ocrx_word' id='word_1_374' title='bbox 2649 3352 2860 3410; x_wconf 88' lang='lat' dir='ltr'><strong>divina</strong></span> 
     </span>
     <span class='ocr_line' id='line_1_40' title="bbox 434 3416 2859 3546; baseline 0.002 -70"><span class='ocrx_word' id='word_1_375' title='bbox 434 3416 1058 3546; x_wconf 45' lang='lat' dir='ltr'><strong>honitatemtsortitur,</strong></span> <span class='ocrx_word' id='word_1_376' title='bbox 1086 3419 1246 3476; x_wconf 88' lang='lat' dir='ltr'><strong>sicut</strong></span> <span class='ocrx_word' id='word_1_377' title='bbox 1270 3424 1328 3476; x_wconf 88' lang='lat' dir='ltr'><strong>et</strong></span> <span class='ocrx_word' id='word_1_378' title='bbox 1352 3432 1507 3478; x_wconf 85' lang='lat' dir='ltr'><strong>esse.</strong></span> <span class='ocrx_word' id='word_1_379' title='bbox 1531 3421 1819 3479; x_wconf 82' lang='lat' dir='ltr'><strong>voluntas</strong></span> <span class='ocrx_word' id='word_1_380' title='bbox 1846 3422 2029 3494; x_wconf 85' lang='lat' dir='ltr'><strong>igitur</strong></span> <span class='ocrx_word' id='word_1_381' title='bbox 2045 3423 2149 3479; x_wconf 90' lang='lat' dir='ltr'><strong>Dei</strong></span> <span class='ocrx_word' id='word_1_382' title='bbox 2169 3422 2244 3480; x_wconf 88' lang='lat' dir='ltr'><strong>ad</strong></span> <span class='ocrx_word' id='word_1_383' title='bbox 2274 3422 2519 3495; x_wconf 81' lang='lat' dir='ltr'><strong>singula</strong></span> <span class='ocrx_word' id='word_1_384' title='bbox 2548 3423 2859 3482; x_wconf 88' lang='lat' dir='ltr'><strong>honorum</strong></span> 
     </span>
     <span class='ocr_line' id='line_1_41' title="bbox 436 3499 818 3546; baseline 0 -1"><span class='ocrx_word' id='word_1_385' title='bbox 436 3499 506 3546; x_wconf 88' lang='lat' dir='ltr'><strong>se</strong></span> <span class='ocrx_word' id='word_1_386' title='bbox 538 3504 608 3545; x_wconf 85' lang='lat' dir='ltr'><strong>ex</strong></span> <span class='ocrx_word' id='word_1_387' title='bbox 636 3503 707 3545; x_wconf 85' lang='lat' dir='ltr'><strong>en</strong></span> <span class='ocrx_word' id='word_1_388' title='bbox 753 3504 770 3545; x_wconf 90' lang='lat'>1</span> <span class='ocrx_word' id='word_1_389' title='bbox 803 3530 818 3545; x_wconf 95' lang='lat'><strong>.</strong></span> 
     </span>
    </p>

    <p class='ocr_par' dir='ltr' id='par_1_11' title="bbox 433 3558 2882 4270">
     <span class='ocr_line' id='line_1_42' title="bbox 506 3558 2882 3636; baseline 0.003 -22"><span class='ocrx_word' id='word_1_390' title='bbox 506 3560 782 3629; x_wconf 77' lang='lat' dir='ltr'><strong>Amplius,</strong></span> <span class='ocrx_word' id='word_1_391' title='bbox 805 3558 1136 3617; x_wconf 86' lang='lat' dir='ltr'><strong>secundum</strong></span> <span class='ocrx_word' id='word_1_392' title='bbox 1156 3559 1588 3632; x_wconf 84' lang='lat' dir='ltr'><strong>Philosophum</strong></span> <span class='ocrx_word' id='word_1_393' title='bbox 1611 3562 1673 3619; x_wconf 88' lang='lat' dir='ltr'><strong>in</strong></span> <span class='ocrx_word' id='word_1_394' title='bbox 1694 3561 2048 3620; x_wconf 87' lang='lat' dir='ltr'><strong>duodecimo</strong></span> <span class='ocrx_word' id='word_1_395' title='bbox 2067 3563 2307 3633; x_wconf 65' lang='lat' dir='ltr'><strong>Metapa.</strong></span> <span class='ocrx_word' id='word_1_396' title='bbox 2334 3564 2495 3636; x_wconf 86' lang='lat' dir='ltr'><strong>(text.</strong></span> <span class='ocrx_word' id='word_1_397' title='bbox 2516 3576 2738 3621; x_wconf 90' lang='lat' dir='ltr'><strong>comm.</strong></span> <span class='ocrx_word' id='word_1_398' title='bbox 2765 3567 2837 3621; x_wconf 80' lang='lat'><strong>52</strong></span> <span class='ocrx_word' id='word_1_399' title='bbox 2869 3572 2882 3579; x_wconf 73' lang='lat'><strong><em>‘</em></strong></span> 
     </span>
     <span class='ocr_line' id='line_1_43' title="bbox 436 3626 2821 3708; baseline 0.002 -22"><span class='ocrx_word' id='word_1_400' title='bbox 436 3626 653 3699; x_wconf 82' lang='lat' dir='ltr'><strong>duplex</strong></span> <span class='ocrx_word' id='word_1_401' title='bbox 675 3629 1525 3708; x_wconf 84' lang='lat' dir='ltr'><strong>honumordinisinveniturin</strong></span> <span class='ocrx_word' id='word_1_402' title='bbox 1549 3633 1826 3690; x_wconf 88' lang='lat' dir='ltr'><strong>universo</strong></span> <span class='ocrx_word' id='word_1_403' title='bbox 1850 3650 1864 3688; x_wconf 74' lang='grc' dir='ltr'><strong>ε</strong></span> <span class='ocrx_word' id='word_1_404' title='bbox 1887 3646 2070 3690; x_wconf 91' lang='lat' dir='ltr'><strong>unum</strong></span> <span class='ocrx_word' id='word_1_405' title='bbox 2087 3635 2324 3705; x_wconf 90' lang='lat' dir='ltr'><strong>quidem</strong></span> <span class='ocrx_word' id='word_1_406' title='bbox 2343 3635 2672 3692; x_wconf 90' lang='lat' dir='ltr'><strong>secundum</strong></span> <span class='ocrx_word' id='word_1_407' title='bbox 2697 3648 2821 3706; x_wconf 93' lang='lat' dir='ltr'><strong>quo</strong></span> 
     </span>
     <span class='ocr_line' id='line_1_44' title="bbox 435 3701 2856 3779; baseline 0.002 -24"><span class='ocrx_word' id='word_1_408' title='bbox 435 3703 625 3756; x_wconf 89' lang='lat' dir='ltr'><strong>totum</strong></span> <span class='ocrx_word' id='word_1_409' title='bbox 660 3713 1001 3779; x_wconf 82' lang='lat' dir='ltr'><strong>universum</strong></span> <span class='ocrx_word' id='word_1_410' title='bbox 1029 3701 1338 3759; x_wconf 89' lang='lat' dir='ltr'><strong>ordinatur</strong></span> <span class='ocrx_word' id='word_1_411' title='bbox 1362 3702 1435 3760; x_wconf 89' lang='lat' dir='ltr'><strong>ad</strong></span> <span class='ocrx_word' id='word_1_412' title='bbox 1466 3703 1525 3761; x_wconf 91' lang='lat' dir='ltr'><strong>id</strong></span> <span class='ocrx_word' id='word_1_413' title='bbox 1555 3703 1715 3775; x_wconf 89' lang='lat' dir='ltr'><strong>quod</strong></span> <span class='ocrx_word' id='word_1_414' title='bbox 1750 3708 1843 3760; x_wconf 88' lang='lat' dir='ltr'><strong>est</strong></span> <span class='ocrx_word' id='word_1_415' title='bbox 1868 3710 2032 3761; x_wconf 84' lang='lat' dir='ltr'><strong>extra</strong></span> <span class='ocrx_word' id='word_1_416' title='bbox 2049 3705 2414 3773; x_wconf 88' lang='lat' dir='ltr'><strong>uuiversum,</strong></span> <span class='ocrx_word' id='word_1_417' title='bbox 2442 3705 2599 3762; x_wconf 89' lang='lat' dir='ltr'><strong>sicut</strong></span> <span class='ocrx_word' id='word_1_418' title='bbox 2629 3704 2856 3762; x_wconf 82' lang='lat' dir='ltr'><strong>exerci-</strong></span> 
     </span>
     <span class='ocr_line' id='line_1_45' title="bbox 435 3770 2857 3853; baseline 0.004 -29"><span class='ocrx_word' id='word_1_419' title='bbox 435 3773 535 3826; x_wconf 87' lang='lat' dir='ltr'><strong>tus</strong></span> <span class='ocrx_word' id='word_1_420' title='bbox 560 3770 868 3850; x_wconf 71' lang='lat' dir='ltr'><strong>ordinatur</strong></span> <span class='ocrx_word' id='word_1_421' title='bbox 894 3772 966 3829; x_wconf 90' lang='lat' dir='ltr'><strong>ad</strong></span> <span class='ocrx_word' id='word_1_422' title='bbox 996 3771 1237 3853; x_wconf 78' lang='lat' dir='ltr'><strong>ducem3</strong></span> <span class='ocrx_word' id='word_1_423' title='bbox 1285 3773 1447 3830; x_wconf 90' lang='lat' dir='ltr'><strong>aliud</strong></span> <span class='ocrx_word' id='word_1_424' title='bbox 1477 3774 1804 3831; x_wconf 88' lang='lat' dir='ltr'><strong>secuudum</strong></span> <span class='ocrx_word' id='word_1_425' title='bbox 1837 3774 1994 3847; x_wconf 89' lang='lat' dir='ltr'><strong>quod</strong></span> <span class='ocrx_word' id='word_1_426' title='bbox 2023 3781 2219 3845; x_wconf 87' lang='lat' dir='ltr'><strong>partes</strong></span> <span class='ocrx_word' id='word_1_427' title='bbox 2249 3775 2514 3833; x_wconf 86' lang='lat' dir='ltr'><strong>universi</strong></span> <span class='ocrx_word' id='word_1_428' title='bbox 2569 3775 2857 3833; x_wconf 86' lang='lat' dir='ltr'><strong>ordinan-</strong></span> 
     </span>
     <span class='ocr_line' id='line_1_46' title="bbox 433 3839 2858 3914; baseline 0.004 -20"><span class='ocrx_word' id='word_1_429' title='bbox 433 3843 537 3896; x_wconf 87' lang='lat' dir='ltr'><strong>tur</strong></span> <span class='ocrx_word' id='word_1_430' title='bbox 561 3839 631 3896; x_wconf 88' lang='lat' dir='ltr'><strong>ad</strong></span> <span class='ocrx_word' id='word_1_431' title='bbox 668 3854 943 3909; x_wconf 81' lang='lat' dir='ltr'><strong>invicem,</strong></span> <span class='ocrx_word' id='word_1_432' title='bbox 980 3848 1134 3901; x_wconf 83' lang='lat' dir='ltr'><strong>sicut</strong></span> <span class='ocrx_word' id='word_1_433' title='bbox 1184 3844 1360 3901; x_wconf 89' lang='lat' dir='ltr'><strong>etiam</strong></span> <span class='ocrx_word' id='word_1_434' title='bbox 1391 3850 1588 3914; x_wconf 88' lang='lat' dir='ltr'><strong>partes</strong></span> <span class='ocrx_word' id='word_1_435' title='bbox 1640 3845 1955 3904; x_wconf 83' lang='lat' dir='ltr'><strong>exercitus.</strong></span> <span class='ocrx_word' id='word_1_436' title='bbox 1988 3844 2299 3904; x_wconf 87' lang='lat' dir='ltr'><strong>Secundus</strong></span> <span class='ocrx_word' id='word_1_437' title='bbox 2347 3852 2546 3903; x_wconf 91' lang='lat' dir='ltr'><strong>autem</strong></span> <span class='ocrx_word' id='word_1_438' title='bbox 2575 3846 2727 3903; x_wconf 87' lang='lat' dir='ltr'><strong>ordo</strong></span> <span class='ocrx_word' id='word_1_439' title='bbox 2760 3850 2858 3904; x_wconf 89' lang='lat' dir='ltr'><strong>est</strong></span> 
     </span>
     <span class='ocr_line' id='line_1_47' title="bbox 435 3912 2863 3994; baseline 0.004 -30"><span class='ocrx_word' id='word_1_440' title='bbox 435 3917 675 3980; x_wconf 88' lang='lat' dir='ltr'><strong>propter</strong></span> <span class='ocrx_word' id='word_1_441' title='bbox 704 3912 1165 3994; x_wconf 38' lang='lat' dir='ltr'><strong>primum-Deus</strong></span> <span class='ocrx_word' id='word_1_442' title='bbox 1194 3921 1391 3972; x_wconf 88' lang='lat' dir='ltr'><strong>autem</strong></span> <span class='ocrx_word' id='word_1_443' title='bbox 1420 3928 1491 3972; x_wconf 85' lang='lat' dir='ltr'><strong>ex</strong></span> <span class='ocrx_word' id='word_1_444' title='bbox 1541 3914 1655 3971; x_wconf 90' lang='lat' dir='ltr'><strong>hoc</strong></span> <span class='ocrx_word' id='word_1_445' title='bbox 1683 3916 1841 3988; x_wconf 92' lang='lat' dir='ltr'><strong>quod</strong></span> <span class='ocrx_word' id='word_1_446' title='bbox 1870 3916 1994 3973; x_wconf 89' lang='lat' dir='ltr'><strong>vult</strong></span> <span class='ocrx_word' id='word_1_447' title='bbox 2023 3930 2110 3985; x_wconf 83' lang='lat' dir='ltr'><strong>se,</strong></span> <span class='ocrx_word' id='word_1_448' title='bbox 2140 3921 2207 3972; x_wconf 90' lang='lat' dir='ltr'><strong>ut</strong></span> <span class='ocrx_word' id='word_1_449' title='bbox 2234 3915 2372 3975; x_wconf 82' lang='lat' dir='ltr'><strong>finis</strong></span> <span class='ocrx_word' id='word_1_450' title='bbox 2402 3922 2515 3985; x_wconf 83' lang='lat' dir='ltr'><strong>cst,</strong></span> <span class='ocrx_word' id='word_1_451' title='bbox 2545 3917 2674 3973; x_wconf 87' lang='lat' dir='ltr'><strong>vult</strong></span> <span class='ocrx_word' id='word_1_452' title='bbox 2715 3916 2863 3985; x_wconf 85' lang='lat' dir='ltr'><strong>alia,</strong></span> 
     </span>
     <span class='ocr_line' id='line_1_48' title="bbox 434 3981 2865 4059; baseline 0.004 -23"><span class='ocrx_word' id='word_1_453' title='bbox 434 3994 570 4059; x_wconf 46' lang='grc' dir='ltr'><strong>ῃυρε</strong></span> <span class='ocrx_word' id='word_1_454' title='bbox 590 3981 942 4040; x_wconf 78' lang='lat' dir='ltr'><strong>ordinantur</strong></span> <span class='ocrx_word' id='word_1_455' title='bbox 980 3997 1042 4040; x_wconf 83' lang='lat' dir='ltr'><strong>in</strong></span> <span class='ocrx_word' id='word_1_456' title='bbox 1072 3985 1268 4054; x_wconf 89' lang='lat' dir='ltr'><strong>ipsum</strong></span> <span class='ocrx_word' id='word_1_457' title='bbox 1306 3986 1456 4042; x_wconf 88' lang='lat' dir='ltr'><strong>utin</strong></span> <span class='ocrx_word' id='word_1_458' title='bbox 1486 3983 1688 4052; x_wconf 73' lang='lat' dir='ltr'><strong>finem,</strong></span> <span class='ocrx_word' id='word_1_459' title='bbox 1720 3989 1877 4045; x_wconf 87' lang='lat' dir='ltr'><strong>sicut</strong></span> <span class='ocrx_word' id='word_1_460' title='bbox 1911 3988 2220 4057; x_wconf 86' lang='lat' dir='ltr'><strong>probatum</strong></span> <span class='ocrx_word' id='word_1_461' title='bbox 2265 3993 2358 4044; x_wconf 90' lang='lat' dir='ltr'><strong>est</strong></span> <span class='ocrx_word' id='word_1_462' title='bbox 2386 3986 2538 4059; x_wconf 82' lang='lat' dir='ltr'><strong>(cap.</strong></span> <span class='ocrx_word' id='word_1_463' title='bbox 2566 3985 2686 4058; x_wconf 83' lang='grc'><strong>75).</strong></span> <span class='ocrx_word' id='word_1_464' title='bbox 2716 3987 2865 4045; x_wconf 81' lang='lat' dir='ltr'><strong>Vult</strong></span> 
     </span>
     <span class='ocr_line' id='line_1_49' title="bbox 433 4052 2861 4128; baseline 0.005 -23"><span class='ocrx_word' id='word_1_465' title='bbox 433 4057 622 4121; x_wconf 79' lang='lat' dir='ltr'><strong>igitur</strong></span> <span class='ocrx_word' id='word_1_466' title='bbox 646 4052 869 4110; x_wconf 88' lang='lat' dir='ltr'><strong>honum</strong></span> <span class='ocrx_word' id='word_1_467' title='bbox 900 4054 1129 4112; x_wconf 91' lang='lat' dir='ltr'><strong>ordinis</strong></span> <span class='ocrx_word' id='word_1_468' title='bbox 1158 4056 1343 4113; x_wconf 87' lang='lat' dir='ltr'><strong>totius</strong></span> <span class='ocrx_word' id='word_1_469' title='bbox 1371 4056 1632 4114; x_wconf 88' lang='lat' dir='ltr'><strong>universi</strong></span> <span class='ocrx_word' id='word_1_470' title='bbox 1660 4058 1720 4112; x_wconf 91' lang='lat' dir='ltr'><strong>in</strong></span> <span class='ocrx_word' id='word_1_471' title='bbox 1751 4058 1969 4128; x_wconf 84' lang='lat' dir='ltr'><strong>ipsum,</strong></span> <span class='ocrx_word' id='word_1_472' title='bbox 1990 4062 2047 4113; x_wconf 85' lang='lat' dir='ltr'><strong>et</strong></span> <span class='ocrx_word' id='word_1_473' title='bbox 2077 4057 2299 4115; x_wconf 89' lang='lat' dir='ltr'><strong>bonum</strong></span> <span class='ocrx_word' id='word_1_474' title='bbox 2320 4057 2554 4116; x_wconf 89' lang='lat' dir='ltr'><strong>ordinis</strong></span> <span class='ocrx_word' id='word_1_475' title='bbox 2583 4057 2861 4117; x_wconf 87' lang='lat' dir='ltr'><strong>universi</strong></span> 
     </span>
     <span class='ocr_line' id='line_1_50' title="bbox 438 4122 2864 4203; baseline 0.005 -26"><span class='ocrx_word' id='word_1_476' title='bbox 438 4122 767 4203; x_wconf 77' lang='lat' dir='ltr'><strong>secundum</strong></span> <span class='ocrx_word' id='word_1_477' title='bbox 825 4131 1019 4195; x_wconf 87' lang='lat' dir='ltr'><strong>partes</strong></span> <span class='ocrx_word' id='word_1_478' title='bbox 1074 4139 1218 4184; x_wconf 89' lang='lat' dir='ltr'><strong>suas</strong></span> <span class='ocrx_word' id='word_1_479' title='bbox 1247 4126 1320 4183; x_wconf 87' lang='lat' dir='ltr'><strong>ad</strong></span> <span class='ocrx_word' id='word_1_480' title='bbox 1381 4126 1656 4183; x_wconf 87' lang='lat' dir='ltr'><strong>invicem.</strong></span> <span class='ocrx_word' id='word_1_481' title='bbox 1680 4129 1907 4186; x_wconf 91' lang='lat' dir='ltr'><strong>Bonum</strong></span> <span class='ocrx_word' id='word_1_482' title='bbox 1938 4134 2137 4186; x_wconf 88' lang='lat' dir='ltr'><strong>autem</strong></span> <span class='ocrx_word' id='word_1_483' title='bbox 2189 4127 2421 4187; x_wconf 86' lang='lat' dir='ltr'><strong>ordinis</strong></span> <span class='ocrx_word' id='word_1_484' title='bbox 2468 4128 2754 4187; x_wconf 89' lang='lat' dir='ltr'><strong>consistit</strong></span> <span class='ocrx_word' id='word_1_485' title='bbox 2785 4143 2864 4189; x_wconf 85' lang='lat' dir='ltr'><strong>ex</strong></span> 
     </span>
     <span class='ocr_line' id='line_1_51' title="bbox 439 4193 1956 4270; baseline 0.005 -23"><span class='ocrx_word' id='word_1_486' title='bbox 439 4194 698 4261; x_wconf 77' lang='lat' dir='ltr'><strong>singulis</strong></span> <span class='ocrx_word' id='word_1_487' title='bbox 727 4193 922 4253; x_wconf 88' lang='lat' dir='ltr'><strong>honis.</strong></span> <span class='ocrx_word' id='word_1_488' title='bbox 953 4196 1086 4253; x_wconf 85' lang='lat' dir='ltr'><strong>vult</strong></span> <span class='ocrx_word' id='word_1_489' title='bbox 1105 4198 1289 4270; x_wconf 84' lang='lat' dir='ltr'><strong>igitur</strong></span> <span class='ocrx_word' id='word_1_490' title='bbox 1312 4197 1491 4254; x_wconf 88' lang='lat' dir='ltr'><strong>etiam</strong></span> <span class='ocrx_word' id='word_1_491' title='bbox 1515 4198 1757 4270; x_wconf 86' lang='lat' dir='ltr'><strong>singula</strong></span> <span class='ocrx_word' id='word_1_492' title='bbox 1783 4200 1956 4258; x_wconf 81' lang='lat' dir='ltr'><strong>hona.</strong></span> 
     </span>
    </p>

    <p class='ocr_par' dir='ltr' id='par_1_12' title="bbox 432 4263 2865 4485">
     <span class='ocr_line' id='line_1_52' title="bbox 505 4263 2861 4348; baseline 0.005 -31"><span class='ocrx_word' id='word_1_493' title='bbox 505 4263 791 4342; x_wconf 53' lang='lat' dir='ltr'><strong>Praeterea,</strong></span> <span class='ocrx_word' id='word_1_494' title='bbox 823 4266 875 4324; x_wconf 94' lang='lat' dir='ltr'><strong>si</strong></span> <span class='ocrx_word' id='word_1_495' title='bbox 908 4268 1063 4348; x_wconf 58' lang='lat' dir='ltr'><strong>lgleus</strong></span> <span class='ocrx_word' id='word_1_496' title='bbox 1093 4280 1212 4325; x_wconf 90' lang='lat' dir='ltr'><strong>non</strong></span> <span class='ocrx_word' id='word_1_497' title='bbox 1243 4268 1366 4324; x_wconf 91' lang='lat' dir='ltr'><strong>vult</strong></span> <span class='ocrx_word' id='word_1_498' title='bbox 1395 4270 1638 4341; x_wconf 82' lang='lat' dir='ltr'><strong>singula</strong></span> <span class='ocrx_word' id='word_1_499' title='bbox 1665 4271 1824 4326; x_wconf 81' lang='lat' dir='ltr'><strong>hona</strong></span> <span class='ocrx_word' id='word_1_500' title='bbox 1852 4283 1924 4326; x_wconf 81' lang='lat' dir='ltr'><strong>ex</strong></span> <span class='ocrx_word' id='word_1_501' title='bbox 1951 4268 2172 4341; x_wconf 88' lang='lat' dir='ltr'><strong>quibus</strong></span> <span class='ocrx_word' id='word_1_502' title='bbox 2200 4273 2438 4328; x_wconf 86' lang='lat' dir='ltr'><strong>constat</strong></span> <span class='ocrx_word' id='word_1_503' title='bbox 2474 4268 2861 4343; x_wconf 83' lang='lat' dir='ltr'><strong>universum,</strong></span> 
     </span>
     <span class='ocr_line' id='line_1_53' title="bbox 432 4335 2860 4412; baseline 0.005 -23"><span class='ocrx_word' id='word_1_504' title='bbox 432 4343 710 4412; x_wconf 81' lang='lat' dir='ltr'><strong>sequitur</strong></span> <span class='ocrx_word' id='word_1_505' title='bbox 732 4335 889 4407; x_wconf 90' lang='lat' dir='ltr'><strong>quod</strong></span> <span class='ocrx_word' id='word_1_506' title='bbox 921 4350 984 4394; x_wconf 82' lang='lat' dir='ltr'><strong>in</strong></span> <span class='ocrx_word' id='word_1_507' title='bbox 1022 4339 1303 4396; x_wconf 87' lang='lat' dir='ltr'><strong>universo</strong></span> <span class='ocrx_word' id='word_1_508' title='bbox 1334 4341 1415 4396; x_wconf 86' lang='lat' dir='ltr'><strong>sit</strong></span> <span class='ocrx_word' id='word_1_509' title='bbox 1454 4353 1491 4395; x_wconf 91' lang='lat' dir='ltr'><strong>a</strong></span> <span class='ocrx_word' id='word_1_510' title='bbox 1523 4353 1664 4397; x_wconf 89' lang='lat' dir='ltr'><strong>casu</strong></span> <span class='ocrx_word' id='word_1_511' title='bbox 1698 4340 1928 4398; x_wconf 86' lang='lat' dir='ltr'><strong>ordinis</strong></span> <span class='ocrx_word' id='word_1_512' title='bbox 1956 4340 2202 4398; x_wconf 87' lang='lat' dir='ltr'><strong>bonum.</strong></span> <span class='ocrx_word' id='word_1_513' title='bbox 2233 4342 2367 4398; x_wconf 87' lang='lat' dir='ltr'><strong>Non</strong></span> <span class='ocrx_word' id='word_1_514' title='bbox 2396 4340 2555 4397; x_wconf 89' lang='lat' dir='ltr'><strong>enim</strong></span> <span class='ocrx_word' id='word_1_515' title='bbox 2589 4344 2682 4397; x_wconf 89' lang='lat' dir='ltr'><strong>est</strong></span> <span class='ocrx_word' id='word_1_516' title='bbox 2709 4354 2860 4412; x_wconf 86' lang='lat' dir='ltr'><strong>pos·</strong></span> 
     </span>
     <span class='ocr_line' id='line_1_54' title="bbox 439 4402 2865 4485; baseline 0.005 -24"><span class='ocrx_word' id='word_1_517' title='bbox 439 4402 615 4464; x_wconf 82' lang='lat' dir='ltr'><strong>sibile</strong></span> <span class='ocrx_word' id='word_1_518' title='bbox 641 4405 802 4481; x_wconf 85' lang='lat' dir='ltr'><strong>quod</strong></span> <span class='ocrx_word' id='word_1_519' title='bbox 842 4406 1044 4482; x_wconf 86' lang='lat' dir='ltr'><strong>aliqua</strong></span> <span class='ocrx_word' id='word_1_520' title='bbox 1066 4422 1205 4482; x_wconf 86' lang='lat' dir='ltr'><strong>pars</strong></span> <span class='ocrx_word' id='word_1_521' title='bbox 1255 4410 1518 4470; x_wconf 84' lang='lat' dir='ltr'><strong>universi</strong></span> <span class='ocrx_word' id='word_1_522' title='bbox 1573 4412 1777 4469; x_wconf 85' lang='lat' dir='ltr'><strong>omnia</strong></span> <span class='ocrx_word' id='word_1_523' title='bbox 1801 4411 2184 4483; x_wconf 84' lang='lat' dir='ltr'><strong>particularia</strong></span> <span class='ocrx_word' id='word_1_524' title='bbox 2219 4409 2381 4471; x_wconf 83' lang='lat' dir='ltr'><strong>hona</strong></span> <span class='ocrx_word' id='word_1_525' title='bbox 2433 4417 2765 4485; x_wconf 86' lang='lat' dir='ltr'><strong>componat</strong></span> <span class='ocrx_word' id='word_1_526' title='bbox 2791 4413 2865 4472; x_wconf 88' lang='lat' dir='ltr'><strong>in</strong></span> 
     </span>
    </p>
   </div>
   <div class='ocr_carea' id='block_1_6' title="bbox 3054 254 3057 2515">
    <p class='ocr_par' dir='ltr' id='par_1_13' title="bbox 3054 254 3057 2515">
     <span class='ocr_line' id='line_1_55' title="bbox 3054 254 3057 2515; baseline 0 0"><span class='ocrx_word' id='word_1_527' title='bbox 3054 254 3057 2515; x_wconf 95' lang='lat' dir='ltr'><strong> </strong></span> 
     </span>
    </p>
   </div>
   <div class='ocr_carea' id='block_1_7' title="bbox 3053 2694 3058 4948">
    <p class='ocr_par' dir='ltr' id='par_1_14' title="bbox 3053 2694 3058 4948">
     <span class='ocr_line' id='line_1_56' title="bbox 3053 2694 3058 4948; baseline 0 0"><span class='ocrx_word' id='word_1_528' title='bbox 3053 2694 3058 4948; x_wconf 95' lang='lat' dir='ltr'><strong> </strong></span> 
     </span>
    </p>
   </div>
  </div>
 </body>
</html>
