3076 5025
1007 335 1140 389 LlB.
1180 336 1251 403 ll,
1293 335 1442 390 CAP.
1486 335 1700 390 Lxxlx,
2457 339 2565 392 2¹5

148 462 410 515 mutatur
436 454 515 512 de
543 455 808 526 potentia
833 455 895 512 in
938 461 1158 524 actum,
1204 461 1299 512 est
1338 455 1500 526 prior
1547 453 1810 525 potentia
1844 460 1977 513 actu
2003 474 2017 524 ;
2045 455 2396 527 simpliciter
2422 471 2559 516 veri:

146 526 473 599 loquendo,
521 539 642 582 non
690 531 781 583 est
826 525 1089 596 potentia
1136 525 1312 582 etiam
1369 531 1633 596 tempore
1683 525 1847 596 prior
1898 531 2055 594 actu,
2107 527 2249 598 quia
2300 528 2569 597 potentia

147 610 267 656 non
302 596 612 653 reducitur
639 596 699 651 in
749 600 943 653 actum
981 596 1111 676 ‘nisi
1156 610 1258 667 per
1308 601 1526 674 actum.
1557 594 1710 652 Dicit
1747 609 1889 679 ergo
1940 596 2097 668 quod
2143 598 2441 654 intellectus
2470 601 2569 668 qui

136 671 213 724 est
231 668 534 750 secumdum
557 668 857 750 potentiani
887 665 1140 738 (scilicet
1161 664 1510 751 possibilisl
1526 668 1693 737 prout
1716 669 1795 720 est
1821 682 1882 721 m
1895 669 2315 736 potentio,prior
2334 674 2412 723 eet
2435 672 2564 724 tem-

135 753 264 887 55⁶
277 737 900 875 masatitias
929 735 1998 887 {tta’iffiffltffffgstffitiwaitz
2004 753 2122 864 {2²3ss
2148 741 2568 887 iffiffl'ssssi
2616 870 2625 877 ,

138 877 512 934 intellectum
540 882 835 949 agentem,
867 891 969 949 qui
999 882 1091 935 est
1118 890 1181 932 in
1205 882 1360 943 actu,
1393 881 1458 933 ut
1486 876 1654 944 dixit,
1686 881 1972 934 etiterum
2001 891 2105 947 per
2123 878 2381 949 aliquem
2399 880 2567 936 intel-

135 947 363 1005 lectum
395 946 746 1018 possibilem
777 947 995 1004 factum
1026 953 1194 1013 actu3
1230 947 1386 1003 unde
1435 946 1580 1004 dicit
1609 945 1869 1018 (Pityaia,
1899 959 1986 1013 111,
2037 952 2175 1003 text.
2209 960 2426 1005 comm.
2471 949 2563 1021 20)

173 1018 292 1076 uod
329 1022 455 1073 onte
474 1017 772 1081 addiscere,
793 1017 1006 1086 indiqet
1031 1018 1236 1085 aliquis
1269 1017 1486 1072 docente
1521 1020 1587 1072 ut
1613 1015 1908 1071 reducatur
1927 1016 1993 1071 de
2003 1020 2251 1086 potentia
2269 1021 2329 1073 in
2364 1023 2564 1077 actum.

177 1089 232 1144 ic
263 1084 456 1160 igitui-
485 1088 543 1144 in
577 1088 773 1145 verbis
798 1087 933 1145 istis
959 1086 1224 1144 ostendit
1249 1085 1520 1144 ordinem
1551 1085 1890 1145 intellectus
1913 1088 2244 1157 possibilis,
2274 1094 2452 1159 prout
2475 1095 2569 1148 est

137 1158 200 1216 in
227 1158 527 1228 potentia,
558 1157 631 1215 ad
659 1157 1026 1215 intellectum
1052 1158 1118 1214 in
1140 1161 1295 1214 actu.

201 1228 436 1285 Deinde
466 1227 610 1285 dicit
635 1228 728 1298 (De
755 1229 961 1291 anima,
993 1233 1134 1285 text.
1166 1241 1383 1285 comm.
1414 1226 1505 1299 20)
1537 1245 1554 1284 z
1585 1226 1697 1284 Sed
1722 1242 1828 1283 non
1853 1227 2151 1296 aliquando
2181 1229 2398 1297 quidem
2411 1231 2565 1286 intel·

19 1304 22 1365 ἑ
131 1299 274 1368 livit,
312 1303 368 1354 et
398 1298 698 1368 aliquando
724 1313 832 1353 non
854 1299 1117 1367 intellegit
1144 1317 1162 1363 ‚-
1193 1298 1254 1354 in
1284 1311 1403 1370 quo
1433 1297 1699 1355 ostendit
1728 1295 2123 1354 differentiam
2146 1297 2565 1357 intellectusin

19 1398 22 1429 :
132 1373 263 1427 actu
306 1375 369 1426 et
395 1368 738 1425 intellectus
765 1368 1096 1440 possibilis.
1127 1371 1314 1439 Supra
1342 1368 1498 1425 enim
1548 1366 1709 1439 (text.
1737 1380 1953 1424 comm.
1989 1366 2074 1440 14)
2102 1366 2250 1424 dixit
2293 1368 2364 1426 de
2393 1369 2566 1427 intel-

19 1442 20 1475 ἕ
133 1438 291 1497 lectu
392 1439 628 1497 ossibili
679 1439 837 1511 quod
891 1455 1000 1494 non
1051 1454 1258 1509 semper
1303 1440 1578 1507 iiitelliqi‘t,
1629 1436 1727 1494 sed
1779 1437 2125 1517 quandoque,
2153 1453 2262 1493 non
2308 1441 2567 1509 imettiqit

157 1453 406 1582 quando
464 1509 698 1567 scilicet
753 1516 847 1567 est
897 1509 962 1565 in
1013 1508 1276 1579 potentia
1325 1508 1397 1565 ad
1449 1507 1897 1580 intelligibilia),
1948 1524 2055 1578 quo
2218 1525 2267 1564 ce
2308 1512 2569 1580 intettiqit

156 1579 407 1652 quando
437 1579 669 1637 scilicet
700 1579 874 1637 estin
905 1584 1037 1638 actu
1070 1579 1243 1650 ipsa).
1274 1578 1615 1637 Intellectus
1643 1583 1841 1637 autem
1872 1592 1977 1649 per
2006 1578 2119 1636 boc
2192 1583 2370 1637 tactu
2406 1581 2563 1653 quod

19 1684 20 1697 κ
135 1656 225 1707 est
249 1651 397 1722 ipsa
420 1649 842 1730 intelligibilia,
879 1654 943 1706 ut
963 1649 1085 1722 Jam
1121 1649 1268 1707 dixit
1297 1650 1460 1721 (text.
1489 1662 1706 1728 comm.
1739 1647 1816 1720 8).
1847 1647 2009 1705 Unde
2047 1660 2170 1705 non
2202 1652 2485 1721 competit
2510 1651 2567 1709 ei

19 1786 20 1789 Ἴ
135 1720 504 1793 quandoque
532 1720 863 1800 intelligere
889 1725 948 1776 et
979 1719 1334 1792 quandoque
1365 1732 1485 1777 non
1510 1718 1866 1791 intelligere.

19 1824 20 1847 1
198 1791 437 1848 Deinde
460 1790 770 1863 subjungit
797 1791 958 1862 (text.
990 1803 1208 1847 comm.
1239 1789 1330 1861 20)
1360 1808 1372 1845 :
1404 1790 1735 1860 separatum
1758 1793 1938 1845 erdem
1964 1789 2060 1844 hoc
2088 1790 2263 1845 solum
2279 1791 2424 1861 quod
2443 1806 2568 1848 vere

133 1864 249 1928 est,
281 1860 593 1941 quod-non
619 1865 813 1942 potest
844 1860 1095 1942 intelligi
1122 1860 1198 1917 de
1220 1863 1430 1933 agente
1462 1876 1478 1928 ;
1509 1873 1636 1917 non
1663 1859 1823 1940 enirn
1866 1859 1997 1985 ipse
2045 1858 2219 1917 solus
2253 1866 2372 1942 ‚es-t·
2394 1874 2565 1932 sepa-

19 2004 20 2007 *
136 1935 334 1999 ratuS,
366 1944 510 2004 quia
532 1944 654 2000 Jam
685 1930 841 1987 idem
874 1930 1101 1988 dixerat
1129 1930 1292 2002 (text.
1324 1944 1540 1987 comm.
1575 1929 1628 2002 6)
1660 1929 1731 1987 de
1764 1935 1886 1986 inte
1914 1928 2066 1986 lectu
2099 1931 2374 2000 possibili
2405 1950 2420 2001 ;
2451 1946 2567 1990 nee

133 2007 338 2072 potest
366 2002 620 2082 intelligi
652 2001 723 2081 de
764 2001 1064 2072 possibili,
1111 2001 1396 2080 quiajam
1442 2000 1598 2073 idem
1631 1999 1858 2057 dixerat
1892 2000 2054 2072 (text.
2090 2014 2307 2081 comm.
2357 2002 2441 2075 19)
2492 2002 2565 2061 de

19 2108 20 2159 ÷
131 2078 373 2200 area
397 2069 1739 2214 aeremitaetittttrf0ttgss.iissss¹
1756 2070 2566 2224 suggesseritis.

19 2246 22 2295 i
133 2218 346 2270 nostra
376 2217 469 2269 est
497 2218 858 2283 separatum,
889 2225 1011 2269 non
1040 2217 1216 2269 utens
1244 2226 1493 2285 organo,
1525 2211 1687 2284 quod
1717 2216 1971 2282 pertinet
1995 2210 2070 2268 ad
2099 2212 2465 2271 intellectum
2497 2228 2560 2272 in

134 2288 294 2350 actu,
325 2282 384 2340 id
417 2287 513 2341 est
533 2283 637 2339 illa
662 2295 801 2353 pars
830 2282 1045 2342 animae
1117 2297 1192 2339 ua
1221 2281 1615 2355 intelligimus
1642 2285 1778 2339 actu
1829 2281 2347 2352 comprehendens
2374 2285 2567 2354 possi-

131 2348 322 2430 bilem
352 2357 414 2408 et
440 2357 739 2425 agentem.
773 2355 839 2409 Et
864 2352 1001 2411 ideo
1027 2365 1098 2410 su
1136 2353 1342 2425 jungit
1368 2351 1530 2424 quod
1573 2353 1672 2407 hoc
1716 2366 1773 2408 so
1796 2367 1887 2407 um
1935 2354 2131 2407 anima
2175 2354 2477 2410 mortale
2515 2359 2567 2410 a

132 2427 464 2495 perpetuum
489 2427 589 2493 est,
619 2423 796 2497 quasi
814 2432 850 2483 a
881 2435 1128 2496 corpore
1158 2436 1281 2480 non
1305 2421 1673 2494 dependenS‚
1701 2426 1889 2495 quum
1918 2421 2000 2479 sit
2025 2428 2383 2493 separatum.

1077 2615 1329 2678 CAPUT
1368 2613 1630 2679 LXXIX.

19 2625 22 2816 ,
381 2769 534 2823 ouon
569 2767 764 2814 arim
793 2766 1063 2825 numi,
1091 2765 1387 2812 consumo
1422 2765 1702 2824 cortrone,
1738 2763 1859 2812 non
1892 2762 2315 2814 oonnml'rtm.

209 2916 297 2974 Ex
323 2914 656 2986 praemissis
684 2913 868 2986 igitur
894 2912 1211 2971 manifeste
1240 2910 1476 2969 ostendi
1517 2914 1718 2983 potest
1764 2910 2026 2971 animam
2072 2911 2401 2972 humanam
2444 2927 2566 2974 non

141 2985 472 3056 corrumpi,
503 2989 782 3054 corrupto
811 2996 1080 3054 corpore.

216 3058 539 3115 ostensum
583 3061 676 3112 est
720 3054 878 3111 enim
921 3067 1104 3124 supra
1132 3050 1207 3124 (c.
1237 3051 1326 3124 55)
1376 3063 1617 3132 omnem
1659 3050 2058 3115 substantiam
2099 3051 2567 3113 intellectualem

141 3140 282 3184 esse
306 3124 839 3196 incorruptibilem.
870 3124 1083 3183 Anima
1110 3121 1605 3202 autem-bominis
1629 3127 1721 3181 est
1745 3122 2011 3194 quaedam
2031 3122 2369 3182 substantia
2397 3126 2569 3182 intel-

138 3191 443 3325 ἒρῗωᾶίἰε,
476 3200 540 3252 ut
568 3201 879 3255 ostensum
908 3198 1019 3252 est.
1047 3195 1285 3266 Oportet
1311 3193 1496 3263 igitur
1536 3192 1801 3252 animam
1842 3192 2162 3252 humanam
2211 3195 2569 3266 incorrupti-

189 3283 208 3324 ι
235 3280 330 3325 em
355 3279 513 3323 esse.

215 3337 439 3404 Adhuc,
472 3334 636 3392 nulla
663 3348 760 3392 res
784 3334 1183 3405 corrumpitur
1205 3343 1278 3390 ex
1306 3346 1377 3391 eo
1407 3332 1472 3389 in
1501 3346 1621 3405 quo
1648 3334 1929 3392 consistit
1957 3347 2068 3392 sua
2094 3334 2415 3406 perfecti03
2444 3334 2570 3392 baec

145 3408 310 3465 enim
339 3407 703 3464 mutationes
733 3410 876 3464 sunt
901 3405 1235 3471 contrariae,
1267 3403 1497 3461 scilicet
1536 3403 1613 3461 ad
1654 3404 2079 3486 perfectionem
2106 3409 2165 3461 et
2205 3405 2280 3461 ad
2324 3417 2567 3476 corrup-

145 3478 398 3536 tionem.
431 3475 721 3534 perfectio
751 3480 945 3533 autem
969 3476 1182 3533 animae
1207 3474 1482 3554 humanae
1504 3475 1784 3533 consistit
1804 3475 1868 3532 in
1896 3475 2295 3533 abstractione
2310 3475 2565 3556 quadam

151 3562 188 3606 a
212 3562 463 3619 corpore
489 3566 503 3616 ;
538 3546 838 3618 perficitur
868 3546 1027 3603 enim
1057 3546 1259 3603 anima
1276 3545 1528 3603 scientia
1544 3549 1603 3601 et
1621 3545 1835 3603 virtute
1859 3563 1874 3614 ς
1905 3545 2234 3603 secundum
2256 3546 2569 3603 scientiam

152 3623 352 3676 autem
411 3623 579 3674 tanto
633 3630 733 3673 ma
777 3616 831 3674 is
883 3616 1205 3696 perficitur,
1253 3621 1477 3698 quanto
1506 3615 1704 3687 magis
1732 3616 2154 3673 immaterialia
2182 3614 2526 3674 considerat
2555 3634 2570 3684 ;

151 3689 390 3747 virtutis
418 3693 617 3745 autem
641 3630 927 3760 perffectio
958 3685 1238 3744 consistit
1258 3699 1318 3743 in
1351 3687 1464 3744 boc
1503 3685 1665 3758 quod
1713 3685 1893 3744 homo
1945 3699 2015 3743 co
2129 3685 2215 3743 ris
2253 3686 2572 3757 passiones

151 3773 274 3817 non
305 3765 611 3840 sequatur,
645 3757 752 3816 sed
772 3770 876 3817 eas
890 3756 1238 3838 ‘secu-ndum
1259 3756 1552 3814 rationem
1581 3760 1867 3827 temperet
1890 3760 1948 3812 et
1975 3769 2037 3813 re
2067 3760 2249 3813 renet.
2278 3758 2407 3813 Non
2427 3769 2573 3828 ergo

153 3835 459 3902 corruptio
488 3828 704 3887 animae
734 3832 1013 3887 consistit
1049 3839 1112 3884 ln
1149 3826 1264 3884 boc
1292 3825 1452 3900 quod
1482 3842 1518 3885 a
1545 3839 1797 3898 corpore
1822 3831 2149 3897 separetur.

222 3902 284 3958 Si
315 3906 515 3958 autem
547 3899 777 3957 dicatur
806 3898 967 3972 quod
998 3896 1281 3969 perfectio
1320 3897 1535 3957 animae
1582 3896 1863 3956 consistit
1909 3897 1972 3953 in
2018 3895 2395 3977 separatione
2442 3894 2575 3968 ejus

151 3983 188 4028 a
211 3984 470 4042 corpore
498 3970 830 4028 secundum
857 3969 1285 4041 operationem,
1314 3968 1617 4038 corruptio
1647 3973 1847 4026 autem
1873 3966 2343 4047 inseparatione
2366 3979 2575 4024 secun-

152 4040 300 4099 dum
349 4054 508 4109 esse,
556 4054 679 4099 non
722 4039 1146 4098 convenienter
1186 4038 1475 4096 obviatur.
1528 4039 1573 4095 Ο
1617 4038 1803 4097 eratio
1859 4049 2021 4095 enim
2069 4051 2153 4093 rei
2208 4033 2576 4096 demonstrat

151 4111 558 4170 substantiam
585 4116 642 4167 et
668 4124 803 4169 esse
829 4111 1064 4183 ipsius3
1091 4108 1234 4182 quia
1259 4121 1568 4181 unumquo
1611 4123 1725 4181 que
1754 4112 2033 4179 operatur
2061 4106 2390 4166 secundum
2412 4108 2574 4181 quod

153 4188 246 4240 est
274 4195 410 4251 ens,
440 4187 500 4239 et
526 4182 766 4253 propi-ia
791 4182 1058 4252 operatio
1088 4180 1171 4238 rei
1221 4178 1492 4252 sequitur
1529 4178 1833 4261 propriam
1876 4178 1897 4236 i
1940 4178 2070 4235 sius
2118 4183 2410 4235 naturam.
2442 4181 2575 4237 Non

148 4257 356 4324 potest
382 4252 567 4324 igitur
586 4250 785 4333 pertici
811 4251 1077 4332 operatio
1108 4250 1362 4323 alicujus
1392 4249 1499 4312 rei,
1543 4249 1663 4307 nisi
1692 4262 1877 4330 secun
1923 4261 2023 4306 um
2068 4248 2230 4320 quod
2276 4247 2577 4320 perficitur

150 4323 287 4396 ejus
312 4323 671 4380 substantia.
698 4323 753 4380 Si
785 4322 969 4394 igitur
1005 4320 1205 4378 anima
1234 4318 1565 4382 secundum
1609 4324 2019 4392 operationem
2058 4332 2230 4378 suam
2274 4318 2577 4390 perficitur

149 4393 215 4452 in
243 4392 646 4466 relinquendo
674 4404 893 4463 corpus
920 4397 976 4449 et
1001 4405 1306 4463 corporea,
1335 4390 1675 4450 substantia
1699 4389 1897 4450 suain
1914 4402 2052 4451 esse
2073 4402 2191 4450 suo
2203 4402 2327 4448 non
2342 4389 2579 4448 deficiet

149 4477 264 4536 per
292 4464 412 4526 hoc
440 4462 602 4537 quod
631 4478 667 4523 a
694 4473 942 4536 corpore
969 4467 1293 4535 separatur.
