3076 5025
412 293 522 350 440
1283 285 1417 341 LIB.
1458 284 1557 346 111,
1597 283 1751 340 CAP.
1791 282 1981 340 CXXX.

409 411 731 471 inferiores
757 409 917 467 vires
947 413 1052 467 aut
1077 421 1183 479 per
1200 406 1654 478 occupationem
1684 405 1817 478 eJ'us
1844 404 2005 464 circa
2032 404 2184 465 alias
2212 402 2485 475 impediri
2512 404 2849 477 quominus

409 484 634 541 feratur
684 482 744 537 in
796 482 1002 548 Deum,
1049 477 1114 535 in
1158 486 1447 550 quantum
1473 477 1579 534 illa
1606 475 1682 534 ad
1707 483 1932 534 motum
1962 476 2183 534 mentis
2214 475 2276 532 in
2304 476 2488 532 Deum
2525 487 2649 532 non
2681 474 2848 532 ordi·

410 558 630 611 nantur
659 569 675 607 :
706 550 997 624 alioquin,
1028 561 1135 620 per
1161 548 1461 619 praedicta,
1492 561 1665 605 mens
1696 546 1961 605 hominis
1987 547 2061 604 ab
2088 545 2204 603 hoc
2232 544 2390 619 quod
2413 545 2644 603 seratur
2662 544 2853 604 libere

409 623 475 681 in
506 625 689 680 Deum
724 634 846 678 non
869 618 1191 690 impeditur
1220 617 1326 675 sed
1356 618 1550 689 magis
1571 617 1837 689 juvatur.

482 690 787 764 Siquidem
838 688 1291 760 occupationem
1338 687 1558 745 mentis
1600 687 1760 746 circa
1803 687 1922 746 alia
1967 687 2152 746 homo
2194 699 2316 744 non
2361 690 2561 757 potest
2595 685 2851 745 omnino

411 762 621 830 vitare,
657 774 763 833 per
790 761 905 818 hoc
932 758 1091 832 quod
1123 763 1356 829 oportet
1384 771 1518 816 eum
1552 758 1861 815 sollicitari
1890 758 2050 816 circa
2077 770 2147 814 ea
2175 771 2307 838 quae
2335 762 2478 816 sunt
2498 756 2853 815 necessaria

409 833 545 891 vitae
574 830 1049 901 corporali,sunt
1072 836 1270 886 tamen
1303 828 1481 900 hujus
1500 827 1929 886 sollicitudinis
1950 828 2012 885 in
2042 827 2388 886 hominibus
2411 826 2641 900 gradus
2672 827 2850 897 varii,

411 915 665 975 quorum
697 900 937 974 quidem
959 899 1191 971 primus
1211 898 1491 957 consistit
1538 897 1600 955 in
1634 898 1749 956 hoc
1776 899 1932 970 quod
1966 898 2146 956 homo
2176 898 2538 977 sollicitatur
2582 897 2752 956 circa
2778 911 2855 978 ea

413 986 545 1045 quae
575 977 718 1030 sunt
742 971 876 1028 vitae
896 970 1246 1041 corporalis,
1272 973 1561 1042 quantum
1589 968 1929 1027 communis
1951 968 2166 1026 modus
2187 969 2463 1026 humanae
2484 973 2624 1026 vitae
2643 981 2853 1040 reqm-

410 1043 512 1113 rit,
544 1047 611 1100 ut
645 1041 881 1099 scilicet
912 1039 1215 1112 provideat
1240 1039 1304 1097 in
1333 1039 1697 1098 necessariis
1726 1039 1866 1109 sibi,
1903 1039 2097 1107 uxori,
2130 1038 2294 1104 filiis,
2319 1044 2378 1096 et
2399 1038 2539 1096 aliis
2561 1036 2849 1108 personis

412 1111 489 1170 ad
532 1125 669 1169 eum
703 1109 1139 1182 pertinentibus
1180 1109 1510 1168 secundum
1559 1114 1993 1169 statum-suum
2022 1128 2037 1165 :
2070 1114 2129 1165 et
2159 1108 2255 1167 hic
2287 1109 2523 1181 quidem
2558 1107 2857 1167 sollicitu-

413 1181 576 1240 dinis
602 1182 825 1254 gradus
853 1181 1057 1239 licitus
1080 1185 1173 1240 est
1196 1185 1255 1237 et
1274 1180 1448 1252 quasi
1474 1178 1707 1237 homini
1735 1179 2170 1239 connaturalis.

481 1250 793 1310 Secundus
839 1255 1036 1309 autem
1080 1248 1304 1323 madus
1333 1255 1428 1308 est
1452 1263 1590 1308 cum
1614 1250 1796 1308 homo
1827 1249 2085 1321 amplius
2114 1248 2474 1307 sollicitatur
2501 1248 2669 1306 circa
2696 1261 2852 1321 prae·

414 1322 592 1391 dicta,
640 1333 819 1394 quam
865 1320 1205 1379 communis
1253 1320 1472 1378 modus
1502 1320 1779 1378 humanae
1807 1321 1942 1377 vitae
1970 1320 2236 1391 requirat
2258 1318 2594 1402 secundum
2623 1325 2851 1378 statum

411 1391 758 1463 proprium
791 1403 915 1448 non
959 1395 1158 1448 tamen
1200 1391 1329 1447 haec
1376 1390 1719 1449 sollicitudo
1764 1390 1827 1447 in
1867 1395 2096 1448 tantum
2134 1390 2420 1461 procedit,
2495 1390 2611 1447 uod
2665 1388 2851 1448 homo

414 1466 655 1534 propter
678 1461 871 1531 ipsam
905 1460 979 1519 ab
1007 1459 1217 1541 ordine
1262 1459 1364 1532 qui
1412 1467 1504 1517 est
1546 1461 1619 1541 in·
1656 1462 1840 1518 Deum
1887 1460 2141 1529 recedat,
2171 1404 2669 1540 transgrediendo
2700 1473 2851 1532 prae-

413 1537 587 1603 cepta
600 1531 854 1613 justitiae
883 1537 944 1589 et
968 1529 1255 1589 caritatis.
1287 1534 1351 1587 ln
1377 1530 1491 1587 hoc
1519 1529 1760 1602 quidem
1795 1537 2102 1602 peccatum
2142 1530 2524 1587 manifestum
2563 1536 2680 1599 est,
2712 1544 2851 1588 cum

412 1614 714 1674 propriam
743 1613 1086 1661 mensuram
1115 1600 1299 1659 homo
1322 1598 1606 1679 exceda13
1637 1606 1977 1659 nontamen
2006 1600 2275 1668 mortale,
2299 1600 2439 1672 quia
2459 1604 2673 1658 contra
2698 1614 2851 1671 prae·

414 1679 588 1743 cepta
608 1671 858 1744 justitiae
884 1675 946 1729 et
969 1671 1237 1730 caritatis
1265 1670 1415 1729 nihil
1454 1671 1719 1729 molitur.
1752 1672 1978 1729 Dicitur
2017 1676 2213 1728 autem
2285 1675 2551 1728 eccatum
2589 1670 2850 1741 veniale,

412 1742 585 1815 quasi
621 1741 791 1799 facile
806 1741 1188 1810 remissibile,
1217 1746 1342 1798 tum
1368 1741 1511 1813 qnia
1541 1742 1803 1799 manenti
1827 1742 1891 1799 in
1908 1741 2117 1799 ordine
2145 1740 2219 1799 ad
2284 1754 2438 1810 nem,
2471 1740 2523 1798 si
2544 1754 2716 1798 error
2740 1739 2850 1799 ali-

413 1811 554 1884 quis
579 1811 828 1879 accidat,
859 1810 931 1870 de
959 1810 1123 1869 facili
1151 1816 1310 1883 patet
1338 1812 1435 1870 via
1461 1812 1798 1884 dirigend1;
1829 1812 1987 1870 sicut
2027 1811 2089 1868 in
2120 1810 2392 1869 scientiis
2438 1811 2848 1882 speculativis,

413 1881 472 1939 si
500 1881 721 1953 aliquis
741 1880 920 1961 habet
944 1893 1144 1940 veram
1177 1883 1631 1953 conceptionem
1661 1882 1734 1939 de
1762 1880 2098 1954 principiis,
2129 1881 2201 1939 de
2232 1880 2391 1939 sacili
2418 1886 2617 1951 potest
2643 1894 2753 1952 per
2780 1895 2855 1940 ea

415 1952 716 2031 corrigere
739 1962 791 2031 ξι
816 1964 970 2024 quos
1000 1964 1234 2009 errores
1262 1951 1422 2008 circa
1448 1951 1874 2009 conclusiones
1903 1953 2179 2023 patiatur.
2204 1951 2370 2009 Finis
2412 1957 2608 2009 autem
2655 1952 2720 2009 in
2749 1965 2849 2010 ac—

412 2020 557 2079 uvis
584 2026 678 2077 est
703 2026 862 2078 sicut
885 2021 1241 2091 principium
1271 2021 1335 2079 in
1358 2023 1745 2092 speculativis
1777 2041 1791 2077 ε
1818 2028 1942 2079 tum
1972 2024 2148 2080 etiam
2175 2021 2317 2094 quia
2336 2022 2399 2079 in
2429 2022 2700 2080 amicitia
2725 2033 2847 2080 ma-

413 2090 582 2149 nenti
609 2088 686 2147 de
712 2090 873 2148 facili
901 2090 1223 2150 remittitur
1244 2089 1467 2163 siquid
1495 2091 1785 2164 deliquit;
1826 2097 1955 2149 turn
1999 2092 2176 2151 etiam
2217 2092 2361 2173 quia
2399 2104 2521 2149 non
2550 2097 2645 2149 est
2674 2091 2850 2152 facile

414 2160 668 2220 omnino
691 2158 935 2240 modum
961 2166 1164 2219 tenere
1193 2166 1255 2218 et
1283 2160 1345 2217 in
1395 2160 1565 2219 nullo
1606 2161 1910 2220 excedere.
1943 2162 2106 2220 Unde
2149 2176 2250 2235 qm
2295 2163 2560 2235 regulam
2592 2163 2850 2223 rationis

416 2244 550 2304 quae
571 2235 830 2288 sumitur
855 2243 928 2289 ex
949 2229 1069 2288 fine
1093 2243 1131 2289 a
1179 2230 1362 2288 corde
1382 2243 1496 2290 suo
1528 2244 1651 2291 non
1700 2232 1923 2304 abjicit,
1943 2232 2088 2290 licet
2110 2232 2175 2290 in
2220 2231 2316 2290 his
2362 2246 2494 2304 quae
2520 2246 2584 2290 re
2632 2232 2853 2293 ulanda

415 2306 560 2382 sunt
588 2313 708 2429 agn
736 2300 1080 2360 omnimode
1108 2300 1525 2359 rectitudinem
1546 2306 1762 2373 servet,
1791 2315 1914 2361 non
1942 2307 2038 2360 est
2061 2301 2317 2360 multum
2345 2303 2563 2374 culpan
2612 2316 2710 2374 us,
2739 2302 2849 2362 sed

412 2383 595 2429 venia
662 2384 863 2443 ugnus.

483 2441 717 2499 Tertius
762 2445 960 2500 autem
1010 2439 1235 2516 gradus
1285 2446 1400 2514 est,
1429 2456 1570 2501 cum
1624 2442 1971 2502 sollicitudo
2016 2442 2329 2517 praemissa
2358 2443 2421 2501 in
2475 2447 2711 2502 tantum
2747 2456 2850 2504 ex-

412 2512 633 2573 crescit
659 2511 822 2585 quod
869 2511 1075 2572 anima
1099 2511 1370 2572 omnimo
1398 2514 1472 2572 ab
1496 2511 1708 2572 ordine
1724 2514 1827 2587 qui
1856 2514 2036 2573 estin
2062 2516 2246 2573 Deum
2277 2514 2520 2584 recedit,
2543 2520 2675 2573 tran

412 2582 637 2642 diendo
665 2588 958 2656 praecepta
980 2583 1231 2656 justitiae
1259 2589 1321 2641 et
1346 2585 1637 2654 caritatis,
1660 2583 1820 2654 fidei,
1849 2590 1908 2644 et
1934 2585 2085 2656 spei,
2114 2585 2249 2643 sine
2279 2585 2501 2657 quibus
2524 2598 2700 2644 mens
2782 2598 2849 2643 o-

412 2653 601 2779 mitnis
626 2664 751 2711 non
780 2658 979 2725 potest
1010 2653 1277 2713 ordinari
1305 2654 1370 2712 in
1404 2656 1629 2712 Deum:
1658 2659 1721 2712 et
1757 2654 1875 2719 hnc
1915 2652 2232 2713 manifeste
2260 2660 2566 2726 peccatum
2598 2655 2851 2716 mortale

419 2861 433 2875 .
485 2795 745 2862 ertus
772 2798 971 2853 autem
985 2794 1209 2868 gradus
1236 2800 1349 2862 est,
1378 2795 1622 2868 quando
1645 2809 1680 2853 e
1699 2795 2000 2854 contrario
2020 2794 2368 2853 sollicitudo
2395 2795 2668 2855 hominis
2684 2796 2850 2855 sistit

411 2863 573 2921 infra
601 2877 980 2923 communem
1009 2865 1254 2924 modum
1284 2865 1563 2923 humanae
1586 2865 1759 2923 vitae:
1791 2864 1951 2938 quod
1980 2864 2243 2939 quidem,
2267 2866 2319 2923 si
2367 2880 2442 2922 ex
2487 2867 2849 2926 remissione

414 2933 599 2989 animi
647 2940 750 2991 aut
819 2949 896 2992 ex
944 2934 1145 3008 aliqua
1185 2935 1451 2994 indebita
1490 2936 1823 2994 intentione
1877 2933 2000 3004 fiat,
2042 2935 2117 2993 ad
2167 2935 2465 3008 ignaviam
2518 2944 2847 3008 reputatur.

414 3001 739 3075 Utrumque
765 3004 1430 3085 enim-transgrediendi
1477 3005 1740 3063 medium
1787 3004 2083 3076 culpabile
2129 3014 2239 3064 est.
2272 3006 2331 3064 Si
2365 3011 2561 3064 autem
2601 3007 2679 3065 ad
2712 3008 2847 3079 hoc,

411 3077 482 3130 ut
506 3072 686 3130 rebus
716 3073 1067 3135 melioribus
1094 3079 1355 3143 vacetur,
1385 3075 1619 3134 scilicet
1660 3081 1727 3139 ut
1774 3087 1947 3134 mens
1990 3076 2215 3134 feratur
2267 3076 2452 3133 libere
2499 3077 2573 3134 ad
2621 3077 2845 3147 divina,

408 3141 735 3214 perfectius
763 3149 856 3203 est
878 3144 1140 3204 humana
1169 3146 1381 3203 virtute
1413 3145 1522 3203 :ad
1556 3159 1735 3218 quam
1766 3146 2006 3219 quidem
2037 3146 2462 3218 perfectionem
2490 3147 2580 3204 sic
2609 3147 2846 3206 traden-

410 3211 807 3342 gffifflmini
840 3221 1136 3288 praecepta
1166 3215 1304 3274 data
1347 3228 1472 3274 non
1518 3216 1780 3287 fuerunt,
1810 3217 1920 3275 sed
1967 3217 2163 3291 magis
2205 3217 2466 3278 consilia
2509 3216 2586 3277 ad
2632 3231 2845 3290 provo-

676 3318 697 3342 Ο

1363 3471 1620 3540 CAPUT
1655 3472 1887 3537 CXXX.

907 3634 988 3683 ns
1026 3634 1310 3684 uouemus
1354 3635 1488 3689 oua
1529 3634 1771 3682 omna
1813 3635 1877 3681 m
1920 3633 2071 3681 usn
2111 3630 2347 3682 mmm.

483 3780 817 3854 occupatur
838 3785 1036 3841 autern
1057 3781 1322 3842 humana
1338 3782 1687 3843 sollicitudo
1715 3782 2048 3841 secundum
2072 3793 2453 3840 communem
2471 3779 2722 3841 modum
2739 3779 2840 3841 lm·

409 3863 603 3911 manae
630 3853 765 3911 vitae
788 3851 949 3911 circa
974 3853 1109 3912 tria.
1135 3854 1334 3912 Primo
1361 3853 1602 3927 quidem
1636 3853 1798 3913 circa
1839 3852 2138 3926 propriam
2155 3864 2494 3923 personam,
2525 3851 2670 3924 quid
2710 3855 2841 3925 agat

409 3928 517 4003 aut
543 3922 643 3981 ubi
671 3927 1093 3992 conversetur3
1128 3924 1395 3982 secundo
1422 3929 1623 3983 autem
1648 3924 1810 3983 circa
1826 3935 2119 3995 personas
2138 3921 2255 3981 sihi
2286 3921 2662 3994 conjunctaS,
2694 3935 2839 4003 prae·

406 4005 595 4120 {¹522
609 4006 856 4121 titggfegtt
874 3998 950 4122 gg
977 3992 1638 4125 gugffidtattffittissmcivfftss
1663 4007 1763 4054 res
1810 3993 2137 4052 exteriores
2178 3991 2587 4064 procurandas
2615 3990 2838 4065 quibus

1541 4083 1557 4122 ι
1643 4107 1660 4125 .

455 4131 567 4211 ,Αρί
591 4077 1013 4213 ampugtandam
1041 4133 1225 4206 igitur
1248 4134 1718 4194 sollicitudinem
1748 4134 1906 4194 circa
1934 4147 2034 4195 res
2060 4134 2388 4193 exteriores
2413 4132 2588 4214 datur
2616 4133 2682 4190 in
2708 4132 2838 4214 lege

409 4199 612 4280 diuina
634 4202 958 4283 consilium
984 4217 1100 4275 pau
1146 4205 1372 4274 ertatiS,
1402 4211 1470 4263 ut
1493 4206 1727 4263 scilicet
1753 4218 1852 4264 res
1879 4204 2060 4276 hujus
2093 4203 2300 4263 mundi
2351 4202 2591 4274 athcrat
2618 4202 2835 4284 quibus

409 4281 652 4350 animus
673 4286 804 4342 ejus
831 4273 1097 4332 sollicitu
1140 4274 1237 4332 ine
1266 4276 1468 4348 aliqua
1488 4275 1782 4345 implicari
1806 4280 2011 4347 posset
2038 4292 2053 4331 ε
2085 4274 2228 4333 hinc
2245 4279 2340 4333 est
2360 4273 2519 4345 quod
2546 4274 2837 4332 Dominus

405 4337 807 4423 dicit,ntatth.,
837 4353 960 4409 xrx,
989 4347 1053 4403 21
1087 4362 1102 4402 ε
1131 4344 1196 4402 Si
1209 4348 1293 4401 vis
1318 4349 1591 4415 perfectus
1609 4354 1743 4409 0⁸80,
1762 4345 1919 4411 vade,
1934 4343 2107 4406 vende
2124 4346 2310 4404 omnia
2332 4358 2452 4417 quae
2477 4343 2661 4407 habes,
2686 4347 2747 4403 et
2764 4340 2837 4403 da

403 4410 758 4481 pauperabit&
787 4415 843 4468 et
861 4415 1008 4487 veni,
1032 4429 1251 4492 sequere
1273 4431 1375 4478 me.
