3076 5025
365 305 503 372 ,290
1243 300 1411 356 τΜΒ.
1453 301 1552 369 111,
1593 301 1745 357 CAP.
1782 299 1960 359 XXVI.

361 423 719 554 {aazia
750 422 2833 567 ῗὲἓῑὲῖῗὲἓΜὲἒὲῗὲεὲῧὲἓεῗῃὲἒἳὶξῗέιιὲἒῖῧαῖἰξᾶἓὲἓῗὲηὲθῐὲἑὲἯὲᾱ

398 566 674 624 ultimum
721 564 900 622 finem
953 572 1012 622 et
1083 570 1280 636 ropter
1331 579 1397 623 se
1451 572 1702 623 tantum.
1751 569 1853 624 Est
1899 566 2083 640 igitur
2133 565 2437 625 beatitudo
2464 574 2523 625 et
2578 515 2833 629 felffcitas

399 637 610 696 ultima
632 636 954 708 quuslibet
975 650 1048 694 su
1093 636 1327 694 stantiae
1358 635 1780 695 intellectualis
1810 651 2176 709 cognoscere
2201 639 2409 694 Deum.

472 709 620 765 Hinc
663 713 754 764 est
798 706 958 779 quod
1003 707 1258 764 dicitur:
1304 709 1463 763 Beati
1503 709 1707 764 mundo
1734 709 1908 770 corde,
1942 711 2197 779 quoniam
2226 710 2337 779 ipsi
2361 712 2531 765 Deum
2572 711 2837 768 videbunt

402 779 621 850 (flattu.
678 791 738 847 v,
771 779 871 849 8),·
919 782 1008 834 et:
1045 780 1170 833 Haec
1215 782 1293 832 est
1325 780 1442 832 vita
1466 783 1675 835 aeterna
1714 784 1778 835 ut
1812 783 2134 849 cognoscant
2177 783 2228 834 te
2252 780 2425 836 solum
2451 784 2622 837 Deum
2645 797 2836 839 verum

421 854 581 906 Joan.
613 862 787 917 xvm,
816 848 890 921 3).
922 848 1068 905 Huic
1096 848 1274 905 etiam
1305 851 1617 907 sententiae
1643 850 1990 908 Aristoteles
2020 850 2243 924 (Ennia,
2274 862 2336 919 x,
2365 864 2416 907 c.
2453 851 2540 924 ιθ)
2572 866 2831 912 concor-

445 927 523 989 at,
555 920 654 977 ubi
673 920 946 1000 ultimam
974 919 1238 1001 hominis
1269 919 1610 1001 felicitatem
1644 921 1787 978 dicit
1810 935 1945 980 esse
1970 919 2399 993 speculativam
2431 927 2722 995 quantum
2749 924 2829 981 ad

401 990 875 1134 ερῗοξὶῖιῑιοῑιεω
918 997 1127 1062 opum!
1173 990 1582 1061 speculamus.
1628 991 1671 1063 (l
1716 997 1889 1064 part„
1937 1008 1995 1067 q.
2026 1005 2149 1062 m,
2181 995 2291 1050 art.
2321 995 2393 1063 33
2426 998 2486 1051 et
2520 996 2645 1065 1-11,
2678 1009 2737 1067 q.
2779 1008 2825 1057 1,

1364 1211 1618 1276 CAPUT
1657 1213 1870 1276 XXVI.

726 1391 877 1446 QUOD
935 1388 1235 1437 FELICITAS
1289 1390 1354 1436 m
1397 1349 1554 1438 xAG'I’IJ
1608 1393 1974 1441 VOLUNTA'I'IS
2025 1394 2148 1443 NON
2198 1394 2515 1443 conemur.

476 1557 628 1627 Quia
675 1569 816 1615 vero
846 1554 1267 1613 intellectualis
1311 1556 1649 1614 substantia
1694 1571 1807 1616 sua
1834 1558 2181 1631 operatione
2208 1558 2495 1631 pertingit
2522 1557 2599 1615 ad
2624 1560 2845 1629 Deum,

401 1643 528 1689 non
576 1627 772 1686 solum
817 1625 1229 1708 intelligendO,
1263 1626 1367 1683 sed
1396 1642 1501 1698 per
1538 1633 1733 1684 actum
1766 1630 1945 1687 etiam
1974 1630 2301 1687 voluntatis
2345 1628 2740 1687 desiderando
2778 1636 2845 1687 et

405 1700 661 1760 amando
692 1699 707 1755 i
755 1711 890 1755 sum
919 1703 974 1754 et
1004 1710 1231 1778 inipso
1256 1697 1710 1755 delectationem
1741 1700 2037 1769 habendO,
2058 1705 2256 1772 potest
2274 1699 2452 1757 alicui
2472 1700 2842 1772 videriquod

401 1771 652 1831 ultimus
746 1769 839 1826 nis
885 1774 944 1825 et
980 1768 1192 1824 ultima
1237 1768 1397 1824 hom·
1449 1769 1502 1826 is
1533 1768 1787 1828 felicitas
1816 1785 1939 1829 non
1968 1771 2047 1829 sit
2076 1771 2136 1828 in
2169 1771 2592 1844 cognoscendo
2621 1772 2812 1828 Deum

403 1843 511 1902 sed
556 1842 751 1912 magis
798 1841 861 1895 in
908 1838 1164 1896 amando
1211 1839 1304 1895 vel
1442 1853 1561 1911 quo
1610 1840 1729 1899 alio
1776 1848 1909 1899 actu
1953 1842 2281 1901 voluntatis
2328 1855 2393 1900 se
2442 1840 2718 1900 habendo
2761 1855 2800 1900 a

402 1913 602 1986 ipsum
631 1930 646 1982 ;
679 1910 974 1981 praecipue
1004 1923 1188 1981 quum
1220 1909 1516 1980 obiectum
1548 1912 1872 1970 voluntatis
1891 1909 1970 1970 s'it
1997 1913 2243 1976 bonum,
2272 1912 2433 1985 quod
2466 1912 2642 1969 habet
2663 1912 2845 1970 ratio-

402 1997 541 2042 nem
589 1982 766 2063 finis3
796 1994 999 2038 verum
1051 1984 1269 2042 autem,
1304 1980 1463 2051 quod
1502 1987 1595 2038 est
1624 1982 1921 2054 objectum
1952 1983 2314 2052 intellectuS,
2350 1997 2472 2041 non
2504 1983 2719 2041 habeat
2748 1996 2841 2041 ra-

400 2056 627 2112 tionem
660 2052 821 2121 finis,
853 2051 969 2109 nisi
1000 2050 1063 2107 in
1093 2055 1381 2123 quantum
1410 2056 1469 2107 et
1494 2052 1623 2123 ipse
1652 2059 1744 2109 est
1771 2054 2016 2111 bonum.
2042 2054 2204 2111 Unde
2237 2067 2357 2111 non
2384 2053 2618 2111 videtur
2650 2053 2839 2113 homo

403 2124 692 2253 consequi
732 2124 1008 2181 ultimum
1053 2120 1234 2178 finem
1270 2135 1377 2193 per
1422 2128 1620 2179 actum
1668 2123 2030 2188 intellectus,
2080 2125 2187 2183 sed
2238 2124 2433 2198 magis
2480 2138 2587 2195 per
2633 2129 2837 2183 actum

400 2209 478 2253 vo
506 2195 754 2253 untatis.

473 2270 758 2332 Praeterea,
807 2262 1017 2321 ultima
1121 2262 1329 2343 rfectio
1371 2265 1739 2334 operationis
1771 2270 1864 2323 est
1902 2265 2237 2335 delectam,
2274 2280 2407 2337 quae
2430 2265 2671 2347 perficit
2694 2280 2839 2337 ope-

401 2338 716 2405 rationem,
770 2335 928 2392 sicut
955 2349 1034 2406 pu
1060 2333 1334 2391 chritudo
1371 2334 1765 2406 juventutem,
1799 2342 1862 2393 ut
1893 2336 2295 2408 Philosophus
2325 2336 2472 2394 dicit
2501 2335 2736 2409 (Ethic.‚
2769 2348 2833 2406 x,

402 2423 458 2466 c.
505 2407 580 2480 4).
627 2408 682 2465 Si
732 2405 915 2478 igitur
941 2406 1202 2477 perfecta
1241 2405 1510 2475 operatio
1541 2411 1632 2464 est
1659 2406 1905 2464 ultimus
1932 2407 2093 2476 finis,
2126 2407 2360 2464 videtur
2433 2406 2549 2464 uod
2581 2406 2834 2466 ultimus

403 2478 544 2538 finis
576 2478 768 2551 magis
800 2477 880 2534 sit
899 2476 1229 2535 secundum
1260 2477 1667 2547 operationem
1693 2478 2018 2536 voluntatis
2049 2492 2227 2551 quam
2258 2479 2403 2537 intel
2431 2484 2619 2536 ectuS.

475 2551 690 2617 Adhuc,
709 2548 1021 2605 delectatio
1051 2547 1282 2604 videtur
1311 2548 1392 2604 ita
1419 2556 1659 2619 propter
1689 2562 1753 2606 se
1785 2549 2107 2607 desiderari
2140 2550 2298 2623 quod
2321 2563 2629 2621 nunquam
2652 2561 2836 2621 prop-

400 2626 496 2680 ter
520 2621 682 2678 aliud
707 2638 723 2690 ς
753 2619 1002 2677 stultum
1048 2619 1330 2698 enim-est
1357 2633 1621 2690 quaerere
1657 2619 1730 2677 ab
1760 2620 1961 2693 aliquo
1986 2634 2169 2693 quare
2197 2621 2338 2678 velit
2364 2619 2665 2678 delectari.
2693 2622 2838 2679 Haec

401 2698 604 2752 autem
634 2695 727 2748 est
754 2689 1017 2747 conditio
1037 2689 1228 2747 ultim1
1261 2686 1420 2757 finis,
1466 2696 1528 2746 ut
1556 2690 1785 2747 scilicet
1815 2696 2054 2762 propter
2100 2705 2164 2750 se
2208 2697 2527 2765 quaeratur.
2570 2693 2672 2749 Est
2716 2691 2839 2764 igi-

400 2768 502 2893 timi·
532 2763 781 2821 ultimus
821 2759 963 2819 finis
1002 2760 1199 2832 magis
1231 2760 1294 2817 in
1341 2761 1685 2832 operatione
1716 2761 2039 2820 voluntatis
2066 2776 2245 2835 quam
2267 2762 2628 2831 intellectus,
2653 2765 2717 2818 ut
2744 2761 2837 2819 vi-

445 2850 476 2892 e
506 2849 593 2892 ur.
2290 2876 2293 2879 .

473 2908 625 2973 Itan,
656 2904 718 2960 in
746 2903 1009 2975 appetitu
1036 2901 1233 2960 ultimi
1255 2901 1393 2959 finis
1422 2902 1681 2960 maxime
1704 2916 1916 2961 omnes
1945 2902 2332 2973 concordant,
2360 2917 2545 2985 quum
2566 2903 2647 2961 sit
2664 2907 2839 2962 natu-

402 2977 570 3035 raliS.
619 2974 830 3031 Plures
873 2978 1070 3031 autem
1114 2978 1390 3044 quaerunt
1436 2973 1890 3031 delectationem
1938 2988 2115 3055 quam
2166 2972 2593 3047 cognitionem.
2638 2974 2835 3047 Magis

400 3047 588 3120 igitur
613 3045 849 3101 videtur
875 3058 1010 3102 esse
1036 3043 1175 3101 finis
1206 3043 1519 3101 delectatio
1546 3058 1726 3116 quam
1755 3045 2042 3117 cognitio.

472 3117 748 3187 Amplius,
792 3115 1069 3173 voluntas
1105 3114 1338 3171 videtur
1378 3128 1512 3172 esse
1553 3116 1728 3173 altior
1766 3116 2033 3187 potentia
2060 3129 2238 3188 quam
2268 3115 2641 3185 intellectus;
2685 3129 2833 3175 nam

401 3190 681 3247 voluntas
727 3192 924 3244 movet
969 3185 1336 3242 intellectum
1383 3185 1456 3242 ad
1503 3185 1722 3255 finem;
1755 3186 2094 3244 intellectus
2118 3187 2278 3243 enim
2323 3192 2459 3244 actu
2485 3185 2839 3245 considerat

402 3274 535 3333 quae
585 3258 791 3316 habitu
837 3261 1015 3325 tenet,
1065 3270 1248 3328 quum
1280 3256 1499 3328 aliquis
1529 3257 1807 3314 voluerit.
1834 3258 2003 3314 Actio
2032 3257 2218 3329 igitur
2239 3256 2563 3314 voluntatis
2591 3256 2832 3315 videtur

400 3329 664 3389 nobilior
681 3342 858 3402 quam
879 3330 1036 3385 actio
1068 3326 1425 3385 intellectus,
1446 3327 1635 3399 Magis
1659 3327 1844 3400 igitur
1868 3327 2103 3385 videtur
2120 3327 2366 3386 ultimus
2392 3327 2552 3397 finis,
2580 3341 2715 3400 quae
2736 3332 2837 3387 est

348 3405 351 3408 ’
400 3400 727 3469 beatitud0‚
758 3399 1088 3457 consistere
1117 3399 1178 3454 in
1204 3403 1338 3455 actu
1368 3398 1695 3455 voluntatis
1714 3412 1892 3470 quam
1922 3398 1984 3455 in
2014 3403 2151 3456 actu
2179 3397 2540 3473 intellectus.

474 3475 598 3530 Hoc
626 3476 822 3529 autem
854 3483 990 3527 esse
1020 3469 1396 3539 impossibile
1422 3469 1739 3526 manifeste
1773 3468 2134 3527 ostenditur.

474 3545 668 3611 Quum
701 3542 858 3598 enim
884 3540 1189 3597 beatitudo
1220 3541 1298 3597 sit
1365 3540 1627 3611 roprium
1651 3539 1873 3597 bonum
1904 3539 2327 3597 intellectualis
2356 3544 2604 3608 naturae,
2644 3551 2831 3610 opor-

399 3619 484 3673 tet
519 3612 679 3687 quod
717 3611 1048 3670 secundum
1084 3610 1148 3668 in
1194 3611 1316 3667 inte
1344 3611 1580 3667 lectuali
1627 3616 1853 3669 naturae
1881 3611 2197 3669 conveniat
2223 3609 2384 3683 quod
2425 3616 2517 3668 est
2545 3609 2659 3668 sibi
2688 3623 2832 3682 pro-

399 3686 616 3757 prium.
666 3683 973 3755 Appetitus
1019 3687 1216 3739 autem
1262 3694 1386 3738 non
1432 3686 1523 3737 est
1574 3683 1878 3752 proprium
1930 3681 2351 3740 intellectualis
2408 3686 2654 3745 naturae,
2716 3680 2826 3739 sed

400 3756 684 3813 omnibus
713 3755 893 3812 rebus
919 3754 1098 3821 inest,
1128 3753 1268 3810 licet
1293 3752 1374 3809 sit
1410 3752 1808 3809 diversimode
1832 3753 1895 3808 in
1925 3752 2180 3810 diversis
2204 3770 2218 3821 ;
2249 3766 2381 3824 quae
2410 3757 2609 3809 tamen
2632 3750 2826 3809 diver·

400 3826 552 3884 sitas
596 3825 860 3897 procedit
907 3838 979 3882 ex
1023 3824 1137 3881 boc
1183 3822 1343 3896 quod
1374 3836 1470 3879 res
1498 3822 1897 3880 diversimode
1925 3836 1989 3880 se
2017 3822 2239 3880 habent
2270 3822 2341 3879 ad
2373 3821 2783 3895 cognitionem
2807 3840 2827 3879 z

400 3910 532 3967 quae
556 3897 713 3953 enim
745 3894 993 3953 omnino
1026 3893 1371 3966 cognitione
1394 3897 1598 3949 carent
1628 3893 2185 3965 habentappetitum
2209 3894 2537 3950 naturalem
2560 3898 2826 3963 tantum;

400 3980 532 4037 quae
559 3980 701 4024 vero
731 3967 952 4024 habent
965 3965 1368 4038 cognitionem
1393 3964 1763 4034 sensitivam,
1785 3970 1840 4020 et
1857 3965 2180 4035 appetitum
2207 3964 2558 4022 sensibilem
2580 3963 2825 4034 habent,

399 4035 513 4094 sub
543 4051 661 4109 quo
707 4036 1029 4094 irascibilis
1061 4040 1119 4092 et
1160 4034 1652 4104 concupiscibilis
1681 4034 2102 4101 continentur;
2135 4048 2268 4108 quae
2294 4048 2436 4092 vcro
2469 4034 2693 4092 habent
2720 4045 2823 4094 co·

397 4106 729 4179 gnitionem
756 4106 1198 4175 intellectivam,
1229 4111 1288 4161 et
1315 4105 1637 4176 appetitum
1667 4104 1998 4178 cognitioni
2025 4106 2543 4176 proportionatum
2571 4104 2815 4174 babent,

398 4176 629 4235 scilicet
671 4177 1056 4236 voluntatem.
1099 4177 1386 4234 Voluntas
1432 4176 1634 4247 igitur,
1678 4175 2007 4234 secundum
2038 4175 2197 4247 quod
2229 4182 2320 4234 est
2348 4176 2664 4256 appetitus,
2699 4186 2823 4232 non

398 4250 492 4305 est
536 4248 837 4319 proprium
872 4247 1293 4306 intellectualis
1340 4252 1585 4309 naturae,
1613 4247 1718 4304 sed
1749 4246 1945 4304 solum
1977 4247 2308 4303 secundum
2352 4245 2510 4319 quod
2541 4245 2613 4303 ab
2644 4244 2825 4303 intel—

396 4316 554 4376 lectu
587 4317 913 4388 dependet;
946 4319 1282 4376 intellectus
1310 4323 1506 4374 autem
1538 4317 1869 4375 secundum
1908 4331 1973 4375 se
2002 4317 2281 4388 proprius
2310 4323 2401 4375 est
2426 4314 2827 4373 intellectuali

395 4392 644 4445 naturae.
666 4389 973 4447 Beatitudo
1001 4390 1184 4461 igitur
1208 4389 1301 4446 vel
1332 4387 1586 4447 felicitas
1615 4389 1676 4444 in
1697 4394 1832 4445 actu
1859 4387 2199 4446 intellectus
2228 4387 2506 4446 consistit
2533 4385 2826 4446 substan-

395 4457 617 4519 tialiter
641 4464 704 4517 et
722 4459 1130 4532 principaliter
1148 4460 1342 4533 magis
1370 4473 1551 4532 quam
1578 4461 1642 4517 in
1672 4464 1808 4519 actu
1835 4458 2180 4518 voluntatis.
