3076 5025
1026 282 1160 342 ΠΒ.
1197 283 1273 355 11,
1311 283 1464 342 CAP-
1502 283 1734 343 xcvnl.
2480 289 2594 345 253

147 414 240 469 est
269 405 725 467 intellectualis.
754 406 887 465 Non
917 409 1117 465 autem
1146 409 1241 465 est
1272 405 1563 477 possibile
1603 404 1749 479 quin
1800 404 1934 465 istae
1985 404 2415 467 similitudines
2462 408 2589 469 sint

146 479 379 552 plures,
405 476 697 550 quiajam
724 481 1040 536 ostensum
1075 476 1356 547 estquod
1386 477 1573 535 totius
1600 475 1761 534 entis
1795 476 2157 536 universalis
2199 478 2459 549 perfecta
2500 480 2587 538 si-

146 548 433 610 militudo
467 560 605 606 esse
632 559 754 605 non
783 551 982 618 potest
1007 546 1128 605 nisi
1156 544 1409 604 infinita.
1437 546 1602 604 Sicut
1628 551 1825 605 autem
1851 552 2066 606 natura
2101 547 2453 608 substantiae
2490 563 2588 609 se-

143 626 374 694 paratae
403 630 530 676 non
559 622 655 675 est
679 614 937 687 infinita,
966 616 1075 675 sed
1098 616 1437 686 terminata,
1468 616 1553 674 ita
1594 616 1926 676 similitudo
1971 617 2371 691 intelligibilis
2408 619 2473 678 in
2515 633 2591 679 ea

146 690 423 751 existens
464 701 587 747 non
624 690 984 760 potestesse
1016 685 1271 756 infinita,
1297 687 1405 746 sed
1433 686 1755 768 terminata
1773 686 2137 769 tid-aliquam
2181 690 2444 761 speeiem
2492 692 2586 749 vel

224 773 347 819 nus
375 759 557 818 entis.
590 757 754 816 Unde
781 756 857 815 ad
881 769 1014 817 com
1060 756 1479 816 rehensioiiem
1522 762 1712 816 totius
1752 761 1911 817 entis
1956 759 2341 830 requiruntur
2382 760 2588 833 plures

144 774 503 903 {ejusmoni
528 826 976 909 similitudines.
1006 771 1253 908 (guanto,
1287 832 1486 909 autem
1542 827 1749 909 aliqua
1786 827 2125 910 substantia
2176 836 2452 902 separata
2495 838 2591 891 est

147 900 453 975 superior,
484 904 651 958 tanto
675 911 806 969 elus
840 903 1056 957 natura
1081 902 1175 956 est
1198 898 1412 957 divinae
1442 902 1670 956 naturae
1698 897 1987 969 similior;
2016 903 2077 956 et
2102 898 2238 959 ideo
2263 906 2356 959 est
2383 902 2587 962 minus

147 975 483 1040 contracta,
513 974 718 1040 utpote
751 968 1149 1042 propinquius
1177 967 1468 1028 accedens
1492 969 1568 1027 ad
1595 980 1706 1027 ens
1749 968 2107 1040 universale,
2153 970 2481 1042 perfectum
2528 979 2592 1031 et

148 1041 404 1105 bonum,
473 1044 534 1099 et
627 1043 827 1111 ropter
881 1039 997 1098 hoc
1052 1038 1549 1098 universaliorem
1592 1038 1836 1098 boniet
1883 1039 2042 1097 entis
2068 1041 2587 1112 participationem

149 1111 422 1182 liabens;
453 1116 514 1169 et
536 1053 674 1169 idteo
702 1108 1133 1169 similitudines
1160 1109 1576 1181 intelligibiles
1601 1109 1664 1167 in
1693 1107 2033 1169 substantia
2058 1122 2129 1169 su
2175 1112 2355 1170 eriori
2395 1113 2589 1173 exsis-

149 1186 373 1252 tentes,
399 1187 547 1240 sunt
572 1180 776 1238 minus
803 1179 1211 1252 multiplicatae
1237 1184 1298 1238 et
1332 1180 1528 1253 magis
1574 1178 1967 1239 universales.
2014 1181 2083 1238 Et
2173 1193 2246 1239 oc
2287 1185 2381 1241 est
2425 1182 2591 1255 quod
2678 1200 2684 1204 ·

151 1252 483 1326 Dionysius
507 1250 655 1323 (σαι.
688 1252 937 1321 Hier.,c.
956 1255 1024 1309 12
1076 1249 1406 1323 dicitquod
1436 1249 1637 1323 angeli
1660 1250 2003 1322 superiores
2033 1250 2254 1310 habent
2273 1253 2591 1313 scientiam

151 1324 354 1396 magis
382 1320 818 1380 universalem·
851 1326 909 1378 et
935 1320 1002 1378 in
1052 1320 1183 1380 ibro
1212 1324 1292 1378 De
1315 1322 1496 1378 causis
1535 1320 1694 1393 (lect.
1744 1320 1835 1393 to)
1884 1320 2104 1380 dicitur
2150 1321 2313 1395 quod
2366 1321 2591 1382 intelli·

153 1394 376 1525 gemite
410 1392 755 1474 superiores
804 1365 1028 1472 liabent
1072 1391 1300 1450 formas
1345 1390 1544 1473 magis
1588 1390 2336 1473 universalesssummum
2388 1398 2591 1455 autem

198 1462 507 1538 ujusmodl
537 1460 1004 1522 universalitatis
1024 1462 1198 1521 estin
1226 1464 1369 1532 Deo,
1395 1475 1498 1534 qui
1522 1474 1629 1533 per
1646 1473 1856 1530 unum,
1876 1461 2110 1520 scilicet
2127 1476 2236 1533 per
2261 1465 2590 1525 essentiam

155 1546 356 1604 suam,
387 1534 596 1593 omnia
619 1532 968 1605 cognoscit;
1004 1531 1277 1593 infimum
1306 1537 1505 1591 autem
1551 1530 1970 1612 inintellecta
2017 1531 2304 1604 humano,
2359 1534 2462 1608 qui
2513 1535 2592 1596 ad

155 1604 630 1735 unugiquodque
680 1601 1061 1675 intelligibile
1112 1601 1344 1677 indiget
1385 1600 1589 1674 specie
1624 1601 1990 1675 intelligibili
2008 1603 2252 1676 propria
2271 1608 2332 1663 et
2359 1604 2418 1663 ei
2439 1617 2594 1668 coae·

156 1689 359 1806 quNon
389 1749 488 1804 est
529 1745 717 1818 igitur
748 1756 859 1826 per
899 1743 1127 1805 formas
1153 1743 1622 1804 universaliores
1652 1743 1810 1815 apud
1836 1742 2209 1804 substantias
2246 1745 2592 1818 superiores

155 1816 509 1889 imperfecta
537 1813 826 1887 cognitio,
856 1813 1015 1873 sicut
1059 1814 1216 1886 apud
1265 1827 1418 1884 nos;
1447 1828 1556 1887 per
1591 1814 2049 1874 similitudinem
2077 1815 2239 1874 enim
2286 1818 2594 1890 animalis,

153 1900 264 1959 per
291 1899 475 1961 quam
498 1885 929 1957 cognoscimus
955 1883 1185 1956 aliquid
1211 1884 1275 1942 in
1346 1897 1523 1943 eriere
1550 1889 1806 1954 tantum,
1834 1884 2336 1959 imperfectiorem
2381 1888 2592 1960 cogni·

155 1956 384 2016 tionem
433 1955 726 2015 habemus
776 1967 956 2027 quam
1003 1969 1110 2026 per
1154 1955 1292 2014 simi
1320 1955 1610 2014 itudinem
1666 1955 1955 2023 hominis,
1982 1968 2089 2029 per
2141 1970 2323 2030 quam
2374 1970 2593 2032 cogno·

154 2028 389 2088 scimus
435 2026 697 2098 speciem
725 2024 1079 2106 completam
1108 2041 1124 2094 ;
1149 2038 1516 2098 cognoscere
1545 2025 1704 2108 enim
1735 2025 1965 2107 aliquid
2012 2027 2346 2087 secundum
2394 2042 2593 2103 genus

156 2102 390 2158 tantum
422 2101 517 2155 est
542 2108 910 2168 cognoscere
937 2096 1279 2167 imperfecte
1310 2101 1371 2153 et
1396 2109 1568 2169 quasi
1600 2109 1663 2153 in
1694 2101 1982 2168 potentia,
2001 2110 2369 2170 cognoscere
2388 2104 2592 2161 autem

155 2169 221 2228 in
248 2167 454 2241 specie
481 2173 575 2226 est
601 2178 968 2239 cognoscere
994 2166 1250 2237 perfecte
1276 2166 1418 2225 etin
1436 2172 1595 2225 actu.
1624 2167 1967 2226 intellectus
1986 2174 2184 2227 autem
2204 2174 2430 2239 noster,
2447 2172 2596 2244 quia

155 2237 436 2299 infimum
481 2237 733 2310 gradum
760 2240 923 2295 tenet
965 2236 1029 2294 in
1073 2236 1430 2295 substantiis
1465 2236 1994 2308 intellectualibus,
2024 2237 2174 2298 adeo
2204 2240 2592 2310 particulatas

159 2308 593 2369 similitudines
607 2307 868 2388 requirit·
881 2305 1044 2388 quod
1062 2307 1388 2389 unicuique
1406 2306 1805 2380 cognoscibili
1832 2308 2075 2389 proprio
2093 2314 2326 2390 oportet
2346 2323 2595 2383 respon-

158 2380 301 2440 dere
332 2379 634 2451 propriam
687 2376 1144 2437 similitudinem
1188 2390 1252 2435 in
1288 2390 1459 2449 ipso;
1487 2377 1648 2437 unde
1691 2391 1798 2450 per
1823 2378 2280 2438 similitudinem
2308 2381 2592 2442 animalis

161 2462 285 2510 non
314 2449 633 2532 cognoscit
660 2446 973 2518 rationale,
997 2453 1058 2505 et
1083 2461 1189 2520 per
1217 2460 1597 2522 consequens
1623 2461 1734 2507 nec
1761 2448 2088 2519 hominem,
2110 2449 2230 2509 nisi
2258 2451 2591 2514 secundum

161 2521 327 2596 quid.
358 2520 701 2580 Similitudo
746 2522 947 2577 autem
992 2518 1393 2591 intelligibilis
1420 2533 1555 2591 quae
1582 2523 1675 2578 est
1720 2519 1786 2577 in
1834 2519 2173 2579 substantia
2199 2526 2472 2593 separata
2499 2530 2593 2583 est

160 2590 621 2651 universalioris
671 2589 930 2653 virtutis,
962 2589 1037 2647 ad
1072 2588 1252 2670 plura
1294 2588 1779 2660 repraesentanda
1821 2588 2157 2658 sufficiens,
2197 2596 2258 2649 et
2298 2591 2435 2650 ideo
2466 2606 2591 2653 non

161 2663 308 2722 facit
335 2661 837 2733 imperfectiorem
861 2658 1289 2741 cognitionem,
1311 2659 1423 2740 sed
1446 2659 1858 2741 perfectiorem
1880 2678 1895 2729 3
1919 2666 2020 2741 ‚est
2045 2660 2205 2719 enim
2233 2662 2592 2723 universalis

163 2733 384 2791 virtute
418 2732 493 2790 ad
523 2731 765 2790 modum
794 2730 1002 2789 formae
1046 2735 1281 2802 agentis
1305 2742 1371 2787 in
1397 2742 1584 2788 causa
1611 2731 1957 2800 universali,
1986 2743 2121 2803 quae
2162 2737 2387 2804 quanto
2414 2732 2593 2794 fuerit

160 2802 586 2872 universalior,
617 2805 784 2861 tanto
811 2800 887 2859 ad
913 2800 1088 2873 plura
1110 2813 1177 2858 se
1204 2798 1469 2859 extendit
1494 2803 1557 2858 et
1582 2799 1888 2862 efficacius
1915 2800 2208 2872 producit.
2239 2804 2351 2860 Per
2377 2802 2593 2862 simili·

159 2873 436 2933 tudinem
481 2873 666 2946 igitur
711 2883 889 2953 unam
942 2870 1258 2944 cognoscit
1301 2874 1362 2928 et
1403 2869 1627 2953 animal
1672 2875 1733 2930 et
1760 2869 2140 2952 differentias·
2156 2871 2458 2941 animalis,
2488 2880 2593 2933 aut

163 2944 346 3003 etiam
397 2941 817 3002 universaliori
864 2940 1044 3000 modo
1078 2946 1138 2998 et
1174 2945 1580 3006 contractiori.
1631 2941 1965 3001 secundum
2010 2942 2285 3002 ordinem
2312 2943 2593 3004 substan·

157 3014 382 3074 tiarum
429 3012 865 3085 praedictarum.
915 3011 1196 3085 Exempla
1240 3011 1425 3093 igitur
1471 3011 1677 3085 hujus,
1722 3017 1788 3069 ut
1827 3011 2052 3071 dictum
2090 3017 2206 3085 est,
2247 3014 2314 3073 in
2352 3014 2594 3077 duobus

161 3084 447 3143 extremis
492 3083 760 3156 accipere
806 3095 1152 3155 possumus,
1212 3082 1445 3141 scilicet
1484 3082 1549 3140 in
1593 3082 1900 3165 intellectu
1950 3082 2156 3144 divino
2194 3088 2256 3142 et
2300 3084 2588 3146 humano.

161 3157 325 3214 Deus
370 3154 531 3213 enim
574 3167 678 3226 per
729 3165 936 3223 unum,
967 3153 1128 3226 quod
1166 3158 1259 3212 est
1302 3164 1416 3211 sua
1455 3158 1741 3223 essentia,
1772 3154 2089 3226 cognoscit
2126 3153 2372 3224 omnia;
2408 3156 2593 3216 homo

162 3230 364 3285 antem
394 3224 467 3284 ad
498 3223 734 3304 diversa
758 3222 1181 3305 cognoscenda
1205 3221 1475 3282 diversas
1501 3222 1931 3304 similitudines
1952 3224 2223 3297 requirit,
2243 3226 2391 3298 quin
2411 3227 2591 3287 etiam

159 3300 391 3369 quanto
437 3294 670 3353 altioris
703 3294 880 3352 fuerit
903 3293 1264 3376 intellectus,
1292 3298 1460 3353 tanto
1488 3308 1563 3352 ex
1588 3294 1978 3366 paucioribus
2023 3294 2195 3366 plura
2222 3309 2591 3367 cognoscere

159 3362 1847 3508 {333330251233333233332‘321222‘⁶⁸¹1¹1ffi3l⁸di1¹13⁰“⁰‘
1892 3365 2163 3437 ³¹⁶m⁹¹³
2207 3366 2593 3439 P³f²³⁰⁰¹⁸f¹⁰

235 3507 432 3576 Quum
489 3509 686 3564 autem
718 3504 1056 3564 substantia
1099 3509 1393 3578 separata,
1422 3505 1487 3564 in
1535 3517 1651 3565 sua
1695 3508 1912 3566 natura
1958 3504 2359 3578 considerata,
2408 3507 2491 3567 sit
2524 3509 2591 3567 in
2681 3531 2693 3558 ,-

159 3577 436 3649 potentia
462 3576 537 3634 ad
565 3575 996 3635 similitudines
1039 3574 1260 3648 quibus
1305 3580 1497 3636 totum
1525 3588 1636 3635 ens
1680 3580 2102 3649 cognoscatur,
2132 3590 2257 3637 non
2301 3581 2393 3637 est
2438 3579 2594 3637 aesti-
2676 3597 2681 3600 ·

159 3647 453 3706 mendum
524 3646 644 3706 uod
673 3645 754 3705 sit
778 3645 1078 3705 denudata
1104 3646 1181 3705 ab
1203 3646 1487 3706 omnibus
1514 3646 1862 3718 hujusmodi
1891 3647 2391 3707 similitudinibus
2416 3666 2432 3717 ;
2464 3649 2592 3709 liaec

161 3717 328 3776 enim
356 3722 452 3776 est
477 3661 796 3790 gispositio
824 3715 1164 3775 intellectus
1207 3716 1521 3789 possibilis
1571 3721 1891 3799 antequam
1933 3717 2251 3791 intelligat,
2281 3722 2348 3777 ut
2375 3717 2595 3779 dicitur

161 3787 266 3860 (De
279 3790 488 3852 anima,
512 3799 603 3859 111,
627 3789 771 3846 text.
792 3798 1011 3846 comm.
1044 3786 1154 3859 14).
1171 3788 1370 3860 Neque
1397 3792 1493 3846 est
1517 3793 1697 3846 etiam
1725 3787 2141 3847 aestimandum
2169 3788 2330 3861 quod
2358 3789 2593 3862 aliquas

162 3870 372 3939 earum
404 3858 618 3939 habeat
645 3857 711 3940 in
737 3863 896 3939 ectu,
937 3860 996 3938 et
1024 3856 1176 3918 alias
1202 3856 1267 3916 in
1309 3857 1578 3930 potentia
1618 3862 1849 3917 tantum
1873 3874 1891 3929 3
1915 3858 2081 3940 sicut
2108 3859 2357 3918 materia
2395 3860 2596 3940 prima

159 3940 232 3988 in
283 3928 639 4000 corporibus
692 3926 1083 3987 inferioribus
1137 3926 1316 3986 habet
1371 3940 1554 3987 unam
1608 3928 1863 3988 formam
1909 3933 2005 3986 in·
2028 3932 2188 4000 actu,
2216 3933 2276 3986 et
2328 3928 2480 3988 alias
2526 3931 2593 3989 in

158 3998 467 4072 potentia;
511 3998 686 4057 etsie
712 3999 1055 4058 intellectus
1076 3997 1392 4080 possibilis
1433 4001 1660 4068 noster,
1695 4011 1880 4073 quum
1902 3997 2028 4071 jam
2064 4012 2277 4058 sumus
2306 3999 2590 4073 scientes,

157 4073 261 4127 est
292 4071 429 4128 actu
459 4069 792 4127 secundum
839 4069 1045 4141 aliqua
1071 4068 1497 4142 intelligibilia,
1525 4068 1858 4128 secundum
1888 4069 2010 4129 alia
2040 4082 2183 4129 vero
2210 4070 2276 4129 in
2303 4071 2591 4141 potentia.

162 4139 363 4208 Quum
399 4139 560 4197 enim
590 4138 711 4197 illae
738 4138 1089 4198 substantiae
1117 4143 1404 4210 seperatae
1432 4150 1558 4198 non
1584 4143 1938 4200 moveantur
1959 4153 2153 4213 neque
2172 4153 2279 4211 per
2301 4152 2368 4199 se
2400 4154 2596 4215 neque

156 4222 271 4282 per
297 4211 603 4280 accidens,
650 4212 718 4268 ut
741 4215 1053 4269 ostensum
1082 4213 1176 4268 est
1195 4208 1269 4280 (e.
1303 4209 1416 4282 97),
1448 4221 1629 4268 omne
1669 4209 1831 4283 quod
1857 4214 1951 4269 est
1994 4210 2061 4269 in
2100 4210 2192 4271 eis
2221 4210 2285 4268 in
2329 4212 2600 4282 potentia

159 4283 403 4352 oportet
446 4292 585 4338 esse
629 4277 692 4338 in
740 4284 914 4349 actu3
962 4279 1115 4338 alias
1156 4279 1399 4360 exirent·
1425 4279 1500 4338 de
1526 4279 1795 4362 potentia
1840 4279 1907 4340 in
1934 4283 2153 4351 ectum,
2184 4285 2243 4339 et
2275 4280 2367 4340 sic
2393 4295 2597 4342 move·

156 4355 375 4411 rentur
400 4363 509 4423 per
530 4362 598 4409 se
619 4347 714 4407 vel
741 4363 847 4421 per
868 4348 1168 4409 accidens.
1188 4352 1291 4408 Est
1319 4350 1504 4423 igitur
1528 4363 1596 4409 in
1621 4350 1714 4409 eis
1739 4351 2008 4423 potentia
2024 4356 2085 4410 et
2110 4356 2281 4411 aetus
2304 4359 2595 4425 quantum

156 4419 240 4482 ad
282 4433 425 4484 esse
472 4418 875 4494 intelligibile,
904 4419 1064 4480 sicut
1105 4419 1171 4479 in
1214 4420 1571 4493 corporibus
1608 4418 1963 4483 coelestibus
2005 4426 2296 4497 quantum
2344 4423 2421 4482 ad
2457 4435 2596 4483 esse
