3076 5025
430 246 534 300 562
1246 237 1380 293 ΠΒ.
1420 238 1510 303 IV,
1553 238 1703 292 GAP.
1786 237 2057 292 XXXVIII.

501 364 720 423 Adhuc,
752 360 889 418 dato
918 359 1078 433 quod
1106 372 1365 430 persona
1391 363 1555 415 esset
1582 357 1742 415 aliud
1770 357 1843 414 ab
1875 357 2183 430 hypostasi
2210 333 2382 414 <serbi
2419 356 2525 413 Dei
2556 356 2650 413 vel
2680 356 2875 415 homi-

433 433 555 564 sis
579 428 1709 573 2²33.¹’ss?33{13l23.‘¹3.ff3ff¹:2‘323‘2tall
1719 426 2873 571 ’ἐίξῗῧὲἕέἓῧῗὲῐὲῖέἓιὲἓᾟὲᾞῖἱὲῑ

435 588 588 634 nens
617 572 834 629 addere
857 576 1071 642 potest.
1100 584 1284 642 quum
1359 570 1661 642 ypostasis
1677 570 1756 627 sit
1775 569 2155 640 potissimum
2180 568 2241 625 in
2259 582 2477 641 genere
2501 568 2865 626 substantie

432 646 595 719 quod
625 643 839 701 dicitur
868 641 1206 699 substantia
1231 640 1443 711 prima.
1478 640 1538 698 Si
1566 640 1750 712 igitur
1777 640 1921 696 unio
1965 639 2123 697 sacta
2166 644 2256 696 est
2293 637 2626 695 secundum
2668 652 2874 708 perso·

435 729 576 775 nam
605 719 665 771 et
693 726 816 769 non
844 713 1175 769 secundum
1214 710 1607 792 hypostasim,
1636 710 1907 783 sequitur
1935 709 2091 783 quod
2126 722 2246 767 non
2275 709 2355 767 sit
2382 709 2537 766 facta
2568 709 2717 765 unio
2746 709 2865 766 nisi

437 784 771 911 securliqdum
794 782 1057 864 aliquam
1080 786 1495 853 proprietatem
1522 780 1948 839 accidentalem
1971 798 1987 849 ;
2017 780 2177 853 quod
2203 780 2414 837 iterum
2436 779 2593 836 redit
2622 778 2687 836 in
2712 792 2870 837 erro-

437 869 566 915 rem
646 859 870 910 estorn.
2176 860 2182 867 ·

506 928 616 982 Am
656 926 781 991 lius,
814 919 1068 994 cyrillus
1095 920 1258 990 dicit,
1288 921 1351 977 in
1381 921 1640 991 Epistola
1663 922 1736 980 ad
1769 921 2129 991 Nestorium,
2160 934 2294 994 quae
2330 923 2424 978 est
2462 920 2525 977 in
2572 920 2867 991 ephesina

437 997 599 1068 Syno
642 1009 681 1052 o
709 992 1071 1064 approbata:
1106 992 1383 1064 «Siquis
1414 1005 1534 1049 non
1590 991 1905 1050 confitetur
1950 991 2115 1049 carni
2160 990 2493 1049 secundum
2540 991 2876 1049 subsisten-

435 1066 579 1125 tiam
611 1066 842 1123 unitum
884 1077 956 1120 ex
1002 1065 1140 1143 Deo,
1166 1064 1336 1120 Patre
1379 1063 1655 1125 Verbum,
1705 1076 2009 1143 unumque
2058 1075 2196 1120 esse
2237 1061 2539 1120 Christum
2585 1074 2722 1119 cum
2754 1075 2872 1118 sua

438 1150 640 1204 carne,
666 1132 940 1192 eumdem
966 1132 1239 1190 videlicet
1257 1135 1442 1192 Deum
1471 1133 1730 1191 simulet
1757 1134 2083 1196 hominem.
2111 1133 2430 1190 anathema
2451 1133 2533 1189 sit
2560 1149 2628 1200 »;
2659 1136 2716 1188 et
2746 1133 2872 1189 fere

438 1207 683 1279 ubique,
714 1205 773 1262 in
806 1202 1195 1276 synodalibus
1224 1203 1485 1275 scriptiS,
1512 1204 1629 1262 hoc
1662 1203 1850 1262 errori
1877 1203 2132 1261 Nestorii
2160 1203 2494 1275 deputatur,
2530 1202 2636 1275 qui
2663 1202 2871 1273 posuit

437 1278 593 1337 duas
623 1278 686 1332 in
714 1274 947 1332 Christo
976 1273 1353 1346 hypostases.

509 1350 794 1408 Praeterea,
819 1346 1221 1402 Damascenus
1249 1344 1313 1400 in
1330 1343 1509 1402 tertio
1537 1343 1691 1401 libro
1720 1342 1872 1416 (cap.
1902 1344 1992 1417 12)
2025 1344 2208 1402 dicit:
2251 1363 2284 1395 α
2312 1344 2394 1400 Ex
2420 1341 2660 1400 duabus
2687 1348 2867 1422 natu·

440 1418 527 1477 ris
554 1415 829 1488 perfectis
858 1414 1110 1472 dicimus
1157 1426 1291 1472 esse
1333 1415 1549 1471 factam
1577 1414 1879 1483 unionem,
1913 1428 2037 1473 non
2079 1412 2412 1473 secundum
2440 1426 2775 1484 prosopon,
2807 1411 2869 1471 td

442 1494 535 1546 est
563 1499 900 1559 personam,
933 1489 1000 1543 ut
1028 1484 1133 1542 Dei
1169 1484 1450 1542 inimicus
1493 1484 1635 1541 dicit
1676 1485 2004 1553 NestoriuS,
2052 1484 2157 1544 sed
2201 1483 2533 1542 secundum
2578 1483 2869 1564 hyposta-

441 1559 556 1617 sim
587 1578 640 1611 ».
673 1555 834 1613 Unde
859 1559 1030 1631 patet,
1046 1568 1325 1625 expresse
1351 1554 1511 1627 quod
1542 1555 1668 1614 haec
1689 1556 1801 1613 suit
1824 1556 2045 1627 positio
2073 1554 2350 1625 Nestorii,
2377 1552 2652 1612 confiteri
2685 1565 2872 1612 unam

441 1640 759 1700 personam
791 1633 850 1682 et
876 1626 1026 1682 duas
1057 1626 1433 1697 hypostases.

510 1701 663 1766 Item,
693 1696 1034 1769 hypostasis
1077 1702 1135 1752 et
1162 1695 1537 1776 suppositum
1567 1698 1800 1766 oportet
1825 1695 1984 1752 idem
2015 1708 2188 1765 esse;
2218 1708 2355 1753 nam
2397 1694 2469 1752 de
2495 1694 2690 1766 prima
2723 1694 2873 1753 sub-

442 1769 685 1836 stantia,
711 1781 845 1839 quae
871 1771 965 1824 est
990 1765 1354 1837 hypostaS1S,
1394 1766 1601 1824 omnia
1624 1766 1744 1823 alia
1770 1765 2183 1837 praedicantur,
2214 1765 2443 1823 scilicet
2471 1769 2532 1822 et
2561 1765 2871 1823 universa·

440 1837 525 1896 lia
551 1838 613 1894 in
643 1850 860 1910 genere
889 1836 1236 1894 substantiae
1265 1841 1323 1892 et
1368 1836 1719 1905 accidentia,
1766 1834 2095 1893 secundum
2144 1834 2597 1906 Philosophum.
2632 1835 2875 1905 (Praedi-

440 1921 619 1976 cam.,
657 1921 785 1978 cap.
820 1908 899 1962 De
929 1905 1147 1971 subst.)
1177 1906 1236 1962 Si
1266 1905 1450 1977 igitur
1472 1906 1538 1962 iu
1567 1906 1799 1964 Christo
1826 1905 1947 1964 sint
1971 1905 2104 1963 duae
2128 1905 2506 1978 hypostases,
2525 1919 2632 1977 per
2660 1919 2872 1963 conse-

440 1990 635 2052 quens
665 1982 722 2033 et
745 1976 865 2033 duo
895 1977 1226 2045 supposita.

509 2047 729 2114 Adhuc,
759 2045 811 2103 si
835 2045 1094 2125 yerhum
1118 2051 1175 2102 et
1205 2044 1386 2103 homo
1415 2045 1515 2104 ille
1554 2047 1870 2118 supposito
1896 2044 2198 2114 differunt,
2241 2051 2475 2117 oportet
2508 2045 2694 2119 quod,
2726 2060 2871 2116 sup·

521 2117 638 2174 sito
686 2115 928 2173 homine
959 2115 1084 2181 illo,
1116 2127 1239 2171 non
1285 2123 1659 2187 supponatur
1705 2116 1959 2175 Verbum
2004 2117 2129 2183 Dei,
2173 2129 2284 2174 nec
2328 2131 2363 2174 e
2408 2130 2724 2174 converso.
2754 2116 2873 2175 Sed

482 2186 739 2245 istinctis
767 2184 1114 2255 suppositis,
1144 2198 1392 2243 necesse
1421 2190 1513 2242 est
1540 2191 1601 2241 et
1626 2200 1698 2242 ea
1725 2199 1859 2255 quae
1900 2187 1974 2241 de
2009 2186 2157 2257 ipsis
2204 2186 2483 2245 dicuntur
2525 2186 2823 2260 distingui
2849 2205 2867 2256 ;

438 2270 579 2317 nam
607 2257 920 2327 supposito
945 2254 1211 2313 hominis
1248 2268 1370 2312 non
1410 2254 1774 2313 subveniunt
1809 2254 2094 2326 praedicta
2133 2257 2450 2328 praedicata
2496 2256 2716 2325 divina,
2748 2257 2870 2315 nisi

435 2331 679 2401 propter
701 2326 976 2393 Verbum,
1001 2338 1194 2397 neque
1215 2340 1248 2381 e
1276 2339 1589 2384 converso.
1619 2326 1944 2396 separatim
1961 2325 2144 2398 igitur
2161 2325 2508 2396 accipienda
2537 2334 2713 2384 erunt
2731 2340 2869 2399 quae

439 2398 513 2457 de
540 2396 769 2455 Christo
800 2395 863 2453 in
891 2395 1209 2467 Scripturis
1230 2393 1511 2453 dicuntur
1560 2395 1759 2453 divina
1786 2395 2016 2454 scilicet
2036 2402 2093 2453 et
2116 2396 2396 2466 humana,
2414 2397 2574 2468 quod
2617 2402 2711 2454 est
2728 2412 2871 2455 con·

437 2474 531 2528 tra
557 2465 913 2526 sententiam
943 2466 1165 2540 cyrilli,
1194 2465 1258 2523 in
1284 2466 1522 2540 synodo
1551 2465 1987 2536 confirmatam,
2035 2465 2287 2526 dicentis
2320 2482 2334 2520 z
2378 2466 2442 2523 Si
2467 2470 2594 2538 quis
2618 2471 2869 2538 pet-som

437 2540 652 2612 duabus
675 2540 761 2595 vel
781 2539 1164 2600 subsistentiis,
1188 2537 1274 2593 vel
1299 2553 1389 2595 ecs
1413 2553 1532 2609 quse
1554 2543 1684 2594 stant
1707 2540 1769 2593 in
1792 2539 2115 2607 evanqelicis
2142 2542 2195 2593 et
2221 2539 2530 2608 apostolicis
2553 2540 2863 2609 scriptio-ts

436 2611 689 2680 impartit
707 2623 875 2672 voces,
901 2612 999 2664 aut
1019 2608 1086 2664 de
1113 2607 1323 2666 Christo
1361 2624 1398 2664 a
1424 2611 1628 2665 sanctis
1652 2607 1828 2665 dictas
1868 2613 1966 2664 aut
1992 2609 2062 2664 ab
2108 2609 2227 2678 ipso
2268 2608 2335 2664 de
2378 2624 2453 2675 se,
2501 2614 2556 2665 et
2594 2609 2864 2679 quasdam

433 2680 660 2752 quidem
709 2679 855 2735 velut
907 2679 1116 2734 homini
1134 2719 1151 2747 ,
1201 2681 1402 2750 praeter
1448 2679 1593 2735 illud
1643 2694 1712 2734 ear
1765 2681 1874 2735 Deo
1918 2679 2154 2735 Verbum
2171 2721 2187 2745 ,
2236 2680 2548 2750 specialiter
2595 2682 2863 2737 intellecto

435 2766 474 2876 {a
551 2751 718 2875 licat&
745 2748 1015 2821 quasdam
1062 2763 1190 2806 vero
1232 2750 1380 2806 velut
1431 2752 1541 2808 Deo
1575 2750 1829 2808 decibiles
1864 2749 1970 2806 soli
2013 2764 2086 2807 cm
2127 2751 2238 2808 Deo
2284 2752 2450 2806 Patre
2498 2750 2693 2815 Verbo,
2721 2767 2859 2807 m-

502 2836 621 2876 ema
642 2835 669 2875 8
720 2861 735 2876 .

501 2891 782 2961 Amplius,
817 2888 1148 2948 secundum
1177 2889 1534 2971 positionem
1558 2889 1917 2961 praedictam,
1965 2905 2039 2948 ea
2082 2904 2215 2964 quae
2254 2890 2445 2949 Verbo
2485 2890 2593 2948 Dei
2643 2903 2858 2949 conve·

434 2960 611 3018 niunt
634 2974 741 3040 per
767 2963 1061 3029 naturam,
1087 2959 1161 3017 de
1188 2960 1294 3016 illo
1323 2959 1566 3019 homine
1596 2973 1717 3017 non
1751 2961 2091 3018 dicerentur
2129 2961 2246 3019 nisi
2274 2975 2380 3031 per
2406 2961 2727 3032 quamdam
2770 2974 2860 3020 as-

437 3031 829 3089 sociationem
856 3030 920 3087 in
948 3044 1069 3088 una
1096 3044 1355 3102 persona
1381 3048 1396 3100 ;
1426 3030 1542 3089 hoc
1589 3031 1750 3090 enim
1797 3032 1846 3089 si
1898 3031 2097 3090 nificat
2128 3031 2431 3105 replicatio
2479 3031 2851 3103 interposita,

436 3113 622 3174 quum
646 3100 737 3159 sic
762 3106 1113 3171 exponunt:
1147 3102 1336 3158 Homo
1361 3100 1464 3158 ille
1487 3101 1709 3158 creavit
1749 3103 1860 3159 stet
1888 3116 1976 3170 as,
2006 3100 2066 3160 id
2106 3108 2199 3159 est
2241 3102 2422 3160 Filius
2465 3102 2593 3171 Dei,
2623 3103 2721 3183 qui
2768 3107 2860 3160 est

433 3171 618 3228 homo
644 3170 773 3239 ille3
803 3174 863 3227 et
890 3171 979 3229 sic
1007 3170 1079 3228 de
1108 3170 1242 3229 aliis
1272 3170 1650 3242 hujusmodi;
1688 3172 1865 3240 unde,
1907 3183 2091 3244 quum
2121 3172 2336 3230 dicitur
2366 3187 2380 3226 ε
2413 3174 2606 3229 Homo
2633 3174 2733 3230 ille
2762 3179 2855 3231 est

435 3242 617 3308 Deus,
645 3241 734 3298 sic
763 3240 1160 3314 intelligitur:
1190 3240 1442 3299 Verbum
1470 3242 1592 3310 Dei,
1621 3242 1724 3313 qui
1769 3248 1863 3299 est
1896 3242 2077 3300 homo
2110 3242 2234 3314 ille,
2278 3245 2438 3300 Deus
2484 3243 2699 3300 existit.
2742 3244 2851 3300 Hu-

423 3310 692 3383 jusmodi
723 3315 920 3369 autem
949 3311 1285 3369 locutiones
1307 3311 1666 3369 condemnat
1694 3313 1965 3384 cyrillus,
1998 3312 2203 3371 dicens
2235 3328 2250 3367 ς
2298 3314 2362 3370 St'
2398 3315 2523 3383 quis
2568 3312 2731 3370 audet
2768 3313 2848 3367 di-

433 3396 548 3507 m
575 3385 912 3507 cggtttmmptmn
933 3381 1204 3506 ⁸{torrn'nem
1223 3382 1857 3524 αάοναῃῷοιῖἓέεἴηέηῡεί
1881 3384 2052 3511 Ver-ela)
2079 3384 2566 3510 {cmlgroecart'tg
2603 3399 2663 3439 co
2731 3384 2845 3466 pel-

434 3521 532 3577 hoc
568 3467 1018 3605 ὑιεείἱὶαἰφὲζερἰῆ,
1064 3527 1115 3578 et
1158 3538 1269 3579 non
1310 3524 1488 3592 manis
1529 3539 1646 3579 una
1687 3524 2005 3580 adoratione
2029 3469 2770 3596 Ιισπᾚβεᾶιῗιῖιωαηαεὶωη
2795 3493 2848 3579 α’

430 3606 599 3719 {inam
620 3593 1140 3717 ᾜωήβσαειοπεηι
1167 3593 1390 3650 adhibet
1411 3593 1708 3650 secundum
1735 3595 1880 3665 quod
1903 3597 2115 3664 factum
2140 3600 2221 3653 est
2253 3610 2382 3653 caro
2428 3596 2684 3660 Verbum,
2712 3609 2841 3652 cnc-

501 3733 785 3796 Pmterea,
811 3730 868 3789 si
895 3731 1078 3813 homo
1095 3732 1224 3814 ille,
1254 3734 1586 3815 supposito,
1617 3739 1709 3795 est
1734 3734 1893 3793 aliud
1922 3751 1958 3795 a
1985 3736 2090 3795 Dei
2138 3736 2350 3807 Verbo,
2380 3749 2506 3795 non
2552 3737 2747 3807 potest
2772 3732 2841 3793 ad

471 3816 750 3860 ersonam
789 3803 957 3860 Verbi
987 3809 1284 3876 pertinere
1329 3806 1445 3864 nisi
1487 3820 1593 3877 per
1633 3815 1839 3864 assum
1882 3808 2108 3864 tionem
2151 3821 2271 3879 qua
2314 3812 2665 3878 assumptus
2697 3810 2839 3864 esta

426 3815 639 3930 Ber-bo,
669 3872 783 3930 Sed
813 3872 929 3932 hoc
947 3879 1039 3955 est
1059 3874 1326 3956 alienum
1362 3890 1400 3934 a
1425 3882 1589 3936 recto
1615 3890 1809 3958 sensu·
1831 3821 1999 3946 eden
2029 3876 2247 3935 dicitur
2273 3877 2428 3935 enim
2472 3878 2535 3934 in
2564 3875 2840 3949 ephesina

427 3941 689 4014 Synodo,
728 3958 803 4002 ex
829 3943 1023 4002 verbis
1053 3945 1263 4004 Felicis
1290 3959 1457 4018 papae
1483 3954 1543 4005 et
1570 3954 1845 4021 martyris
1883 3966 1901 4006 ε
1951 3947 2232 4005 eredimus
2287 3951 2349 4004 in
2392 3951 2563 4004 neum
2612 3951 2839 4002 nostran

425 4010 628 4084 Iesum,
662 4013 729 4069 de
752 4016 967 4082 vimine
1001 4017 1187 4072 Μανία
1227 4021 1441 4085 natum,
1471 4020 1604 4088 quia
1637 4021 1755 4089 ipse
1785 4022 1865 4075 est
1890 4021 1992 4074 Det·
2031 4020 2390 4089 sempiternus
2414 4019 2611 4082 Filius,
2642 4023 2692 4073 et
2724 4017 2837 4073 Va·-

427 4079 575 4165 bufm,
605 4090 658 4139 et
679 4099 789 4141 non
815 4085 970 4142 homo
995 4101 1034 4142 a
1074 4088 1184 4143 Deo
1209 4092 1536 4158 assumptus,
1568 4092 1633 4145 ut
1675 4090 1814 4144 alter
1852 4091 1927 4144 sit
1947 4093 2146 4159 praeter
2172 4090 2366 4155 illurn-3
2395 4103 2568 4159 neque
2595 4090 2734 4144 enim
2756 4086 2836 4142 lto·

425 4164 627 4208 manem
650 4158 942 4227 assumpsit
959 4158 1060 4214 Dei
1083 4157 1275 4222 Filius,
1306 4163 1369 4214 ut
1395 4161 1468 4214 sit
1486 4160 1627 4215 alter
1649 4164 1848 4230 praeter
1874 4161 2087 4230 ipsum
2111 4160 2206 4215 sect
2232 4163 2375 4217 Deus
2390 4163 2626 4217 existens
2641 4157 2832 4231 perseo·

424 4224 535 4284 tus.
572 4223 754 4289 factus
780 4229 945 4284 simul
970 4232 1023 4285 et
1047 4228 1201 4285 homo
1222 4231 1515 4301 perfectus,
1547 4232 1866 4286 incarnatus
1890 4235 1971 4286 est
1997 4231 2064 4286 de
2100 4231 2345 4300 Vin-qim.

493 4293 648 4356 Item.
676 4308 808 4365 quae
833 4303 976 4356 sunt
1000 4299 1172 4371 plura
1211 4301 1546 4382 supposito,
1585 4301 1930 4381 simpliciter
1956 4301 2129 4371 plura
2155 4309 2317 4369 sunt,
2348 4315 2461 4359 nec
2487 4307 2628 4359 sunt
2656 4309 2828 4357 unum

426 4361 548 4427 nisi
576 4366 905 4431 secundum
954 4369 1120 4443 quid.
1152 4369 1215 4433 Si
1256 4378 1436 4447 lg'ltur
1479 4385 1543 4431 m
1581 4369 1813 4466 Christo
1859 4377 2002 4433 sunt
2042 4372 2161 4435 duo
2214 4373 2544 4447 supposita,
2574 4371 2831 4445 sequitur
