3076 5025
1261 247 1479 338 'o‘nno
1515 278 1779 338 mun.

313 423 410 464 non
445 409 642 475 incipiat
691 420 799 461 cnm
847 419 1062 474 corpore,
1100 409 1187 463 sed
1235 409 1380 463 fuerit
1420 411 1479 466 ab

313 484 509 534 aterno.
1386 483 1479 536 224

377 552 499 604 can.
530 561 746 603 Lxxxrv.
764 577 827 591 --
854 549 1036 603 solutio
1059 550 1292 603 rationum
1321 554 1481 606 contra

312 619 599 689 superiorem
627 618 994 671 conclusionem.
1243 632 1248 635 ·
1385 622 1480 675 229

372 691 497 743 Cn.
529 701 727 744 Lxxxv.
763 714 826 733 -=-
856 688 989 749 Quod
1013 691 1167 743 anima
1199 704 1293 743 non
1322 694 1398 743 est
1421 691 1480 744 de

312 760 572 814 substantia
598 760 704 813 Dei.
1387 763 1479 819 230

373 832 497 883 cat».
519 841 736 884 Lxxxvt.
752 857 816 873 -
833 831 965 893 Quod
987 831 1140 884 anima
1161 832 1363 885 hnmana
1386 843 1482 884 non

309 902 579 954 moneatur
605 914 712 954 cum
739 902 934 956 semine.
1385 904 1481 956 232

374 972 500 1024 car.
542 982 779 1027 untur.
825 998 888 1013 --
914 970 1046 1031 Quod
1090 972 1241 1025 anima
1281 973 1484 1025 hnmana

311 1042 593 1107 producatur
604 1042 656 1093 in
670 1054 777 1094 esse
794 1054 822 1095 a
842 1042 938 1095 Deo
955 1054 1042 1106 per
1068 1043 1368 1097 creationem.
1388 1045 1480 1096 233

375 1113 496 1166 ω.
527 1123 786 1165 ιωνιιι.
818 1139 879 1150 -
905 1112 1128 1166 Rationes
1154 1116 1314 1165 contra
1333 1113 1485 1166 deter-

312 1183 535 1235 minatam
560 1181 824 1234 veritatem.
1388 1185 1479 1235 234

373 1254 499 1306 Can.
531 1263 749 1304 umx.
790 1277 853 1292 -
889 1251 1232 1319 Responsiones
1266 1252 1325 1305 ad
1358 1267 1482 1320 prte-

373 1395 498 1447 Csn.
536 1405 623 1446 xc·
661 1421 723 1432 —
761 1394 894 1455 Quod
927 1392 1044 1447 nulli
1072 1393 1156 1446 alii
1182 1394 1367 1459 corpori
1388 1395 1482 1447 nisi

309 1465 513 1517 humano
553 1463 713 1517 unitur
755 1463 1014 1516 substantia
1056 1463 1386 1516 intellectualis
1429 1468 1483 1516 ut

308 1535 477 1587 forma.
1384 1535 1481 1587 240

370 1604 498 1657 CAP-
528 1613 640 1658 και.
666 1629 727 1641 -
754 1602 886 1665 Quod
916 1606 1028 1655 sunt
1058 1602 1228 1668 aliqnae
1265 1602 1482 1655 substan-

308 1674 391 1727 tiae
415 1673 756 1727 intellectuales
780 1673 1057 1739 corporibus
1080 1685 1178 1725 non
1204 1674 1366 1726 unitae.
1387 1675 1482 1725 242

371 1743 495 1797 Cat>-
546 1754 680 1797 xcn.
723 1769 786 1783 -—
827 1743 892 1794 De
921 1741 1220 1795 multitudine
1263 1742 1481 1795 snbstan-

307 1814 477 1866 tiarum
503 1817 838 1879 separatarum.
1387 1811 1478 1864 244

372 1885 495 1937 Can.
530 1895 684 1936 xum.
714 1909 775 1921 -
798 1880 932 1943 Quod
956 1881 1228 1936 substantiae
1255 1886 1481 1948 separatae

309 1967 407 2007 non
432 1959 543 2006 sunt
563 1953 724 2006 multae
747 1953 888 2006 unius
912 1951 1108 2020 speciei.
1386 1954 1480 2006 246

372 2026 496 2077 cal».
532 2036 674 2077 xcxv.
719 2051 781 2063 -
808 2023 940 2084 Quod
980 2023 1239 2077 substantia
1267 2027 1480 2090 separata

309 2099 359 2147 et
384 2095 537 2147 anima
561 2108 658 2148 non
680 2097 794 2149 sunt
814 2094 955 2147 unius
986 2094 1181 2160 speciei.
1385 2096 1477 2148 247

370 2167 495 2219 ΟΔΡ.
524 2175 645 2217 xcv.
679 2191 742 2204 -
766 2162 1008 2225 Quomodo
1044 2162 1301 2228 accipiatur
1331 2177 1480 2229 genus

304 2242 356 2289 et
380 2236 567 2302 species
597 2237 648 2287 in
672 2234 948 2288 substantiis
980 2234 1226 2300 separatis.
1384 2234 1477 2286 248

367 2309 495 2360 Can.
524 2318 669 2359 xcvi.
700 2331 762 2345 —
791 2305 924 2366 Quod
950 2302 1219 2356 subeuntia.
1252 2307 1500 2369 separatas⁷

303 2390 400 2431 non
411 2374 649 2440 accipiunt
665 2371 978 2436 cognitionem
994 2383 1052 2422 ex
1066 2366 1478 2423 sensibilibus&

369 2446 494 2498 CAP.
526 2454 694 2497 xuvn.
720 2467 782 2479 -
806 2440 938 2500 Quod
962 2439 1229 2491 intellectus
1253 2436 1476 2489 substan-

309 2517 390 2569 tiae
446 2517 673 2581 separatae
717 2522 901 2576 semper
938 2512 1045 2563 actu
1086 2507 1323 2572 intelligit.
1385 2506 1479 2559 250

370 2586 493 2638 Car.
525 2592 714 2635 xcvut.
736 2607 797 2619 -—
833 2578 963 2640 Quod
991 2590 1083 2631 una
1109 2577 1367 2631 substantia
1393 2589 1476 2631 se-

310 2659 478 2723 parata
501 2651 723 2716 intelligit
747 2650 903 2703 aliam.
1384 2650 1475 2702 251

370 2727 497 2780 Can.
525 2733 668 2776 xcrx.
696 2748 756 2761 -
791 2719 925 2782 Quod
947 2718 1221 2773 substantias
1251 2723 1480 2785 separatae

310 2793 567 2852 materialia
590 2794 896 2858 cognoscunt.
1385 2790 1478 2843 255

372 2869 496 2920 can.
531 2876 581 2916 c.
630 2890 690 2903 -
736 2862 871 2924 Quod
922 2858 1195 2917 substantiis
1253 2864 1480 2927 separate

309 2938 600 3004 cognoscunt
620 2930 891 3001 singularia.
1385 2933 1480 2985 255

370 3010 495 3061 Cu».
538 3017 612 3060 ει.
639 3030 716 3046 7--
750 3003 915 3059 Utrum
945 3000 1217 3057 substantia
1255 3002 1481 3066 separatas

309 3077 515 3134 naturali
556 3074 825 3142 cognitione
871 3073 1156 3138 cognoscant
1209 3070 1365 3124 omnia
1411 3070 1480 3122 si·

312 3150 427 3202 mul.
1386 3142 1476 3194 257

659 3249 831 3298 mm
864 3246 1127 3295 TERTIUS.

373 3362 553 3414 csrm·
595 3367 824 3410 ramma.
867 3381 928 3393 -
967 3353 1249 3406 Prooemium
1294 3352 1351 3405 ad
1400 3365 1480 3406 se-

314 3430 520 3498 quentia.
1387 3424 1479 3477 258

376 3500 502 3553 Can.
533 3510 597 3551 n.
642 3524 704 3537 -
734 3495 867 3557 Quod
893 3506 1032 3548 omne
1065 3505 1209 3559 agens
1240 3491 1338 3558 agit
1367 3504 1478 3558 pro·

311 3576 415 3637 pter
439 3570 598 3623 finem.
1386 3564 1481 3617 259

378 3642 501 3694 Car.
533 3650 618 3692 ιιι.
646 3664 708 3676 -
736 3635 870 3697 Quod
895 3646 1034 3687 omne
1058 3645 1207 3698 agens
1236 3632 1337 3699 agit
1360 3644 1478 3698 pro-

308 3716 417 3779 pter
443 3712 634 3764 bonum.
1384 3706 1475 3758 261

374 3784 497 3834 car.
537 3789 612 3833 ιν.
641 3805 702 3818 --
737 3776 876 3841 Quod
903 3775 1075 3829 malum
1118 3779 1193 3829 est
1217 3779 1385 3841 practer
1408 3775 1481 3827 in·

309 3854 567 3908 tentionem
592 3851 644 3905 in
670 3848 826 3904 rebus.
1385 3846 1480 3899 262

372 3923 496 3975 Car.
529 3934 584 3973 v.
611 3946 672 3960 -
694 3917 917 3972 Rationes
937 3918 1102 3971 contra
1125 3914 1478 3970 determinatam

310 3995 573 4048 veritatem.
1386 3986 1478 4038 263

373 4065 497 4116 can.
535 4074 611 4115 v1.
651 4089 710 4100 -
746 4058 927 4128 Salutio
952 4056 1184 4113 rationum
1217 4057 1479 4179 praemiszsssai

307 4148 431 4189 rum.

373 4206 498 4258 Cap.
529 4215 627 4257 vu.
659 4226 721 4242 -
746 4199 880 4261 Quod
900 4199 1074 4253 malum
1099 4209 1196 4254 non
1222 4201 1297 4252 est
1321 4197 1481 4263 aliqua

307 4281 491 4331 natura.
1385 4271 1479 4323 265

373 4350 497 4399 can.
528 4358 645 4399 vm.
669 4373 733 4386 -
759 4343 985 4400 Rationes
999 4344 1164 4398 contra
1191 4339 1481 4408 premissam

307 4417 676 4472 conclusionem.
1387 4411 1480 4464 266

1651 410 1777 464 ω.
1815 421 1893 463 ax.
1925 437 1989 450 —
2023 411 2286 477 Responsio
2311 411 2371 465 ad
2394 413 2644 478 praedictas
2671 416 2760 470 cb-

1581 479 1834 547 jectiones.
2659 486 2755 541 267

1649 550 1771 603 ω.
1786 560 1906 603 x.—
1923 551 2055 612 Quod
2074 563 2215 603 causa
2233 550 2344 604 mali
2361 556 2436 604 est
2450 552 2639 607 bonnm.
2663 555 2761 623 269

1649 622 1771 675 ω.
1798 635 1876 676 x1.
1913 649 1976 663 --
2010 622 2141 685 Quod
2165 624 2339 675 malum
2364 623 2416 675 in
2448 623 2607 690 aliquo
2630 625 2757 680 hono

1586 693 1825 747 fundatur.
2662 698 2755 751 274

1649 763 1772 819 Car.
1818 775 1916 816 111.
1952 789 2014 803 -
2044 762 2177 823 Quod
2209 762 2383 815 malum
2421 776 2517 818 non
2551 765 2759 819 totaliter

1586 833 1819 887 consumit
1847 832 2040 885 bonum.
2661 837 2759 893 272

1649 904 1774 956 ω.
1810 916 1932 956 xm.
1958 930 2022 943 -
2060 902 2192 964 Quod
2226 901 2407 955 malum
2424 901 2570 957 hahet
2594 904 2754 969 aliquo

1587 975 1726 1027 modo
1753 987 1959 1026 causam.
2656 977 2750 1030 273

1649 1046 1774 1098 Cn.
1806 1057 1921 1097 xxv.
1953 1073 2014 1084 —
2044 1044 2177 1105 Quod
2201 1044 2374 1096 malum
2398 1046 2472 1099 est
2495 1056 2637 1098 causa
2669 1059 2761 1111 per

1587 1115 1823 1169 accidens.
2301 1150 2309 1160 -
2574 1160 2579 1165 .
2658 1118 2757 1169 274

1649 1187 1773 1239 Can.
1807 1197 1897 1239 xv.
1925 1213 1989 1224 —
2018 1185 2151 1246 Quod
2175 1199 2273 1240 non
2299 1190 2375 1239 est
2390 1199 2627 1239 *summum
2652 1200 2755 1240 ma·

1588 1257 1684 1309 lum
1742 1256 1866 1322 quod
1919 1257 1985 1309 sit
2034 1258 2238 1309 omnium
2296 1256 2522 1309 malorum
2577 1256 2756 1322 princi·

1587 1328 1734 1394 pium.
2658 1330 2757 1384 276

1650 1397 1776 1449 Cn.
1793 1408 1907 1450 xv1.
1935 1425 1997 1436 —
2025 1399 2157 1458 Quod
2182 1399 2291 1452 finis
2308 1400 2560 1467 cujuslibet
2584 1399 2655 1452 rei
2681 1405 2758 1452 est

1588 1467 1779 1520 bonum.
2660 1473 2759 1527 275

1649 1538 1773 1591 Car.
1801 1551 1935 1592 xvn.
1969 1568 2030 1580 —
2055 1540 2188 1600 Quod
2223 1540 2380 1592 omnia
2406 1540 2679 1593 ordinantur
2702 1541 2754 1593 in

1587 1621 1730 1660 unum
1764 1608 1900 1662 tinem
1928 1611 2007 1677 qui
2033 1615 2107 1664 est
2138 1613 2276 1664 Dens.
2659 1612 2752 1663 276

1648 1677 1770 1731 ΕΑΡ.
1808 1692 1966 1732 xv111.
2004 1707 2066 1720 -
2100 1681 2339 1742 Quomodo
2368 1681 2491 1732 Dens
2535 1680 2602 1733 sit
2647 1679 2757 1734 finis

1586 1748 1815 1802 omnium.
2660 1752 2756 1805 277

1647 1818 1769 1871 Gap,
1798 1832 1911 1872 xxx.
1938 1847 2000 1859 -
2029 1822 2158 1882 Quod
2184 1821 2338 1874 omnia
2361 1818 2608 1875 intendunt
2631 1821 2759 1874 assi·

1584 1888 1738 1941 milari
1771 1891 1885 1942 Deo.
2658 1894 2752 1949 278

1647 1960 1771 2013 Can.
1801 1973 1890 2013 xx.
1927 1988 1987 1998 —
2015 1961 2252 2021 Quomodo
2283 1976 2360 2017 res
2385 1965 2586 2018 divinam
2613 1963 2755 2017 boni·

1585 2032 1728 2084 tatem
1742 2031 2002 2083 imitentur.
2660 2033 2753 2087 278

1646 2100 1769 2154 ΟΔΡ.
1799 2113 1912 2154 xx1.
1943 2130 2004 2140 —
2033 2102 2165 2162 Quod
2196 2118 2272 2158 res
2298 2104 2546 2156 intendunt
2567 2104 2753 2156 assimi-

1584 2169 1672 2221 lari
1698 2171 1791 2223 Deo
1820 2170 1870 2222 in
1899 2173 1992 2223 hoc
2020 2171 2142 2237 quod
2170 2176 2281 2226 sunt
2303 2187 2471 2227 causae.
2660 2175 2753 2226 280

1643 2239 1771 2294 Gar.
1806 2252 1938 2294 xxn.
1966 2269 2028 2281 -
2060 2244 2298 2304 Quomodo
2328 2258 2404 2297 res
2446 2244 2755 2298 diversimode

1558 2309 1917 2357 ,insnonflnoe
1940 2313 2233 2366 ordinantur.
2657 2319 2744 2355 os·

1644 2371 1770 2424 ω.
1805 2385 1961 2425 mn.
2020 2395 2059 2405 -
2099 2381 2230 2425 quon
2257 2373 2426 2417 coelum
2453 2366 2665 2416 movetur
2690 2375 2751 2416 ex

1583 2440 1742 2503 aliqua
1767 2436 2070 2489 intellectuali
2097 2435 2373 2488 substantia.
2653 2435 2749 2487 283

1644 2510 1768 2563 Car.
1798 2520 1946 2562 xxxv.
1974 2535 2036 2547 -
2062 2507 2192 2567 Quod
2220 2505 2375 2557 omnia
2406 2506 2633 2570 appetunt
2660 2503 2748 2556 bo·

1581 2592 1714 2643 num,
1743 2579 1883 2632 etiam
1912 2592 2013 2645 qum
2028 2577 2294 2642 cognitione
2319 2578 2500 2628 carent.
2654 2574 2750 2626 286

1644 2651 1769 2704 Can.
1798 2660 1922 2701 xxv.
1962 2673 2024 2689 —-
2053 2647 2183 2708 Quod
2218 2644 2479 2709 intelligere
2504 2644 2646 2696 Deum
2674 2647 2751 2698 est

1582 2722 1690 2776 tlnis
1715 2721 1868 2774 omnis
1893 2718 2222 2773 intellectualis
2241 2716 2529 2769 substantiae.
2655 2714 2743 2776 251

1645 2793 1770 2846 Cat».
1795 2803 1944 2846 τινι.
1971 2817 2035 2831 -
2065 2790 2198 2850 Quod
2225 2788 2424 2840 felicitas
2450 2788 2500 2838 in
2525 2788 2742 2838 actuan-

1582 2863 1779 2916 luntatis
1804 2874 1901 2914 non
1926 2860 2161 2914 consistit.
2594 2877 2615 2904 κ’
2646 2854 2740 2904 290

1646 2934 1771 2986 Can.
1792 2944 1956 2985 xxvn.
1978 2958 2039 2970 —
2066 2929 2197 2992 Quod
2215 2928 2416 2982 felicitas
2441 2928 2631 2982 humma
2643 2933 2741 2976 non

1584 3004 1801 3057 consistit
1814 3003 1864 3055 in
1890 3001 2276 3055 delectationibus
2300 2991 2626 3064 corporalibus.
2641 2993 2739 3048 293

1645 3073 1770 3126 Can.
1797 3083 1989 3125 xxvm.
2021 3099 2084 3109 -
2118 3069 2251 3132 Quod
2278 3068 2477 3130 felicitas
2494 3070 2588 3111 non
2619 3073 2736 3116 con-

1586 3145 1712 3198 sistit
1737 3144 1786 3195 in
1812 3142 2084 3196 honoribus.
2637 3134 2735 3187 295

1646 3214 1770 3266 Car.
1809 3224 1952 3265 xxix.
1980 3239 2043 3251 -
2069 3211 2202 3272 Quod
2228 3203 2410 3274 felicita
2444 3209 2539 3252 non
2577 3202 2734 3254 consi·

1584 3284 1668 3337 stit
1695 3283 1746 3335 in
1771 3283 1923 3349 gloria
1949 3282 2168 3334 humana.
2324 3321 2333 3332 ,
2491 3338 2502 3349 ‚
2539 3338 2553 3350 .
2635 3272 2741 3326 295-

1647 3352 1770 3406 CAP.
1813 3363 1938 3402 xxx.
1978 3351 2110 3410 Quod
2154 3349 2336 3418 felicis!
2378 3337 2580 3391 honum
2633 3351 2730 3393 non

1587 3422 1801 3477 consistit
1826 3422 1876 3474 in
1904 3421 2096 3475 divitiis.
2246 3449 2255 3458 ι
2634 3411 2734 3465 296

1646 3494 1771 3545 ω,
1796 3504 1950 3545 1111,
1982 3518 2040 3534 ...
2069 3492 2171 3552 Quo
2216 3471 2421 3530 felicitas
2447 3491 2541 3531 non
2568 3481 2724 3534 consi·

1586 3565 1670 3618 stit
1695 3566 1745 3615 in
1771 3564 1983 3630 potentia
2007 3575 2120 3615 mun
2188 3562 2232 3600 ὃ·
2294 3617 2305 3631 ,
2630 3555 2726 3608 296

1646 3635 1773 3687 cAp,
1803 3646 1969 3687 mn,
2003 3660 2065 3672 ....
2138 3619 2198 3671 od
2224 3618 2425 3672 rehcitas
2449 3633 2546 3674 non
2572 3624 2727 3677 consi·

1586 3705 1643 3759 tit
1665 3706 1715 3758 in
1740 3704 1878 3757 bouis
1907 3716 2049 3770 corpo
2093 3725 2107 3740 ·
2330 3760 2340 3772 ,
2373 3761 2383 3772 ,
2622 3695 2719 3749 297

1647 3775 1768 3827 ω.
1808 3786 1997 3826 χχχιιι,
2094 3757 2225 3818 Quod
2259 3759 2461 3814 felicitas
2490 3774 2586 3815 non
2613 3776 2727 3817 con-

1584 3845 1710 3899 sistit
1734 3844 1787 3897 in
1815 3847 1950 3910 parte
2033 3828 2188 3882 ⁸15¹&
2626 3837 2723 3889 297

1644 3915 1771 3967 can.
1980 3924 2071 3979 -··
2094 3899 2227 3959 Quod
2276 3901 2440 3957 ultima
2515 3903 2724 3958 hominis

1584 3984 1788 4039 felicitas
1830 3996 1893 4037 uo
1944 3969 2158 4023 0011318ῑῆ
2177 3970 2229 4022 in
2264 3973 2447 4026 actibus
2494 3974 2721 4030 virtutum

1646 4126 1770 4179 ω,
1873 4119 1928 4161 v.
1954 4134 2017 4149 —
2042 4109 2175 4170 Quod
2200 4111 2365 4165 ultima
2391 4112 2596 4169 hominis
2615 4116 2720 4170 feli·

1584 4198 1705 4251 ωδ,
1728 4209 1761 4249 n
1819 4177 2037 4232 consistit
2058 4180 2112 4233 in
2136 4185 2245 4234 actu
2269 4182 2544 4248 prudentiss.
2623 4189 2716 4241 299

1938 4285 1952 4300 ·
1990 4276 2053 4291 -
2083 4251 2216 4312 Quod
2248 4251 2450 4308 felicitas
2485 4268 2580 4309 non
2607 4269 2717 4309 con-

1675 4339 1686 4351 ·
1769 4320 2040 4385 operatione
2064 4323 2197 4376 artis.
2619 4329 2714 4379 299

1722 4427 1737 4443 .
1764 4401 1970 4445 mvn.
2005 4417 2067 4434 -·-
2124 4393 2258 4457 Quod
2302 4395 2466 4448 ultima
2511 4396 2712 4449 hominis
