3076 5025
417 232 523 290 482
1202 195 1247 202 ”
1293 221 1430 282 us.
1472 221 1572 290 ιιι,
1610 220 1763 278 mr.
1803 218 1980 276 nux.

420 356 619 414 autem
648 347 838 419 culpae
885 344 1214 417 proeteritae,
1251 414 1261 423 ,
1296 356 1439 423 uum
1487 341 1676 422 suerit
1710 341 1969 423 intensa,
2014 353 2300 422 magnum
2347 336 2522 421 adjert
2562 337 2852 420 dolorem.

421 420 586 480 Unde
613 433 719 490 per
742 417 1176 474 vehementiam
1207 359 1546 471 dffeotionis
1575 414 1679 469 Dei
1709 417 1769 469 et
1798 410 1917 469 odii
1948 416 2174 491 peccati
2205 415 2485 481 praeterltl
2520 409 2853 468 excluditur

420 491 754 552 necessitas
784 486 1200 546 satisfactorias
1241 483 1335 542 vel
1372 483 1733 555 purgatoriae
1762 495 1983 552 poenae3
2008 487 2088 551 et,
2120 495 2174 540 si
2205 494 2327 538 non
2357 481 2438 539 sit
2482 484 2655 538 tanta
2693 479 2851 538 vehe-

420 561 648 622 mentia
676 558 835 641 quod
868 557 1126 615 totaliter
1152 568 1390 635 poenam
1407 553 1703 623 excludat,
1734 559 1957 622 tamen,
1975 556 2200 625 quanto
2223 550 2640 609 vehementior
2664 549 2855 623 fuerit,

422 637 589 692 tanto
617 642 819 690 minus
849 627 920 688 de
952 640 1128 698 poena
1154 623 1431 686 sufficiet.
1940 694 1952 705 ·
2431 691 2443 704 ·
2800 689 2813 703 .

495 701 664 783 Quod
707 712 849 757 vero
891 712 996 771 per
1041 696 1271 777 amicos
1314 695 1592 764 ianime,
1623 708 1729 765 per
1773 707 1888 752 nos
1933 706 2104 765 ipsos
2148 692 2343 774 faeere
2386 691 2690 773 videmur,
2718 702 2851 772 qui-a

422 777 691 912 ratiti
716 768 1061 908 rarae
1076 763 2019 918 {23¹303521ffi2‚1’ssi{i}{i¹ffliu⁶i
2039 760 2857 914 menarsiana.

424 916 572 983 Deo,
614 911 912 985 praecipue
959 923 1096 970 cum
1138 913 1471 966 nenessitas
1501 906 1708 975 fuerit;
1736 919 1875 964 nam
1903 911 1961 963 et
1987 917 2226 977 poenam
2248 918 2430 977 quam
2460 915 2703 983 amicus
2732 914 2853 982 pro-3

421 983 601 1058 pteri
646 995 782 1042 sum
814 980 1029 1051 patitur
1059 983 1290 1050 reputat
1318 977 1540 1050 atiquis
1573 992 1643 1035 ac
1691 976 1743 1034 si
1791 977 1922 1048 ipse
1970 981 2316 1047 pateretur:
2348 980 2404 1031 et
2447 988 2540 1032 sic
2587 985 2769 1054 poena
2806 985 2853 1030 ei

426 1068 552 1118 non
622 1058 747 1112 eest
778 1051 921 1111 duni
951 1049 1197 1121 patienti
1236 1049 1431 1108 amico
1470 1060 1611 1106 com
1651 1047 1830 1130 atitur
1865 1053 1924 1105 et
1948 1051 2118 1129 tanto
2171 1044 2430 1127 amplius
2476 1048 2709 1125 quanto
2737 1055 2854 1122 ipse

427 1132 523 1186 est
550 1123 605 1180 ei
635 1136 821 1182 causa
861 1120 1146 1194 patiendi.
1197 1122 1264 1177 Et
1308 1119 1525 1178 iterum
1637 1123 1789 1176 ectio
1816 1117 2128 1176 charitatis
2166 1131 2227 1174 in
2274 1128 2348 1173 eo
2398 1129 2501 1187 qui
2540 1126 2648 1186 pro
2675 1124 2854 1172 amice

425 1195 651 1267 patitur
678 1193 821 1250 facit
849 1192 1041 1265 magis
1071 1190 1558 1269 satisfactionem.
1592 1191 1713 1271 Deo
1763 1203 1902 1270 acce
1945 1193 2066 1246 tam
2096 1201 2276 1260 quam
2322 1185 2376 1243 si
2408 1199 2517 1258 pro
2548 1197 2618 1267 se
2647 1189 2855 1266 patere-

428 1271 553 1333 tur;
582 1263 700 1321 hoe
727 1263 887 1320 enim
936 1267 1026 1320 est
1069 1266 1356 1333 promptae
1398 1260 1728 1330 charitatis,
1777 1259 1882 1317 illu
1955 1263 2155 1317 autem
2200 1262 2293 1315 est
2335 1260 2742 1313 necessitatis.
2786 1254 2855 1310 Ex

429 1348 551 1406 quo
580 1334 870 1405 accipitur
895 1332 1055 1405 quod
1099 1345 1258 1389 unus
1296 1343 1404 1402 pro
1453 1330 1576 1389 alio
1620 1329 1969 1388 satisfacere
1994 1333 2212 1401 potest,
2248 1326 2578 1384 dummodo
2613 1329 2852 1398 uterque

428 1405 492 1466 in
523 1404 804 1463 charitate
831 1403 1025 1462 fuerit.
1057 1401 1203 1460 Hinc
1232 1405 1324 1459 est
1349 1400 1512 1474 quod
1531 1399 1856 1472 Apostolus
1884 1398 2024 1457 dicit
2053 1417 2069 1456 z
2109 1399 2269 1456 Alter
2295 1398 2522 1454 alter-ius
2550 1409 2723 1453 onera
2740 1408 2855 1466 por·

429 1479 562 1547 tate,
587 1478 639 1531 et
664 1476 742 1532 sic
784 1474 1151 1545 adimplebitis
1179 1473 1346 1541 leqem
1375 1472 1597 1528 Christi.
1632 1470 1858 1543 (Galat,
1890 1482 1979 1539 vt,
2008 1469 2088 1544 2.)

1412 1691 1668 1754 CAPUT
1723 1690 1921 1755 CLIX.

543 1864 696 1921 QUOD
723 1861 1156 1910 RATIONALH'ER
1183 1862 1396 1911 nomm
1424 1862 1760 1907 nfftJTATUR
1790 1864 1843 1907 SI
1871 1863 1952 1916 AD
1977 1861 2142 1909 BEUM
2167 1861 2285 1910 Nou
2317 1858 2767 1917 domenum.

1053 1949 1316 2003 QUAMVIS
1338 1950 1454 1996 flou
1478 1949 1612 1998 SINE
1640 1949 1861 1998 enula
1882 1949 2003 1996 NON
2031 1950 2251 1998 Possl'r.

508 2106 703 2173 Quum
748 2107 969 2174 autem,
1008 2104 1166 2163 sicut
1205 2118 1278 2164 ex
1325 2104 1650 2175 praemissis
1685 2104 1956 2168 hahetur,
2001 2104 2065 2162 in
2102 2103 2282 2162 finem
2331 2104 2605 2164 ultimum
2664 2101 2855 2175 aliquis

437 2175 609 2249 dirigi
637 2187 758 2234 non
788 2174 982 2246 possit
1009 2174 1124 2233 nisi
1154 2174 1373 2233 auxilio
1408 2174 1618 2232 divinae
1647 2174 1870 2248 gratim,
1907 2176 2038 2233 sine
2127 2190 2204 2233 ua
2242 2175 2419 2232 etiam
2449 2174 2655 2232 nullus
2684 2176 2855 2245 potest

434 2245 653 2304 habere
684 2260 755 2303 ea
784 2259 915 2317 quae
944 2248 1086 2302 sunt
1116 2245 1456 2304 necessaria
1483 2245 1558 2303 ad
1587 2245 1952 2302 tendendum
1976 2246 2038 2302 in
2064 2260 2102 2303 u
2128 2246 2339 2302 timum
2368 2244 2571 2312 tinem,
2596 2245 2754 2302 sicut
2776 2247 2854 2300 est

434 2315 608 2383 fides,
640 2329 799 2385 spes,
832 2314 1071 2374 dilectio
1099 2319 1158 2373 et
1185 2316 1647 2387 perseverantia,
1678 2319 1876 2387 potest
1908 2315 2084 2373 alicui
2111 2316 2296 2374 videri
2320 2320 2481 2388 quod
2511 2327 2635 2372 non
2662 2314 2735 2372 sit
2760 2313 2855 2371 ho·

435 2385 586 2466 mini
610 2384 1022 2467 imputandum
1060 2385 1112 2444 si
1158 2385 1451 2457 praedictis
1502 2390 1722 2455 careat,
1766 2387 2058 2460 principue
2104 2400 2288 2468 quum
2337 2385 2623 2444 auxilium
2667 2384 2856 2442 divinae

436 2460 648 2534 gratiae
668 2469 884 2512 mereri
911 2468 1032 2514 non
1061 2457 1274 2528 possit,
1297 2469 1406 2515 nec
1428 2456 1500 2515 ad
1533 2459 1720 2515 Deum
1741 2457 2004 2516 converti
2030 2457 2147 2515 nisi
2173 2459 2333 2516 Deus
2365 2470 2504 2516 eum
2530 2457 2854 2522 convertam

436 2527 589 2587 nulli
620 2527 778 2584 enim
800 2526 1122 2598 imputatur
1155 2528 1314 2600 quod
1341 2527 1415 2586 ab
1444 2528 1564 2586 atio
1593 2528 1904 2599 dependet.

511 2596 683 2665 Quod
712 2596 765 2655 si
785 2595 902 2675 hoc
927 2597 1308 2668 concedatur,
1338 2598 1512 2669 plura
1540 2598 2016 2656 inconvenientia
2039 2599 2328 2670 consequi
2351 2598 2727 2657 manifestum
2751 2598 2853 2655 est.

433 2669 727 2749 Sequetur
754 2680 910 2725 enim
930 2667 1216 2740 quoditie
1259 2669 1362 2742 qui
1405 2668 1583 2726 fldem
1618 2681 1740 2726 non
1770 2669 1969 2738 habet,
1998 2683 2111 2728 nec
2140 2682 2329 2741 spem,
2358 2683 2471 2726 nec
2498 2668 2850 2727 ditectionem

435 2738 563 2819 Dei,
612 2751 724 2795 nec
844 2739 1266 2799 rseverantiam
1315 2740 1377 2797 in
1409 2739 1595 2808 hono,
1625 2752 1746 2797 non
1797 2740 1873 2797 sit
1902 2753 2078 2810 poena
2121 2739 2362 2813 dignus,
2416 2753 2555 2796 cum
2594 2750 2853 2810 expresse

437 2806 666 2865 dicatur
694 2822 708 2860 ι
827 2810 850 2862 i
876 2810 1187 2865 incredulus
1216 2813 1293 2864 est
1321 2810 1464 2869 Filio
1489 2824 1600 2866 non
1634 2809 1841 2865 videbit
1866 2813 2057 2877 vitam,
2087 2811 2183 2865 sed
2212 2813 2302 2865 ira
2345 2812 2447 2866 Dei
2490 2815 2670 2865 manet
2709 2821 2846 2878 super

435 2893 576 2936 eum.
609 2878 850 2958 (saarim,
872 2891 962 2945 iii,
993 2879 1105 2950 36.)
1138 2882 1221 2947 Et,
1254 2893 1391 2937 cum
1422 2880 1628 2938 nullus
1657 2879 1732 2937 ad
1759 2879 2139 2941 beatitudinis
2170 2879 2349 2938 finem
2379 2880 2511 2938 sine
2548 2876 2845 2952 praemissis

437 2950 767 3023 perveniat,
801 2952 1084 3020 sequetur
1111 2950 1361 3008 ulterius
1389 2949 1550 3022 quod
1579 2950 1762 3022 aliqui
1799 2950 2075 3009 homines
2104 2951 2225 3008 sint
2267 2951 2370 3024 qui
2417 2964 2529 3008 nec
2575 2946 2845 3007 beatitudi-

436 3031 579 3077 nem
609 3022 1060 3099 consequantur
1085 3032 1194 3077 nec
1217 3033 1455 3091 poenam
1485 3021 1783 3091 patiantur
1810 3035 1847 3078 a
1871 3023 1993 3079 Deo
2017 3040 2032 3091 3
2076 3022 2249 3103 cujus
2268 3020 2632 3078 contrarium
2668 3022 2841 3078 osten·

436 3087 596 3147 ditur
624 3102 698 3145 ex
726 3101 798 3145 eo
828 3088 986 3161 quod
1006 3089 1216 3146 dicitur
1243 3090 1403 3162 quod
1429 3088 1787 3149 omnibusin
1814 3092 2012 3149 divino
2032 3090 2257 3163 judicio
2278 3090 2697 3149 exsistentibus
2715 3089 2841 3146 diee-

431 3161 534 3216 tur
561 3176 575 3214 ε
615 3160 895 3226 Venite...,
921 3159 1187 3229 possidete
1203 3164 1466 3229 paralum
1506 3162 1660 3218 vobis
1680 3177 1998 3231 reunitum...
2024 3162 2118 3219 vel
2151 3180 2165 3219 :
2209 3163 2545 3219 Discedere...
2597 3164 2656 3218 in
2688 3162 2840 3229 inum

433 3233 716 3287 aeternum.
751 3228 991 3300 (Marta.
1025 3241 1169 3299 xxv,
1201 3234 1268 3289 34
1297 3234 1355 3287 et
1380 3230 1495 3302 41.)

509 3298 595 3355 Ad
623 3298 804 3370 hujus
833 3299 1225 3380 dubitationis
1247 3301 1613 3360 solutionem
1635 3302 2141 3362 considerandum
2170 3302 2464 3375 estquod,
2489 3302 2628 3361 licet
2649 3297 2837 3373 aliquis

435 3380 546 3440 per
577 3375 807 3449 motum
839 3370 1008 3427 tiberi
1039 3370 1267 3428 arbitrii
1309 3372 1572 3430 divinam
1606 3374 1856 3444 gratiam
1888 3387 1999 3432 nec
2039 3374 2365 3446 promereri
2411 3387 2522 3432 nec
2567 3372 2838 3446 acquirere

431 3445 654 3520 possit,
726 3445 882 3498 otest
910 3446 1107 3498 tamen
1140 3441 1408 3512 seipsum
1455 3443 1747 3514 impedire
1774 3458 1848 3501 ne
1895 3459 2026 3502 eam
2056 3443 2578 3515 reeipia13dicitur
2612 3442 2757 3501 enim
2779 3438 2837 3497 de

433 3509 656 3583 quihus
700 3524 795 3566 am
838 3529 851 3566 :
888 3513 1161 3568 Dicaea-unt
1201 3515 1309 3570 Deo
1345 3532 1363 3569 .·
1403 3514 1604 3571 Recede
1656 3529 1693 3570 a
1737 3515 1911 3579 nobis,
1958 3518 2010 3570 et
2048 3517 2334 3571 saevitiam
2388 3518 2608 3570 viarum
2649 3519 2837 3569 iiiam

429 3580 680 3636 nolumus
728 3579 1021 3662 (Job2itx1,
1064 3582 1186 3655 ¹4);
1230 3586 1387 3643 et:I
1421 3586 1472 3641 si
1514 3585 1744 3651 luerunt
1786 3586 2002 3642 rebelles
2031 3586 2245 3642 lumini.
2280 3585 2417 3657 (soe,
2465 3597 2633 3654 xxtv,
2660 3581 2758 3653 13.)
2783 3580 2837 3636 Et

369 3660 381 3688 -’
431 3662 575 3707 cum
639 3650 757 3708 hoe
811 3655 889 3707 sit
917 3665 980 3707 in
1026 3657 1318 3723 potestate
1395 3654 1545 3712 iberi
1573 3654 1823 3724 arbitrii,
1854 3656 2141 3727 impedire
2171 3656 2386 3714 divinae
2413 3656 2620 3728 gratiae
2665 3663 2836 3722 recep·

429 3718 660 3801 tionem
702 3720 793 3777 vel
839 3733 959 3779 non
1002 3721 1309 3793 impedire,
1342 3738 1464 3782 non
1494 3725 1794 3783 immerito
1821 3726 1882 3783 in
1926 3727 2161 3798 culpam
2188 3727 2518 3797 imputatur
2546 3727 2599 3783 ei
2626 3722 2721 3799 qui
2750 3722 2837 3777 im-

429 3789 840 3859 pedimentum
889 3799 1131 3874 prmstat
1163 3795 1369 3866 gratiae
1413 3796 1761 3868 receptioni.
1792 3799 1951 3855 Deus
1996 3798 2180 3864 enim,
2211 3803 2499 3870 quantum
2550 3798 2612 3853 in
2656 3809 2718 3853 se
2742 3794 2836 3857 est,

428 3865 675 3929 paratus
706 3867 798 3919 est
822 3864 1105 3921 omnibus
1133 3866 1387 3937 gratiam
1418 3865 1592 3934 dare3
1624 3882 1804 3923 omnes
1840 3869 2001 3925 enim
2031 3869 2268 3924 homes
2301 3868 2421 3922 vult
2440 3868 2618 3923 salvos
2644 3865 2769 3938 fieri.
2796 3863 2838 3915 εἴ

429 3928 518 4011 ad·
547 3933 883 4012 aanitionem·
914 3936 1163 4015 ner-itatis
1191 3939 1392 4016 venire,
1428 3941 1492 4018 ut
1510 3937 1748 3995 dicitur.
1780 3936 1829 4019 (1
1860 3941 2121 4008 Rm.‚.11,
2148 3939 2227 4010 4.)
2255 3937 2370 3996 Sed
2398 3938 2487 3995 itti
2518 3937 2629 3994 soli
2671 3931 2836 4009 gratie

427 4007 738 4070 privantur
773 4072 784 4083 ⁸
826 4017 886 4060 ui
934 4018 1000 4084 ῃ]
1046 4018 1268 4085 seips-18
1315 4012 1524 4080 gratioe
1581 4007 2075 4079 impedimentum
2127 4014 2456 4091 praestant;
2504 4007 2676 4075 sieut,
2722 4001 2835 4085 sole

428 4069 721 4151 mundum
769 4088 786 4129 ι
842 4081 1168 4143 uminante,
1201 4090 1262 4132 in
1292 4077 1528 4154 culpam
1578 4077 1660 4135 im
1707 4083 1906 4138 utatur
1955 4080 2011 4137 ei
2045 4093 2147 4152 qui
2199 4079 2415 4136 ocutos
2457 4077 2675 4136 claudit
2700 4088 2747 4132 si
2774 4083 2834 4152 ex

430 4137 832 4281 grogvalfflgtffi
848 4144 1074 4201 malum
1108 4148 1415 4215 sequatur,
1444 4144 1584 4203 licet
1691 4148 1831 4203 dere
1874 4159 1999 4205 non
2027 4149 2223 4219 possit
2276 4149 2398 4206 nisi
2457 4148 2678 4206 lumine
2703 4142 2831 4202 solis
