3076 5025
357 256 464 312 336
525 245 534 250 ’
1240 246 1374 306 LIB.
1414 247 1512 311 111,
1554 244 1707 302 CAP.
1748 247 1906 303 an.

361 375 572 436 saltem
676 379 876 445 ropter
919 371 1036 430 1100
1063 369 1225 445 quod
1254 367 1586 449 aestimatur
1617 365 2122 448 impedimentum,
2148 362 2395 448 majoris
2416 362 2609 447 boni..
2626 365 2794 447 Sicut

363 446 525 505 enim
563 388 715 502 uigil
764 441 1061 501 desiderat
1094 439 1391 512 appetitus
1422 451 1541 496 nisi
1583 437 1696 518 sub
1725 442 1958 518 ratione
1980 436 2150 506 boni,
2178 442 2263 494 ita
2303 435 2455 494 nihil
2487 435 2640 517 fugi—t
2669 449 2791 498 nisi

363 515 476 576 sub
502 515 731 573 ratione
757 514 920 570 mali.
950 512 1065 570 Sed
1091 511 1156 570 111
1186 509 1472 568 fruitione
1515 508 1682 566 illius
1716 507 1973 565 visionis
1999 519 2125 567 non
2155 510 2351 588 potest
2379 518 2515 564 esse
2544 505 2791 578 aliquod

362 586 611 655 malum,
634 597 768 643 cum
796 584 874 641 sit
901 582 1191 655 optimum
1216 580 1290 639 ad
1363 578 1481 637 uod
1502 583 1774 637 ereatura
1795 576 2218 636 intellectualis
2237 576 2546 649 pervenire
2564 582 2790 648 potest3

364 671 557 731 neque
587 655 764 713 etiam
794 658 991 724 potest
1020 665 1158 711 esse
1186 663 1312 725 quo
1382 649 1457 707 ab
1490 661 1564 707 eo
1593 649 1695 722 qui
1728 647 1834 706 illa
1860 647 2078 707 fruitur
2104 647 2339 706 visione
2369 646 2697 705 aestimetur
2727 647 2792 705 in

364 742 438 786 ea
477 740 614 785 esse
642 723 883 795 aliquod
927 722 1177 789 malum,
1205 720 1301 778 vel
1337 720 1565 791 aliquid
1601 732 1673 777 eo
1703 717 1941 782 melius,
1965 731 2104 776 eum
2137 717 2293 776 visio
2341 716 2510 776 illius
2539 730 2793 778 summai

363 796 631 856 veritatis
678 805 916 852 omnem
963 793 1178 851 falsam
1228 790 1688 849 aestimationem
1727 787 2020 847 excludat.
2049 787 2429 860 Impossibile
2476 791 2571 846 est
2610 786 2796 869 igitur

364 866 526 943 quod
592 863 930 992 substantia
986 861 1410 921 intellectualis
1452 874 1586 933 quae
1630 862 1816 917 Deum
1862 859 2043 929 videt,
2086 872 2351 933 unquam
2392 856 2496 916 illa
2549 858 2790 917 visione

439 950 568 995 rere
594 950 665 992 ve
693 935 757 992 it.

366 952 586 1069 caItem,
638 1003 944 1062 fastidium
995 1001 1251 1073 alicujus
1305 1014 1425 1073 quo
1480 1000 1649 1073 prius
1705 1000 1926 1073 aliquis
1980 998 2407 1058 delectabiliter
2490 998 2794 1057 fruebatur

366 1076 584 1137 accidit
636 1088 745 1147 pro
788 1078 876 1131 ter
928 1073 1044 1131 1100
1075 1072 1233 1154 quod
1277 1084 1375 1129 res
1431 1071 1535 1128 illa
1578 1071 1837 1143 aliquam
1894 1070 2371 1129 immutationem
2422 1069 2562 1126 facit
2607 1070 2670 1126 in
2726 1083 2792 1127 se

368 1159 721 1217 corrumpen
768 1158 805 1202 o
846 1143 939 1201 vel
990 1142 1353 1201 debilitando
1385 1141 1661 1199 virtutem
1695 1142 1908 1213 ipsiuS‚
1942 1146 1999 1198 et
2035 1145 2275 1211 propter
2320 1141 2433 1198 hoc
2474 1140 2634 1197 vires
2663 1153 2795 1197 sen-

367 1217 600 1283 sibiles,
632 1214 854 1296 quibus
905 1213 1123 1272 accidit
1166 1212 1433 1285 fatigatio
1477 1212 1540 1268 in
1593 1211 1722 1270 suis
1764 1211 1999 1269 actibus
2028 1215 2267 1292 propter
2315 1211 2793 1268 immutationem

372 1285 775 1358 corporalium
820 1297 1182 1357 organorum
1234 1297 1270 1340 a
1294 1282 1707 1351 sensibilibuS‚
1738 1296 1773 1339 a
1807 1282 2045 1354 quibus,
2090 1280 2323 1339 etiamsi
2357 1280 2579 1338 suerint
2607 1281 2795 1338 excel-

369 1357 576 1425 lentia,
599 1360 1082 1426 corrumpuntur,
1115 1354 1430 1412 fastidiunt
1465 1359 1603 1424 post
1634 1352 1876 1425 aliquod
1901 1357 2138 1432 tempus
2168 1351 2283 1432 frui
2313 1365 2386 1409 60
2416 1351 2575 1423 quod
2607 1351 2794 1432 ,prius

369 1426 802 1486 delectabiliter
826 1424 1182 1484 sentiebant.
1216 1426 1284 1481 Et
1322 1430 1562 1495 propter
1590 1423 1704 1481 hoc
1744 1423 1923 1480 etiam
1952 1422 2012 1480 in
2045 1421 2434 1494 intelligendo
2482 1421 2793 1480 fastidium

366 1498 630 1572 patimur
682 1500 820 1568 post
870 1495 1110 1567 longam
1165 1494 1259 1551 vel
1308 1494 1723 1575 vehementem·
1764 1491 2231 1574 meditationem,
2257 1491 2412 1620 {¹¹⁵³
2446 1491 2795 1573 ‘fatigantur

372 1567 653 1639 potentiae
683 1570 916 1624 utentes
942 1564 1354 1637 corporalibus
1375 1565 1643 1634 organis,
1673 1577 1806 1622 sine
1836 1564 2055 1635 quibus
2100 1576 2271 1621 consi
2316 1568 2501 1621 eratio
2525 1562 2793 1621 intellec-

366 1646 471 1696 tus
500 1637 690 1695 nostri
720 1635 1004 1706 compleri
1037 1649 1159 1694 non
1227 1640 1402 1692 otest.
1434 1634 1646 1691 Divina
1673 1638 1870 1692 autem
1911 1633 2248 1692 substantia
2285 1646 2408 1690 non
2435 1632 2793 1705 corrumpit,

371 1709 481 1767 sed
509 1707 764 1765 maxime
794 1704 1020 1777 perficit
1042 1705 1186 1762 intel
1215 1710 1431 1775 ectum,
1464 1718 1658 1776 neque
1679 1703 1752 1762 ad
1774 1704 1904 1776 eJ'us
1928 1704 2221 1762 visionem
2246 1703 2550 1762 concurrit
2572 1702 2796 1777 aliquis

371 1783 543 1838 actus
565 1777 666 1849 qui
693 1790 799 1847 per
825 1789 1052 1848 organa
1101 1776 1438 1846 corporalia
1474 1780 1835 1833 exerceatur.
1859 1774 2233 1846 Impossibile
2269 1779 2362 1833 est
2396 1773 2597 1847 igitur,
2631 1774 2793 1847 quod

370 1848 477 1906 illa
501 1846 656 1905 visio
684 1846 942 1926 aliquem
973 1845 1257 1916 fastidiat,
1280 1845 1381 1918 qui
1411 1846 1578 1916 prius
1607 1858 1679 1903 66
1706 1844 2131 1902 delectabiliter
2150 1844 2474 1903 fruebatur.

439 1917 898 1991 Amplius‚1iihil
950 1914 1110 1988 quod
1141 1930 1279 1973 cum
1307 1915 1702 1974 admiratione
1753 1916 2166 1974 consideratur
2215 1920 2413 1986 potest
2455 1927 2593 1973 esse
2623 1914 2793 1975 fasti-

372 1987 633 2057 diosum,
669 1987 812 2059 quia
856 1986 1141 2058 quamdiu
1171 1986 1285 2045 sub
1340 1985 1734 2044 admiratione
1774 1990 1886 2048 est.
1912 1985 2105 2044 adhuc
2149 1985 2512 2043 desiderium
2571 1990 2792 2044 manet.

370 2057 584 2116 Divina
613 2063 812 2115 autem
847 2055 1184 2115 substantia
1209 2070 1248 2115 a
1288 2056 1558 2128 quolibet
1583 2055 1890 2115 intellectu
1942 2060 2141 2115 creato
2174 2070 2409 2127 semper
2436 2069 2572 2113 cum
2604 2056 2794 2113 admi-

368 2128 604 2186 ratione
653 2127 907 2196 videtur,
955 2141 1091 2186 eum
1146 2124 1354 2185 nullus
1412 2126 1751 2185 intellectus
1817 2131 2054 2185 creatus
2108 2140 2239 2184 eam
2305 2127 2792 2198 comprehendat.

371 2196 749 2269 Impossibile
804 2203 895 2256 est
947 2197 1131 2270 igitur
1180 2196 1341 2270 quod
1390 2196 1729 2255 substantia
1775 2196 2200 2254 intellectualis
2276 2196 2441 2268 illam
2498 2197 2796 2255 visionem

371 2267 761 2394 fastidiataet·
795 2267 885 2396 ittaet
924 2280 1047 2325 non
1095 2271 1293 2339 potest
1334 2280 1470 2325 esse
1498 2267 1660 2339 quod
1700 2281 1807 2339 per
1850 2267 2148 2339 propriam
2190 2267 2557 2325 voluntatem
2587 2267 2663 2327 ab
2692 2268 2796 2327 illa

369 2347 606 2396 visione
676 2350 799 2395 esis
891 2380 904 2395 .

443 2409 660 2476 Adhuc,
694 2408 747 2465 si
778 2408 979 2481 aliqua
1025 2407 1144 2467 duo
1201 2408 1440 2467 suerunt
1467 2406 1637 2478 prius
1670 2407 1858 2477 unita,
1884 2413 1942 2465 et
1983 2407 2365 2489 postmodum
2415 2412 2794 2479 separantur,

373 2484 607 2560 oportet
641 2477 801 2552 quod
831 2479 946 2537 lioc
975 2478 1205 2537 accidat
1250 2492 1356 2551 per
1382 2477 1771 2537 mutationem
1821 2478 2077 2560 alicujus
2106 2493 2334 2537 eorum.
2366 2479 2596 2538 Relatio
2628 2478 2792 2537 6111111

369 2555 527 2609 sicut
577 2563 700 2607 non
731 2550 942 2621 incipit
970 2563 1105 2608 esse
1134 2549 1206 2606 de
1254 2562 1409 2608 novo
1438 2548 1666 2622 absque
1694 2553 2023 2608 mutatione
2054 2550 2300 2608 alterius
2327 2550 2674 2619 relatorum,
2708 2550 2795 2608 ita

372 2633 484 2676 1160
512 2619 737 2692 absque
767 2619 1012 2678 alterius
1040 2619 1369 2677 mutatione
1399 2619 1471 2677 de
1502 2632 1659 2677 novo
1688 2619 1942 2677 desistit.
1969 2620 2314 2679 Intellectus
2336 2626 2534 2678 autem
2555 2624 2793 2679 creatus

368 2689 530 2748 videt
574 2693 759 2748 Deum
788 2704 894 2761 per
920 2691 1034 2748 boc
1120 2690 1237 2748 uod
1262 2690 1316 2748 61
1366 2689 1808 2762 quodammodo
1855 2689 2077 2759 unitur,
2109 2696 2175 2748 ut
2201 2705 2274 2748 ex
2311 2690 2488 2749 dictis
2518 2690 2669 2764 (cap.
2700 2691 2790 2763 51)

367 2765 549 2834 patet.
579 2760 640 2818 Si
697 2773 840 2833 ergo
868 2760 1022 2818 visio
1068 2705 1173 2818 fita
1202 2760 1490 2841 desinat,
1514 2760 1738 2841 unione
1790 2759 2134 2842 hujusmodi
2191 2761 2521 2843 desinente,
2555 2767 2790 2842 oportet

369 2830 693 2959 etaim
714 2830 2059 2960 „talamanniainueterata
2081 2831 2795 2960 {aileiaizairis

369 2916 785 3051 immutabflis,
812 2971 958 3028 utin
978 2971 1173 3043 primo
1213 2971 1292 3028 ib.
1313 2970 1463 3043 (cap.
1494 2975 1561 3028 13
1609 2944 1915 3052 ostensum
1940 2976 2050 3030 est.
2071 2971 2412 3052 Substantia
2431 2972 2796 3053 etiamintel-

368 3039 588 3100 lectual
614 3054 645 3098 s
674 3040 937 3099 elevatur
967 3053 1149 3112 supra
1176 3053 1416 3099 omnem
1447 3047 1859 3111 mutationem,
1884 3055 2019 3099 cum
2048 3044 2151 3099 Dei
2181 3043 2579 3101 substantiam
2608 3041 2791 3099 videt.

371 3113 572 3182 Impos
609 3109 750 3192 ibile
800 3115 893 3191 est
932 3110 1117 3183 igitur
1171 3111 1332 3184 quod
1383 3112 1604 3185 aliquis
1641 3111 1872 3171 decidat
1916 3111 1991 3170 ab
2045 3112 2153 3171 illa
2197 3112 2475 3171 felicitate
2524 3126 2643 3187 qua
2687 3113 2790 3172 Dei

372 3182 769 3239 substantiam
793 3180 973 3239 Videt.

440 3252 591 3321 Rem,
620 3254 842 3323 quanto
872 3248 1098 3324 aliquid
1127 3255 1222 3310 est
1274 3253 1397 3310 Deo
1426 3250 1844 3325 propinquiuS,
1876 3250 1977 3323 qui
2027 3256 2118 3310 est
2158 3253 2406 3310 omnino
2439 3252 2789 3325 immobiliS,

369 3324 536 3379 tanto
592 3326 684 3379 est
711 3321 913 3379 minus
945 3320 1232 3379 mutabile
1285 3327 1345 3380 et
1386 3336 1484 3380 ma
1529 3323 1583 3379 is
1608 3334 2016 3394 perseverans.
2047 3321 2211 3381 Unde
2239 3323 2509 3396 quaedam
2537 3336 2792 3394 corpora
2868 3322 2877 3327 ”

368 3397 608 3462 propter
636 3392 750 3448 1100
774 3390 934 3463 quod
964 3392 1145 3465 longe
1178 3391 1403 3450 distant
1425 3407 1462 3451 a
1538 3405 1633 3460 eo,
1665 3405 1787 3450 non
1814 3397 2072 3463 possunt
2097 3391 2163 3450 in
2183 3407 2289 3464 per
2330 3400 2533 3451 etuum
2550 3393 2788 3465 durare,

371 3461 531 3519 sieut
558 3459 775 3518 dicitur
823 3461 884 3519 in
921 3462 1187 3521 secundo
1229 3466 1310 3520 De
1333 3463 1677 3534 veneratione
1703 3462 1866 3534 (text.
1891 3475 2109 3521 comm.
2140 3464 2251 3536 59).
2319 3464 2391 3521 ed
2436 3463 2603 3521 nulla
2632 3478 2793 3523 crea·
2860 3504 2873 3513 ⁷-

366 3537 506 3589 tura
532 3535 727 3603 potest
746 3533 866 3590 Deo
901 3532 1160 3591 vicinius
1185 3532 1659 3605 appropinquare
1682 3545 1860 3605 qnam
1881 3547 2013 3606 quae
2036 3533 2167 3605 ejus
2187 3534 2585 3592 substantiam
2608 3534 2786 3593 videt.

370 3603 659 3683 1316611116
702 3602 886 3673 igitur
941 3602 1366 3662 intellectualis
1389 3616 1524 3684 quae
1567 3601 1671 3683 pei
1702 3602 2098 3667 substantiam
2134 3603 2312 3668 videt,
2346 3604 2788 3677 quodammodo

366 3671 1308 3802 iffmobilitateimsscontsequitur;
1338 3685 1463 3731 non
1500 3676 1686 3745 igitur
1736 3674 2029 3746 possibile
2077 3674 2357 3748 estquod
2403 3688 2672 3748 unquam
2713 3675 2793 3735 ab

368 3754 388 3797 i
437 3755 471 3800 a
500 3755 733 3800 visione
802 3758 832 3801 e
879 3757 972 3800 cia
1001 3786 1014 3798 .
1952 3768 1961 3781 ·

442 3812 592 3870 Hine
634 3813 904 3885 estquod
931 3814 992 3870 in
1027 3816 1122 3871 ΡΒ.
1153 3825 1399 3882 Lxxxm,
1430 3816 1484 3882 5,
1514 3810 1734 3872 dicitur
1763 3830 1778 3871 1
1807 3816 1965 3871 Beati
1986 3817 2082 3886 qui
2106 3815 2357 3873 habitant
2383 3818 2444 3872 in
2472 3816 2628 3873 domo
2668 3820 2790 3887 ma,

367 3884 630 3940 Domine!
655 3885 722 3939 In
747 3885 945 3940 saecula
968 3884 1283 3941 saeculorum
1308 3883 1616 3940 laudabunt
1643 3887 1713 3941 16.
1731 3887 1796 3942 Et
1816 3885 1981 3954 alibi,
2009 3897 2212 3956 cxxiv,
2244 3891 2269 3944 1
2305 3904 2319 3944 1
2342 3889 2464 3945 Non
2492 3887 2791 3943 movebitur

372 3954 433 4006 in
459 3958 717 4009 aeternum
743 3957 842 4023 qui
885 3955 1098 4010 habitat
1123 3957 1184 4010 in
1223 3954 1540 4012 Jerusalem.
1570 3955 1639 4012 Et
1662 3955 1852 4026 166116,
1880 3967 2091 4021 xxxin,
2111 3960 2201 4021 20,
2219 3961 2281 4014 21
2306 3975 2320 4014 :
2349 3957 2506 4014 Oculi
2533 3957 2790 4013 1111111116-

369 4021 504 4077 bunt
539 4025 832 4079 Jerusalem
884 4027 1158 4081 civitatem
1202 4025 1529 4095 opulentam,
1562 4028 1616 4082 61
1652 4026 2060 4083 tabernaculum
2101 4026 2246 4098 quod
2282 4043 2565 4099 nunquam
2602 4031 2786 4083 trans-

366 4094 507 4158 ferri
543 4097 764 4162 poterit,
796 4109 891 4151 nec
938 4097 1258 4169 auferentur
1297 4096 1442 4151 elavi
1458 4096 1577 4223 egias
1603 4097 1665 4152 in
1691 4098 2090 4167 sempitemum,
2122 4101 2174 4153 et
2202 4112 2380 4154 omnes
2405 4099 2646 4166 rimieuli
2669 4098 2787 4168 ejus

366 4176 476 4217 non
528 4168 864 4245 rumpentur,
897 4168 1035 4236 quia
1072 4166 1399 4222 solummodo
1451 4169 1476 4221 i
1511 4169 1534 4222 i
1562 4170 1884 4238 maqnittcus
1929 4170 2007 4222 est
2029 4169 2291 4225 Dominus
2319 4172 2464 4225 Deus
2488 4172 2687 4224 noster.
2720 4170 2789 4226 Et

373 4230 786 4305 Apoealypsis,
819 4247 909 4307 m,
943 4241 1008 4295 12
1041 4252 1056 4291 1
1087 4236 1193 4304 Qui
1217 4240 1426 4302 vicerit,
1457 4237 1834 4306 taciamitlum
1851 4236 2151 4294 columnam
2168 4241 2229 4296 in
2251 4239 2443 4310 templo
2466 4240 2566 4295 Dei
2588 4240 2714 4306 mei,
2733 4240 2787 4293 61

365 4302 520 4369 toras
546 4317 656 4358 non
684 4305 988 4373 earedietur
1012 4308 1267 4378 amplius.

434 4374 549 4432 Per
575 4371 690 4435 boc
715 4378 917 4439 autem
948 4376 1282 4440 excluditur
1309 4390 1476 4440 erroi·
1507 4377 1973 4450 Platonicorum,
2000 4379 2106 4454 qui
2151 4378 2427 4440 dicebant
2473 4381 2782 4452 separatas
