3076 5025
478 328 577 384 ¹08
1373 322 1527 391 ‚LIB-
1568 321 1642 390 11,
1681 321 1833 380 CAP.
1871 322 1971 380 111.

544 448 728 505 Primo
752 444 1012 518 quidem,
1049 444 1213 517 quia,
1251 459 1325 502 ex
1353 443 1645 502 factorum
1690 443 2092 513 meditatione,
2123 443 2384 502 divinam
2413 443 2746 516 sapientiam
2768 448 2840 502 ut·

476 530 729 588 cumque
758 527 1078 586 possumus
1112 520 1172 572 et
1211 514 1491 572 admirari
1532 521 1589 571 et
1635 515 2036 573 considerare.
2082 518 2162 572 Ea
2201 516 2360 572 enim
2390 529 2522 587 quae
2567 521 2686 572 arte
2722 514 2841 571 liunt

478 587 673 660 ipsius
700 585 847 644 artis
866 591 1006 662 sunt
1029 584 1526 655 repraesentativa,
1552 590 1752 655 utpote
1772 584 2322 644 ad-similitudineni
2353 585 2498 643 artis
2522 585 2689 642 sacta.
2715 586 2838 642 Deus

477 664 673 716 autem
702 670 812 713 sua
840 656 1133 725 sapientia
1161 656 1336 712 resin
1367 668 1504 713 esse
1533 655 1830 726 produxit,
1859 661 2097 726 propter
2123 655 2281 728 quod
2313 655 2530 714 dicitur
2559 674 2573 712 :
2605 656 2780 713 Omrii'a
2800 657 2839 709 iii

393 774 400 783 ,
474 728 748 798 sapientia
774 727 957 795 fecisti
984 725 1160 806 (Psal.
1186 725 1434 798 cunm).
1461 725 1643 794 Unde,
1673 741 1745 783 ex
1778 727 2064 783 sactorum
2093 726 2594 791 consideratione,
2624 725 2839 782 divinam

399 818 404 823 ⁷
481 796 832 877 sapientiam
864 796 1145 868 collugere
1175 809 1516 877 possumus.
1549 797 1702 877 sicut
1734 796 1792 853 in
1821 796 1996 854 rebus
2034 796 2204 855 sactis
2234 812 2339 868 per
2377 796 2689 869 quamdam
2717 809 2839 852 com·

477 873 939 926 municationem
970 879 1095 924 suae
1136 867 1550 924 similitudinis
1580 879 1971 936 impressam:
2000 866 2217 924 dicitur
2240 868 2400 924 enim
2432 885 2448 924 z
2493 867 2703 936 Effudit
2724 866 2839 921 itta·

478 935 874 1066 &sapientiam
917 951 1081 1006 super
1113 934 1297 992 omnia
1324 952 1492 1008 opera
1534 951 1638 992 sua
1667 936 1867 1008 (Eccli.
1898 951 1940 1007 1,
1975 938 2081 1009 lo).
2130 937 2289 994 Unde
2321 938 2657 1005 psalmista,
2700 949 2840 1008 quum

520 1008 696 1065 iceret
729 1024 743 1063 ε
776 1008 1047 1064 mirabitis
1080 1008 1235 1075 sacta
1259 1012 1338 1062 est
1362 1008 1591 1063 scientia
1630 1012 1726 1063 tua
1753 1024 1821 1063 ex
1845 1024 1929 1063 me
1954 1025 1973 1063 .-
2001 1010 2311 1077 conlortata
2335 1012 2432 1071 est,
2477 1012 2530 1063 et
2572 1022 2678 1062 non
2701 1010 2840 1077 poten

480 1078 556 1134 ad
581 1093 698 1134 eam
724 1077 1033 1147 (cxxxviii,
1064 1076 1140 1148 6),
1172 1082 1232 1134 et
1253 1077 1604 1150 adjungeret
1630 1077 1843 1136 divinae
1875 1077 2334 1137 illuminationis
2365 1077 2677 1146 auxilium,
2700 1089 2839 1148 quum

481 1147 624 1205 dicit
659 1166 673 1205 ε
704 1150 826 1204 Noa·
850 1149 1178 1203 illuminatio
1203 1161 1323 1204 mea
1349 1150 1408 1203 in
1436 1147 1646 1204 deliciis
1672 1152 1804 1204 meis
1833 1148 2137 1220 (cxxxviii,
2170 1147 2277 1229 tt),
2308 1162 2382 1206 ex
2408 1146 2840 1206 consideratione

481 1218 817 1277 divinorum
864 1231 1107 1298 operum
1158 1230 1226 1276 se
1270 1218 1537 1275 ad'utnm
1581 1217 1655 1275 ad
1696 1218 1958 1277 divinam
1999 1220 2352 1289 sapientiam
2405 1217 2842 1290 cognoscendam

480 1287 1074 1431 confltetur,{2i)<iens
1122 1304 1138 1344 ε
1182 1289 1329 1346 Mira
1367 1290 1466 1345 ilia
1515 1304 1678 1359 opera
1734 1295 1849 1353 tua,
1896 1294 1951 1346 et
1998 1291 2186 1346 anima
2237 1305 2357 1346 mea
2406 1290 2679 1359 euanescit
2720 1289 2841 1342 nimii

502 1371 795 1421 cxxxvnn
903 1402 917 1415 .

548 1430 811 1497 Secundo,
843 1428 969 1486 haec
993 1428 1392 1488 consideratio
1418 1429 1480 1487 in
1500 1429 1950 1488 admirationem
1982 1429 2291 1489 altissimae
2313 1429 2414 1488 Dei
2436 1428 2674 1488 vii-tutis
2700 1427 2840 1493 ducit,

481 1503 541 1558 et
572 1513 676 1570 per
712 1511 1090 1579 consequens
1115 1499 1174 1556 in
1201 1500 1483 1559 cordibus
1514 1501 1820 1559 bominum
1865 1501 2249 1559 reverentiam
2293 1501 2390 1557 Dei
2439 1500 2617 1571 parit.
2649 1500 2845 1570 oportet

481 1569 638 1628 enim
670 1568 826 1640 quod
874 1575 1063 1626 virtus
1092 1568 1363 1628 facientis
1409 1571 1766 1629 eminentior
1800 1571 1975 1630 rebus
2018 1570 2189 1629 sactis
2234 1570 2642 1642 intelliffatur3
2669 1575 2722 1626 et
2745 1568 2842 1626 ideo

481 1638 699 1697 dicitur
727 1657 741 1697 ε
773 1640 837 1697 Si
857 1641 1111 1694 virtutem
1137 1644 1190 1695 et
1212 1654 1377 1710 opera
1400 1656 1601 1710 eorum,
1633 1642 1860 1699 scilicet
1887 1641 2019 1699 coeli
2050 1648 2107 1699 et
2137 1642 2441 1699 stellarum
2471 1650 2533 1698 et
2567 1641 2843 1699 elemento·

481 1722 613 1769 rum
660 1709 886 1772 muudi,
923 1711 1117 1765 mirati
1155 1716 1302 1779 sunt,
1331 1710 1562 1769 scilicet
1600 1711 1960 1783 philosophi,
1997 1713 2307 1781 inieuiqant
2352 1714 2614 1783 quoniam
2640 1709 2843 1781 qiiitoeit

482 1780 592 1837 ἧκε
614 1781 813 1848 [ortior
837 1787 917 1836 est
941 1781 1053 1836 ielis
1078 1781 1256 1851 (Sap.,
1285 1793 1415 1849 xm,
1441 1782 1527 1854 4);
1552 1788 1609 1839 et
1637 1782 1889 1840 dicitur:
1921 1784 2231 1840 Invisibilia
2253 1784 2367 1847 Dei,
2390 1798 2494 1853 pei·
2509 1798 2579 1838 ea
2601 1796 2716 1852 qiiae
2733 1781 2845 1847 fucta

481 1854 645 1912 sunt,
701 1852 970 1907 intellecta
1017 1853 1456 1920 conspiciuntur,-
1498 1855 1825 1922 sempiterna
1873 1869 2081 1934 quoque
2122 1852 2240 1924 ejus
2291 1856 2469 1908 virtus
2523 1856 2579 1908 et
2626 1852 2844 1929 diviiiitn

481 1921 672 1993 (Rom.
731 1935 771 1988 1,
797 1922 909 1994 20).
942 1922 1021 1978 Ex
1051 1921 1159 1978 hac
1185 1928 1381 1980 autem
1408 1922 1801 1981 admiratione
1825 1923 1924 1981 Dei
1957 1929 2137 1983 timor
2161 1923 2427 1995 procedit
2444 1927 2506 1981 et
2526 1926 2842 1982 reverentii:

482 1992 640 2048 unde
667 1962 883 2048 dicitur
910 2009 925 2048 :
956 1994 1216 2060 Mannum
1258 1997 1338 2048 est
1376 2009 1566 2049 nomen
1595 1999 1748 2050 tuum
1790 1996 1851 2050 in
1891 1994 2217 2064 fortitudine
2242 2012 2263 2049 .·
2292 1997 2416 2065 quis
2442 2009 2556 2049 non
2584 1992 2775 2048 timebit
2794 1994 2843 2049 te,

480 2062 597 2118 Reoe
622 2064 904 2130 peritiam?
932 2060 1183 2143 (ierem,
1215 2067 1354 2144 x,·6,
1380 2064 1461 2144 7.)
2725 2132 2735 2142 ,
2810 2129 2819 2138 ,

555 2133 749 2194 Tertio,
784 2132 906 2189 liaec
934 2132 1333 2192 consideratio
1360 2146 1598 2192 animos
1632 2133 1942 2193 hominum
1974 2135 2035 2193 in
2064 2148 2326 2194 amorem
2353 2134 2575 2192 divinae
2604 2133 2844 2192 honitatis

480 2202 772 2283 accendit.
808 2201 1117 2283 ‚Quidquid
1161 2203 1321 2261 enim
1363 2203 1651 2262 honitatis
1689 2212 1757 2262 et
1791 2206 2175 2276 pei-iectionis
2222 2206 2282 2263 in
2314 2205 2573 2262 diversis
2602 2200 2843 2262 creaturis

482 2272 914 2343 particulariter
947 2271 1325 2331 distributum
1356 2280 1467 2343 est,
1499 2279 1686 2332 totum
1729 2276 1789 2332 iii
1838 2276 1972 2346 ipso
2002 2276 2415 2335 universaliter
2441 2281 2534 2332 est
2567 2274 2843 2333 adunatum

482 2341 639 2400 sicut
671 2342 731 2399 iu
764 2343 925 2400 fonte
951 2343 1136 2402 totius
1162 2343 1468 2413 honitatis,
1497 2352 1561 2403 ut
1585 2351 1892 2404 ostensum
1925 2353 2015 2405 est
2045 2346 2107 2419 (l.
2139 2359 2181 2415 1,
2208 2361 2262 2404 c.
2283 2345 2396 2418 28).
2428 2347 2486 2404 Si
2523 2346 2706 2417 igitur
2728 2355 2844 2422 crea-

481 2416 743 2494 turarum
787 2411 1050 2493 bonitas,
1098 2413 1476 2495 pulchritudo
1522 2420 1583 2474 et
1626 2417 1889 2475 suavitas
1919 2417 2008 2476 sic
2049 2418 2284 2476 animos
2331 2416 2646 2475 hominum
2677 2413 2840 2490 allicit.

481 2495 672 2564 ipsius
699 2484 800 2541 Dei
832 2483 968 2542 fons
996 2485 1300 2553 honitatis,
1323 2485 1531 2544 rivulis
1560 2485 1891 2546 bonitatum
1922 2487 1981 2544 iu
2012 2488 2271 2561 singulis
2313 2488 2609 2545 creaturis
2640 2486 2845 2557 repertis

479 2553 794 2626 diligenter
824 2562 1219 2636 comparatus,
1254 2556 1489 2615 animos
1521 2558 1828 2616 hominum
1858 2559 2259 2618 inflammatos
2283 2560 2549 2616 totaliter
2578 2558 2651 2616 ad
2676 2570 2734 2615 se
2759 2561 2843 2610 tra·

481 2622 598 2680 het.
633 2624 793 2681 Unde
830 2626 1046 2683 dicitur
1075 2644 1089 2683 :
1118 2627 1406 2682 Delectasti
1437 2643 1537 2690 me,
1557 2631 1798 2692 Domine,
1830 2632 1891 2685 in
1916 2633 2138 2697 factura
2168 2634 2282 2692 tua,
2313 2634 2364 2685 et
2390 2632 2450 2684 in
2497 2628 2742 2700 operibus
2758 2638 2844 2680 nia·

479 2709 644 2750 nuum
683 2698 900 2752 tuarum
928 2698 1204 2753 eaesultabo
1252 2697 1428 2766 (Psal.
1457 2711 1577 2766 xci,
1608 2699 1659 2769 5)
1686 2717 1699 2768 3
1748 2706 1806 2756 et
1833 2700 1973 2757 alibi
2005 2700 2076 2758 de
2107 2700 2248 2758 filiis
2278 2700 2596 2757 hominum
2628 2697 2841 2756 dicitur:

475 2763 892 2822 [nebi-inbuatur
917 2769 986 2823 ab
1031 2768 1274 2823 ubertate
1309 2768 1496 2824 domus
1526 2774 1653 2832 tuae.
1736 2771 1863 2827 uasi
1897 2771 2079 2829 totius
2117 2776 2423 2837 creaturae.
2452 2778 2512 2828 et
2539 2770 2633 2828 sic
2660 2766 2843 2825 torre-ite

477 2835 768 2915 voluptatis
796 2841 902 2893 tiiae
920 2839 1134 2906 potabis
1161 2852 1265 2899 eos,
1296 2842 1553 2907 quoniam
1575 2785 1728 2909 apua
1754 2846 1804 2895 te
1825 2845 1905 2896 est
1927 2842 2054 2908 sons
2079 2843 2207 2898 vitai
2234 2840 2423 2921 (Psalg
2444 2851 2642 2909 xxxv,
2669 2843 2718 2906 9,
2747 2832 2839 2916 ¹0);

479 2908 537 2962 et
566 2905 782 2963 dicitur
808 2912 1016 2965 conti-a
1054 2906 1340 2979 quosdam
1375 2925 1389 2965 :
1421 2912 1499 2966 De
1542 2909 1629 2966 liis
1657 2910 2053 2979 quaevi'dentui·
2096 2912 2254 2981 bona,
2293 2910 2525 2969 scilicet
2573 2915 2837 2969 creaturis.

478 2988 610 3045 quae
642 2980 784 3059 siint
834 2976 988 3034 bona
1034 2990 1137 3048 pei·
1177 2977 1492 3049 quamdam
1534 2980 1740 3052 partici
1785 2981 2066 3044 ationem.
2114 2996 2225 3039 non
2265 2986 2568 3053 potuerunt
2594 2980 2839 3046 intettipm

475 3059 609 3172 ζειτζ,
624 3049 825 3187 quites?
853 3046 1189 3188 (8391.,3ig1)11,
1225 3046 1295 3121 l),
1323 3050 1554 3108 scilicet
1582 3065 1716 3109 vere
1785 3064 1961 3123 onus,
1982 3052 2106 3111 imo
2134 3053 2267 3126 ipsa
2293 3051 2561 3122 bonitas,
2594 3057 2661 3109 ut
2685 3053 2833 3108 oston-

641 3128 707 3172 es
806 3157 820 3172 .
846 3128 889 3181 1,
920 3122 933 3136 ·
992 3158 1008 3184 ,
1134 3159 1149 3175 .

545 3184 768 3268 otperto,
809 3184 945 3266 ‘haec
983 3186 1382 3267 consideratio
1411 3189 1687 3250 homines
1726 3193 1788 3249 in
1815 3192 2132 3265 quamdam
2177 3191 2639 3252 similitudinem
2670 3188 2830 3248 divine

474 3260 857 3327 perlectionis
899 3263 1226 3316 constituit.
1258 3260 1575 3318 ostensum
1611 3269 1702 3320 est
1724 3263 1882 3321 euim
1929 3265 1990 3337 (Ι.
2022 3278 2062 3332 ι,
2094 3279 2147 3322 c.
2179 3265 2248 3322 48
2277 3271 2336 3322 et
2361 3264 2454 3333 49)
2505 3263 2672 3337 quod
2703 3264 2835 3318 Deus,

475 3327 894 3406 cognoscendo
924 3328 1209 3398 seipsum,
1239 3328 1300 3387 iu
1330 3344 1396 3388 se
1417 3333 1620 3389 omnia
1647 3333 1764 3391 alia
1799 3335 2078 3394 intuetur.
2110 3335 2303 3404 Quum
2340 3334 2526 3406 igitur
2554 3331 2837 3391 christiana

474 3393 622 3477 fides
657 3397 953 3454 hominem
983 3399 1056 3455 de
1083 3400 1200 3458 Deo
1227 3401 1631 3472 principaliter
1658 3404 1917 3468 instruit,
1949 3410 2007 3463 et
2044 3419 2148 3476 per
2178 3406 2374 3462 lumen
2401 3405 2624 3462 divinae
2662 3397 2837 3479 revela·

474 3469 658 3548 tionis
685 3482 817 3549 etum
848 3475 1247 3549 creaturarum
1297 3475 1663 3544 cognitorem
1710 3475 1869 3543 facit,
1907 3474 1972 3533 fii
2000 3475 2062 3532 in
2095 3475 2335 3533 homine
2363 3475 2639 3548 quaedam
2667 3474 2838 3548 diviua

475 3544 779 3607 saptenttae
810 3540 1159 3598 similitudo.
1192 3541 1339 3598 Hinc
1368 3548 1459 3599 est
1485 3544 1641 3615 quod
1673 3545 1889 3603 dicitur
1916 3564 1932 3602 z
1961 3548 2070 3604 Nos
2094 3560 2220 3602 vero
2242 3560 2441 3608 omnes,
2472 3547 2711 3601 revelata
2733 3543 2843 3609 tuae

472 3607 701 3690 οῖον-ξαηι
719 3612 936 3690 pomini
951 3612 1301 3681 speculantes,
1319 3614 1380 3667 in
1396 3613 1635 3669 eaindem
1653 3617 1941 3686 imaqinem
1954 3617 2411 3683 transsuimamur
2424 3615 2495 3687 (11
2519 3622 2652 3675 tzor.
2665 3626 2743 3679 ιιι,
2760 3605 2839 3689 ιβ)

542 3678 683 3736 Sici
731 3686 847 3761 itur
884 3684 1039 3762 patet
1082 3682 1240 3753 quod
1270 3683 1670 3761 consideratio
1708 3695 2106 3745 creaturarum
2147 3686 2399 3758 pertinet
2430 3686 2501 3743 ad
2537 3687 2839 3743 instructio·

472 3759 605 3805 nem
639 3750 674 3806 ii
721 3765 773 3807 ei
819 3751 1181 3810 christianae.
1229 3755 1295 3809 Et
1335 3752 1470 3812 ideo
1506 3754 1724 3812 dicitur
1756 3774 1772 3814 :
1810 3759 2013 3814 Memor
2037 3771 2127 3813 ero
2151 3772 2370 3827 operum
2416 3758 2655 3820 Domini,
2686 3757 2843 3821 cteta

468 3819 589 3875 vidi·
614 3822 970 3880 annuntiabo.
998 3822 1067 3879 In
1101 3824 1435 3881 sermonibus
1459 3827 1679 3882 Domini·
1701 3840 1866 3897 opera
1889 3828 2007 3898 ejias
2033 3826 2259 3899 mccli..
2288 3839 2431 3898 xm,
2461 3827 2575 3902 15).

1469 4016 1721 4082 CAPUT
1776 4017 1880 4084 111.

782 4174 934 4229 QUOD
976 4175 1244 4226 connino
1280 4179 1708 4226 GREATURARUM
1744 4182 1938 4229 VALET
1971 4182 2051 4229 An
2085 4182 2561 4231 nsssmumom

1156 4249 1432 4296 tunulum
1466 4250 1566 4304 0151
1604 4252 1750 4298 sum·
1785 4253 1956 4300 CIRGA
1990 4253 2169 4301 DEUM.

469 4448 480 4460 ¹
537 4380 636 4435 Est
662 4378 836 4459 etiam
870 4383 1209 4442 necessaria
1236 4392 1639 4445 creaturarum
1677 4389 2098 4453 consideratio,
2132 4404 2256 4450 non
2285 4390 2482 4450 solum
2510 4390 2581 4448 ad
2611 4382 2835 4446 veritatis

464 4453 942 4520 instructionem,
995 4452 1103 4512 sed
1140 4454 1317 4514 etiam
1360 4458 1436 4515 ad
1474 4471 1708 4518 errores
1752 4459 2179 4521 excludendos.
2212 4464 2454 4523 Errores
2487 4474 2728 4533 namque
2754 4452 2831 4529 qui
