3076 5025
361 323 468 376 342
1237 314 1370 369 [ΑΒ.
1411 313 1509 381 111,
1550 313 1704 368 GAP.
1741 312 1918 369 val.

363 445 638 499 cessante
663 444 722 496 et
748 436 1125 504 abscedente,
1155 440 1273 493 stat
1302 449 1455 505 opus
1486 434 1639 504 eJus,
1674 434 1758 491 ita
1796 432 2060 491 mundus
2086 431 2182 489 vel
2206 431 2272 489 in
2293 430 2417 489 ictu
2444 430 2607 489 oculi
2635 437 2796 489 stare

363 512 584 584 poterit
612 510 664 566 si
688 509 741 565 ei
773 509 1042 580 regimen
1075 509 1231 564 Deus
1261 505 1620 563 subtraxerit
1658 525 1713 560 ».

436 584 547 638 Per
575 580 692 637 hoc
721 585 919 636 autem
948 577 1283 635 excluditur
1310 575 1707 649 quorumdam
1759 573 2131 647 loquentium
2169 572 2232 629 in
2282 573 2415 645 lege
2460 572 2802 631 Maurorum

365 651 612 733 positi0,
654 651 756 723 qui
797 650 870 706 ad
921 649 1036 706 hoc
1064 646 1222 721 quod
1254 647 1557 704 sustinere
1587 651 1836 717 possent
1879 644 2168 702 mundum
2210 644 2314 701 Dei
2348 643 2813 701 conservatione

365 723 659 794 indigere,
720 724 1050 792 posuerunt
1104 731 1317 776 omnes
1369 717 1596 774 formas
1646 729 1782 774 esse
1836 714 2190 783 accidentia,
2246 720 2307 771 et
2357 713 2518 794 quod
2575 713 2809 794 nullum

369 793 650 850 accidens
680 791 854 848 durat
882 804 987 861 per
1013 788 1133 846 duo
1164 788 1469 863 instantia,
1505 793 1570 844 ut
1600 787 1689 844 sic
1718 799 1955 857 semper
1981 799 2176 844 rerum
2230 785 2508 842 formatio
2536 790 2700 842 esset
2745 797 2810 842 in

369 862 523 931 fieri,
566 862 738 934 quasi
787 875 884 917 res
927 873 1046 916 non
1094 859 1390 932 indigeret
1418 872 1603 916 causa
1632 863 1866 929 agente,
1898 857 2018 937 nisi
2063 855 2202 937 dum
2227 856 2418 936 ,est-in
2462 853 2614 911 fieri.
2648 854 2810 935 unde

369 933 558 1004 aliqui
609 945 817 989 eorum
873 944 1094 1001 ponere
1141 930 1442 999 dicuntur,
1480 929 1644 1001 quod
1698 941 1950 999 corpora
1998 926 2412 992 indivisibilia,
2465 940 2538 983 ex
2588 925 2810 1006 quibus

374 1017 586 1061 omnes
617 1001 987 1060 substantias
1013 1000 1218 1057 dicunt
1245 1013 1379 1058 esse
1409 998 1798 1070 compositas,
1830 1012 1963 1070 quae
1992 998 2123 1056 sola
2150 996 2481 1054 secundum
2507 1009 2610 1054 eas
2635 994 2819 1053 firmi·

371 1079 554 1131 tatem
586 1072 826 1140 habent,
859 1076 1114 1143 possunt
1141 1070 1216 1128 ad
1246 1071 1455 1128 horam
1484 1071 1745 1142 aliquam
1781 1082 2108 1150 remanere,
2141 1069 2193 1148 si
2219 1070 2376 1125 Deus
2405 1080 2577 1124 suam
2598 1066 2812 1138 guber·

376 1144 682 1201 nationem
715 1143 894 1200 rebus
924 1141 1303 1199 subtraxerit.
1345 1142 1610 1210 Quorum
1644 1140 1821 1197 etiam
1848 1139 2090 1220 quidam
2120 1138 2326 1196 dicunt
2349 1137 2512 1210 quod
2552 1150 2651 1195 res
2680 1150 2813 1218 esse

373 1227 498 1271 non
528 1214 847 1282 desineret,
878 1213 998 1270 nisi
1026 1214 1183 1270 Deus
1210 1212 1272 1268 in
1305 1212 1437 1283 ipsa
1467 1211 1751 1270 accidens
1781 1210 2110 1268 decisionis
2139 1214 2432 1268 causaret.
2451 1209 2595 1276 Quae
2611 1219 2817 1267 omma

375 1289 537 1357 patet
563 1297 699 1342 esse
729 1284 1009 1342 absurda.
1042 1282 1087 1355 (1
1113 1287 1287 1355 part„
1310 1297 1370 1356 q.
1398 1296 1521 1352 civ,
1543 1288 1654 1339 art.
1690 1282 1762 1355 1.)

1329 1537 1584 1602 CAPUT
1660 1538 1866 1602 val.

554 1738 707 1790 QUOD
743 1737 909 1783 Num.
943 1736 1062 1781 1>ss
1096 1736 1241 1781 Rsst
1275 1734 1397 1781 msl
1437 1734 1499 1780 m
1540 1734 1825 1786 QUANTUI
1858 1733 2001 1780 AGIT
2034 1733 2099 1780 m
2133 1734 2390 1781 vm‘m'm
2422 1733 2655 1781 mmm.

454 1921 532 1973 Ex
563 1918 676 1974 hoc
707 1923 904 1973 autem
935 1915 1320 1972 manifestum
1351 1920 1462 1983 cst,
1494 1914 1655 1986 quod
1686 1915 1889 1972 omnia
1917 1914 2204 1973 inferiora
2235 1916 2474 1989 agentia
2516 1929 2640 1974 non
2682 1915 2823 1974 dant

381 2002 518 2045 esse
549 1987 666 2044 nisi
699 1987 761 2043 in
791 1991 1079 2058 quantum
1118 1991 1305 2112 agunt
1333 1986 1395 2042 in
1423 1984 1639 2042 virtute
1669 1985 1890 2042 divina.
1922 1986 2081 2067 Nihil
2122 1986 2282 2043 enim
2311 1985 2411 2043 dat
2437 1999 2577 2044 esse
2605 1986 2725 2044 nisi
2754 1983 2821 2065 iii

425 2065 668 2115 uantum
701 2062 792 2114 est
820 2070 928 2113 ens
957 2061 1113 2114 actu.
1195 2068 1304 2113 eus
1332 2059 1530 2112 autem
1564 2060 1880 2113 conservat
1904 2069 2001 2114 res
2026 2070 2087 2113 in
2120 2070 2257 2115 esse
2332 2071 2397 2114 er
2425 2069 2599 2115 suam
2626 2069 2822 2128 provi·

381 2074 671 2255 gf'missdnd
713 2133 780 2253 {it
825 2131 1133 2184 ostensum
1184 2131 1276 2183 est
1324 2125 1476 2198 (cap.
1511 2126 1623 2198 65).
1670 2128 1752 2182 Ex
1798 2125 2010 2183 virtute
2054 2126 2240 2200 igitur
2324 2127 2486 2185 ivina
2528 2132 2621 2184 est
2662 2125 2822 2199 quod

382 2212 456 2256 ai
506 2213 564 2255 ui
677 2213 708 2254 e
763 2211 920 2254 csse.

451 2215 727 2338 finiminis,
776 2266 1017 2340 quando
1067 2265 1224 2323 enim
1272 2265 1474 2339 aliqua
1514 2266 1756 2338 agentia
1800 2265 2034 2323 diversa
2079 2266 2193 2324 sub
2241 2281 2365 2327 uno
2407 2273 2627 2343 agente
2665 2266 2823 2326 ordi-

383 2344 625 2407 nantur,
656 2351 907 2395 necesse
937 2342 1029 2395 est
1070 2336 1230 2409 quod
1271 2334 1521 2394 effectus
1557 2336 1658 2409 qui
1690 2337 1764 2394 ab
1807 2337 1897 2395 eis
1940 2339 2336 2395 communiter
2363 2337 2451 2408 fit,
2494 2338 2575 2396 sit
2615 2351 2824 2397 eorum

384 2409 719 2467 secundum
750 2408 908 2481 quod
931 2407 1294 2489 uniunturin
1323 2407 1737 2489 participando
1758 2407 1987 2465 motum
2005 2414 2063 2465 et
2082 2409 2357 2466 virtutem
2378 2410 2546 2467 illius
2566 2408 2823 2482 agentis·

384 2482 516 2539 Non
550 2479 708 2538 enim
739 2479 914 2550 plura
957 2479 1185 2536 faciunt
1231 2491 1439 2548 unum,
1469 2479 1588 2536 nisi
1617 2491 1677 2535 in
1711 2485 1999 2551 quantum
2040 2492 2223 2537 unum
2268 2486 2430 2551 sunt,
2468 2481 2628 2539 sicut
2665 2483 2829 2552 patet

385 2549 546 2624 quod
596 2563 807 2609 omnes
858 2550 957 2623 qui
1004 2553 1146 2608 sunt
1193 2550 1253 2606 in
1300 2551 1560 2607 exercitu
1609 2563 1645 2607 o
1689 2556 1930 2608 erantur
1968 2550 2043 2607 ad
2080 2551 2391 2609 victoriam
2436 2550 2824 2620 causandam‚

385 2635 563 2694 quam
590 2626 843 2679 causant
872 2620 1202 2679 secundum
1227 2620 1385 2692 quod
1419 2626 1564 2677 sunt
1586 2634 1655 2678 su
1729 2620 2105 2678 ordinatione
2129 2621 2323 2690 ducis,
2344 2622 2518 2695 quus
2547 2622 2826 2695 proprius

387 2690 636 2749 effectus
664 2691 914 2749 victoria
943 2697 1053 2749 est.
1079 2693 1400 2749 ostensum
1426 2696 1519 2749 est
1546 2697 1746 2749 autem
1765 2691 1829 2747 in
1849 2692 2042 2763 primo
2071 2691 2229 2764 (cap.
2261 2693 2347 2765 13)
2370 2693 2527 2764 quod
2568 2692 2826 2764 primum

388 2775 575 2835 agens
622 2766 714 2819 est
755 2765 935 2819 Deus.
984 2764 1125 2819 Cum
1177 2762 1358 2834 igitur
1386 2776 1522 2820 esse
1572 2762 1654 2820 sit
1679 2762 2020 2819 communis
2054 2761 2304 2821 effectus
2334 2764 2603 2822 omnium
2644 2776 2826 2837 agen·

383 2833 561 2902 tium,
608 2846 746 2890 nam
802 2845 979 2890 omne
1036 2846 1223 2905 agens
1278 2832 1420 2889 facit
1472 2846 1608 2890 esse
1661 2838 1816 2901 actu,
1869 2838 2100 2904 oportet
2145 2833 2302 2906 quod
2347 2834 2507 2892 hunc
2549 2832 2824 2891 effectum

383 2903 737 2984 producant,
770 2903 832 2959 in
861 2909 1150 2975 quantum
1190 2902 1545 2960 ordinantur
1574 2903 1687 2960 sub
1712 2904 1905 2974 primo
1936 2908 2148 2976 agente
2177 2909 2237 2962 et
2263 2910 2449 2977 agunt
2495 2905 2557 2961 in
2611 2904 2828 2962 virtute

385 2986 603 3044 ipsius.

456 3044 672 3105 Adhuc,
705 3043 770 3099 in
797 3042 1081 3101 omnibus
1110 3043 1312 3101 causis
1338 3042 1659 3114 agentibus
1706 3043 2020 3108 ordinatis,
2050 3044 2111 3103 id
2148 3045 2308 3118 quod
2338 3052 2431 3104 est
2458 3045 2735 3103 ultimum
2763 3044 2830 3102 in

385 3114 771 3186 generatione
799 3120 854 3170 et
885 3113 1141 3184 primum
1166 3114 1226 3170 in
1259 3113 1614 3184 intentione,
1646 3118 1738 3171 est
1784 3115 2063 3186 proprius
2080 3114 2332 3174 effectus
2361 3116 2534 3188 primi
2566 3115 2825 3186 agentiS,

391 3184 549 3241 sicut
579 3183 771 3241 forma
823 3184 1058 3253 domus,
1121 3198 1252 3257 quae
1302 3189 1394 3241 est
1448 3185 1726 3256 proprius
1774 3183 2022 3244 effectus
2074 3186 2474 3256 aedificatoriS,
2526 3186 2828 3258 posterius

386 3254 659 3326 provenit
686 3269 865 3327 quam
895 3255 1247 3327 praeparatio
1276 3256 1555 3324 cementi,
1590 3260 1649 3312 et
1673 3255 1910 3326 lapidis,
1942 3263 2003 3314 et
2029 3256 2351 3329 lignorum,
2378 3271 2509 3330 quae
2544 3256 2696 3314 siunt
2722 3270 2831 3328 per

388 3324 645 3404 artifices
676 3325 1015 3407 inferiores²
1044 3326 1146 3398 qui
1177 3324 1436 3383 subsunt
1465 3325 1833 3383 aedificatori.
1866 3329 1932 3384 In
1979 3329 2144 3385 omni
2197 3334 2393 3386 autem
2424 3327 2659 3385 actione
2690 3340 2828 3385 esse

385 3406 450 3453 :in
503 3401 639 3453 actu
685 3402 776 3453 est
823 3395 1229 3476 principaliter
1277 3396 1595 3465 intentum,
1641 3402 1699 3453 et
1742 3396 2016 3455 ultimum
2046 3399 2108 3455 in
2136 3399 2542 3480 generatione.
2573 3401 2715 3455 Nam
2755 3410 2826 3455 eo

386 3463 594 3524 habito
624 3467 880 3539 quiescit
909 3467 1144 3546 agentis
1170 3466 1327 3524 actio
1361 3473 1416 3524 et
1445 3473 1647 3524 motus
1675 3467 1976 3538 patientis
2010 3472 2111 3527 Est
2156 3469 2341 3541 igitur
2382 3483 2518 3527 esse
2546 3467 2827 3540 proprius

389 3534 637 3593 effectus
668 3538 840 3607 primi
871 3542 1127 3609 agentis,
1158 3536 1391 3595 scilicet
1437 3538 1562 3595 Dei.
1598 3540 1667 3593 Et
1693 3538 1898 3596 omnia
1929 3554 2062 3611 quae
2090 3538 2234 3596 dant
2269 3552 2426 3608 esse,
2457 3540 2572 3597 boc
2602 3538 2825 3596 habent

390 3605 454 3662 in
481 3612 769 3674 quantum
800 3612 986 3688 agunt
1010 3608 1072 3663 in
1097 3608 1312 3665 virtute
1342 3608 1466 3664 Dei.

458 3678 732 3747 Amplius,
762 3678 1036 3735 ultimum
1055 3678 1121 3735 in
1148 3678 1412 3736 bonitate
1438 3683 1497 3734 et
1521 3677 1887 3749 perfectione
1908 3679 2065 3736 inter
2090 3693 2162 3737 ea
2184 3679 2246 3737 in
2270 3695 2404 3752 quae
2428 3684 2625 3751 potest
2640 3691 2829 3752 agens

389 3747 741 3817 secundum,
784 3753 875 3805 est
920 3748 1070 3806 illud
1118 3748 1279 3831 quod
1307 3753 1505 3820 potest
1545 3749 1609 3806 in
1651 3749 1866 3807 virtute
1897 3750 2132 3821 agentis
2156 3750 2354 3822 primi.
2387 3753 2533 3807 Nam
2564 3750 2827 3821 comple·

387 3825 656 3874 mentum
687 3819 921 3876 virtutis
947 3825 1182 3891 agentis
1208 3819 1455 3877 secundi
1486 3824 1677 3876 estex
1704 3825 1917 3893 agente
1948 3820 2162 3891 prim0.
2194 3821 2364 3889 Quod
2393 3828 2591 3878 autem
2619 3825 2712 3878 est
2764 3819 2830 3877 in

392 3888 676 3947 omnibus
719 3888 1029 3947 effectibus
1069 3889 1597 3961 perfectissimum,
1628 3895 1724 3948 est
1770 3905 1926 3949 esse.
1960 3890 2250 3958 Quaelibet
2289 3891 2450 3948 enim
2494 3897 2709 3948 natura
2732 3889 2829 3948 vel

389 3957 583 4037 forma
626 3960 929 4031 perficitur
975 3974 1080 4031 per
1127 3961 1243 4018 hoc
1285 3960 1446 4032 quod
1476 3966 1572 4018 est
1612 3966 1769 4031 actu,
1810 3966 1865 4018 et
1904 3968 2284 4033 comparatur
2310 3962 2384 4019 ad
2414 3976 2549 4020 esse
2574 3962 2638 4018 in
2666 3966 2828 4029 actu,

392 4034 553 4086 sicut
591 4030 860 4099 potentia
905 4029 980 4087 ad
1018 4035 1212 4089 actum
1259 4030 1478 4101 ipsum.
1529 4031 1718 4104 Igitur
1770 4044 1906 4090 esse
1950 4037 2044 4091 est
2085 4031 2247 4104 quod
2282 4034 2525 4105 agentia
2561 4031 2830 4091 secunda

394 4104 579 4170 agunt
603 4101 665 4156 in
695 4102 909 4157 virtute
939 4102 1172 4173 agentis
1200 4102 1396 4172 primi.

397 4238 410 4250 ⁶
460 4170 611 4231 Item,
639 4171 972 4249 secundum
1003 4171 1273 4228 ordinem
1302 4185 1621 4230 causarum
1649 4178 1741 4231 est
1769 4173 1917 4230 ordo
1947 4170 2287 4230 effectuum.
2319 4175 2581 4230 Primum
2628 4178 2826 4230 autem

391 4251 455 4295 in
488 4240 769 4299 omnibus
796 4240 1111 4299 effectibus
1136 4249 1405 4299 estesse.
1438 4245 1583 4299 Nam
1615 4244 1820 4301 omnia
1848 4243 1967 4300 alia
1993 4245 2221 4301 suntin
2250 4258 2435 4302 causa
2471 4243 2825 4302 determina-

389 4309 588 4390 tiones
634 4309 847 4380 ipsius.
882 4312 1068 4386 lgitur
1117 4326 1254 4371 esse
1303 4319 1394 4371 est
1442 4315 1722 4385 proprius
1766 4311 2014 4371 effectus
2042 4314 2218 4386 primi
2251 4315 2507 4387 agentis,
2537 4318 2595 4371 et
2622 4313 2828 4371 omnia

391 4379 510 4436 alia
556 4386 744 4451 agunt
792 4383 989 4453 ipsum
1037 4383 1100 4439 in
1146 4388 1433 4457 quantum
1463 4389 1653 4456 agunt
1702 4385 1763 4440 in
1792 4384 2011 4441 virtute
2053 4385 2227 4455 primi
2261 4386 2516 4455 agentis.
2550 4383 2825 4441 Secunda

392 4457 589 4509 autem
647 4453 887 4524 agentia
929 4467 1060 4526 quae
1095 4459 1238 4513 sunt
1284 4453 1457 4527 quasi
1499 4454 1890 4525 particulares
1926 4460 1985 4512 et
2026 4454 2489 4515 determinantes
2527 4454 2824 4512 actionem
