3076 5025
346 351 435 405 XX
604 422 612 428 Ι
854 345 1070 401 BERN.
1108 343 1351 400 HAROE
1386 342 1480 398 DE
1518 344 1773 399 num-:IS
1809 344 2282 401 mSSERTATlo.

344 500 499 559 iicet
529 497 701 573 quod
726 499 898 567 sunt,
926 498 995 557 et
1023 493 1206 556 bonoe
1236 497 1386 554 sunt
1418 512 1437 553 ε
1465 493 1554 554 ita
1597 498 1815 555 tamen
1855 493 2325 571 imperfectum,
2357 497 2530 574 quod
2561 497 2642 557 ad
2673 499 2782 559 de-

348 595 714 657 clai-andam
768 593 964 670 ipsius
1017 592 1131 654 Dei
1184 590 1605 652 substantiam
1660 591 1924 652 omnino
1989 592 2373 652 insufficiens
2435 592 2780 653 invenitur.

347 690 784 753 Habentenim
814 688 1075 751 effectus
1096 705 1355 751 suarum
1386 704 1722 749 causarum
1743 706 1859 749 suo
1893 689 2081 748 modo
2105 688 2611 763 similitudinem,
2634 706 2783 751 cum

344 805 543 867 agens
571 792 716 866 agat
740 785 858 847 sibi
887 785 1092 847 simile
1122 804 1142 846 ε
1172 802 1304 846 non
1327 790 1549 846 tamen
1572 785 1837 846 effectus
1863 787 1943 846 ad
1972 786 2317 862 perfectam
2346 787 2590 864 agentis
2618 787 2786 847 simi-

346 884 686 946 litudinem
713 898 966 959 semper
984 879 1307 961 pertingit.
1330 883 1620 942 Humana
1651 881 1844 961 igitur
1871 879 1958 961 (et
1985 880 2216 960 creata)
2248 882 2406 942 ratio
2435 884 2515 943 ad
2559 899 2788 962 cogno-

351 980 730 1043 cendam...
766 978 1046 1039 divinam
1094 976 1540 1050 substantiam,
1567 977 1658 1037 ita
1695 993 1763 1038 se
1805 975 2001 1037 habet
2051 978 2221 1055 quod
2264 979 2342 1039 ad
2396 995 2538 1039 eam
2580 982 2784 1056 potest

348 1078 595 1154 aliquas
620 1093 797 1138 veras
842 1074 1289 1137 similitudines
1338 1073 1686 1153 colligere:
1714 1090 1862 1150 quae
1903 1079 2117 1134 tamen
2164 1090 2294 1135 non
2341 1074 2665 1136 sufficiunt
2701 1075 2782 1135 ad

348 1174 505 1238 hoc.
528 1219 544 1235 .
569 1220 586 1235 .
618 1174 798 1252 quod
822 1190 934 1250 per
952 1188 1026 1235 se
1050 1171 1370 1233 intellecta
1395 1168 1996 1247 comprehendatur,
2028 1174 2139 1231 aut
2165 1171 2333 1247 perci
2342 1170 2545 1248 pialur
2576 1171 2786 1251 cujus—

354 1270 532 1333 modi
563 1269 754 1331 estin
774 1286 849 1330 se
874 1288 941 1330 n.

426 1366 607 1429 ideas
632 1366 881 1426 innatas
903 1364 1139 1427 invexit
1178 1364 1338 1427 olim
1394 1363 1797 1442 philosophia
1845 1365 2189 1441 platonica,
2234 1382 2430 1443 quam
2475 1365 2786 1427 Cartesius

348 1464 611 1524 demum
654 1461 1049 1523 instauravit.
1078 1462 1218 1523 Imo
1256 1460 1594 1523 essentiam
1640 1460 1894 1521 divinan
1929 1460 2229 1522 Nicolaus
2281 1461 2785 1523 Malebranchius

351 1560 595 1633 statuit,
626 1576 775 1636 quae
823 1558 1019 1619 menti
1062 1563 1292 1620 creatas
1342 1558 1519 1618 unita
1550 1557 1817 1633 seipsam
1847 1562 2176 1644 utcunque
2205 1558 2580 1620 intuendam
2605 1558 2779 1619 exbi-

348 1656 521 1728 beat,
548 1672 627 1717 ac
676 1672 890 1718 rerum
914 1659 1279 1717 creatarum
1316 1654 1403 1714 sit
1447 1653 1793 1733 archetypa
1829 1653 1997 1715 idea.
2029 1654 2190 1716 Hinc
2235 1654 2457 1715 lumen
2491 1653 2785 1732 (reponat

350 1751 713 1831 quispiam),
746 1769 874 1830 quo
905 1767 1085 1814 mens
1112 1756 1327 1812 creata
1346 1750 1698 1829 cognoscit,
1728 1755 1842 1811 aut
1865 1750 2245 1830 cognitionis
2292 1751 2674 1829 principium
2700 1751 2781 1813 ab

349 1850 523 1912 hisce
567 1848 799 1910 innatis
851 1847 1031 1923 ideis,
1057 1848 1153 1910 vel
1194 1848 1395 1909 etiam
1448 1849 1530 1909 ab
1576 1848 1847 1910 essentia
1881 1848 2095 1909 divina
2139 1848 2519 1910 desumitur.
2553 1848 2782 1920 Quidni

352 1946 521 2006 ultra
548 1944 807 2018 limiteS,
836 1959 996 2022 quos
1023 1945 1493 2021 constituimus,
1516 1962 1658 2005 seso
1687 1944 2067 2023 protendere
2093 1945 2254 2006 vires
2280 1950 2506 2008 creatae
2555 1946 2784 2007 mentis

353 2042 622 2103 valeant.
643 2041 716 2104 ld
738 2057 892 2104 sane
908 2042 1299 2120 reposuerim
1316 2058 1462 2122 ego,
1481 2059 1614 2104 non
1636 2059 1768 2103 esse
1795 2057 2022 2103 eorum
2051 2041 2411 2113 consilium,
2435 2044 2544 2121 qui
2566 2042 2785 2121 hujus-

355 2139 523 2200 modi
554 2139 724 2199 ideas
772 2139 1163 2201 invexerunt.
1199 2140 1484 2202 Creatam
1533 2144 1814 2201 mentem
1846 2138 2070 2200 intima
2099 2141 2485 2202 conscientia
2514 2144 2784 2218 seipsam

351 2253 533 2297 nosse
560 2236 842 2297 fatentur
870 2236 1001 2312 illi;
1048 2242 1115 2298 et
1157 2235 1308 2297 hinc
1350 2237 1487 2298 sine
1529 2235 1724 2298 dubio
1772 2235 2148 2315 cognitionis
2191 2236 2360 2298 illius
2398 2238 2780 2314 principium

351 2334 646 2408 sumitur,
678 2350 821 2411 quae
862 2333 1169 2395 naturalis
1207 2338 1309 2394 est
1348 2349 1423 2394 ac
1447 2332 1828 2410 appellatur.
1851 2334 2077 2409 Itaque
2117 2331 2428 2409 quidquid
2475 2334 2633 2395 ideae
2681 2337 2782 2394 in-

350 2437 518 2491 natae
561 2434 674 2492 aut
717 2431 849 2507 ipsa
892 2429 1103 2491 divina
1157 2429 1428 2491 essentia
1472 2427 1808 2490 exhibeant
1851 2445 1929 2489 ac
1976 2434 2452 2506 repraesentent,
2490 2431 2548 2491 id
2593 2448 2782 2493 omne

352 2527 723 2589 exhibea-tur
748 2531 1002 2604 oportet
1020 2543 1095 2587 ac
1116 2530 1632 2604 repraesentetur,
1654 2526 1734 2587 ad
1754 2524 2148 2589 efficiendam
2172 2528 2535 2588 naturalem
2574 2531 2783 2608 cogni-

349 2625 615 2700 tionem,
638 2641 784 2685 cum
813 2624 1096 2702 quodam
1125 2640 1495 2685 commensn
1513 2623 1595 2683 ad
1621 2630 1921 2685 naturam
1950 2629 2016 2686 et
2041 2625 2305 2685 modum
2337 2624 2531 2700 ipsius
2549 2635 2783 2687 cnentae

350 2721 605 2797 mentis,
636 2737 714 2783 ex
739 2738 866 2800 qua
892 2720 1200 2782 naturalis
1226 2720 1509 2799 ejusdem
1557 2718 1937 2799 cognitionis
1974 2719 2268 2782 hauritur
2311 2721 2533 2782 iumen
2577 2724 2780 2784 sumi·

349 2824 581 2896 turque
640 2818 1041 2898 principium.
1075 2817 1237 2889 Quid
1284 2819 1455 2881 enim
1498 2823 1625 2894 est,
1655 2834 1744 2894 1.,
1771 2834 1861 2898 g„
1887 2834 1999 2878 eus
2028 2817 2557 2895 perfectissimum
2607 2820 2781 2897 quod

352 2916 548 2977 menti
578 2913 968 2990 obversatur,
997 2914 1117 2974 nisi
1145 2931 1246 2976 res
1279 2917 1599 2994 quaedam,
1617 2933 1660 2977 a
1687 2932 1814 2994 qna
1841 2913 2355 2992 imperfectiones
2383 2932 2781 2976 removemus

349 3030 505 3089 quas
545 3010 858 3083 novimus,
883 3016 951 3073 et
995 3011 1064 3072 in
1101 3028 1294 3089 quam
1344 3013 1766 3089 perfectiones
1809 3029 2031 3076 omnm
2077 3011 2475 3074 refundimus
2516 3030 2672 3091 quas
2713 3015 2781 3075 in

350 3109 652 3170 creaturis
696 3107 1274 3185 deprehendimus?
1319 3108 1480 3180 Quid
1528 3116 1629 3170 est
1671 3109 1867 3171 etiam
1923 3108 2241 3170 infinitum
2277 3108 2399 3170 nisi
2445 3110 2618 3186 quod
2667 3127 2780 3185 per

348 3202 735 3263 additionem
784 3204 1085 3279 partium,
1113 3211 1225 3265 aut
1273 3205 1740 3283 perfectionum
1778 3207 1867 3268 ita
1913 3205 2336 3283 concipimus,
2363 3211 2438 3266 ut
2466 3207 2684 3268 eadem
2711 3207 2779 3266 in

348 3301 666 3363 additione
714 3299 852 3361 finis
898 3317 1028 3363 non
1083 3300 1574 3365 innotescatPSi
1603 3304 1759 3381 quid
1809 3301 2080 3379 amplius
2105 3301 2379 3379 denique
2419 3302 2780 3381 philosophi

349 3398 564 3472 velint,
593 3398 877 3458 involuta
903 3403 969 3459 et
1014 3397 1275 3460 confusa
1320 3400 1482 3461 entis
1517 3399 1975 3478 vperfectissimi
2001 3404 2069 3461 et
2095 3399 2323 3459 infiniti
2351 3400 2529 3461 notio
2555 3400 2776 3474 fuerit,

349 3511 539 3572 quam
568 3495 768 3554 evolvi
797 3497 862 3555 et
889 3493 1187 3571 explicari
1217 3501 1532 3573 oporteat,
1565 3495 1732 3556 facta
1777 3510 1928 3556 cum
1962 3494 2150 3556 rebus
2171 3493 2572 3556 sensibilibus
2597 3513 2780 3557 crea-

345 3590 551 3666 iisque
599 3589 1093 3667 comparatione.
1134 3589 1270 3661 Quo
1316 3596 1504 3668 pacto
1547 3591 1788 3652 ansilam
1829 3590 2012 3653 nobis
2054 3590 2328 3652 Thomas
2375 3593 2587 3668 docet,
2636 3594 2661 3652 l
2707 3611 2775 3671 p.

347 3694 565 3764 quaest.
596 3704 681 3760 xr,
713 3694 833 3749 art.
863 3689 964 3763 11,
993 3689 1075 3749 ad
1102 3690 1164 3763 1,
1194 3689 1523 3751 notionem
1551 3689 1665 3752 Dei
1699 3690 1766 3750 in
1808 3689 2011 3769 alt'quo
2033 3689 2346 3763 communi,
2373 3688 2491 3749 sub
2519 3686 2777 3768 quadam

345 3782 699 3858 confusione,
727 3802 787 3844 v.
818 3801 906 3863 g.‚
930 3781 1323 3847 beatitudinis.

422 3882 892 3941 consectarium
920 3883 1094 3959 quod
1120 3901 1200 3944 ex
1224 3883 1320 3944 bis
1349 3882 1751 3944 documentis
1775 3884 1916 3944 fluit
1945 3883 2045 3944 his
2075 3882 2450 3960 proponitur
2493 3882 2705 3945 verbis
2737 3901 2780 3945 a

343 3977 404 4035 S.
438 3975 679 4035 Thema
727 3975 997 4040 ibidem:
1029 3998 1058 4035 α
1088 3978 1247 4039 Sunt
1296 3978 1486 4058 igitur
1528 3979 2023 4058 intelligibilium
2072 3980 2428 4040 divinorum
2475 3980 2773 4056 quiedam

344 4088 488 4149 quae
517 4072 813 4134 humanae
856 4074 1088 4136 rationi
1133 4080 1281 4135 sunt
1328 4076 1563 4151 pervia,
1593 4076 1891 4153 quaedam
1936 4092 2109 4152 vero,
2140 4093 2283 4154 qum
2333 4078 2595 4138 cumino
2647 4079 2776 4141 vim

341 4166 639 4229 humanas
683 4170 944 4230 rationis
971 4172 1286 4233 excedunt
1309 4192 1371 4232 x.
1402 4172 1751 4250 Utramque
1790 4173 2026 4234 Paulus
2067 4173 2392 4250 apostolus
2417 4173 2776 4235 divinarum

342 4265 679 4325 veritatum
698 4267 960 4327 classem
984 4267 1316 4348 distinguit
1339 4268 1697 4347 monetque
1717 4277 1969 4331 naturae
2001 4270 2159 4330 vires
2189 4270 2266 4330 ad
2297 4270 2563 4330 alteram
2588 4271 2777 4331 attin·

341 4360 610 4438 gentiam
634 4379 833 4438 pares,
852 4362 1130 4441 impares
1158 4365 1237 4425 ad
1266 4364 1558 4427 alteram.
1588 4367 1682 4428 Ad
1714 4367 1992 4443 primum
2021 4383 2219 4445 genus
2249 4367 2593 4443 pertinent,
2627 4380 2773 4442 quae

339 4461 691 4532 sequuntur
717 4458 905 4519 verba
948 4459 1027 4519 ad
1066 4460 1405 4536 Romanos,
1436 4461 1646 4538 capite
1683 4477 1730 4538 1,
1757 4464 1856 4523 19.
1890 4460 2058 4536 Quod
2095 4471 2297 4523 notum
2341 4471 2429 4523 est
2477 4461 2594 4522 Dei
2618 4460 2772 4539 (sive
