3076 5025
295 324 418 387 264'
459 326 472 332 ’
1218 319 1353 382 LIB.
1393 318 1490 387 111,
1532 317 1688 381 CAP.
1727 319 1817 379 Vl.

1323 553 1583 619 CAPUT
1621 553 1726 618 VI.

995 718 1236 765 sonmo
1273 716 1581 762 RATtoNtm
1615 715 2065 761 PP-AEmssnttm.

374 877 445 932 Ut
471 882 667 932 autem
696 871 1030 944 positarum
1075 871 1374 930 rationum
1409 865 1634 932 solutio
1665 869 2043 929 manifestior
2073 870 2197 940 fiat,
2227 867 2738 949 considerandum

302 944 586 1027 estl‘quod
615 945 837 1001 malum
870 938 1241 1002 considerari
1269 946 1464 1015 potest
1486 937 1578 1002 vel
1608 939 1673 999 in
1699 939 2038 1002 substantia
2066 940 2268 1014 aliqua
2296 940 2387 999 vel
2418 941 2480 998 in
2497 945 2737 998 actione

304 1032 325 1074 1
372 1029 525 1073 sluS.
2524 1071 2527 1078 d

323 1032 611 1149 Phialam
635 1083 878 1155 quidem
923 1084 988 1141 in
1044 1082 1384 1141 substantia
1423 1081 1625 1155 aliqua
1667 1089 1759 1140 est
1785 1098 1859 1141 ex
1897 1096 1971 1141 eo
2012 1081 2174 1156 quod
2201 1079 2403 1142 deficit
2428 1081 2484 1139 ei
2511 1081 2742 1156 aliquid

303 1156 464 1231 quod
493 1160 701 1214 natum
745 1161 838 1212 est
866 1158 923 1211 et
952 1153 1126 1212 debet
1169 1153 1425 1222 habere;
1471 1153 1524 1214 si
1556 1154 1714 1228 enim
1744 1154 1929 1212 homo
1957 1167 2083 1211 non
2110 1151 2289 1211 habet
2310 1153 2616 1224 ⁸aIaS,.110n
2648 1158 2745 1211 est

303 1227 361 1287 ei
389 1225 638 1292 malum,
668 1225 812 1298 quia
847 1238 969 1282 nou
1001 1230 1093 1282 est
1126 1231 1306 1284 natus
1348 1238 1452 1282 eas
1480 1223 1736 1294 habere;
1767 1224 1821 1282 si
1852 1225 2032 1282 etiam
2058 1223 2240 1283 homo
2268 1223 2525 1294 capillos
2551 1222 2744 1282 flavos

303 1311 431 1356 non
455 1295 660 1365 habet,
692 1309 814 1353 non
846 1299 938 1354 est
964 1296 1211 1359 malum,
1242 1293 1405 1369 quia,
1436 1296 1548 1354 etsi
1580 1301 1759 1353 natus
1796 1302 1890 1377 est
1918 1295 2158 1364 habere,
2187 1307 2312 1352 non
2339 1302 2540 1366 tamen
2568 1301 2664 1352 cst
2687 1294 2743 1352 ei

303 1366 574 1426 debitum
625 1371 690 1423 ut
739 1364 1111 1435 habeantur;
1157 1373 1250 1424 est
1304 1372 1502 1424 tamen
1548 1365 1772 1423 malum
1804 1379 1857 1423 s1
1889 1379 2013 1424 non
2055 1365 2274 1425 habeat
2308 1377 2546 1433 manus,
2635 1378 2745 1423 uas

303 1443 486 1498 natus
512 1442 684 1495 estet
713 1436 888 1499 debet
919 1437 1159 1518 habere,
1189 1436 1243 1493 si
1270 1436 1351 1494 sit
1379 1438 1712 1508 perfectus3
1755 1436 1915 1517 quod
1959 1443 2158 1517 tamen
2212 1447 2335 1502 non
2376 1441 2472 1516 est
2514 1448 2572 1493 m
2639 1449 2745 1494 um

306 1508 424 1568 avi.
456 1506 667 1567 Omnis
701 1512 901 1564 autem
950 1507 1230 1580 privatio,
1257 1508 1310 1565 si
1378 1507 1576 1578 roprie
1609 1513 1669 1564 et
1694 1512 1901 1564 stricte
1926 1508 2271 1586 accipiatur,
2299 1511 2391 1587 est
2420 1520 2552 1576 ejus
2579 1505 2743 1578 quod

306 1579 441 1649 qui„
473 1584 650 1635 natus
676 1581 765 1634 est
796 1577 1015 1634 habere
1044 1584 1103 1633 et
1129 1577 1300 1635 debet
1374 1577 1570 1639 abere,
1598 1580 1664 1635 ln
1694 1577 2024 1648 privatione
2055 1578 2240 1648 igliur
2263 1590 2355 1635 sic
2377 1581 2622 1647 accepta
2648 1582 2745 1635 est

305 1649 461 1708 ratio
491 1648 654 1706 mali.
681 1648 921 1705 Materia
948 1653 1169 1716 autem,
1241 1662 1382 1705 uum
1405 1648 1571 1705 sitin
1604 1648 1869 1719 potentia
1903 1648 1974 1705 ad
2007 1661 2223 1706 omnes
2249 1649 2495 1716 i'ormaS,
2525 1660 2743 1705 omnes

307 1719 549 1793 quidem
581 1722 720 1773 nata
747 1724 839 1774 est
865 1717 1085 1775 habere
1134 1664 1300 1776 nuqla
1335 1723 1534 1775 tamen
1561 1725 1654 1792 est
1682 1719 1737 1775 ei
1765 1718 1983 1786 debita,
2004 1732 2189 1790 quum
2222 1718 2358 1776 sine
2383 1717 2595 1790 quavis
2614 1731 2744 1777 una

309 1803 514 1850 earum
570 1787 766 1858 possit
808 1801 943 1846 esse
987 1760 1356 1870 perlecta-in
1405 1795 1543 1868 actu
1562 1807 1589 1862 3,
1627 1788 1909 1861 quaelibet
1937 1795 2133 1862 tamen
2166 1802 2370 1846 earum
2400 1793 2495 1846 est
2539 1787 2747 1856 dehita

309 1859 489 1918 alicui
537 1872 744 1917 eorum
789 1872 921 1930 quae
966 1874 1039 1916 ex
1066 1864 1315 1917 materia
1341 1865 1828 1925 constituuntur;
1863 1873 2003 1916 nam
2033 1873 2153 1916 non
2184 1863 2383 1930 potest
2413 1872 2548 1918 esse
2586 1873 2749 1931 aqua

305 1928 429 1990 nisi
454 1928 671 1989 habeat
689 1928 944 1987 formam
973 1943 1163 2001 aquae,
1194 1943 1304 1987 nec
1329 1936 1678 2001 potestesse
1701 1929 1861 2002 ignis
1883 1930 2003 1988 nisi
2032 1930 2248 1988 habeat
2276 1929 2528 1990 formam
2550 1929 2735 2002 ignis.

309 2000 568 2059 Privatio
598 1998 783 2071 igitur
814 1999 1159 2071 hujusmodi
1192 2002 1397 2057 l'ormae
1425 2006 1769 2071 comparata
1797 2000 1871 2058 ad
1902 2002 2213 2068 materiam
2242 2014 2365 2058 non
2395 2006 2489 2057 est
2514 1999 2746 2062 malum

310 2075 558 2138 naturae,
590 2068 697 2127 sed
727 2075 1070 2140 comparata
1111 2069 1185 2128 ad
1215 2069 1275 2127 id
1303 2068 1477 2143 quus
1515 2077 1609 2129 est
1639 2069 1830 2128 forma
1870 2078 1965 2129 est
1990 2072 2213 2129 malum
2247 2068 2399 2143 ejuS,
2425 2070 2585 2129 sicut
2614 2071 2745 2151 pri-

306 2142 468 2220 vatio
503 2142 710 2197 formae
729 2140 909 2220 ‘ignis‘
931 2141 1259 2199 estmalum
1282 2140 1464 2214 ignis.
1491 2143 1575 2211 Et,
1602 2141 1745 2214 quia
1764 2148 1883 2198 tam
1905 2141 2270 2212 privationes
2293 2154 2473 2214 quam
2493 2139 2742 2200 habitus

310 2217 369 2269 et
415 2211 622 2269 formae
672 2224 793 2267 non
854 2211 1133 2269 dicuntur
1177 2225 1313 2269 csse
1357 2212 1474 2269 nisi
1520 2211 1851 2269 secundum
1898 2213 2061 2284 quod
2103 2212 2334 2284 suntin
2362 2210 2656 2283 subjecto,
2689 2212 2748 2272 si

310 2281 552 2355 quidem
583 2281 836 2352 privatio
866 2281 944 2338 sit
975 2282 1198 2339 malum
1230 2296 1336 2353 per
1362 2283 1870 2351 comparationem
1901 2282 1973 2340 ad
2020 2279 2355 2354 subiectum
2384 2281 2449 2339 in
2477 2295 2598 2355 quo
2628 2288 2745 2352 est,

311 2353 425 2411 erit
469 2352 694 2410 malum
739 2351 1137 2423 simpliciter;
1183 2353 1279 2409 sin
1327 2360 1547 2419 autem,
1601 2353 1714 2410 erit
1741 2353 1962 2410 malum
1995 2353 2253 2424 alicujus
2281 2360 2340 2410 et
2359 2366 2480 2410 non
2511 2352 2749 2424 simpli-

312 2424 498 2490 citer,
557 2422 862 2478 hominem
907 2422 1090 2494 igitur
1142 2423 1362 2504 privari
1402 2437 1585 2494 manu
1634 2428 1728 2480 est
1754 2425 1977 2484 malum
2008 2422 2398 2496 simpliciter;
2429 2424 2745 2482 materiam

312 2499 512 2553 autem
543 2493 770 2574 privari.
809 2496 1000 2551 forma
1044 2506 1201 2552 aeris
1243 2507 1366 2552 non
1411 2498 1505 2552 est
1543 2495 1763 2552 malum
1796 2493 2169 2565 simpliciter,
2223 2492 2329 2552 sed
2374 2498 2469 2553 est
2515 2494 2745 2554 malum

312 2565 496 2623 aeris.
554 2564 816 2622 Privauo
860 2571 1056 2622 autem
1102 2564 1333 2624 ordinis
1378 2571 1480 2622 aut
1519 2566 2131 2647 commensurationis
2172 2564 2385 2629 debitae
2410 2564 2477 2624 in
2506 2565 2746 2623 actione

314 2641 410 2694 est
437 2634 665 2693 malum
697 2632 994 2703 actionis;
1026 2640 1105 2705 et,
1137 2636 1280 2708 quia
1311 2635 1560 2694 cuilibet
1601 2636 1826 2694 actioni
1855 2642 1946 2694 est
1969 2634 2206 2694 debitus
2234 2634 2456 2707 aliquis
2485 2636 2635 2694 ordo
2688 2640 2750 2693 et

312 2705 516 2834 alfflua
539 2707 1068 2833 commgtnsuratio.
1099 2718 1348 2764 necesse
1370 2714 1463 2764 est
1495 2713 1563 2763 ut
1588 2707 1728 2764 talis
1753 2707 2005 2777 privatio
2034 2707 2098 2764 in
2124 2707 2361 2765 actione
2390 2706 2749 2778 simpliciter

311 2790 373 2834 m
438 2790 541 2833 um
566 2790 696 2833 exis
1917 2818 1921 2827 .
2523 2808 2531 2821 ·
2654 2810 2663 2821 ι

385 2847 494 2906 His
522 2847 709 2919 igitur
736 2845 907 2914 visis,
942 2846 1254 2907 sciendum
1301 2853 1395 2905 est
1429 2846 1591 2920 quod
1624 2860 1745 2904 non
1777 2861 1959 2905 omne
1993 2846 2155 2920 quod
2183 2853 2278 2907 est
2313 2852 2526 2918 praeter
2550 2842 2747 2909 inten-

312 2916 543 2985 tionem
572 2922 807 2986 oportet
847 2930 982 2975 esse
1019 2917 1331 2975 fortuitum
1358 2914 1452 2975 vel
1476 2918 1742 2987 casuale,
1773 2922 1841 2977 ut
1866 2918 2059 2989 prima
2084 2917 2237 2976 ratio
2262 2916 2653 2990 proponebat.
2684 2918 2747 2979 Si

314 2987 476 3045 enim
509 2986 667 3058 quod
703 2991 794 3044 est
824 2993 1035 3057 praeter
1061 2987 1455 3045 intentionem
1484 2987 1567 3046 sit
1594 3002 1975 3061 consequens
2004 2988 2078 3048 ad
2102 2986 2747 3061 idquodestintentum

311 3057 407 3115 vel
430 3070 667 3126 sempor
689 3056 779 3114 vel
807 3058 965 3115 sicut
993 3058 1079 3115 fre
1129 3064 1358 3126 uenter,
1402 3072 1525 3116 non
1571 3059 1804 3117 eveniet
1833 3059 2078 3121 fortuito
2102 3059 2195 3117 vel
2216 3058 2558 3129 casualiter,
2589 3059 2751 3118 sicut

310 3128 379 3185 in
409 3143 481 3185 eo
497 3128 598 3199 qui
625 3126 879 3185 intendit
908 3126 1080 3184 dulce
1125 3129 1223 3185 ine
1251 3128 1375 3186 vini
1407 3128 1518 3187 frui
1576 3129 1626 3186 si
1659 3144 1733 3187 ex
1757 3126 2062 3201 potatione
2089 3130 2212 3187 vini
2239 3135 2527 3203 sequatur
2552 3129 2744 3191 ebrie-

309 3203 406 3256 tas
464 3211 702 3269 semper
755 3196 1114 3270 frequenter,
1175 3212 1297 3256 non
1353 3199 1466 3257 erit
1519 3170 1830 3257 fortuitum
1876 3213 1985 3258 nec
2028 3198 2268 3258 casuale
2293 3218 2310 3270 ;
2349 3207 2515 3265 essct
2545 3206 2751 3263 autem

313 3267 577 3349 casuale,
605 3270 659 3349 si
688 3274 1038 3341 sequeretur
1064 3274 1128 3327 ut
1157 3269 1221 3339 in
1249 3268 1658 3351 paucioribus.
1714 3268 2104 3343 Malumergo
2133 3270 2540 3343 corruptionis
2574 3277 2749 3335 natu,-

311 3339 621 3406 ralis,ets1
663 3344 949 3410 sequatur
998 3343 1211 3410 praeter
1257 3340 1652 3398 intentionem
1692 3340 2060 3412 generantis,
2105 3355 2289 3401 conse
2334 3341 2497 3400 uitur
2546 3348 2750 3401 tamen

313 3422 590 3489 semperj
633 3422 774 3467 nam
817 3423 1059 3480 semper
1103 3411 1310 3469 formae
1341 3411 1522 3469 unius
1565 3417 1657 3468 est
1686 3411 1966 3484 adjuncta
1991 3411 2245 3483 privatio
2273 3426 2311 3471 a
2336 3412 2750 3481 terius;unde

312 3493 489 3538 corru
531 3485 618 3536 tio
664 3492 787 3539 non
838 3480 1033 3537 evenit
1088 3480 1411 3539 casualiter
1459 3495 1658 3554 neque
1706 3489 1768 3540 ut
1794 3480 1859 3540 in
1887 3482 2295 3553 paucioribus,
2325 3481 2468 3545 licet
2490 3483 2746 3554 privatio

312 3564 473 3623 quan
518 3552 673 3621 oque
692 3563 814 3606 non
832 3551 912 3627 sit
934 3549 1158 3609 malum
1183 3551 1558 3622 simpliciter,
1581 3551 1689 3609 sed
1708 3551 1988 3623 alicujus,
2009 3558 2075 3611 ut
2093 3553 2320 3613 dictum
2338 3560 2451 3613 est.
2470 3554 2529 3613 Si
2546 3558 2744 3612 autem

313 3620 396 3700 sit
423 3620 571 3702 talis·
588 3620 839 3690 privatio
867 3621 1218 3701 quaeuprivet
1245 3621 1310 3679 id
1337 3621 1498 3695 quod
1512 3629 1607 3679 est
1635 3622 1898 3680 debitum
1945 3630 2256 3696 generato,
2282 3623 2393 3682 erit
2416 3624 2667 3685 casuale
2693 3630 2754 3681 et

312 3693 668 3763 simpliciter
693 3690 940 3760 malum,
971 3698 1131 3750 sicut
1159 3706 1345 3765 quum
1381 3699 1717 3751 nascuntur
1758 3699 1965 3764 partus
1998 3693 2372 3753 monstruosi
2398 3712 2415 3765 ς
2446 3695 2561 3754 hoc
2588 3694 2753 3753 enim

310 3775 434 3819 non
466 3761 858 3834 consequitur
885 3761 1340 3842 denecessitate
1369 3762 1444 3825 ad
1474 3761 1535 3819 id
1564 3763 1727 3834 quod
1754 3770 1848 3822 est
1872 3763 2190 3836 intentum,
2221 3764 2329 3824 sed
2358 3771 2453 3824 est
2484 3765 2543 3823 ei
2573 3779 2756 3838 repu—

311 3845 534 3904 gnane,
564 3845 752 3905 quum
782 3845 972 3905 agens
999 3833 1271 3891 intendat
1305 3832 1732 3905 perfectionem
1763 3835 2052 3906 generati.

380 3902 600 3983 bialum
627 3908 826 3960 autem
853 3902 1119 3977 actionis·
1146 3902 1361 3961 accidit
1389 3902 1454 3960 in
1477 3902 1855 3964 naturalibus
1881 3905 2203 3978 agentibus
2229 3920 2305 3966 ex
2347 3904 2587 3971 defectu
2629 3907 2752 3965 vir·

308 3976 458 4039 tutis
484 3979 727 4041 acuvae3
760 3972 940 4041 unde,
984 3973 1036 4031 si
1067 3987 1260 4045 agens
1287 3973 1467 4032 habet
1490 3975 1768 4032 virtutem
1798 3975 2169 4046 defectivam,
2198 3977 2314 4036 hoc
2350 3977 2585 4041 malum.
2604 3991 2755 4036 con-

311 4041 584 4113 sequitur
609 4048 825 4113 praeter
851 4043 1267 4113 intentionem,
1298 4040 1402 4103 sed
1432 4058 1559 4103 non
1584 4044 1700 4104 ¹erit
1728 4046 1975 4105 casuale
2015 4047 2161 4120 quia
2182 4047 2257 4106 de
2282 4048 2642 4106 necessitate
2662 4054 2761 4109 est
2816 4104 2826 4113 ,

310 4124 692 4192 consequens
718 4113 794 4173 ad
809 4113 987 4196 talem
1020 4128 1056 4171 a
1098 4119 1316 4182 entem,
1344 4128 1527 4196 quum
1560 4115 1675 4173 tale
1697 4131 1885 4190 agens
1906 4090 2002 4174 ve'l
2030 4131 2159 4175 scm
2203 4132 2268 4176 er
2288 4117 2380 4175 vel
2413 4119 2758 4192 frequenter

310 4185 534 4254 patitur
561 4182 721 4241 hunc
769 4188 1008 4242 virtutis
1079 4185 1368 4254 efectum;
1400 4192 1513 4242 ent
1543 4191 1741 4243 autem
1770 4188 2034 4257 casuale,
2068 4188 2124 4246 si
2214 4189 2269 4246 ic
2316 4187 2584 4246 defectus
2616 4203 2754 4247 raro

308 4251 492 4310 talem
522 4252 841 4311 comitatur
871 4262 1167 4327 agentem.

381 4324 449 4379 In
488 4321 806 4404 agentibus
850 4332 1047 4382 autem
1076 4324 1433 4384 voluntariis
1482 4325 1740 4384 intentio
1767 4331 1862 4384 est
1899 4326 1973 4385 ad
2016 4325 2243 4387 bonum
2290 4327 2532 4401 aliquod
2577 4330 2758 4400 parti-

308 4392 532 4457 culare,
551 4406 606 4452 st
635 4392 809 4450 debet
832 4394 1005 4467 sequi
1030 4395 1187 4454 actio
1208 4413 1224 4464 ;
1256 4408 1392 4452 nam
1422 4396 1787 4454 universalia
1810 4410 1935 4454 non
1956 4404 2215 4461 movent,
2236 4399 2343 4457 scd
2368 4397 2757 4469 particularia

306 4463 375 4521 in
400 4463 621 4537 quibus
655 4469 749 4522 est
771 4469 961 4523 actus.
995 4465 1056 4523 Si
1100 4465 1287 4538 igitur
1317 4466 1464 4524 illud
1513 4466 1740 4526 bonum
1769 4467 1931 4541 quod
1975 4468 2305 4528 intenditur
2354 4468 2569 4527 babeat
2615 4481 2760 4526 con-
