3076 5025
1117 292 1250 350 Lis.
1289 292 1382 354 lv,
1421 291 1575 349 GAP.
1614 293 1746 349 uv.
2541 292 2649 353 583

279 413 504 484 Adhuc,
535 413 590 472 si
619 412 890 474 christus
913 413 1281 473 sufficienter
1305 428 1414 485 pro
1451 416 1713 486 peccatis
1754 412 2004 474 humani
2049 414 2294 488 generis
2329 413 2645 487 satisfecit,

210 496 338 545 non
366 490 575 542 essent
608 485 757 542 ultra
783 486 1044 544 remedia
1062 500 1172 567 pro
1191 485 1575 544 absolutione
1595 490 1972 557 peccatorum
2000 485 2341 558 quaerenda.
2366 488 2646 554 Quaerun-

207 559 308 614 tur
335 561 537 613 autem
567 555 642 613 ab
670 555 952 614 omnihus
979 571 1081 629 qui
1114 569 1238 614 suae
1263 556 1476 614 salutis
1506 570 1711 615 curam
1745 555 1982 615 habent.
2030 558 2161 619 Non
2203 556 2389 629 igitur
2415 556 2644 615 videtur

209 624 583 686 sufficienter
614 627 910 685 Christum
946 633 1189 697 peccata
1232 626 1549 684 hominum
1598 627 1943 686 abstulisse.

279 697 416 754 Haec
444 697 627 767 igitur
668 704 808 753 sunt
852 702 908 754 et
952 697 1172 756 similia
1215 710 1288 754 ex
1316 697 1534 768 quihus
1564 698 1741 757 alicui
1796 697 1980 755 videri
2020 702 2220 779 potest
2261 712 2337 756 ea
2384 712 2516 770 quae
2564 698 2640 758 de

205 766 629 894 incarnatione
658 766 810 895 figes
846 767 1139 828 catholica
1180 767 1461 840 predicat
1495 767 1712 827 divinae
1753 768 2053 840 majestati
2078 773 2140 827 et
2164 767 2474 841 sapientiai
2498 779 2644 827 con-

1200 1038 1458 1104 CAPUT
1497 1039 1653 1104 LIV.

777 1216 930 1274 ouon
963 1218 1331 1265 comittens
1365 1218 1501 1265 ruri·
1540 1218 1702 1266 iim
1735 1216 2074 1266 mesanam.
3004 1194 3009 1283 ξ

257 1400 343 1481 ,si
373 1398 510 1473 quis
538 1402 737 1480 autem
767 1400 1082 1473 diligenter
1107 1404 1170 1459 et
1196 1400 1288 1481 pie
1312 1399 1747 1460 incarnationis
1773 1401 2057 1474 mysteria
2082 1398 2440 1466 consideret.
2475 1400 2641 1463 inve·

204 1474 337 1531 niet
355 1475 584 1528 tantam
611 1471 920 1542 sapientiae
940 1471 1404 1542 profunditatem
1431 1471 1590 1544 quod
1623 1484 1864 1529 omnem
1887 1472 2213 1530 humanam
2239 1471 2641 1543 cognitionem

207 1541 478 1605 excedat,
509 1542 840 1599 secundum
871 1541 1022 1599 illud
1045 1543 1313 1612 Apostoli
1344 1560 1360 1600 ε
1393 1542 1548 1609 Quod
1573 1543 1801 1599 stultiam
1840 1546 1921 1598 est
1951 1545 2072 1612 Dei,
2114 1544 2417 1613 sapientius
2441 1549 2521 1601 eet
2546 1543 2641 1600 lin-

209 1611 554 1692 teamin-330
579 1612 724 1691 Gor„
753 1626 798 1681 i,
826 1612 943 1692 25.)
973 1613 1134 1670 Unde
1181 1612 1249 1670 fit
1275 1616 1340 1670 ut
1367 1613 1460 1693 pie
1488 1612 1896 1670 consideranti
1943 1626 2181 1684 semper
2206 1611 2399 1686 magis
2426 1627 2500 1674 ac
2525 1626 2645 1674 ma·

212 1683 309 1757 gis
336 1682 720 1740 admirabiles
752 1688 1015 1741 rationes
1042 1682 1387 1742 bu‘usmodi
1405 1682 1675 1755 mysterii
1702 1682 2176 1741 manifestentur.

283 1754 550 1832 Primum
582 1752 763 1833 igitur
787 1752 903 1809 hoc
931 1753 1101 1833 consi
1186 1754 1436 1811 randum
1478 1757 1594 1824 est,
1622 1753 1785 1825 quod
1807 1753 2139 1812 incarnatio
2165 1754 2273 1812 Dei
2299 1752 2645 1813 efficacissi-

203 1835 378 1884 mum
407 1823 522 1882 fuit
557 1824 841 1881 auxilium
870 1822 1099 1881 homini
1129 1824 1201 1882 ad
1232 1823 1661 1882 beatitudinem
1686 1823 1971 1881 tendenti.
2002 1825 2327 1883 ostensum
2353 1831 2445 1882 est
2483 1825 2643 1884 enim

195 1893 279 1967 (l.
327 1908 422 1964 111,
468 1908 525 1951 c.
578 1898 650 1952 40
693 1897 751 1950 et
800 1898 888 1964 50)
936 1894 1099 1967 quod
1141 1894 1400 1965 perfecta
1441 1892 1747 1953 beatitudo
1780 1894 2046 1953 hominis
2083 1895 2146 1952 in
2175 1895 2517 1953 immediata
2542 1895 2644 1954 Dei

206 1964 449 2023 visione
476 1964 773 2043 consistit.
807 1967 1018 2023 Posset
1044 1970 1242 2024 autem
1269 1964 1446 2023 alicui
1473 1965 1656 2022 videri
1685 1964 1847 2038 quod
1875 1965 2061 2024 homo
2087 1965 2163 2025 ad
2208 1967 2372 2023 hunc
2419 1971 2642 2024 statum

211 2048 529 2107 nunquam
578 2039 774 2106 possit
818 2035 1154 2107 pertingere
1201 2035 1360 2108 quod
1409 2035 1750 2094 intellectus
1798 2034 2103 2094 humanus
2141 2036 2481 2094 immediate
2526 2036 2643 2108 ipsi

197 2105 746 2187 ,divinae-essentiis
773 2106 1060 2176 uniretur,
1091 2110 1158 2165 ut
1199 2106 1540 2187 intellectus
1581 2106 1970 2186 intelligibili,
2006 2112 2247 2178 propter
2288 2107 2644 2166 immensam

207 2176 566 2236 distantiam
625 2182 1008 2246 naturarum3
1069 2181 1130 2236 et
1181 2190 1270 2236 sic
1317 2191 1477 2235 circa
1519 2177 1977 2249 inquisitionem
2022 2177 2413 2236 beatitudinis
2461 2176 2645 2236 homo

210 2250 570 2318 tepesceret,
600 2246 747 2327 ipsa·
759 2246 1174 2327 desperatione
1201 2248 1501 2306 detentus.
1531 2249 1643 2306 Per
1668 2247 1787 2306 hoc
1832 2253 2031 2307 autem
2062 2247 2223 2321 quod
2253 2251 2412 2306 Deus
2441 2248 2646 2305 huma·

213 2331 362 2376 nam
391 2322 670 2374 naturam
697 2316 811 2375 sihi
845 2318 1016 2375 unire
1042 2318 1228 2375 voluit
1256 2319 1320 2375 in
1346 2331 1626 2390 persona,
1675 2317 2125 2376 evidentissime
2166 2316 2515 2376 hominihus
2546 2318 2647 2376 de-

209 2390 583 2447 monstratur
653 2388 769 2445 uod
800 2386 982 2446 homo
1009 2402 1114 2458 per
1144 2388 1510 2445 intellectum
1563 2390 1685 2445 Deo
1726 2391 1923 2458 potest
1967 2387 2146 2454 uniri,
2201 2388 2399 2458 ipsum
2434 2388 2646 2446 imme-

211 2458 376 2518 diate
431 2402 711 2516 videngo.
758 2458 893 2516 Fuit
933 2458 1121 2531 igitur
1179 2456 1846 2540 convenientissimum·
1873 2456 2039 2540 quod
2102 2459 2263 2516 Deus
2318 2458 2643 2519 humanam

212 2535 496 2590 naturam
550 2535 902 2597 assumeret,
945 2529 1021 2588 ad
1066 2542 1236 2600 spem
1278 2528 1542 2587 hominis
1586 2541 1653 2587 in
1691 2528 2117 2586 beatitudinem
2174 2527 2643 2600 sublevandam;

213 2600 401 2669 unde,
430 2604 568 2672 post
597 2600 1068 2658 incarnationem
1096 2599 1332 2668 Christi,
1359 2599 1638 2658 homines
1672 2604 1982 2671 cmperunt
2006 2599 2202 2672 magis
2227 2598 2302 2657 ad
2342 2601 2647 2659 coelestem

214 2671 651 2730 beatitudinem
711 2671 998 2742 aspirare,
1029 2670 1360 2728 secundum
1413 2668 1577 2741 quod
1628 2670 1763 2740 ipsc
1812 2668 1962 2728 dicit
2002 2686 2021 2728 i
2063 2672 2185 2739 Euo
2215 2672 2345 2729 veni
2381 2674 2449 2729 ut
2473 2672 2646 2728 vitan

212 2742 471 2809 habeant,
501 2745 558 2798 et
586 2741 959 2797 abundantius
983 2741 1239 2797 habeant.
1271 2740 1514 2811 (Iocum,
1541 2751 1605 2810 x,
1635 2740 1749 2812 10.)

289 2811 482 2871 Simul
539 2812 718 2870 etiam
771 2824 879 2883 per
929 2812 1046 2870 hoc
1092 2811 1324 2870 homini
1362 2811 1717 2869 auferuntur
1754 2810 2177 2882 impedimenta
2219 2808 2648 2872 beatitudinem

212 2880 608 2954 adipiscendi.
644 2883 841 2950 Quum
867 2884 1027 2939 enim
1055 2883 1316 2953 perfecta
1340 2881 1609 2939 hominis
1636 2881 1943 2940 beatitudo
1971 2883 2036 2939 in
2064 2882 2197 2941 sola
2225 2883 2330 2940 Dei
2362 2882 2646 2940 fruitione

215 2953 542 3022 consistat,
571 2956 637 3011 ut
662 2960 975 3011 ostensum
1002 2958 1116 3021 est,
1146 2954 1555 3011 necessarium
1585 2953 1863 3024 estquod
1890 2953 2250 3034 quicumque
2276 2952 2375 3011 his
2402 2965 2537 3026 quae
2561 2953 2649 3011 in-

215 3024 312 3084 fla
340 3026 526 3081 Deum
562 3029 706 3081 sunt
740 3022 991 3081 inhaeret
1026 3022 1284 3081 finaliter
1309 3038 1346 3081 a
1369 3037 1523 3080 verae
1566 3022 1956 3081 beatitudinis
1987 3024 2434 3095 participatione
2460 3025 2648 3095 impe·

211 3094 434 3153 diatur.
464 3094 548 3152 Ad
573 3094 689 3151 hoc
716 3100 915 3152 autem
936 3093 1120 3152 homo
1148 3093 1361 3152 deduci
1389 3098 1622 3165 poterat
1661 3094 1825 3167 qnod
1849 3093 2035 3152 rebus
2073 3094 2231 3152 intra
2259 3098 2443 3151 Deum
2498 3094 2651 3152 exis-

215 3165 487 3225 tentibus
514 3163 827 3222 inhaereret
857 3170 920 3223 ut
949 3164 1074 3234 fini,
1101 3165 1438 3238 ignorando
1468 3178 1595 3223 snae
1611 3172 1837 3223 naturae
1855 3163 2224 3237 dignitatem.
2253 3164 2469 3222 Exhoc
2488 3164 2649 3223 enim

219 3236 520 3316 contingit
547 3234 708 3307 quod
736 3235 1001 3308 quidam,
1036 3235 1492 3294 considerantes
1520 3249 1590 3294 se
1617 3235 1952 3294 secundum
1979 3239 2253 3294 naturam
2298 3246 2648 3307 corpoream

219 3311 281 3365 et
297 3306 669 3374 sensitivam,
698 3319 878 3378 quam
908 3319 1046 3363 cum
1075 3306 1210 3364 aliis
1237 3306 1602 3364 animalibus
1642 3305 1866 3364 habent
1908 3319 2310 3369 communem,
2360 3306 2421 3362 in
2471 3304 2650 3363 rebus

215 3376 638 3448 corporalibus
666 3382 726 3434 et
752 3376 1251 3435 delectationibus
1278 3376 1479 3434 carnis
1515 3377 1837 3450 quamdam
1873 3375 2298 3436 beatitudinem
2339 3375 2648 3434 bestialem

219 3448 559 3520 requirunt.
590 3447 841 3515 Quidam
883 3461 1046 3516 νει-ο,
1075 3447 1527 3505 considerantes
1574 3446 1965 3520 quarumdam
2005 3453 2410 3507 creaturarum
2457 3445 2650 3504 excel·

216 3517 469 3577 lentiam
497 3531 680 3588 super
703 3517 1006 3587 homines,
1037 3523 1327 3590 quantum
1355 3517 1429 3576 ad
1458 3517 1681 3590 aliqua,
1719 3532 1927 3577 eorum
1978 3519 2167 3577 cultui
2214 3531 2283 3576 se
2327 3516 2652 3595 adstrinxe-

216 3593 382 3657 runt,
413 3588 683 3646 colentes
710 3588 1002 3659 muaendnm
1035 3593 1094 3646 et
1120 3595 1319 3661 partes
1345 3589 1501 3670 ejuS,
1529 3594 1772 3660 propter
1798 3590 2275 3670 magnitudinem
2301 3585 2650 3660 quantitatis

218 3664 281 3717 et
301 3659 594 3730 temporis
627 3659 1100 3727 diuturnitatem,
1126 3660 1222 3717 vel
1250 3659 1594 3731 spirituales
1624 3660 2020 3729 substantias,
2046 3659 2300 3732 angelos
2345 3662 2404 3714 et
2431 3657 2650 3714 daimo-

221 3742 358 3798 neS,
391 3734 630 3801 propter
653 3729 770 3788 hoc
797 3729 959 3803 quod
985 3731 1290 3788 hominem
1319 3731 1605 3788 excedere
1647 3731 2056 3801 inveniuntur,
2086 3736 2208 3787 tam
2237 3729 2301 3785 in
2346 3729 2654 3786 immorta-

220 3800 390 3858 litate
419 3814 600 3872 quam
628 3800 690 3858 in
714 3800 990 3860 acumine
1017 3801 1404 3870 intellectus;
1430 3802 1803 3861 aestimantes
1828 3801 1892 3859 in
1941 3799 2064 3871 his,
2108 3804 2317 3869 utpote
2358 3810 2539 3868 supra
2582 3807 2652 3856 se

220 3871 637 3940 existentibus,
681 3870 945 3929 hominis
998 3869 1426 3929 beatitudinem
1484 3885 1621 3930 esse
1667 3871 2071 3954 quaerendam.
2102 3868 2651 3950 Quamvisautem,

73 3969 76 3988 =
220 3947 514 4014 quantum
533 3942 607 4000 ad
636 3940 870 4013 aliquas
895 3941 1296 4006 conditiones,
1321 3941 1504 4000 homo
1530 3942 1831 4015 aliquibus
1853 3941 2145 4000 creaturis
2163 3943 2379 3997 existat
2405 3939 2655 3997 inferior

73 3993 78 4086 l
220 4025 296 4072 ac
317 4012 498 4070 etiam
547 4010 774 4070 infimis
818 4011 1112 4070 creaturis
1153 4012 1217 4069 in
1256 4012 1617 4084 quibusdam
1659 4012 2027 4071 assimiletur
2089 4016 2290 4069 tamen
2319 4008 2650 4068 secundum

221 4082 495 4141 ordinem
529 4080 685 4163 finis·
717 4080 868 4163 nihil
894 4081 1144 4163 homine
1168 4082 1371 4163 existi-t
1407 4083 1608 4164 altiuS,
1642 4083 1763 4164 nisi
1806 4083 1983 4163 solus
2030 4053 2211 4164 heus,
2239 4080 2302 4138 in
2328 4093 2470 4161 ‚qu-o
2515 4079 2650 4138 solo

220 4152 483 4224 perfecta
524 4152 788 4211 hominis
829 4152 1140 4211 beatitudo
1181 4159 1478 4211 consistit.
1529 4156 1692 4211 Hanc
1736 4168 1755 4210 i
1825 4158 1922 4211 tui·
1966 4151 2236 4226 hominis
2282 4150 2649 4221 dignitatem,

225 4223 384 4304 quod
416 4223 650 4282 scilicet
676 4224 739 4281 in
774 4223 1122 4281 immediata
1164 4224 1266 4281 Dei
1309 4224 1545 4281 visione
1591 4224 1745 4281 beati
1793 4222 2023 4286 candus
2067 4223 2167 4292 sit,
2214 4220 2652 4280 convenientis·

223 4307 374 4353 sime
413 4298 569 4352 Deus
617 4293 879 4352 ostendit
918 4307 1025 4363 per
1066 4292 1183 4352 hoc
1229 4294 1390 4367 quod
1435 4294 1452 4350 i
1499 4307 1565 4351 se
1620 4293 1959 4351 immediate
1998 4298 2271 4350 naturam
2325 4292 2648 4350 humanam

223 4365 588 4435 assumpsit3
615 4363 778 4422 unde
801 4377 877 4422 ex
904 4364 1315 4423 incarnatione
1347 4363 1446 4420 Dei
1517 4376 1593 4422 oc
1616 4367 2008 4422 consecutum
2034 4362 2309 4421 videmus
2342 4362 2501 4435 quod
2531 4369 2652 4416 ma-

224 4446 343 4507 gna
398 4449 535 4506 pars
598 4434 943 4503 hominnm,
981 4434 1148 4493 cultu
1199 4435 1589 4508 angelorum,
1628 4434 1967 4492 daemonum
2021 4437 2082 4493 et
2141 4438 2651 4507 quarumcumque
