3076 5025
365 304 440 366 '40
1139 343 1151 359 ,
1333 297 1469 369 Lm,
1507 298 1553 367 1,
1594 297 1748 374 car.
1784 297 1876 353 xi.

1394 539 1657 604 CAPUT·
1704 534 1781 603 X.

374 734 453 781 lm
479 733 751 781 OPINIONE
781 730 1100 779 munuum!
1124 728 1279 784 QUOD
1305 727 1472 775 numi
1495 726 1639 774 ESSE
1674 722 2087 773 omonimum
2111 723 2232 772 Nou
2255 719 2502 781 voms'r,
2530 719 2696 775 euml
2719 720 2813 772 sn·

1362 815 1479 862 PER
1502 814 1578 860 SE
1608 813 1826 861 noum.

458 986 594 1044 Haee
624 989 824 1042 autem
849 980 1272 1049 consideratio,
1300 995 1418 1053 qua
1442 980 1581 1053 quis
1609 979 1820 1039 nititur
1838 977 1912 1038 ad
1942 975 2474 1037 demonstrandum
2492 979 2664 1033 Deum
2684 990 2814 1046 esse,

306 1078 348 1105 ··
386 1053 694 1126 superflua
740 1055 997 1111 fortasse
1036 1051 1407 1124 ‘quibusdam
1461 1050 1778 1119 videbitur,
1826 1049 1929 1124 qui
1960 1053 2240 1108 asserunt
2285 1048 2445 1121 quod
2488 1049 2659 1128 peum
2709 1060 2821 1128 esse

381 1140 489 1198 per
524 1139 590 1183 se
622 1129 827 1182 notum
859 1128 949 1181 est
976 1140 993 1191 3
1022 1122 1105 1202 ita
1134 1122 1294 1193 quod
1323 1121 1454 1192 ejus
1491 1121 1858 1181 contrarium
1897 1119 2149 1194 cogitari
2191 1131 2316 1177 non
2338 1121 2576 1190 poss1t;
2625 1121 2685 1174 et
2727 1130 2819 1175 sic

383 1201 553 1254 Deum
582 1211 693 1251 esse
711 1195 1105 1251 demonstrari
1134 1206 1256 1250 non
1326 1196 1499 1250 otest.

456 1266 627 1335 Quod
651 1264 892 1345 quidem
920 1263 1153 1320 videtur
1178 1277 1252 1320 ex
1321 1263 1375 1320 is
1423 1280 1440 1318 ε
1934 1331 1946 1343 ⁸
2167 1331 2180 1343 ,
2395 1328 2407 1340 .
2461 1328 2474 1339 .

453 1336 565 1395 Illa
585 1348 744 1392 emm
770 1348 875 1406 per
903 1347 970 1390 se
999 1347 1134 1391 esse
1163 1338 1305 1391 nota
1325 1333 1625 1401 dicuntur,
1651 1345 1784 1405 quae
1810 1335 2030 1397 statim.
2056 1335 2219 1389 notis
2238 1335 2533 1410 termium,
2565 1341 2822 1401 cognos-

384 1412 645 1475 cuntur3
675 1405 835 1464 sicut
863 1422 878 1459 ε
911 1403 1161 1474 Cognito
1207 1404 1344 1474 quid
1369 1408 1448 1458 est
1494 1406 1666 1459 totum
1709 1408 1769 1460 et
1813 1403 1950 1473 quid
1993 1406 2073 1458 est
2105 1417 2263 1473 pars,
2302 1406 2504 1459 statim
2559 1413 2822 1472 cognos-

384 1477 543 1535 citur
634 1475 752 1532 uod
797 1489 950 1530 omne
994 1477 1165 1528 totum
1211 1477 1291 1528 est
1335 1473 1520 1543 majus
1565 1488 1668 1528 sua
1704 1478 1884 1545 parte.
1928 1470 2281 1545 Huiusmodi
2324 1476 2523 1529 autem
2561 1475 2655 1528 est
2705 1470 2823 1529 hoo

387 1545 550 1620 quod
591 1490 864 1603 ffijcimus
929 1546 1101 1600 Deum
1141 1557 1297 1609 esse;
1342 1557 1482 1600 nam
1524 1543 1770 1600 nomine
1820 1543 1922 1601 Dei
1976 1542 2166 1599 intelli
2211 1543 2372 1599 imus
2416 1541 2662 1613 aliquid,
2696 1555 2822 1623 quo

385 1616 584 1675 ma'us
634 1613 1054 1687 cogitari-non
1083 1619 1297 1685 potest.
1329 1615 1452 1671 Hoc
1497 1619 1695 1670 autem
1725 1613 1788 1669 in
1837 1613 2145 1670 intellectu
2209 1616 2475 1669 ormatur
2504 1611 2578 1669 ab
2611 1624 2682 1669 eo
2717 1627 2824 1684 qut

386 1700 465 1745 au
510 1686 553 1741 it
583 1690 641 1742 et
664 1683 945 1756 intelligit
973 1697 1192 1741 nomen
1224 1683 1349 1751 Dei,
1385 1689 1451 1741 ut
1478 1683 1588 1752 sie,
1622 1683 1830 1741 saltem
1858 1683 1922 1740 in
1956 1682 2281 1751 intellectu,
2308 1683 2436 1754 jam
2466 1684 2651 1739 Deum
2680 1696 2824 1740 esse

388 1759 680 1828 oporteat.
712 1758 831 1812 Nec
877 1759 1074 1825 potest
1099 1754 1165 1811 in
1197 1754 1500 1811 intellectu
1543 1755 1740 1811 solum
1770 1766 1904 1811 esse
1930 1772 1944 1823 3
1973 1767 2112 1810 nam
2142 1753 2303 1824 quod
2331 1752 2394 1809 in
2425 1753 2731 1809 intellectu
2767 1757 2825 1810 et

386 1827 455 1885 in
480 1840 544 1884 re
573 1830 685 1895 est,
716 1824 911 1896 majus
948 1830 1043 1882 est
1071 1838 1142 1882 eo
1171 1824 1328 1897 quod
1359 1824 1421 1881 in
1454 1824 1587 1882 solo
1618 1824 1923 1881 intellectu
1966 1830 2077 1894 est,
2130 1826 2251 1880 Deo
2299 1829 2496 1881 autem
2541 1823 2694 1880 nihil
2732 1827 2826 1883 est

386 1897 607 1968 majuS,
648 1900 714 1954 ut
753 1897 887 1966 ipsa
932 1894 1199 1953 nominis
1244 1894 1395 1953 ratio
1439 1894 1829 1952 demonstrat.
1880 1893 2044 1951 Unde
2090 1898 2275 1952 restat
2319 1894 2476 1966 quod
2508 1896 2677 1949 Deum
2715 1908 2828 1950 esse

386 1980 496 2041 per
526 1980 592 2024 se
635 1971 843 2023 notum
874 1971 987 2033 est,
1017 1965 1191 2038 quasi
1220 1980 1292 2023 ex
1334 1966 1467 2036 ipsa
1510 1964 1951 2037 significatione
1981 1964 2247 2023 nominis
2300 1964 2684 2021 manifestum
2723 1964 2828 2022 sit.

460 2039 614 2106 Item,
667 2036 917 2108 cogitari
966 2036 1205 2108 quidem
1256 2040 1453 2107 potest
1544 2036 1660 2093 uod
1704 2036 1928 2108 aliquid
1977 2035 2056 2093 sit
2085 2035 2240 2108 quod
2273 2048 2395 2092 non
2426 2040 2624 2114 potest
2665 2035 2831 2107 cogi-

390 2107 503 2164 tari
536 2120 657 2163 non
688 2120 843 2169 esse,
877 2107 1033 2179 quod
1058 2106 1251 2177 rnaJus
1273 2112 1364 2164 est
1394 2105 1482 2162 evi
1529 2111 1696 2163 enter
1724 2120 1795 2164 eo
1826 2106 1984 2179 quod
2011 2112 2208 2177 potest
2234 2106 2484 2177 cogitari
2519 2117 2640 2162 non
2665 2120 2829 2164 esse.

390 2177 489 2236 Sic
532 2190 676 2251 ergo
719 2180 840 2234 Deo
889 2176 1116 2248 aliquid
1155 2176 1351 2247 majus
1397 2176 1648 2248 cogitari
1678 2183 1903 2257 posset,
1935 2176 1987 2234 si
2026 2176 2156 2246 ipse
2183 2181 2391 2247 posset
2420 2175 2670 2247 cogitari
2703 2189 2832 2235 non

391 2259 548 2311 esse,
580 2247 740 2318 quod
778 2250 871 2304 est
897 2253 1107 2305 contra
1150 2249 1443 2306 rationem
1473 2246 1761 2306 nominis.
1800 2247 2177 2321 Relinquitur
2218 2246 2403 2320 igitur
2445 2246 2605 2319 quod
2655 2249 2831 2305 Deum

387 2332 500 2375 esse
527 2331 632 2386 per
659 2330 725 2376 se
754 2322 962 2375 notum
1001 2322 1111 2374 est.

460 2388 680 2450 Adhuc,
731 2387 1173 2459 propositiones
1219 2387 1357 2446 illas
1402 2392 1638 2460 oportet
1678 2402 1814 2447 esse
1857 2388 2210 2447 notissimas
2247 2402 2354 2461 per
2381 2402 2471 2456 se,
2497 2387 2570 2446 in·
2603 2388 2828 2461 quibus

388 2456 547 2516 idem
590 2459 661 2516 de
693 2459 894 2531 seipso
940 2458 1312 2531 praedicatur,
1345 2464 1449 2517 ut:
1480 2462 1647 2516 Homo
1669 2464 1748 2517 est
1775 2460 1948 2530 homo,
1976 2459 2068 2516 vel
2121 2474 2372 2533 quarum
2412 2459 2732 2531 praedicata
2759 2461 2828 2519 in

391 2527 843 2588 definitionibus
902 2531 1307 2601 subjectorum
1370 2529 1792 2602 includuntur,
1838 2532 2137 2589 ut2Homo
2177 2535 2257 2588 est
2316 2532 2542 2588 aniaenal.
2591 2534 2658 2588 ln
2704 2534 2828 2590 Deo

390 2604 590 2657 autem
638 2601 754 2657 hoc
792 2614 911 2672 prae
941 2601 1078 2659 aliis
1127 2600 1427 2658 invenitur
1494 2608 1559 2658 ut
1609 2601 1767 2659 infra
1807 2601 2156 2659 ostendetur
2186 2602 2259 2673 (c.
2289 2601 2404 2673 22),
2453 2601 2616 2673 quod
2646 2615 2829 2661 suum

390 2682 528 2726 esse
562 2674 655 2727 est
704 2684 816 2728 sua
847 2671 1128 2752 essentia,
1175 2685 1244 2728 ac
1269 2670 1358 2728 sic
1386 2643 1569 2752 idem·
1593 2671 1673 2730 sit
1697 2672 1857 2744 quod
1901 2670 2298 2752 respondetur
2324 2672 2396 2729 ad
2429 2672 2830 2744 quaestionem

470 2740 529 2795 id
555 2744 634 2797 est
662 2745 719 2797 et
747 2741 820 2798 ad
862 2747 1257 2814 quaestionem
1285 2758 1358 2797 an
1382 2745 1478 2799 est.
1512 2743 1610 2800 Slo
1658 2756 1824 2816 erg0,
1855 2757 2037 2814 quum
2084 2741 2301 2799 dicitur
2332 2761 2345 2798 :
2375 2744 2519 2798 Deus
2548 2746 2647 2812 est,
2676 2756 2828 2814 prae·

435 2812 653 2868 icatum
704 2813 796 2869 vel
828 2817 920 2870 est
960 2812 1118 2869 idem
1147 2812 1415 2883 subjecto
1444 2826 1556 2871 vec
1607 2812 1819 2870 saltem
1859 2813 1924 2870 in
1960 2811 2305 2871 definitione
2340 2812 2596 2886 sth'ecti
2633 2813 2828 2873 inclu—

391 2880 586 2949 ditur3
619 2885 677 2937 et
702 2881 787 2938 ita
814 2884 979 2937 Deum
1003 2897 1112 2938 esse
1134 2897 1239 2952 per
1266 2896 1331 2939 se
1363 2887 1572 2941 notum
1601 2883 1731 2940 erit.

461 2951 738 3020 Amplius,
766 2964 897 3022 quae
947 2952 1295 3009 naturaliter
1336 2959 1478 3009 sunt
1506 2959 1667 3016 nota,
1734 2967 1799 3012 er
1843 2967 1908 3013 se
1956 2957 2447 3026 cognoscuntur3
2488 2966 2612 3012 non
2661 2956 2821 3015 enim

394 3020 467 3078 ad
511 3034 582 3075 ea
638 3021 1069 3100 ‘cognoscenda
1113 3021 1526 3093 inquisitionis
1576 3029 1669 3080 stu
1717 3025 1776 3082 io
1838 3026 2201 3095 pervenitur.
2252 3027 2422 3080 Deum
2469 3031 2665 3082 autem
2711 3041 2828 3082 esse

394 3090 745 3146 naturaliter
782 3097 989 3148 notum
1029 3096 1141 3153 est,
1170 3106 1355 3164 quum
1411 3092 1474 3148 in
1524 3095 1710 3151 Deum
1755 3096 2105 3151 naturaliter
2144 3094 2509 3153 desiderium
2555 3095 2820 3153 hominis

391 3159 614 3228 tendet,
646 3160 803 3217 sicut
830 3161 904 3218 ad
934 3160 1209 3218 ultimum
1237 3160 1439 3233 finem,
1469 3167 1537 3221 ut
1581 3163 1740 3222 infra
1755 3166 1979 3237 patebit
2005 3165 2132 3239 (lib.
2160 3178 2250 3236 111,
2281 3166 2480 3238 c..25).
2513 3167 2612 3225 Est
2637 3164 2823 3238 igitur

391 3241 500 3303 per
525 3243 591 3287 se
620 3235 829 3288 notum
852 3234 1019 3287 Deum
1045 3248 1175 3289 esse.

462 3301 615 3370 Item,
655 3300 802 3358 illud
882 3316 946 3358 er
970 3315 1037 3360 se
1087 3309 1298 3362 notum
1339 3309 1576 3376 oportet
1602 3318 1761 3377 esse,
1788 3320 1910 3380 quo
1942 3308 2148 3367 omnia
2188 3307 2306 3367 alia
2351 3311 2825 3381 cognoscuntur.

391 3370 564 3453 Deus
600 3376 799 3452 autem
874 3372 1175 3454 ujusrnoqi
1206 3381 1318 3454 est.
1363 3376 1715 3434 sicutenim
1760 3376 1864 3436 lux
1907 3379 2058 3438 solis
2134 3377 2451 3450 rincipium
2497 3384 2590 3436 est
2619 3379 2821 3437 omnis

390 3440 648 3520 visilastis
673 3448 1093 3524 perceptionisg
1126 3449 1208 3501 1ta
1234 3445 1436 3527 d1vina
1464 3447 1565 3505 lux
1594 3447 1793 3506 omnis
1834 3394 2232 3521 intelligissilis
2261 3449 2630 3529 cognitionis
2656 3450 2823 3520 prin·

390 3523 612 3581 cipium
638 3518 748 3594 est,
770 3526 954 3585 quum
975 3518 1054 3570 sit
1077 3527 1140 3569 1n
1161 3528 1279 3586 quo
1303 3530 1560 3587 primum
1582 3518 1837 3576 maxime
1864 3519 2063 3578 lumen
2085 3519 2461 3594 intelligibile
2489 3519 2817 3580 invenitur.

390 3580 633 3651 Oportet
660 3588 844 3663 igitur
871 3583 1026 3655 quod
1058 3586 1226 3640 Deum
1250 3601 1360 3642 esse
1428 3603 1491 3644 er
1519 3601 1585 3646 se
1611 3594 1815 3646 notum
1849 3589 1949 3646 sit.

462 3654 543 3733 EJK
570 3653 667 3710 his
694 3653 878 3725 igitur
900 3659 960 3711 et
986 3654 1308 3736 siniilibuS,
1342 3671 1378 3716 a
1404 3659 1525 3731 iqui
1568 3661 1888 3730 opinantur
1906 3662 2080 3719 Deum
2115 3671 2230 3719 esse
2255 3660 2345 3723 sic
2370 3673 2480 3736 per
2506 3674 2575 3724 se
2601 3666 2819 3725 notum

391 3728 699 3793 exsistere,
727 3729 795 3781 ut
819 3729 1181 3785 contrarium
1208 3733 1406 3786 mente
1433 3729 1686 3802 cogitari
1713 3743 1838 3790 non
1863 3731 2077 3803 possit.

1366 3945 1654 4014 'CAPUT
1705 3947 1817 4016 XL

360 4145 365 4150 ι
456 4122 823 4174 neruoram
861 4123 1178 4176 ramssae
1213 4127 1511 4176 ommoms
1545 4129 1624 4180 nr
1652 4130 1896 4181 sonmo
1942 4129 2251 4182 amem
2292 4133 2748 4192 rumssaauit.

458 4287 746 4345 Praedicta
775 4293 973 4347 autem
1001 4290 1207 4363 opinio
1233 4293 1544 4363 provenit:

457 4358 676 4414 Partim
703 4359 941 4440 quidem
967 4375 1039 4420 ex
1081 4364 1537 4443 consuetudine,
1568 4377 1687 4437 qua
1712 4379 1751 4424 a
1775 4365 2071 4438 principio
2094 4366 2375 4428 homines
2409 4370 2643 4430 assueti
2674 4376 2822 4431 sunt

389 4436 610 4488 nomen
632 4430 737 4489 De1
779 4430 984 4492 audire
1013 4436 1073 4492 et
1113 4445 1409 4496 invocare.
1441 4436 1825 4498 Consuetudo
1868 4443 2089 4512 eutem,
2119 4444 2180 4500 et
2219 4439 2521 4516 praecipue
2555 4453 2694 4516 quae
2722 4447 2820 4504 est
