3076 5025
461 296 564 352 606
1343 287 1474 340 ΜΒ.
1519 286 1607 349 Ν,
1647 286 1800 339 CAP.
1840 283 2012 338 Lxxl.

530 415 817 474 Praeterca,
862 406 1230 478 superfluum
1273 406 1507 462 videtur
1534 418 1643 462 eos
1684 403 1926 484 admore
1968 417 2043 460 ne
2071 406 2320 482 peccent
2355 400 2458 474 qui
2486 414 2733 473 peccare
2759 412 2854 463 non

503 484 738 539 ossunt.
789 477 922 545 Sed,
953 491 1058 548 per
1098 476 1504 548 evangelicam
1556 480 1613 532 et
1656 475 2050 553 apostolicam
2100 473 2452 540 doctrinam,
2492 471 2857 552 admonentur

460 497 669 611 gdeles
713 548 828 605 'am
875 561 980 618 per
1027 552 1402 604 sacramenta
1451 544 1707 616 Spiritus
1755 548 1948 602 sancti
1988 544 2240 616 gratiam
2286 548 2597 599 consecuti
2622 559 2640 611 ;
2670 542 2854 602 dicitnr

460 622 620 680 enim
650 637 664 672 ε
737 618 1140 688 omtemplantes
1169 632 1236 671 ne
1265 620 1387 687 quis
1415 616 1557 671 desit
1580 617 1776 684 qratiae
1800 617 1921 681 Dei,
1945 630 2011 669 ne
2031 630 2141 686 qua
2165 612 2337 669 radia:
2362 613 2859 679 amaritudini-ssu·-

459 707 579 749 sum
606 692 924 758 qen-minans
948 688 1212 757 impediat
1237 686 1412 758 (Heb.‚
1441 699 1549 755 ΧΠ,
1584 686 1668 757 16)
1694 704 1710 755 ;
1748 691 1803 742 et
1827 704 1841 741 :
1870 686 2050 742 Nolite
2077 687 2398 741 contristare
2437 684 2713 752 spiritum
2734 697 2861 738 scao-

459 766 578 819 tum
605 762 723 821 Dei,
755 761 816 813 in
836 774 939 828 quo
957 760 1166 827 signati
1182 759 1310 812 estis
1333 757 1575 827 (Ephcs.,
1604 770 1691 824 lv,
1724 756 1812 827 30)
1842 773 1856 823 ;
1888 761 1947 812 et
1971 773 1986 811 :
2017 755 2124 823 Qui·
2143 771 2198 811 se
2222 757 2499 809 existimat
2525 758 2695 822 stare,
2710 753 2863 809 vide&

459 848 527 888 ne
568 832 733 885 cadat
774 829 825 899 (I
862 829 1005 891 Cor„
1040 841 1100 894 x,
1134 827 1259 899 12);
1309 828 1437 897 ipse
1480 826 1656 883 etiarn
1684 825 2005 896 Apostolus
2036 826 2107 884 de
2151 839 2216 882 se
2247 825 2389 881 dicit
2415 839 2427 877 ε
2453 825 2675 891 Castico
2699 836 2863 893 colpus

459 917 655 965 meum,
687 903 738 954 et
779 902 840 954 in
867 901 1178 954 servitutem
1219 898 1424 966 rediqo,
1473 913 1541 952 ne
1567 899 1728 964 forte,
1761 912 1929 967 quum
1958 898 2086 951 aliis
2105 895 2541 966 praedicaverim,
2572 898 2693 963 ipse
2713 908 2864 963 repro-

464 973 561 1029 bus
586 973 815 1040 efficiar.
850 968 903 1039 (Ι
923 970 1068 1036 Gor„
1096 982 1182 1035 ix,
1209 968 1324 1039 27.)
1353 971 1478 1025 Non
1513 968 1695 1038 igitur
1720 980 1827 1038 per
1855 967 2106 1039 gratiam
2135 966 2197 1025 in
2228 965 2623 1023 sacramentis
2653 977 2864 1036 percep-

461 1048 583 1099 tam
608 1040 884 1097 homines
912 1038 1334 1109 impeccabiles
1358 1038 1706 1094 redduntur.
2530 1104 2541 1115 ,

537 1115 647 1169 Pei·
690 1110 805 1167 hoc
854 1109 1188 1167 excluditur
1231 1108 1627 1180 quorumdam
1662 1107 2078 1165 haereticorum
2116 1118 2307 1175 error,
2348 1105 2451 1177 qui
2482 1104 2699 1162 dicunt
2734 1101 2868 1177 quod

461 1182 668 1249 hom0‚
697 1186 1012 1252 postquam
1042 1179 1296 1252 gratiam
1326 1179 1582 1249 Spiritus
1608 1178 1799 1235 sancti
1829 1178 2111 1248 percepit,
2140 1189 2387 1249 peccare
2412 1188 2538 1233 non
2565 1181 2780 1246 potest,
2803 1179 2869 1245 et,

462 1254 516 1313 si
547 1258 770 1324 peccat,
805 1263 1109 1322 nunquam
1136 1250 1388 1322 gratiam
1415 1250 1670 1319 Spiritus
1696 1248 1886 1305 sancti
1915 1247 2144 1304 habuit.
2388 1264 2395 1270 ·

532 1327 858 1379 Assumunt
887 1324 1080 1377 autem
1111 1321 1174 1378 in
1205 1320 1615 1377 fulcimentum
1646 1319 1741 1376 sui
1770 1318 1991 1375 erroris
2010 1317 2171 1391 quod
2200 1316 2450 1375 dicitur:
2483 1316 2741 1373 charitas
2754 1329 2871 1372 rimi-

463 1409 628 1465 quam
651 1392 855 1459 excidit
880 1390 932 1462 (I
954 1391 1098 1459 Cor„
1128 1402 1261 1458 xm,
1286 1394 1340 1461 8)
1365 1407 1379 1457 ;
1407 1394 1466 1446 et
1492 1389 1638 1446 illud
1664 1405 1679 1442 ε
1712 1390 1896 1446 Omuis
1925 1391 2025 1459 qui
2054 1390 2116 1444 in
2142 1403 2201 1445 eo
2226 1391 2428 1449 manet,
2448 1402 2563 1442 non
2589 1391 2804 1466 peccam
2830 1389 2873 1444 et

462 1467 635 1521 omnis
663 1465 762 1532 qui
791 1466 1001 1531 peccat,
1045 1477 1153 1516 non
1177 1460 1322 1515 vidit
1349 1476 1489 1528 eum,
1518 1475 1614 1515 nec
1642 1461 1888 1528 cognovit
1913 1475 2035 1515 eum
2069 1458 2124 1531 (I
2140 1460 2361 1519 Ioann..
2396 1470 2487 1525 m,
2528 1456 2627 1527 6);
2660 1464 2719 1514 et
2740 1455 2874 1515 infra

464 1533 847 1605 expressius:
877 1532 1065 1589 Omnis
1107 1533 1206 1602 qui
1233 1534 1396 1586 natus
1424 1534 1503 1585 est
1530 1545 1599 1585 ea·
1626 1533 1733 1585 Deo
1754 1533 2037 1601 peccatum
2078 1545 2187 1585 non
2214 1530 2388 1597 facin
2419 1530 2687 1598 quoniam
2720 1542 2875 1584 semea

464 1607 650 1731 ’Ῥὲἕέ
675 1605 1759 1743 {22⁶53110’33‘13515123'33208‘5531230033553
1805 1602 2029 1727 3335?ss
2053 1596 2877 1727 ffffissi‘izssmsstffiffifflssss

463 1746 622 1805 enim
649 1744 866 1800 dicitur
884 1742 1044 1815 quod
1066 1742 1326 1800 charitas
1343 1755 1648 1813 nunquam
1667 1741 1885 1799 excidit
1897 1744 2134 1811 propter
2152 1741 2269 1798 hoc
2293 1739 2453 1813 quod
2470 1738 2579 1796 ille
2593 1739 2697 1811 qui
2724 1735 2879 1796 habet

465 1815 812 1876 charitatem
845 1827 972 1871 eam
1020 1812 1378 1885 quandoque
1416 1826 1540 1870 non
1583 1812 1810 1869 amittat
1879 1825 2064 1883 quum
2094 1811 2361 1869 dicatur:
2388 1810 2578 1865 Habeo
2608 1809 2878 1890 adversum

463 1890 532 1950 te,
563 1886 708 1953 quod
732 1885 1054 1939 charitatem
1071 1888 1223 1939 tuam
1241 1887 1480 1953 primam
1508 1885 1781 1963 reliquisti
1802 1854 2018 1953 (Apum,
2048 1895 2116 1949 11,
2136 1882 2192 1952 4)
2216 1899 2231 1952 ;
2252 1879 2359 1939 sed
2387 1880 2525 1960 ideo
2556 1879 2782 1961 dictum
2802 1882 2879 1960 es}

507 1955 623 2011 uod
661 1953 921 2011 charitas
960 1967 1266 2025 nunquam
1309 1953 1544 2016 excidit,
1585 1968 1745 2025 quia,
1772 1965 1956 2025 quum
1995 1957 2206 2009 caetera
2233 1951 2390 2010 dona
2415 1952 2685 2020 Spiritus
2712 1956 2878 2009 saum

462 1970 537 2084 ge
565 2024 659 2082 sui
692 2024 923 2081 ratione
953 2023 1464 2094 imperfectionem
1495 2024 1799 2090 habentia,
1831 2027 2034 2094 utpote
2062 2022 2311 2093 spiritus
2337 2020 2679 2092 prophetiae
2707 2025 2764 2079 et
2785 2020 2878 2079 hu·

455 2093 745 2167 jusmodi,
788 2099 1150 2150 evacuentur
1187 2107 1373 2164 quum
1417 2093 1644 2151 venerit
1682 2092 1842 2165 quod
1888 2093 2213 2163 perfectum
2258 2096 2368 2156 est,
2401 2092 2677 2149 charitas
2705 2089 2878 2149 inille

461 2163 848 2237 perfectionis
885 2168 1044 2220 statu
1074 2163 1421 2220 remanebit.
1449 2194 1517 2203 —
1550 2167 1629 2220 Ea
1649 2177 1789 2221 vero
1816 2178 1950 2234 quae
1979 2178 2053 2221 ex
2082 2165 2123 2219 E
2166 2163 2344 2221 istola
2367 2163 2630 2220 Ioannis
2660 2162 2881 2220 inducta

463 2240 604 2293 sunt
651 2233 785 2291 ideo
833 2233 1112 2291 dicuntur
1154 2232 1293 2306 quia
1320 2232 1481 2291 dona
1507 2232 1763 2304 Spiritus
1792 2234 1986 2290 sancti
2012 2234 2115 2307 qui
2162 2247 2234 2291 us
2278 2233 2459 2291 homo
2486 2232 2806 2304 adoptatur
2826 2232 2880 2289 in

461 2304 650 2362 filium
698 2304 789 2360 vel
833 2304 1167 2361 renascitur
1209 2303 1271 2360 in
1315 2303 1504 2361 filium
1550 2305 1675 2369 Dei,
1725 2309 2015 2376 quantum
2052 2309 2147 2363 est
2182 2303 2255 2362 de
2293 2318 2381 2372 se,
2412 2307 2657 2361 tantum
2686 2302 2883 2361 babent

458 2375 734 2431 virtutem
761 2374 921 2446 quod
949 2374 1253 2431 hominem
1282 2373 1415 2431 sine
1440 2379 1684 2445 peccato
1709 2387 2063 2432 conservare
2092 2380 2346 2447 possunt
2370 2392 2385 2443 ;
2418 2387 2530 2431 nec
2562 2373 2755 2431 homo
2771 2386 2884 2445 peo-

463 2459 597 2502 care
628 2449 825 2516 potest
850 2444 1180 2502 secundum
1212 2458 1284 2502 ea
1306 2445 1510 2503 vivens
1534 2463 1551 2512 ;
1580 2450 1776 2516 potest
1805 2450 2005 2502 tamen
2033 2453 2244 2503 contra
2282 2460 2352 2501 ca
2379 2458 2587 2518 agere,
2622 2450 2683 2502 et
2708 2443 2780 2503 ab
2805 2443 2882 2502 eis

462 2516 824 2575 discedendo
871 2530 1137 2587 peccare.
1187 2515 1283 2574 Sic
1316 2517 1477 2574 enim
1507 2516 1731 2574 dictum
1776 2520 1903 2574 est:
1951 2518 2073 2576 Non
2106 2519 2284 2588 potest
2302 2530 2528 2586 peccare
2559 2518 2668 2585 qui·
2705 2518 2885 2573 2.sz

459 2593 621 2643 nattis
642 2591 719 2643 est
749 2586 803 2658 (Ι
821 2588 1054 2652 Joann„
1076 2598 1166 2655 111,
1195 2586 1272 2658 9),
1294 2586 1448 2646 sicut
1467 2588 1522 2645 si
1553 2587 1848 2645 diceretur
1874 2587 2034 2659 quod
2061 2587 2324 2645 calidum
2351 2599 2475 2644 non
2501 2590 2715 2658 potest
2740 2582 2883 2665 iniri-

462 2657 664 2784 gidare
708 2656 790 2729 (id
825 2661 1027 2715 tamen
1071 2656 1232 2729 quod
1277 2663 1370 2715 est
1406 2657 1664 2715 calidum
1700 2660 1899 2728 potest
1930 2655 2059 2715 fieri
2090 2657 2397 2738 frigidum,
2437 2661 2499 2714 et
2536 2656 2641 2715 sic
2672 2655 2882 2729 infl'igt·

467 2727 790 2869 egb-{2333
823 2727 984 2786 sicut
1008 2726 1063 2785 si
1092 2726 1418 2786 diceretur:
1439 2731 1648 2786 iustus
1676 2727 1901 2800 injusta
1926 2740 2051 2786 non
2078 2734 2223 2801 agit,
2252 2726 2488 2787 scilicet
2505 2725 2577 2784 in
2607 2730 2881 2801 quantum

1410 2946 1670 3014 CAPUT
1708 2948 1920 3013 LXXI.

676 3117 832 3172 QUOD
856 3115 1023 3164 ΠΟΙΟ
1047 3117 1307 3166 rucuma
1331 3119 1479 3166 POST
1503 3117 2012 3166 smmxmonm
2032 3116 2324 3177 mm
2348 3116 2573 3167 Pom!
2598 3118 2688 3170 Al>

1365 3207 1632 3253 mnan
1657 3206 1968 3253 coNVElm.
2010 3222 2025 3228 ·

527 3362 608 3418 Ex
633 3359 965 3432 praemissis
992 3364 1190 3419 autem
1212 3359 1518 3431 apparebit
1545 3359 1798 3418 ulterius
1827 3360 1987 3434 quod
2012 3360 2215 3426 homo,
2237 3364 2375 3433 post
2393 3358 2879 3420 sacramentalem

457 3432 705 3504 gratiam
750 3436 1092 3504 susceptam
1128 3431 1193 3488 in
1232 3436 1541 3503 peccatum
1584 3431 1829 3497 cadens,
1866 3431 2081 3490 iterum
2120 3433 2383 3504 reparari
2416 3438 2622 3504 potest
2659 3432 2737 3491 ad
2762 3443 2880 3505 gra·

455 3503 621 3559 tiam.
2112 3555 2121 3564 ,

526 3574 598 3628 Ut
625 3572 780 3628 enim
815 3577 1127 3630 ostensum
1157 3576 1270 3640 est,
1300 3571 1583 3643 quamdiu
1625 3571 1722 3629 hic
1751 3571 1989 3641 vivitur,
2027 3572 2306 3630 voluntas
2331 3572 2646 3631 mutabilis
2676 3577 2771 3630 est
2794 3584 2878 3628 se·

456 3642 718 3700 cundum
746 3643 956 3700 vitium
979 3648 1036 3699 et
1062 3643 1357 3700 virtutem.
1379 3643 1544 3699 Sicut
1570 3642 1753 3713 igitur
1770 3648 1908 3713 post
1935 3647 2233 3713 acceptam
2263 3643 2515 3715 gratiam
2534 3649 2743 3715 potest
2757 3654 2878 3715 pec·

455 3727 611 3781 care,
647 3713 730 3769 ita
758 3718 816 3769 et
844 3728 881 3770 a
907 3718 1172 3784 peccatu,
1204 3718 1268 3770 ut
1293 3713 1546 3778 videtur,
1578 3718 1773 3783 potest
1803 3714 1874 3770 ad
1904 3714 2181 3770 virtutem
2205 3714 2416 3772 redire.

527 3785 678 3845 Item,
711 3783 1094 3840 manifestum
1116 3788 1208 3840 est
1227 3783 1453 3840 bonum
1485 3796 1620 3839 esse
1650 3786 1951 3854 potentius
1978 3783 2138 3841 malo
2162 3801 2178 3852 ;
2209 3798 2349 3841 nam
2372 3784 2600 3842 malum
2623 3798 2752 3841 non
2768 3779 2879 3853 agit

456 3853 574 3911 nisi
617 3854 829 3911 virtute
857 3853 1025 3916 boni,
1056 3859 1123 3911 ut
1151 3868 1335 3925 supra
1375 3859 1469 3910 est
1513 3859 1827 3910 ostensum
1859 3854 1919 3926 (l,
1950 3868 2039 3923 111,
2078 3869 2130 3911 c.
2165 3853 2274 3926 14).
2304 3855 2362 3912 si
2393 3855 2580 3935 igitur
2606 3855 2877 3912 voluntas

452 3921 720 3981 hominis
757 3937 791 3980 a
818 3929 972 3981 statu
1005 3923 1210 3997 gratiae
1255 3937 1363 4004 per
1387 3929 1698 3995 peccatum
1728 3925 2034 3995 avertitur,
2060 3924 2253 3983 multo
2276 3937 2473 4000 magis
2500 3939 2610 3999 per
2631 3924 2876 3999 gratiam

449 3999 647 4063 potest
677 4009 713 4051 a
737 4000 980 4066 peccato
1009 4008 1295 4053 revocari.

520 4065 739 4134 Adhuc,
767 4065 1158 4124 immobilitas
1186 4064 1513 4122 voluntatis
1545 4078 1667 4123 non
1696 4065 1981 4137 competit
2008 4064 2188 4123 alicui
2246 4063 2529 4137 quamdiu
2551 4070 2646 4122 est
2676 4064 2742 4123 in
2768 4061 2871 4120 via.

451 4130 584 4212 Sed,
618 4136 903 4218 quamdiu
933 4136 1031 4193 hic
1060 4136 1243 4217 homo
1271 4135 1434 4205 vivit,
1465 4141 1559 4194 est
1589 4136 1779 4217 invia
1805 4136 2085 4194 tendendi
2107 4137 2172 4194 in
2195 4108 2477 4216 ’ultimum
2517 4134 2873 4217 finem-Nou

446 4208 631 4283 igitur
659 4205 836 4263 habet
861 4206 1232 4264 immobilem
1257 4206 1627 4279 voluntatem
1651 4220 1716 4263 in
1740 4207 1923 4278 malo,
1969 4212 2035 4266 ut
2072 4219 2200 4264 non
2241 4211 2439 4279 possit
2468 4220 2577 4279 per
2620 4206 2869 4264 divinam

447 4279 699 4345 gratiam
729 4278 939 4334 reverti
966 4277 1039 4335 ad
1069 4277 1321 4336 bonum.
1635 4309 1639 4312 Α

515 4345 792 4425 Amplius,
825 4348 1210 4406 manifestum
1239 4353 1332 4406 est
1360 4348 1519 4420 quod
1548 4364 1584 4406 a
1609 4349 1872 4420 peccatis
1900 4362 2032 4421 quae
2054 4348 2214 4421 quiS,
2261 4353 2398 4408 ante
2442 4348 2698 4421 gratiam
2750 4356 2866 4416 per·

447 4419 677 4485 ceptam
704 4429 770 4473 111
798 4419 1210 4491 sacramentis,
1241 4418 1565 4490 commisit,
1590 4435 1698 4492 per
1724 4425 2235 4478 sacramentorum
2276 4419 2531 4492 gratiam
2560 4419 2863 4482 liberatur;
