3076 5025
513 286 636 342 >5¹4
1428 276 1564 333 LIB.
1605 276 1695 344 iv,
1735 274 1888 331 cAP.
1928 274 2069 329 xiil.

448 443 458 464 2
529 404 770 482 quidem
799 405 1032 474 oportet
1058 400 1173 459 dici
1220 413 1294 458 ex
1322 411 1395 457 eo
1440 395 1601 470 quod
1649 395 1912 466 seipsum
1945 392 2275 466 cognoscit.
2320 390 2457 462 Sed,
2503 390 2638 465 quia
2678 403 2786 449 non
2822 405 2900 451 co·

528 475 767 558 gnoscit
814 487 881 531 se
944 486 1050 544 per
1100 471 1362 543 aliquam
1432 467 1694 539 speciem
1758 465 1879 522 nisi
1938 477 2043 536 per
2103 462 2465 544 essentiam,
2520 462 2658 533 quin
2702 463 2808 519 imo
2856 466 2901 519 et

527 558 728 619 ipsum
785 543 915 616 ejus
963 540 1298 613 intelligere
1341 542 1435 597 est
1490 537 1621 610 ejus
1668 535 1953 604 essentia,
2004 534 2299 606 sapientia
2352 535 2456 590 Dei
2504 531 2729 590 habitus
2788 545 2899 590 esse

455 654 460 659 -
503 629 655 674 non
683 617 899 686 potest,
948 611 1054 670 sed
1094 616 1188 669 est
1231 611 1365 681 ipsa
1412 608 1518 665 Dei
1563 605 1843 666 essentia.
1888 604 2265 663 Manifestum
2303 607 2396 661 est
2433 606 2625 660 autem
2661 616 2728 660 ex
2761 600 2901 660 dictis

451 753 456 760 ,
529 684 692 759 quod
722 684 823 742 Dei
847 682 1030 741 Filius
1058 687 1151 740 est
1174 680 1430 738 Vei-bum
1457 683 1516 735 et
1544 676 1854 747 conceptio
1885 675 1988 732 Dei
2014 674 2403 748 intelligentis
2433 671 2708 745 seipsum.
2735 672 2903 744 Sequi·

499 757 505 764 ’
527 760 629 814 tur
653 754 834 828 igitur
860 752 1022 826 quod
1047 752 1242 823 ipsum
1274 749 1377 808 Dei
1403 747 1680 810 Verbum.
1716 752 1998 819 tanquam
2034 745 2332 817 sapienter
2358 749 2557 801 mente
2584 743 2769 801 divina
2791 755 2902 799 con·

498 821 791 897 ‘ceptum,
819 822 1055 895 proprie
1083 826 1372 892 concepta
1395 833 1504 878 seu
1544 818 1746 892 genita
1794 816 2090 889 sapientia
2128 815 2394 885 dicatur3
2437 813 2595 872 unde
2637 813 2907 885 Apostolus

441 906 460 969 j
531 898 807 954 christum
818 896 918 950 Dei
942 894 1270 963 sapientiam
1299 890 1587 948 nominat.
1620 888 1672 960 (Ι
1687 889 1832 958 Gor„
1848 902 1892 956 1,
1921 886 2036 964 24.)
2060 889 2263 968 Ipsum
2287 889 2486 942 autem
2511 883 2796 956 sapientiai
2816 896 2908 940 ver·

527 964 677 1024 bum
704 967 904 1022 mente
931 966 1285 1034 conceptum
1320 965 1412 1019 est
1438 958 1710 1042 quaedam
1751 958 2153 1016 manifestatio
2195 954 2502 1027 sapientiae
2545 953 2897 1027 intelligentis,

531 1035 691 1094 sicut
718 1033 865 1092 etin
894 1032 1070 1091 nobis
1098 1045 1310 1091 omnes
1324 1031 1562 1088 habitus
1590 1044 1696 1101 per
1723 1034 1893 1086 actus
1913 1027 2388 1085 manifestantur.
2412 1023 2566 1094 Quia
2590 1038 2727 1098 ergo
2753 1023 2901 1082 divina

530 1104 829 1177 sapientia
855 1104 959 1162 lux
989 1102 1224 1172 dicitur,
1253 1105 1431 1174 prout
1456 1101 1516 1157 in
1536 1113 1690 1171 puro
1714 1105 1848 1157 actu
1878 1097 2243 1171 cognitionis
2270 1096 2548 1155 consistit
2570 1095 2736 1167 (lucis
2752 1099 2901 1152 autem

531 1174 936 1234 manifestatio
965 1173 1247 1245 splendor
1273 1172 1467 1244 ipsius
1497 1176 1611 1238 est,
1651 1169 1724 1228 ab
1751 1183 1823 1227 ea
1847 1166 2222 1241 procedens),
2265 1166 2684 1225 convenienter
2725 1172 2779 1223 et
2803 1165 2905 1221 Ver·

530 1245 679 1304 bum
708 1244 923 1302 divinae
950 1243 1259 1325 sapientiae
1279 1241 1565 1314 splendor
1588 1240 1742 1298 lucis
1758 1239 2123 1308 nominatur,
2146 1237 2479 1297 secundum
2498 1236 2647 1294 illud
2673 1233 2903 1308 Apostoli,

532 1316 611 1375 de
639 1314 789 1374 Filio
818 1313 1072 1372 dicentis
1107 1332 1122 1370 :
1163 1313 1338 1381 Quum
1371 1314 1447 1368 sit
1492 1327 1517 1368 s
1560 1311 1748 1366 tendor
1791 1312 1977 1381 aloriae
2024 1309 2233 1382 (Heba,
2258 1322 2302 1378 1,
2332 1308 2424 1380 3);
2468 1306 2630 1364 unde
2678 1313 2733 1363 et
2772 1304 2903 1362 Filius

531 1385 1076 1444 manifestationem
1109 1383 1296 1440 Patris
1327 1382 1442 1441 sibi
1471 1396 1506 1439 a
1553 1381 1777 1451 scribit,
1810 1381 2018 1438 dicens
2048 1398 2064 1436 z
2095 1381 2373 1443 Pater....,
2396 1378 2746 1445 manifestavi
2766 1389 2907 1431 nomen

531 1462 692 1512 tuam
719 1455 1043 1511 hominibus.
1071 1454 1312 1524 (Ioann.‚
1343 1465 1495 1520 xvii,
1526 1457 1582 1520 5,
1601 1450 1679 1524 6.)
1709 1453 1845 1519 Sei,
1876 1449 2017 1508 licet
2058 1449 2266 1518 Filius,
2292 1449 2393 1530 qui
2438 1453 2533 1506 est
2561 1447 2665 1504 Dei
2691 1445 2904 1524 Verbuiii.

531 1525 772 1598 proprie
801 1524 1092 1596 sapientia
1117 1527 1407 1594 concepta
1432 1523 1685 1590 dicatur,
1716 1534 1937 1579 nomen
1963 1525 2166 1578 tamen
2194 1518 2504 1590 saplentiae
2533 1516 2791 1576 absolute
2826 1515 2905 1572 dic·

531 1601 666 1654 tum
690 1599 922 1666 oportet
950 1607 1084 1652 esse
1108 1607 1427 1651 commune
1467 1592 1624 1650 Patri
1673 1596 1732 1648 et
1769 1591 1934 1658 Filio,
1980 1603 2165 1662 quum
2216 1588 2508 1660 sapientia
2547 1601 2678 1661 quae
2703 1600 2795 1659 per
2814 1587 2908 1642 Vei-

529 1664 682 1725 bum
710 1664 1049 1746 resplendet
1076 1663 1154 1721 sit
1179 1663 1371 1721 Patris
1399 1662 1686 1732 essentia,
1721 1666 1784 1720 ut
1809 1662 2033 1719 dictum
2064 1665 2176 1730 est,
2211 1660 2474 1718 essentia
2500 1671 2644 1718 vero
2675 1657 2838 1716 Patris
2855 1654 2905 1712 sit

535 1735 654 1795 sibi
682 1741 744 1793 et
765 1734 911 1793 Filio
938 1734 1296 1793 communis.

1521 1897 1777 1962 CAPUT
1814 1897 1980 1960 XIII.

1054 2067 1206 2121 QUOD
1241 2066 1361 2113 NON
1394 2067 1505 2113 EST
1538 2066 1658 2113 Nisi
1693 2067 1846 2113 umis
1881 2068 2072 2113 FILIUS
2108 2067 2173 2112 m
2205 2065 2452 2113 mvmis,

563 2292 579 2304 ·
608 2220 762 2289 Quia
785 2232 929 2278 vero
956 2221 1136 2289 Beue,
1161 2218 1549 2300 intelligendo
1577 2219 1867 2291 seipsum,
1898 2220 2105 2279 omnia
2137 2219 2253 2278 alia
2275 2219 2582 2292 intelligit,
2604 2219 2749 2278 utin
2775 2226 2917 2289 primo

534 2290 692 2350 libro
717 2294 1028 2371 ostensum
1058 2295 1170 2370 est,
1201 2302 1467 2360 seipsum
1497 2294 1694 2347 autem
1724 2302 1847 2348 uno
1866 2295 1925 2348 et
1953 2290 2214 2362 simplici
2240 2291 2459 2347 intuitu
2490 2289 2765 2362 intelligit
2778 2297 2918 2361 quum

535 2374 718 2421 suum
745 2359 1080 2434 intelligere
1109 2364 1188 2417 sit
1213 2372 1390 2417 suum
1422 2372 1557 2418 esse
1610 2373 1860 2419 necesse
1889 2361 2250 2419 estverhum
2276 2361 2381 2417 Dei
2411 2373 2554 2419 esse
2586 2361 2809 2419 unicum
2824 2362 2918 2414 tan-

533 2435 691 2512 tum.-
719 2431 911 2499 Quum
938 2434 1141 2511 autem
1170 2429 1235 2487 in
1259 2429 1474 2487 divinis
1499 2402 1655 2512 nihil·
1674 2428 1835 2488 aliud
1860 2431 1938 2489 sit
1965 2431 2091 2488 Filii
2115 2430 2420 2505 generatio
2443 2444 2631 2503 quam
2661 2429 2805 2487 verbi
2819 2438 2920 2507 con·

535 2516 608 2562 ce
651 2506 755 2571 tio,
782 2507 1052 2574 sequitur
1077 2500 1238 2582 quod
1267 2514 1388 2559 una
1424 2500 1560 2559 sola
1605 2506 1683 2559 sit
1723 2501 2027 2576 generatio
2063 2501 2126 2560 in
2171 2501 2386 2559 divinis
2430 2507 2492 2559 et
2533 2501 2744 2559 unicus
2781 2497 2920 2558 Filius

537 2586 613 2632 80
642 2585 712 2630 us
741 2586 778 2630 a
804 2575 973 2629 Patre
998 2574 1257 2645 genitus·
1289 2571 1453 2630 Unde
1497 2570 1712 2630 dicitur
1746 2590 1760 2629 :
1814 2572 2064 2630 Vidimus
2109 2573 2341 2642 gloriam
2377 2572 2522 2643 ejice,
2559 2574 2780 2642 plor-iam
2803 2567 2924 2640 quasi

538 2644 823 2712 Unigeniti
843 2659 879 2698 a
903 2645 1070 2698 Patre
1097 2641 1338 2714 (Joann.,
1367 2655 1412 2712 1,
1444 2641 1530 2713 14)
1555 2659 1571 2711 3
1603 2646 1661 2699 et
1688 2642 1935 2700 iterum:
1962 2643 2282 2712 Uniqenitus
2308 2644 2508 2712 Filius,
2530 2645 2632 2715 qui
2671 2646 2745 2699 est
2766 2641 2919 2696 insinu

534 2714 745 2775 Patris,
776 2715 894 2782 ipse
918 2714 1200 2768 enarravit
1221 2713 1401 2769 nobis.
1440 2711 1630 2785 (Ibid.,
1664 2712 1776 2786 ¹8.)

610 2782 849 2864 Videtur
875 2787 1076 2863 tamen
1107 2796 1182 2864 ex
1206 2782 1531 2853 praemissis
1559 2782 1730 2855 sequi
1756 2782 1918 2855 quod
1946 2786 2005 2841 et
2019 2782 2193 2841 Verbi
2207 2782 2386 2842 divini
2415 2783 2498 2842 sit
2524 2782 2688 2843 aliud
2704 2779 2913 2843 verbum,

536 2856 598 2911 et
625 2852 750 2909 Filii
775 2856 853 2933 sit
870 2852 1033 2932 ‘alius
1057 2851 1239 2933 filius.
1271 2853 1593 2911 Ostensum
1613 2857 1705 2909 est
1722 2853 1880 2911 enim
1905 2852 2066 2926 quod
2090 2853 2346 2912 Verbum
2362 2854 2465 2911 Dei
2483 2855 2569 2912 sit
2589 2856 2741 2927 Deus
2759 2860 2912 2913 veru83

535 2925 773 3049 ests
799 2923 2143 3066 assisiensis&{serasiensis
2156 2924 2632 3054 aissaizis?-
2646 2926 2916 3053 state

536 3061 787 3141 figit-fii
814 3060 1014 3134 igitur,
1051 3075 1123 3143 ex
1154 3061 1271 3120 hoc
1297 3063 1458 3134 quod
1491 3065 1649 3144 Deus
1697 3036 1961 3136 seipsum
1988 3008 2280 3137 intelligit,
2316 3063 2578 3123 Verbum
2604 3009 2681 3124 gb
2709 3076 2776 3122 eo
2799 3056 2914 3135 geni·

533 3134 665 3211 tum
697 3144 759 3187 in
787 3132 910 3212 Deo
994 3136 1212 3212 onitur,
1247 3145 1431 3190 conse
1477 3148 1536 3191 iii
1580 3133 1811 3191 videtur
1846 3133 2007 3207 quod
2052 3134 2230 3193 etiam
2266 3139 2326 3192 et
2348 3135 2568 3204 verbo,
2596 3136 2661 3193 in
2687 3136 2915 3208 quantum

534 3201 1022 3330 iilfisiffismat
1066 3201 1444 3330 'iiassssssssussr
1470 3203 2603 3333 siieisssissiiiiiinitsii⁰s{iffi-'iiiiii‘
2632 3200 2918 3333 {east

532 3339 621 3399 bit
651 3339 813 3422 aliud
849 3341 1135 3411 verbum;
1178 3346 1235 3423 et
1263 3341 1352 3401 sic
1394 3315 1459 3400 iii
1493 3342 1792 3425 infinitum
1827 3318 2138 3471 ’generatio
2207 3345 2365 3403 ivina
2385 3359 2570 3417 proce
2615 3350 2691 3404 et.

573 3479 587 3492 ,
609 3412 797 3483 Hujus
826 3416 1025 3468 autem
1055 3411 1374 3493 solutioex
1403 3427 1729 3484 praemissis
1752 3413 1831 3472 ha
1873 3414 1958 3472 eri
1987 3418 2205 3486 potest.
2235 3416 2431 3484 Quum
2457 3417 2623 3474 enim
2661 3419 2915 3473 ostensum

536 3484 616 3538 sit
643 3480 804 3553 quod
830 3481 1085 3562 Verbum
1113 3483 1216 3540 Dei
1243 3486 1322 3540 sit
1350 3485 1529 3553 DeuS,
1560 3489 1872 3542 ostensum
1906 3488 2109 3542 tamen
2157 3489 2252 3543 est
2291 3485 2452 3559 quod
2502 3500 2633 3545 non
2679 3489 2767 3544 est
2807 3479 2918 3540 alius

536 3551 699 3609 Deus
728 3565 766 3609 a
792 3552 914 3608 Deo
942 3564 1115 3622 cujus
1144 3557 1236 3610 est
1259 3552 1526 3623 verbum,
1559 3553 1664 3612 sed
1703 3567 1862 3612 unus
1891 3555 2160 3626 omnino,
2191 3555 2307 3614 hoc
2334 3555 2469 3614 solo
2515 3556 2595 3615 ab
2625 3569 2698 3615 eo
2724 3552 2918 3616 distinc-

531 3623 664 3702 tum
736 3620 857 3679 uod
884 3620 959 3702 ab
988 3633 1059 3679 eo
1088 3626 1183 3679 est
1202 3627 1270 3680 ut
1293 3622 1538 3681 verbum
1608 3624 1919 3684 rocedens.
1956 3625 2119 3684 Sicut
2162 3629 2360 3684 autem
2403 3627 2661 3686 Verbum
2709 3635 2822 3683 non
2856 3618 2919 3676 est

532 3689 690 3771 alius
761 3704 890 3759 eus,
913 3694 997 3748 ita
1022 3705 1134 3750 nec
1158 3697 1250 3774 est
1276 3692 1431 3752 alius
1458 3694 1581 3751 inte
1609 3695 1820 3765 lectus,
1845 3699 1905 3753 et
1925 3709 2032 3768 pei·
2057 3709 2438 3770 consequens
2466 3711 2585 3756 nec
2612 3695 2767 3756 aliud
2792 3686 2918 3750 intel·

476 3785 485 3794 ·
533 3759 721 3842 ligere
734 3778 758 3842 3
787 3761 946 3819 unde
980 3774 1092 3819 nec
1141 3761 1302 3821 aliud
1347 3763 1615 3822 verbum.
1670 3768 1814 3847 Nec·
1837 3769 2038 3847 tamen
2079 3779 2145 3825 se
2190 3766 2348 3825 uitur
2387 3769 2553 3840 quod
2600 3769 2681 3825 sit
2718 3762 2915 3821 verbum

478 3864 484 3869 ·
532 3843 846 3902 suiipsius,
877 3830 1208 3913 secundum
1237 3833 1690 3915 quodj'erbum
1728 3848 1993 3908 seipsum
2020 3781 2338 3910 intefligit3
2386 3850 2526 3896 nam
2569 3837 2637 3895 in
2676 3834 2787 3894 hoc
2821 3828 2918 3907 solo

529 3900 782 3982 verbum
808 3915 846 3958 a
871 3901 1100 3960 dicente
1129 3902 1551 3983 distinguitur,
1581 3909 1649 3962 ut
1675 3904 1893 3965 dictum
1932 3911 2045 3987 est,
2093 3908 2253 3979 quod
2300 3911 2394 3965 est
2439 3907 2513 3966 ab
2556 3908 2729 3979 ipso;
2761 3910 2920 3962 omma

531 3982 678 4044 ergo
706 3971 824 4030 aha
842 3979 1236 4052 communiter
1262 3975 1638 4034 attribuenda
1663 3982 1806 4035 sunt
1827 3979 1949 4034 Deo
1979 3976 2215 4043 dicenti,
2276 3977 2340 4035 ui
2378 3983 2472 4036 est
2491 3980 2686 4045 Pater,
2708 3968 2919 4034 etverbo

531 4039 696 4112 quod
725 4045 818 4099 est
843 4042 1046 4122 Filius,
1116 4047 1312 4116 ropter
1336 4043 1453 4127 hoc
1472 4046 1633 4119 quod
1654 4046 1829 4104 etiam
1856 4046 2112 4104 Vei-hum
2141 4051 2233 4105 est
2307 4061 2455 4106 eus:
2486 4047 2597 4106 sed
2625 4047 2740 4105 hoc
2762 4041 2915 4103 solum

491 4128 496 4133 ¹
531 4113 601 4166 ut
631 4111 706 4167 ab
734 4124 828 4191 eo·
860 4118 936 4169 sit
965 4127 1068 4170 ver
1107 4126 1210 4196 um
1239 4115 1697 4174 adscribendum
1723 4121 1816 4174 est
1842 4116 2078 4198 proprie
2101 4118 2279 4186 Patri,
2300 4121 2361 4175 et
2383 4117 2501 4176 hoc
2529 4116 2694 4191 quod
2718 4118 2913 4174 estesse

529 4181 720 4259 apeo
774 4181 1006 4240 dicente
1023 4184 1475 4264 ‚attribuendum
1503 4189 1595 4243 est
1622 4186 1855 4257 proprie
1899 4187 2066 4245 Filio.
2122 4190 2202 4245 Ex
2229 4201 2350 4260 quo
2393 4189 2573 4246 etiam
2610 4189 2764 4259 patet
2794 4174 2913 4254 quod

529 4247 717 4308 Filius
745 4263 866 4308 non
898 4258 989 4309 est
1017 4258 1335 4334 impotens,
1366 4255 1478 4313 etsi
1532 4268 1817 4328 generare
1867 4255 2057 4315 filium
2104 4270 2227 4316 non
2273 4258 2488 4329 possit,
2530 4258 2910 4331 quumtamefl

527 4319 704 4376 Pater
728 4327 974 4400 generet
999 4323 1206 4381 Filium
1239 4342 1255 4391 3
1287 4338 1425 4381 nam
1471 4326 1678 4383 eadem
1708 4326 1971 4406 potentia
1997 4333 2090 4385 est
2118 4327 2305 4385 Patris
2336 4333 2396 4385 et
2423 4327 2569 4395 Filii,
2598 4327 2748 4385 sicut
2769 4328 2819 4380 et
2838 4330 2909 4374 ea·

527 4386 665 4444 dem
694 4387 990 4449 divinitas.
1021 4394 1108 4463 Et,
1134 4407 1320 4466 quum
1356 4396 1662 4467 generatio
1702 4408 1767 4453 in
1809 4396 2023 4455 divinis
2071 4397 2150 4455 sit
2196 4396 2583 4471 intelligibilis
2629 4393 2783 4453 verbi
2802 4398 2908 4448 con·
