3076 5025
1082 262 1108 269 ”
1170 290 1328 347 ιω.
1371 292 1416 359 i,
1456 291 1609 348 car.
1646 292 1760 349 vn.
2643 303 2683 360 ἰ

247 413 546 474 mentium
577 412 996 495 inspiratione,
1021 418 1085 471 ut
1112 412 1312 494 idiotae
1339 417 1397 470 et
1416 413 1741 496 simplices,
1770 413 1929 473 dono
1948 412 2201 487 Spiritus
2222 418 2416 479 sancti
2445 421 2673 494 repleti,

249 498 551 545 summam
570 489 934 555 sapientiam
964 489 1023 541 et
1041 484 1383 542 facundiam
1412 485 1474 541 in
1493 490 1738 542 instanti
1771 493 2301 558 consequerentur.

309 555 555 625 Quibus
583 554 901 625 inspectis,
933 554 1223 624 praedictae
1253 553 1628 626 probationis
1655 554 1939 626 efficacia,
1971 570 2094 614 non
2125 571 2427 617 armorum
2452 561 2677 621 violen-

248 627 343 697 tia,
394 639 528 684 non
582 625 978 706 voluptatum·
986 626 1430 752 cpromissione,
1484 630 1562 706 et,
1594 626 1751 698 quod
1799 633 1892 685 est
1942 627 2494 688 mirabilissimuml
2527 634 2684 694 inter

244 702 709 771 persecutorum
732 698 978 777 ‚tyranni
1025 710 1140 765 em,
1175 695 1634 753 innumerabilis
1688 697 1858 755 turba
1909 711 2030 756 non
2084 699 2283 758 solum
2312 702 2680 773 simplicium

250 767 348 827 sed
377 768 569 824 etiam
612 771 1201 837 sapientissimorum
1232 767 1541 824 hominum
1571 767 1646 824 ad
1675 767 1850 827 fidem
1879 768 2268 828 christianam
2300 774 2678 846 convolavit;

248 839 307 897 in
335 852 460 911 qua
486 850 738 918 omnem
770 836 1096 894 humanum
1122 837 1488 918 intellectum
1525 837 1870 896 excedentia
1932 839 2311 911 raedicantur,
2342 844 2681 915 voluptates

250 910 445 969 earnis
477 908 864 988 cohibentur,
892 913 949 964 et
976 921 1179 965 omnia
1264 922 1352 967 uae
1376 908 1439 965 in
1474 908 1699 965 mundo
1733 914 1874 967 sunt
1944 910 2108 968 aberi
2158 918 2389 970 contem
2438 916 2523 971 tui
2574 915 2682 974 do-

205 1029 210 1035 .
252 985 475 1038 centur.
512 977 751 1047 Quibus
782 978 1016 1036 animos
1047 983 1238 1036 morta
1266 979 1388 1036 ium
1415 979 1710 1036 assentire
1741 985 1799 1036 et
1823 981 2147 1039 maximum
2177 983 2404 1041 miracu
2435 1000 2533 1042 uni
2565 990 2679 1057 est,

206 1074 211 1083 ⁴
253 1056 305 1107 et
326 1049 732 1107 manifestum
759 1047 973 1108 divinae
1001 1048 1418 1121 inspirationis
1448 1063 1622 1120 opus,
1654 1054 1739 1120 ut,
1771 1052 2130 1122 contemptis
2161 1052 2524 1126 visibilibus,
2545 1055 2682 1115 sola

204 1128 207 1133 ⁴
252 1120 587 1178 invisibilia
612 1120 949 1190 cupiantur.
982 1122 1104 1177 Hoc
1139 1126 1336 1177 autem
1376 1133 1499 1177 non
1529 1119 1731 1178 subito
1759 1134 1954 1193 neque
1991 1135 2158 1185 casu,
2192 1124 2296 1181 sed
2327 1124 2530 1185 divina
2557 1120 2679 1186 disss

252 1192 553 1262 positione
586 1190 810 1248 factum
841 1203 974 1248 esse
1004 1190 1384 1248 manifestum
1416 1195 1505 1248 est
1537 1204 1610 1247 ex
1638 1190 1952 1263 hoc,quod
1982 1191 2096 1248 hoc
2116 1205 2181 1250 se
2203 1193 2494 1253 facturum
2522 1199 2680 1256 Deus

254 1262 455 1320 multis
495 1266 638 1318 ante
691 1260 1112 1332 prophetarum
1142 1260 1725 1341 praedixit-oraculiS,
1757 1275 2010 1342 quorum
2071 1261 2203 1321 libri
2285 1277 2429 1322 enes
2469 1280 2583 1325 nos
2615 1266 2682 1325 in

254 1333 638 1391 veneratione
669 1331 982 1394 habentur,
1016 1338 1219 1404 utpote
1248 1336 1469 1389 nostrae
1498 1329 1634 1388 fidei
1661 1332 2073 1389 testimonium
2105 1332 2244 1390 adbi
2289 1339 2478 1394 entes.

318 1402 510 1460 Hu‘us
541 1400 788 1474 quidem
844 1401 1319 1460 confirmationis
1373 1402 1589 1459 modus
1641 1403 1948 1475 tangitur:
1980 1403 2109 1470 Quae
2138 1402 2683 1475 (scilicethumana

261 1472 418 1532 salus
448 1516 463 1542 ,
495 1488 669 1543 quum
697 1474 919 1528 initium
942 1474 1231 1542 accepisset
1256 1474 1512 1528 enarrari
1530 1487 1635 1543 per
1659 1475 1967 1541 Dominum,
2001 1474 2070 1528 ab
2111 1476 2208 1544 eis,
2239 1478 2340 1546 qui
2364 1476 2679 1550 audierunt,

262 1546 317 1600 in
362 1558 459 1599 nes
500 1546 830 1613 confirmata
856 1546 949 1606 est,
981 1546 1310 1599 contestante
1362 1546 1471 1599 Deo
1511 1545 1686 1612 siquis
1733 1548 1784 1600 et
1831 1546 2101 1615 portentis
2138 1548 2190 1601 et
2234 1548 2410 1602 vanis
2438 1548 2683 1618 Spiritus

266 1617 432 1671 sancti
467 1613 951 1671 distributionibus
996 1612 1214 1685 (Hebr.,
1244 1627 1310 1681 11,
1335 1617 1392 1682 3,
1423 1612 1499 1684 4).
1532 1615 1666 1671 Haec
1719 1620 1918 1672 autem
1969 1620 2090 1672 tam
2142 1614 2437 1675 mirabilis
2467 1619 2680 1677 mundi
2734 1646 2740 1655 ·

272 1685 570 1743 conversio
603 1685 682 1742 ad
708 1682 888 1741 fidem
918 1684 1305 1742 christianam
1334 1683 1625 1741 indicium
1656 1685 2056 1743 certissimum
2116 1690 2207 1743 est
2246 1689 2682 1758 praeteritorum

276 1755 591 1828 signorum,
625 1758 693 1812 ut
743 1769 816 1812 ea
860 1754 1111 1813 ulterius
1143 1754 1344 1812 iterari
1396 1768 1645 1813 necesse
1678 1768 1797 1813 non
1828 1756 1927 1827 sit,
1959 1770 2144 1828 quum
2175 1756 2235 1813 in
2289 1770 2402 1816 suo
2458 1758 2675 1819 effectu

275 1831 579 1897 appareant
603 1824 926 1882 evidenter.
961 1827 1130 1883 Esset
1160 1830 1355 1882 autem
1396 1826 1679 1883 omnibus
1709 1827 1905 1899 signis
1958 1826 2315 1898 mirabiliuS,
2348 1828 2400 1886 si
2441 1829 2514 1887 ad
2544 1845 2676 1888 cre-

276 1894 517 1955 dendum
546 1901 670 1953 tam
704 1894 890 1953 ardua
903 1900 960 1951 et
987 1896 1351 1967 operandum
1381 1900 1499 1953 tam
1523 1894 1792 1954 difficilia
1818 1896 1978 1957 etad
2005 1898 2364 1968 sperandum
2393 1902 2512 1956 tam
2537 1901 2678 1973 alta,

268 1968 521 2026 mundus
581 1967 811 2038 absque
862 1966 1233 2025 mirabilibus
1283 1967 1479 2040 signis
1534 1967 1817 2026 inductus
1868 1967 2084 2027 fuisset
2111 1984 2149 2027 a
2195 1969 2572 2041 simplicibus
2621 1977 2683 2030 et

263 2038 633 2120 ignobilibus
666 2036 1039 2107 hominibus;
1062 2039 1335 2110 quamvis
1364 2050 1487 2096 non
1515 2043 1712 2096 cesset
1755 2040 1934 2109 DeuS,
1965 2039 2143 2097 etiam
2199 2041 2426 2098 nostris
2451 2047 2679 2114 tempo·

260 2109 442 2178 ribus,
477 2107 553 2167 ad
582 2107 1095 2189 confirmationem
1125 2107 1287 2189 fidei2
1310 2121 1412 2179 per
1440 2114 1684 2166 sanctos
1710 2122 1859 2168 suos
1887 2108 2178 2168 miracula
2207 2112 2464 2182 operari.

326 2180 393 2238 ni
424 2193 591 2249 vero,
660 2193 719 2235 ui
748 2183 944 2237 sectas
973 2192 1242 2237 errorum
1271 2178 1746 2249 introduxerunt,
1773 2186 2195 2251 processerunt
2221 2180 2320 2240 via
2355 2181 2674 2254 contraria,

260 2254 323 2308 ut
344 2256 505 2322 patet
546 2251 612 2307 in
699 2249 995 2319 ahumete‚
1026 2250 1149 2321 qui,
1182 2249 1509 2308 carnalium
1550 2249 1917 2320 voluptatum
1947 2251 2286 2322 promissiS,
2315 2252 2388 2310 ad
2419 2268 2676 2324 quorum

259 2320 622 2379 desiderium
656 2320 915 2377 carnalis
965 2321 1453 2392 concupiscentia
1500 2320 1644 2378 insti
1692 2327 1770 2384 at,
1823 2322 2080 2393 populos
2137 2321 2347 2379 illexit.
2378 2325 2678 2396 Praecepta

263 2392 437 2472 etiam
468 2391 715 2473 tradidit
744 2390 1060 2461 promissis
1085 2391 1436 2473 conformia,
1471 2335 1760 2473 volup-{ati
1791 2392 2014 2473 carnali
2036 2391 2329 2474 ,habenas
2376 2395 2675 2465 relaxanti,

259 2462 475 2536 quibus
491 2476 554 2520 in
583 2467 863 2534 promptu
894 2466 984 2521 est
1010 2476 1046 2519 a
1070 2462 1412 2521 carnalibus
1442 2460 1791 2522 hominibus
1822 2463 2072 2522 obediri.
2105 2466 2472 2522 Documenta
2494 2465 2676 2523 etiam

256 2534 516 2591 veritatis
548 2547 673 2590 non
703 2533 917 2602 attulit,
951 2533 1069 2590 nisi
1100 2548 1232 2613 quae
1262 2533 1333 2591 de
1364 2534 1522 2591 sacili
1571 2548 1609 2591 a
1662 2534 1932 2607 quolibet
1971 2534 2351 2592 mediocriter
2382 2535 2673 2610 sapiente,

259 2604 510 2662 naturali
540 2604 809 2676 ingeni0‚
840 2617 1123 2675 cognosci
1153 2604 1391 2674 possint
1423 2621 1438 2672 ;
1466 2604 1613 2675 quin
1643 2605 1845 2674 potius
1870 2617 2012 2660 vera
2053 2619 2185 2676 quae
2217 2605 2422 2662 docuit
2466 2607 2676 2664 multis

260 2675 475 2733 fabulis
506 2680 564 2732 et
595 2674 938 2732 falsissimis
969 2673 1259 2731 doctrinis
1290 2673 1637 2731 immiscuit.
1669 2674 1851 2744 Signa
1882 2674 2060 2729 etiam
2091 2686 2211 2730 non
2257 2674 2528 2731 adhibuit
2572 2689 2675 2733 su-

257 2745 712 2816 pernaturaliter
742 2745 914 2814 sacta,
945 2745 1164 2816 quibus
1194 2744 1392 2801 solum
1428 2743 1644 2800 divinae
1679 2742 2061 2813 inspirationi
2107 2743 2472 2800 conveniens
2501 2745 2670 2802 testi-

254 2817 525 2874 monium
556 2815 890 2882 adhibetur,
923 2814 1061 2871 dum
1086 2815 1350 2886 operatio
1380 2812 1659 2884 visibilis,
1690 2827 1822 2885 quae
1855 2826 1974 2870 non
2024 2819 2220 2885 potest
2248 2827 2382 2871 esse
2433 2814 2552 2872 nisi
2584 2815 2673 2874 di-

254 2887 409 2956 vina,
433 2885 701 2944 ostendit
728 2885 1031 2942 doctorem
1056 2885 1321 2943 veritatis
1351 2884 1731 2942 invisibiliter
1759 2884 2113 2954 inspiratum
2146 2903 2160 2953 ;
2191 2884 2298 2942 sed
2328 2883 2476 2941 dixit
2512 2898 2579 2943 se
2607 2885 2673 2943 in

257 2969 558 3020 armorum
588 2957 854 3028 potentia
882 2956 1133 3014 missum
1165 2973 1181 3025 ;
1210 2969 1344 3028 quae
1369 2955 1547 3028 signa
1575 2954 1752 3013 etiam
1795 2954 2129 3013 latronibus
2151 2960 2209 3012 et
2241 2955 2510 3028 tyrannis
2541 2969 2664 3014 non

256 3026 487 3086 desunt.
519 3028 583 3084 Ei
615 3027 793 3084 etiam
821 3040 942 3085 non
969 3026 1156 3098 aliqui
1204 3026 1504 3108 sapientes
1534 3027 1594 3082 in
1640 3025 1819 3083 rebus
1849 3025 2089 3096 divinis,
2121 3031 2179 3082 et
2222 3025 2294 3083 de
2342 3025 2565 3085 divinis
2610 3031 2670 3085 et

258 3097 535 3157 humanis
580 3097 905 3168 exercitati,
951 3111 989 3154 a
1030 3097 1324 3169 principio
1368 3097 1764 3165 crediderunt,
1797 3096 1904 3154 sed
1951 3096 2228 3154 homines
2272 3096 2558 3154 bestiales
2603 3096 2671 3154 in

259 3166 513 3228 desertis
542 3175 870 3237 morantes,
898 3168 1099 3226 omnis
1146 3167 1430 3225 doctrinae
1474 3167 1688 3225 divinae
1731 3180 1979 3239 prorsus
2018 3168 2236 3240 ignari,
2264 3180 2369 3238 per
2417 3180 2674 3239 quorum

254 3239 695 3299 multitudinem
747 3238 922 3300 alios,
976 3250 1278 3296 armorum
1323 3237 1629 3305 violentia,
1664 3237 1728 3294 in
1771 3251 1943 3294 suam
1989 3237 2180 3309 legem
2227 3236 2443 3310 coegit.
2497 3236 2675 3295 Nulla

255 3310 428 3368 etiam
456 3310 662 3368 divina
687 3309 933 3366 oracula
956 3307 1411 3380 praecedentium
1443 3309 1864 3381 prophetarum
1893 3307 1947 3365 ei
1997 3309 2411 3366 testimonium
2458 3307 2668 3379 perhi-

252 3378 434 3448 bent;
482 3382 629 3453 quin
657 3381 860 3450 potius
904 3381 1091 3451 quasi.
1120 3380 1326 3438 omnia
1362 3379 1589 3437 Veteris
1634 3384 1692 3435 et
1713 3379 1859 3435 Novi
1906 3379 2262 3437 Testamenti
2308 3379 2673 3436 documenta

254 3448 528 3510 fabulosa
551 3450 895 3508 narratione
926 3449 1222 3521 depravat,
1254 3455 1319 3507 ut
1344 3453 1508 3521 patet
1525 3448 1657 3520 ejus
1676 3448 1869 3520 legem
1890 3448 2251 3521 inspicienti.
2277 3448 2441 3506 Unde
2469 3452 2674 3508 astuto

253 3522 509 3579 consilio
542 3519 731 3579 libros
755 3521 982 3578 Veteris
1010 3525 1068 3577 et
1091 3520 1238 3578 Novi
1284 3520 1642 3578 Testamenti
1679 3521 1810 3577 suis
1857 3520 2216 3592 sequacibus
2260 3532 2380 3576 non
2427 3518 2672 3591 reliquit

250 3589 273 3647 l
346 3592 557 3659 cados,
578 3605 678 3673 ‘ne
703 3605 810 3663 per
833 3605 947 3672 eos·
968 3591 1248 3649 falsitatis
1281 3595 1650 3664 argueretur.
1678 3590 1748 3651 Et
1773 3587 1864 3650 sic
1904 3595 2085 3664 patet,
2137 3588 2300 3664 quod
2328 3588 2460 3663 ejus
2487 3587 2671 3652 dictis

330 3674 424 3725 em
452 3663 813 3726 adhibentes
837 3661 1044 3722 leviter
1067 3661 1337 3722 credunt.
2053 3680 2065 3687 ·
2113 3680 2135 3686 ⁷·
2532 3673 2539 3680 ·
2651 3679 2654 3682 ’

1243 3879 1498 3948 CAPUT
1544 3876 1681 3949 vn.-

248 4056 401 4122 που
442 4055 734 4113 mrum
764 4058 928 4112 mm
984 4055 1354 4110 mierum
1403 4057 1525 4110 tion
1579 4053 2030 4111 correnum
2075 4053 2329 4109 mnas
2374 4041 2669 4109 amonis.

286 4226 604 4302 „Quamvis
651 4230 851 4284 autem
893 4224 1174 4296 praedicta
1216 4223 1438 4282 veritas
1480 4221 1630 4304 fidei·
1666 4223 2012 4282 christianae
2068 4223 2347 4283 humanae
2418 4225 2675 4285 rationis

249 4298 639 4367 capacitatem
665 4295 928 4364 excedat,
960 4296 1085 4354 haec
1114 4301 1333 4358 tamen,
1365 4308 1495 4367 quae
1522 4300 1675 4354 ratio
1705 4294 2054 4355 naturaliter
2080 4296 2273 4355 indita
2300 4293 2497 4364 babet,
2532 4294 2676 4352 huic

248 4367 479 4426 veritati
507 4367 813 4426 contraria
844 4379 979 4423 esse
1009 4378 1131 4422 non
1160 4371 1436 4438 possunt.
1972 4433 1985 4445 ⁸

320 4437 401 4497 Ee
425 4438 613 4509 enim,
646 4450 780 4512 quae
808 4436 1155 4497 naturaliter
1181 4434 1400 4496 rationi
1433 4438 1578 4496 sunt
1615 4434 1821 4506 insita,
1863 4435 2182 4498 verissima
2237 4447 2375 4495 esse
2417 4431 2675 4493 constat.
