3076 5025
395 322 509 378 272
1312 314 1448 371 ue.
1489 315 1588 390 111,
1626 314 1782 373 CAP.
1820 315 1938 371 xil.

401 446 582 500 nocet
608 439 771 498 bono
794 457 810 508 ;
841 450 1060 496 nocere
1088 435 1252 495 enim
1276 437 1438 495 malo
1469 437 1696 496 bonum
1723 443 1837 505 est,
1860 450 2047 509 quum
2068 435 2373 508 corruptio
2389 434 2532 493 mali
2549 434 2630 493 sit
2652 435 2830 496 hona.

397 514 535 570 Non
586 517 783 568 autem
835 512 1078 567 noceret
1127 506 1480 580 (formaliter
1510 507 1834 580 loquendo)
1865 507 2049 578 bono,
2082 508 2202 565 nisi
2229 511 2393 565 esset
2420 506 2484 563 in
2516 505 2717 574 bonu,
2748 506 2838 563 sic

325 633 330 640 .
393 582 565 707 υῑιίἶῐι
611 576 1124 706 caecitasbbomini
1153 584 1352 649 nocet,
1381 577 1447 635 in
1476 584 1770 651 quantum
1794 578 1858 635 in
1882 578 2019 650 ipso
2046 583 2157 638 est.
2190 578 2434 649 Oportet
2457 576 2643 651 igitur
2680 575 2839 649 quod

400 665 505 710 ma
530 665 630 709 um
661 651 741 709 sit
768 651 829 707 in
901 662 1042 707 on0.

474 725 627 784 Item,
685 721 906 779 malum
941 734 1062 779 non
1094 725 1379 780 causatur
1411 719 1529 778 nisi
1562 733 1597 778 a
1624 718 1809 786 bono,
1838 722 1897 776 et
1923 732 2030 791 per
2053 718 2336 777 accidens
2368 723 2623 777 tantum.
2646 717 2837 775 Omne

401 798 608 852 autem
639 791 799 865 quod
829 796 923 849 est
955 807 1060 863 per
1089 791 1369 851 accidens
1397 789 1702 848 reducitur
1727 789 1803 847 ad
1825 787 1888 847 id
1915 789 2076 862 quod
2103 794 2322 870 estper
2349 804 2436 848 se.
2469 792 2513 848 Ο
2557 793 2713 846 ortet
2734 788 2839 860 igi-

401 871 504 921 tur
530 876 768 933 semper
792 876 929 919 cum
957 862 1119 921 malo
1149 865 1420 929 causato,
1468 860 1631 933 quod
1657 867 1750 919 est
1779 858 2029 918 effectus
2065 859 2209 918 boni
2240 873 2346 932 per
2373 861 2498 918 acci
2544 873 2676 928 ene,
2707 872 2836 917 esse

401 933 632 993 bonum
662 931 926 1005 aliquod,
956 925 1116 1006 qu‘bd
1145 938 1238 991 est
1267 929 1518 989 effectus
1548 930 1694 990 boni
1724 945 1829 1002 per
1852 945 1941 999 se,
1971 930 2057 988 ita
2084 929 2245 1004 quod
2272 930 2357 988 sit
2388 929 2836 990 fundamentum

325 1061 332 1068 ,
401 1004 539 1077 eius
566 1022 581 1071 3
615 1017 752 1060 nam
781 1002 941 1076 quod
964 1011 1054 1061 est
1083 1018 1189 1077 per
1215 1001 1498 1061 accidens
1528 1002 1813 1059 fundatur
1836 1015 2017 1072 super
2045 1000 2107 1058 id
2136 1001 2296 1074 quod
2320 1006 2413 1059 est
2440 1015 2549 1073 per
2572 1014 2660 1058 se.

477 1073 616 1143 Sed,
658 1087 845 1147 quum
889 1072 1116 1132 honum
1157 1079 1216 1132 et
1242 1072 1468 1131 malum
1507 1072 1632 1130 sint
1660 1072 1955 1144 opposita,
1986 1085 2175 1130 unum
2202 1077 2399 1130 autem
2427 1085 2463 1131 o
2508 1072 2840 1145 positorum

401 1158 532 1204 non
572 1145 770 1217 possit
811 1158 949 1203 esse
1000 1146 1251 1203 alterius
1300 1143 1636 1216 subjectum
1707 1141 1815 1201 sed
1852 1142 2108 1214 expellat
2134 1143 2355 1214 ipsum,
2383 1143 2439 1200 vi
2486 1148 2618 1201 etur
2656 1140 2843 1199 alicui

403 1216 605 1289 primo
635 1220 881 1286 aspectu
909 1229 1047 1297 esse
1072 1214 1509 1297 inconveniens
1530 1213 1606 1296 ,si
1632 1185 1860 1295 bonum
1889 1212 2224 1294 subjectum
2250 1213 2393 1272 mali
2419 1227 2553 1272 esse
2588 1211 2842 1272 dicatur.

477 1289 607 1344 Non
640 1292 731 1344 est
759 1291 959 1344 autem
1005 1298 1462 1356 inconvenienS,
1492 1299 1548 1343 si
1573 1290 1796 1343 veritas
1835 1291 2229 1356 perquiratur.
2261 1287 2407 1343 Nam
2435 1283 2661 1343 bonum
2688 1295 2851 1341 com·

402 1356 669 1415 munitet
716 1355 936 1415 dicitur
972 1357 1132 1415 sicut
1162 1362 1224 1415 et
1250 1369 1382 1425 ens,
1457 1369 1601 1414 uum
1646 1369 1824 1413 omne
1872 1369 2003 1423 enS‚
2037 1354 2101 1412 in
2150 1361 2438 1436 quantum
2458 1351 2846 1436 ,hujusmodk

401 1428 492 1486 sit
541 1426 791 1496 honum,
839 1432 906 1485 ut
949 1427 1263 1499 probatum
1308 1371 1508 1500 estffc.
1534 1426 1617 1500 7).
1649 1429 1779 1484 Non
1804 1431 1897 1484 est
1924 1429 2124 1484 autem
2154 1438 2587 1483 inconveniens
2615 1429 2685 1482 ut
2720 1436 2847 1482 non

403 1511 519 1556 ens
546 1497 627 1555 sit
659 1498 724 1555 in
752 1502 889 1555 ente
929 1498 1089 1557 sicut
1128 1497 1193 1556 in
1222 1496 1532 1569 subject03
1567 1496 1820 1568 privatio
1849 1496 2011 1553 enim
2040 1490 2321 1569 quaelibet
2346 1500 2441 1555 est
2472 1510 2597 1554 non
2626 1508 2760 1568 ens,
2791 1500 2853 1551 et

397 1573 624 1626 lamen.
655 1567 992 1640 subjectum
1041 1567 1173 1641 eJus
1218 1572 1312 1626 est
1351 1566 1714 1638 substantia,
1756 1581 1891 1641 quae
1920 1571 2013 1625 est
2049 1580 2160 1625 ens
2189 1566 2454 1640 aliquod.
2480 1568 2615 1628 Non
2645 1571 2853 1623 tamen

403 1651 534 1696 non
558 1652 669 1697 ens
697 1639 880 1696 estin
909 1643 1045 1697 ente
1074 1637 1194 1698 sibi
1223 1638 1503 1711 opposito
1534 1636 1693 1697 sicut
1721 1637 1786 1695 in
1815 1637 2125 1718 subject03
2157 1639 2395 1697 caecitas
2423 1637 2585 1696 enim
2615 1649 2743 1694 non
2756 1642 2856 1694 est

402 1720 535 1766 non
558 1721 668 1767 ens
694 1709 1058 1778 universale,
1090 1709 1198 1768 sed
1225 1722 1349 1766 non
1374 1722 1486 1767 ens
1532 1708 1670 1777 hoc,
1696 1721 1818 1782 quo
1863 1708 2096 1766 scilicet
2121 1707 2353 1766 tollitur
2372 1708 2578 1776 visus;
2607 1720 2734 1765 non
2759 1712 2860 1765 est

401 1778 595 1852 igitur
633 1778 699 1837 in
727 1779 861 1837 visu
903 1780 1065 1838 sicut
1108 1779 1173 1837 in
1212 1778 1507 1852 subjecto,
1540 1778 1648 1836 sed
1679 1779 1739 1840 in
1771 1778 2039 1837 animali.
2083 1778 2370 1837 Similiter
2393 1788 2593 1838 autem
2622 1776 2855 1835 malum

401 1862 530 1907 non
563 1853 657 1907 est
683 1849 843 1908 sicut
867 1850 932 1907 in
961 1850 1231 1923 subjecto
1258 1851 1322 1907 in
1350 1850 1512 1908 bono
1543 1848 1662 1908 sibi
1692 1849 1973 1920 opposito
2002 1848 2132 1923 (sed
2161 1850 2277 1907 hoc
2299 1864 2406 1931 per
2433 1849 2662 1907 malum
2692 1845 2853 1905 tolli·

401 1919 550 2046 tuss,
592 1919 793 1977 sedin
833 1919 1038 1993 aliquo
1091 1920 1212 1978 alio
1250 1920 1451 1988 bono;
1506 1920 1666 1978 sicut
1694 1920 1916 1978 malum
1963 1920 2154 1979 moris
2181 1925 2275 1978 est
2301 1933 2365 1978 m
2391 1919 2554 1979 bono
2584 1919 2857 1988 naturam

403 2002 470 2047 m
534 2003 636 2048 um
672 1995 872 2048 autem
901 1995 1151 2061 natum,
1195 1989 1357 2063 quod
1387 1995 1480 2048 est
1513 1990 1768 2061 privatio
1808 1990 2036 2061 sormae,
2077 1995 2170 2048 est
2196 1990 2261 2048 in
2289 1989 2561 2059 materia,
2633 2003 2727 2048 uae
2760 1995 2859 2047 est

403 2059 842 2203 ἓοῐιιυὲιιηεὲοὶιῑ
886 2060 1062 2118 etiam
1113 2074 1224 2119 ens
1267 2060 1331 2118 in
1366 2061 1656 2133 potentia.
1688 2061 1733 2134 (1
1771 2066 1947 2132 part„
1985 2076 2043 2134 q.
2082 2072 2244 2131 xmx,
2275 2066 2384 2120 art.
2414 2065 2473 2131 3,
2498 2067 2558 2118 et
2633 2060 2858 2130 emalo,

451 2171 470 2187 .
527 2171 545 2200 ,
754 2172 769 2187 .

1389 2352 1647 2418 CAPUT
1727 2352 1863 2417 XII.

909 2530 1062 2590 Quot>
1083 2534 1292 2581 mim
1316 2532 1439 2581 NON
1463 2533 1792 2582 mrumst
1818 2533 2112 2582 cousmm·
2136 2535 2357 2583 nom.

478 2702 652 2759 Patet
679 2704 878 2758 autem
904 2713 978 2757 ex
1004 2698 1306 2771 praedictis
1331 2697 1518 2772 quod,
1544 2702 2099 2772 quantumcumque
2130 2697 2561 2780 multiplicetur
2595 2701 2861 2769 malum,

380 2783 722 2843 ¹nunquam
768 2774 967 2841 potest
1001 2774 1191 2828 totum
1239 2769 1466 2828 bouum
1507 2781 1887 2827 consumere.
1933 2771 2179 2850 Semper
2229 2783 2390 2828 emm
2424 2774 2660 2842 oportet
2686 2772 2858 2851 quod

405 2844 719 2899 remaneat
741 2840 884 2898 mali
913 2838 1269 2919 subjectum,
1296 2839 1349 2898 si
1383 2839 1609 2897 malum
1632 2844 1921 2897 remanet.
1953 2838 2297 2912 SubJectum
2348 2845 2549 2899 autem
2581 2840 2731 2899 mali
2755 2848 2865 2900 est

403 2910 667 2969 honum.
692 2910 886 2967 Manet
904 2910 1088 2983 igitur
1115 2923 1351 2982 semper
1382 2910 1632 2968 bonum.
2174 2958 2177 2961 .

482 2981 620 3045 Sed,
666 2994 852 3053 quum
899 2980 1209 3053 contingat
1249 2980 1475 3038 malum
1526 2980 1591 3037 in
1620 2979 1919 3039 infinitum
1964 2979 2218 3050 intendi,
2248 2993 2487 3053 semper
2513 2988 2713 3040 autem
2741 2996 2865 3054 per

406 3051 808 3109 intentionem
838 3049 978 3108 mali
1007 3051 1312 3109 minuatur
1337 3050 1587 3119 bonum,
1607 3050 1842 3108 videtur
1869 3050 1935 3108 in
1963 3049 2265 3110 infinitum
2293 3065 2401 3123 per
2422 3052 2647 3110 malum
2664 3052 2863 3112 demi·

406 3122 519 3179 nui
549 3121 795 3179 honum.
829 3123 1061 3179 Bonum
1090 3126 1288 3179 autem
1319 3121 1480 3195 quod
1518 3135 1624 3193 per
1653 3121 1875 3179 malum
1908 3119 2177 3179 deminui
2222 3127 2422 3193 potest
2449 3128 2682 3194 oportet
2708 3136 2863 3182 esse

407 3191 685 3260 finitum3
735 3204 874 3249 nam
923 3190 1224 3249 infinitum
1270 3192 1496 3249 honum
1540 3204 1663 3249 non
1708 3197 1802 3250 est
1841 3204 2028 3263 capax
2079 3191 2245 3261 mali,
2289 3197 2356 3250 ut
2410 3199 2724 3252 ostensum
2755 3200 2864 3252 est

458 3304 477 3320 .
508 3274 552 3331 1,
581 3276 634 3320 c.
665 3261 777 3335 39).
809 3261 1054 3320 Videtur
1080 3260 1265 3333 igitur
1290 3264 1449 3335 quod
1477 3262 1839 3335 quandoque
1863 3266 2053 3320 totum
2074 3262 2320 3321 tollatur
2339 3261 2567 3322 bonum
2594 3278 2701 3336 per
2727 3276 2863 3323 ma·

436 3346 537 3390 nm
566 3350 582 3402 ;
613 3345 774 3398 nam,
806 3333 860 3391 si
891 3346 964 3390 ex
992 3332 1162 3390 finito
1192 3332 1419 3405 aliquid
1438 3330 1730 3391 infinities
1760 3332 2026 3404 tollatur,
2055 3337 2290 3405 oportet
2309 3332 2457 3393 illud
2486 3334 2857 3407 quandoque

405 3415 517 3475 per
540 3403 905 3461 ablationem
933 3403 1233 3461 consumi.

482 3475 617 3531 Non
644 3479 843 3532 autem
871 3478 1070 3546 potest
1100 3473 1237 3538 dici,
1263 3478 1330 3531 ut
1356 3473 1567 3533 dicunt
1592 3471 1858 3547 quidam,
1882 3472 2045 3554 quod
2072 3486 2140 3532 se
2184 3487 2336 3533 uens
2365 3473 2608 3545 ablatio,
2637 3488 2867 3533 secun-

408 3543 554 3602 dum
604 3543 872 3602 eamdem
928 3544 1373 3616 proportionem
1422 3545 1581 3602 sacta
1607 3557 1727 3626 qua
1754 3547 1814 3601 et
1836 3557 2021 3615 prior,
2048 3543 2112 3602 in
2183 3544 2460 3603 nfinitum
2489 3545 2859 3627 procedenS,

407 3613 651 3695 bonum·
669 3627 792 3673 non
811 3615 1011 3695 possit
1034 3628 1412 3685 consumere,
1442 3615 1599 3673 sicut
1628 3627 1694 3672 1n
1721 3614 1994 3695 continui
2024 3613 2321 3673 divisione
2350 3616 2667 3696 contingit.
2697 3617 2859 3674 Nam

408 3684 468 3743 si
494 3699 568 3742 ex
594 3684 903 3742 bicubitali
925 3684 1086 3743 linea
1114 3682 1428 3743 dimidium
1457 3685 1849 3755 subtraxeris,
1875 3684 2137 3758 itemque
2163 3701 2237 3743 ex
2263 3684 2507 3744 residuo
2531 3684 2854 3747 dimidium

408 3761 468 3812 et
497 3756 588 3814 sic
615 3754 681 3812 in
708 3753 1008 3813 infinitum
1080 3756 1350 3825 recedas,
1382 3769 1621 3828 semper
1666 3755 1898 3828 aliquid
1928 3755 2126 3814 adbuc
2153 3755 2539 3815 dividendum
2575 3769 2853 3815 remane-

404 3823 498 3883 bit
518 3844 534 3895 ς
551 3825 674 3884 sed
697 3830 919 3895 tamen,
940 3826 1010 3908 in
1037 3769 1155 3884 Boc
1177 3825 1497 3885 divisionis
1523 3839 1843 3898 processu,
1873 3839 2113 3908 semper
2130 3827 2443 3908 ‚posterius
2465 3827 2841 3908 subtractum

405 3900 646 3976 oportet
689 3909 828 3955 esse
871 3909 1076 3957 minus
1105 3894 1437 3956 secundum
1466 3896 1862 3971 quantitatem
1886 3913 1904 3968 3
1935 3897 2251 3957 dimidium
2276 3911 2439 3955 emm
2462 3904 2655 3958 totius
2680 3898 2851 3971 quod

406 3979 581 4091 gnus
626 3966 1087 4026 subtrahebatur
1129 3967 1327 4039 majus
1375 3972 1468 4026 est
1493 3967 1827 4028 secundum
1858 3968 2253 4042 quantitatem
2290 3967 2631 4028 absolutam
2658 3981 2847 4042 quam

439 4034 724 4115 ‘imidium
756 4036 1012 4107 dimidii,
1041 4037 1184 4096 licet
1205 4037 1413 4096 eadem
1448 4038 1757 4110 proportio
1799 4044 2058 4096 maneat.
2094 4039 2219 4097 Hoc
2246 4045 2447 4098 autem
2470 4038 2536 4097 in
2565 4036 2847 4098 deminu·
2890 4072 2895 4076 ·

405 4108 577 4164 tione
620 4122 741 4180 qua
793 4107 1019 4167 bonum
1053 4122 1161 4180 per
1202 4108 1429 4171 malum
1485 4108 1855 4169 deminuitur
1882 4122 2261 4182 nequaquam
2291 4113 2491 4182 potest
2516 4110 2796 4169 accidere
2828 4128 2851 4180 ;

407 4188 573 4255 nam,
607 4182 831 4249 quanto
857 4178 1084 4237 bonum
1113 4178 1311 4251 magis
1349 4192 1458 4251 per
1483 4180 1708 4241 malum
1738 4179 1917 4238 fuerit
1941 4178 2339 4251 deminutum,
2373 4180 2489 4239 erit
2516 4178 2849 4243 infirmius,

405 4251 470 4305 ct
499 4259 590 4304 sic
626 4260 731 4319 per
777 4249 1111 4309 secundum
1155 4249 1382 4309 malum
1424 4251 1622 4324 magis
1671 4247 1937 4309 deminui
1965 4250 2219 4322 poterit;
2250 4264 2582 4324 rursusque
2619 4250 2854 4310 malum

406 4329 675 4389 sequens
736 4320 1035 4394 contingit
1067 4333 1208 4381 esse
1252 4320 1481 4396 aequale
1510 4320 1606 4379 vel
1658 4320 1854 4402 majus
1910 4320 2145 4392 priore;
2202 4320 2365 4380 unde
2428 4333 2552 4380 non
2608 4335 2860 4393 semper

406 4386 1089 4519 ggssffifflfflggahmr
1105 4404 1146 4451 a
1164 4390 1327 4452 bono
1352 4404 1462 4466 per
1487 4390 1714 4452 malum
1734 4403 1936 4451 minor
1953 4389 2103 4452 boni
2120 4392 2867 4466 quantitas,proportione
