3076 5025
383 269 489 325 288
1281 261 1414 319 Llss.
1454 264 1554 331 111,
1596 264 1748 319 cAP.
1787 264 1936 319 XXV.

387 401 530 447 num
552 392 777 470 quanto
793 385 924 459 ejus
939 385 1238 458 objectum
1264 390 1356 443 est
1376 385 1699 457 perfectius
1722 404 1739 456 ς
1759 390 1819 443 et
1838 386 1947 456 sic,
1969 385 2305 458 intelligere
2324 383 2833 466 perfectissimum

387 456 978 531 intelligibileJquod
1023 460 1181 515 Deus
1229 460 1340 524 est,
1374 462 1466 514 est
1507 456 2015 528 perfectissimum
2062 456 2127 514 in
2160 469 2380 529 genere
2410 455 2593 526 hujus
2621 461 2832 526 opera-

383 530 572 588 tionis
601 543 733 602 quae
762 534 857 585 est
895 526 1249 599 intelligere.
1282 528 1657 599 Cognoscere
1705 527 1891 600 igitur
1917 530 2103 585 Deum
2146 525 2541 600 intelligendo
2571 531 2664 585 est
2692 526 2834 584 ulti·

385 612 524 658 mus
556 599 697 657 finis
726 598 1048 669 cujuslibet
1068 597 1494 656 intellectualis
1525 598 1901 656 substantiae.

460 673 885 729 potestantem
915 669 1135 743 aliquis
1164 668 1362 725 dicere
1394 686 1408 724 :
1439 668 1870 727 Intellectualis
1899 668 2139 742 quidem
2170 667 2523 726 substantias
2550 666 2835 726 ultimum

384 741 566 802 finem
594 740 925 799 consistere
953 738 1019 797 in
1063 738 1458 811 intelligendo
1504 739 1798 810 optimum
1830 738 2252 820 intelligibile;
2280 750 2405 797 non
2447 744 2651 796 tamen
2680 738 2838 798 illud

385 812 549 886 quod
593 817 686 869 est
732 811 1024 881 optimum
1070 808 1453 882 intelligibile
1481 809 1664 881 hujus
1704 809 1797 867 vel
1826 810 1994 868 illius
2027 805 2451 869 intellectualis
2478 809 2838 868 substantiae

385 889 480 943 est
518 882 811 954 optimum
858 879 1239 954 intelligibile
1284 879 1671 951 simpliciter;
1723 880 1831 939 sed
1877 886 2103 954 quanto
2151 879 2353 952 aliqua
2405 878 2832 948 intellectualis

386 952 725 1013 substantia
751 956 845 1010 est
871 951 1069 1019 altior,
1096 956 1265 1008 tanto
1295 964 1473 1008 suum
1506 950 1888 1024 intelligibile
1920 951 2214 1022 optimum
2242 957 2337 1009 est
2365 950 2568 1008 altius.
2600 953 2670 1008 Et
2696 949 2832 1009 ideo

385 1037 667 1095 suprema
707 1020 1132 1080 intellectualis
1158 1021 1497 1102 substantia
1544 1028 1744 1079 creata
1772 1022 1951 1080 habet
1978 1029 2085 1093 pro
2115 1019 2484 1103 intelligibili
2512 1035 2549 1079 o
2596 1023 2742 1079 timo
2772 1021 2833 1080 id

427 1093 548 1153 uod
600 1100 695 1150 est
736 1092 1028 1164 optimum
1066 1091 1456 1162 simplitatem
1494 1092 1654 1150 unde
1681 1092 1813 1164 ejus
1861 1092 2118 1150 felicitas
2160 1091 2273 1150 erit
2313 1105 2378 1149 in
2434 1091 2830 1164 inteligendo

436 1178 595 1223 eum.
625 1162 953 1235 cujuslibet
979 1173 1119 1220 vero
1151 1162 1457 1220 inferioris
1483 1163 1838 1220 substantiae
1861 1162 2287 1220 intellectualis
2311 1162 2571 1220 felicitas
2599 1163 2715 1220 erit
2740 1162 2832 1220 in—

384 1235 657 1308 telligere
678 1234 922 1308 aliquod
955 1234 1210 1291 inferius
1237 1233 1638 1305 intelligibile,
1663 1233 1822 1306 quod
1864 1239 1957 1291 est
2000 1239 2199 1291 tamen
2234 1232 2600 1292 altissimum
2621 1246 2833 1292 eorum

383 1320 518 1379 quae
547 1305 784 1376 abipsa
818 1304 1260 1375 intelliguntur.
1291 1306 1362 1361 Et
1406 1304 1706 1375 proecipue
1733 1303 2073 1362 intellectus
2121 1303 2370 1362 humani
2399 1303 2634 1362 videtur
2713 1304 2834 1364 uod

385 1389 508 1435 non
530 1377 612 1435 sit
633 1375 968 1456 intelligere
1002 1374 1294 1446 optimum
1318 1374 1698 1447 intelligibile
1728 1375 2104 1501 simgliciter,
2135 1379 2381 1455 propter
2393 1374 2526 1446 ejus
2555 1374 2688 1433 debi
2721 1375 2833 1456 ita-

383 1453 546 1519 tem;
589 1446 770 1506 habet
795 1461 957 1504 enim
985 1459 1075 1514 se,
1104 1445 1179 1503 ad
1206 1446 1695 1518 cognoscendum
1728 1445 1836 1503 illu
1907 1446 2067 1517 quod
2098 1451 2191 1503 est
2225 1459 2485 1503 maxime
2511 1459 2836 1517 cognosci·

383 1518 527 1586 bile‚
578 1518 738 1575 sicut
784 1517 1000 1575 oculus
1047 1522 1283 1574 noctuae
1337 1516 1410 1573 ad
1441 1516 1658 1574 solem.
1686 1516 1800 1574 Sed
1840 1515 2154 1574 manifeste
2206 1523 2447 1587 apparet
2498 1516 2660 1590 quod
2687 1515 2837 1575 finis

385 1587 706 1660 cujuslibet
733 1586 1084 1645 substantias
1112 1585 1554 1655 intellectualiS,
1582 1587 1760 1644 etiam
1787 1586 2029 1655 infimae‚
2057 1591 2145 1644 est
2175 1587 2510 1668 intelligere
2541 1588 2755 1645 Deum.

457 1659 778 1718 ostensum
803 1665 897 1717 est
921 1657 1082 1714 eniin
1110 1671 1292 1729 supra
1316 1656 1390 1729 (e.
1427 1658 1512 1729 18)
1544 1656 1705 1731 quod
1735 1658 2007 1715 omnium
2036 1657 2261 1715 entium
2293 1658 2542 1716 ultimus
2570 1655 2736 1730 finis,
2759 1658 2830 1716 in

384 1743 564 1803 quem
591 1729 863 1798 tendunt,
894 1730 1191 1809 est-Deus,
1223 1727 1566 1809 Intellectus
1595 1734 1795 1785 autem
1843 1728 2166 1796 humanu'S‚
2194 1729 2307 1809 etsi
2335 1729 2415 1786 sit
2462 1726 2710 1810 infimus
2764 1729 2836 1786 in

385 1801 597 1859 ordine
623 1798 1115 1858 intellectualium
1143 1798 1637 1867 substantiarum,
1669 1804 1986 1857 esttamen
2027 1811 2302 1870 superior
2329 1798 2614 1857 omnibus
2643 1799 2829 1856 intel-

386 1873 544 1929 lectu
572 1870 935 1929 carentibus.
959 1871 1153 1937 Quum
1180 1882 1323 1940 ergo
1349 1869 1670 1927 nobilioris
1697 1869 2049 1929 substantiae
2073 1882 2194 1928 non
2216 1869 2294 1927 sit
2315 1869 2644 1940 ignobilior
2663 1868 2833 1942 finiS‚

385 1942 501 1999 erit
527 1940 1074 1999 etiamintellectus
1104 1938 1352 1997 humani
1383 1938 1524 1997 finis
1554 1939 1685 2012 ipse
1716 1942 1895 1998 Deus.
1918 1939 2395 2013 Unumquodque
2423 1947 2622 1998 autem
2652 1940 2832 1999 intel-

387 2011 583 2084 ligens
608 2011 996 2085 consequitur
1020 2024 1199 2067 suum
1227 2007 1406 2066 finem
1439 2009 1717 2068 ultimum
1744 2024 1851 2080 per
1879 2010 1995 2069 hoc
2020 2012 2181 2082 quod
2211 2010 2409 2082 ipsum
2436 2010 2742 2083 intelligit,
2767 2015 2837 2071 ut

386 2089 708 2210 ostensuin}
728 2087 840 2139 est.
872 2079 1265 2154 intelligendo
1300 2079 1487 2151 igitur
1511 2081 1798 2153 pertingit
1824 2080 2166 2139 intellectus
2199 2080 2502 2140 humanus
2531 2081 2609 2139 ad
2636 2084 2829 2141 Deum

386 2159 545 2210 sicut
572 2166 608 2210 a
695 2165 875 2209 inem.
2640 2163 2645 2167 ·

456 2222 674 2293 Adhuc,
702 2222 860 2281 sicut
886 2235 986 2280 res
1011 2220 1317 2279 intellectu
1340 2226 1616 2279 carentes
1640 2222 1896 2280 tendunt
1921 2223 1989 2280 in
2020 2225 2206 2281 Deum
2237 2221 2397 2280 sicut
2423 2222 2487 2280 in
2516 2220 2702 2279 finem
2725 2235 2831 2293 per

384 2293 542 2350 viam
573 2292 1053 2359 assimilationiS‚
1083 2291 1166 2349 ita
1192 2289 1545 2350 substantiae
1576 2289 2015 2352 intellectuales
2043 2306 2149 2365 per
2179 2293 2333 2351 viam
2369 2293 2742 2372 cognitionis
2768 2296 2831 2350 ut

386 2377 461 2421 ex
482 2363 782 2435 praedictis
809 2369 989 2435 patet.
1018 2365 1134 2420 Res
1160 2366 1360 2419 autem
1389 2362 1694 2422 intellectu
1727 2369 1999 2422 carentes
2039 2363 2152 2421 etsi
2176 2363 2424 2422 tendant
2450 2376 2514 2421 in
2543 2364 2829 2422 similitu·

386 2433 586 2492 dinem
601 2434 1009 2505 proximorum
1030 2431 1358 2514 agentium,
1384 2445 1507 2490 non
1534 2439 1734 2491 tamen
1764 2433 1847 2491 ibi
1878 2433 2137 2506 quiescit
2162 2439 2389 2492 naturae
2414 2434 2690 2499 intentio,
2720 2432 2830 2492 sed

386 2503 566 2564 habet
599 2519 708 2577 pro
735 2505 854 2562 tine
883 2504 1383 2564 assimilationem
1408 2502 1481 2562 ad
1515 2519 1816 2563 summum
1838 2503 2087 2575 bonum,
2118 2510 2181 2563 ut
2208 2520 2280 2563 ex
2299 2504 2475 2564 dictis
2506 2510 2686 2577 patet,
2710 2504 2829 2563 etsi

385 2576 907 2648 imperfectissima
944 2576 1019 2633 ad
1068 2575 1225 2632 hanc
1274 2575 1733 2645 similitudinem
1776 2576 2017 2646 possint
2063 2576 2422 2657 pertingere.
2474 2576 2826 2635 lntellectus

385 2647 402 2704 i
451 2646 570 2705 itur
593 2651 1018 2719 quantumeum
1066 2660 1140 2702 ue
1183 2646 1487 2705 modicum
1513 2647 1710 2717 possit
1754 2646 1828 2705 de
1864 2642 2068 2709 divina
2097 2646 2446 2718 cognitione
2490 2646 2824 2718 percipere,

384 2717 404 2799 i
437 2716 817 2853 Ιξιιῗὶριᾷιῑϊειῇὺί
848 2730 955 2788 pro
997 2732 1036 2775 u
1066 2716 1210 2775 timo
1249 2716 1371 2775 fine
1410 2717 1608 2790 magis
1636 2730 1818 2790 quam
1857 2719 2122 2789 perfecta
2157 2716 2426 2789 cognitio
2463 2716 2824 2775 inferiorum

385 2801 580 2846 inei
689 2802 883 2846 iiam.
1363 2812 1500 2849 ·,.
2382 2810 2427 2817 ··

454 2802 732 2929 Amfflus,
771 2857 1239 2933 unumquodque
1268 2858 1526 2917 maxime
1572 2857 1872 2916 desiderat
1895 2871 2073 2916 suum
2103 2856 2384 2916 ultimum
2412 2856 2617 2915 finem.
2643 2857 2827 2916 Intel-

383 2929 575 2988 lectus
602 2935 801 2986 autem
830 2929 1132 2989 humanus
1173 2930 1367 3001 magis
1414 2928 1716 2987 desiderat
1757 2934 1817 2986 et
1844 2934 2005 2987 amat
2051 2933 2113 2989 et
2155 2928 2482 2988 delectatur
2522 2929 2588 2987 in
2615 2928 2827 3001 cogni-

385 2999 551 3056 tione
598 2996 961 3068 divinorum,
1013 3001 1287 3071 quamvis
1331 3000 1635 3058 modicum
1732 2999 1933 3058 uidem
1963 2999 2035 3057 de
2088 2998 2213 3056 illis
2244 2998 2549 3071 percipere
2600 2999 2824 3071 possit,

384 3082 569 3142 quam
597 3069 660 3126 in
709 3069 974 3139 perfecta
1031 3070 1377 3143 cognitione
1406 3083 1586 3141 quam
1636 3069 1713 3127 ha
1758 3076 1815 3126 et
1843 3070 1916 3126 de
1965 3069 2146 3128 rebus
2197 3068 2453 3129 infimis,
2483 3072 2583 3127 Est
2635 3069 2832 3142 igitur

383 3139 633 3198 ultimus
658 3138 799 3198 finis
828 3138 1095 3199 hominis
1132 3140 1467 3211 intelligere
1493 3152 1736 3213 quoquo
1765 3140 1946 3197 modo
1971 3142 2177 3198 Deum.

453 3209 670 3280 Adhuc,
717 3210 1189 3291 unumquodque
1230 3211 1423 3268 tendit
1466 3211 1528 3267 in
1577 3210 1837 3271 divinam
1890 3210 2349 3269 similitudinem
2397 3211 2555 3270 sicut
2579 3209 2646 3268 in
2680 3220 2825 3282 pro·

383 3283 582 3354 prium
611 3279 815 3360 finem.
843 3280 1001 3361 illud
1025 3281 1212 3353 igitur
1249 3295 1357 3352 per
1397 3281 1561 3354 quod
1594 3281 2062 3354 unumquodque
2090 3281 2347 3339 maxime
2375 3285 2495 3341 Deo
2524 3281 2829 3340 assimila·

381 3358 483 3410 tur
503 3356 598 3410 est
623 3351 872 3410 ultimus
899 3351 1039 3410 finis
1069 3351 1222 3410 e'us.
1251 3355 1371 3411 Deo
1422 3357 1623 3410 autem
1649 3352 2023 3411 assimilatur
2053 3352 2311 3411 maxime
2349 3358 2621 3411 creatura
2648 3352 2825 3410 intel-

382 3421 662 3482 lectualis
678 3435 784 3493 per
811 3422 928 3481 hoc
962 3435 1081 3493 quo
1151 3421 1579 3481 intellectualis
1609 3428 1738 3492 est;
1768 3421 1926 3480 hanc
1958 3424 2120 3480 enim
2149 3422 2610 3483 similitudinem
2639 3421 2826 3481 habet

380 3506 504 3622 Erae
557 3493 792 3552 caeteris
839 3493 1153 3563 creaturis,
1207 3497 1268 3551 et
1293 3492 1411 3551 hoc
1464 3492 1721 3551 includit
1773 3505 1985 3552 omnes
2035 3493 2226 3563 alias;
2257 3494 2322 3551 in
2350 3504 2569 3575 genere
2618 3499 2823 3551 autem

428 3563 568 3636 ujus
596 3562 1011 3622 similitudinis
1032 3563 1228 3646 magis
1248 3563 1620 3621 assimilatur
1642 3565 1787 3633 Deo,
1814 3563 2145 3623 secundum
2164 3564 2324 3638 quod
2345 3563 2628 3636 intelligit
2654 3568 2819 3631 actu,

382 3647 563 3707 quam
592 3634 927 3692 secundum
954 3634 1117 3707 quod
1141 3634 1428 3705 intelligit
1449 3634 1519 3691 in
1545 3632 1752 3693 habitu
1785 3635 1877 3693 vel
1907 3636 2194 3706 potentia,
2231 3634 2374 3708 quia
2401 3637 2561 3693 Deus
2585 3647 2829 3705 semper

380 3711 519 3765 actu
546 3703 896 3777 intelligens
923 3711 1035 3768 est,
1063 3708 1132 3763 ut
1159 3705 1476 3776 probatum
1504 3712 1599 3764 est
1625 3704 1688 3778 (l.
1721 3717 1764 3774 1,
1789 3719 1845 3765 c.
1873 3705 1965 3778 56)
1988 3722 2004 3773 ;
2027 3710 2088 3765 et
2112 3706 2177 3764 in
2208 3702 2324 3764 hoc
2348 3705 2511 3786 quod
2538 3704 2827 3777 intelligit

382 3782 542 3847 actu,
570 3775 831 3834 maxime
871 3774 1246 3835 assimilatur
1287 3776 1431 3844 Deo,
1462 3774 1797 3834 secundum
1838 3779 2001 3849 quod
2032 3776 2318 3851 intelligit
2360 3788 2564 3848 ipsum
2592 3778 2820 3845 Deum3

381 3859 540 3913 nam!
569 3846 700 3920 ipse
746 3848 905 3907 Deus
950 3845 1344 3927 intelligendo
1396 3860 1465 3905 se
1492 3846 1779 3920 iutelligit
1827 3847 2035 3906 omnia
2087 3845 2227 3910 alia,
2257 3849 2324 3905 ut
2360 3846 2674 3919 probatum
2731 3854 2829 3903 est

380 3916 445 3985 (l.
459 3930 517 4043 ἐ,
534 3931 595 4043 tc.
636 3916 751 4044 36).
780 3916 1121 3990 Intelligere
1144 3917 1333 3990 igitur
1358 3915 1548 3974 Deum
1575 3922 1669 3975 est
1713 3917 1965 3976 ultimus
1991 3916 2136 3976 ssnis
2165 3916 2367 3991 omnis
2394 3917 2827 3977 intellectualis

379 3999 452 4043 su
500 4000 529 4045 s
557 4000 630 4044 an
663 4002 754 4046 ιω.

450 4058 600 4121 item,
632 4058 794 4130 quod
839 4062 933 4117 est
977 4062 1210 4118 tanturn
1237 4072 1345 4129 pro
1391 4064 1480 4118 ter
1506 4058 1673 4118 aliud
1717 4056 2034 4131 diligibile‚
2062 4062 2160 4116 est
2209 4064 2454 4141 propter
2478 4058 2631 4117 illud
2659 4054 2822 4131 quod

380 4133 475 4206 est
500 4132 731 4185 tantuin
760 4134 1002 4202 propter
1018 4141 1085 4187 se
1115 4072 1446 4202 diligibife3
1479 4141 1603 4187 non
1634 4129 1796 4187 enim
1826 4135 1919 4188 est
1946 4127 2110 4186 abire
2130 4128 2196 4186 in
2225 4129 2529 4187 infinitum
2558 4129 2623 4186 in
2649 4142 2687 4189 a
2730 4141 2824 4210 pe-

381 4200 489 4253 titu
519 4202 764 4278 naturae,
798 4200 941 4273 quia
968 4198 1332 4259 desiderium
1366 4207 1594 4258 naturae
1618 4199 2022 4268 frustraretur,
2051 4211 2237 4272 quum
2263 4210 2392 4258 non
2418 4200 2500 4259 sit
2529 4212 2699 4272 possi
2746 4196 2826 4256 ile

378 4271 742 4338 pertransrre
770 4269 1026 4329 infinita.
1059 4271 1281 4329 Omnes
1309 4277 1509 4335 autem
1540 4270 1811 4329 scientiae
1856 4275 1915 4328 et
1943 4275 2104 4329 artes
2134 4277 2194 4328 et
2232 4270 2515 4342 potentioe
2542 4270 2827 4342 practicae

379 4343 524 4396 sunt
547 4343 783 4419 tantuin
803 4346 1045 4412 propter
1068 4340 1230 4399 aliud
1263 4339 1595 4413 diligibiles
1619 4357 1634 4410 ;
1662 4352 1801 4398 nam
1828 4339 1898 4398 in
1927 4339 2017 4398 eis
2057 4340 2199 4398 finis
2218 4354 2341 4398 non
2383 4347 2477 4400 est
2504 4341 2682 4407 scire,
2713 4338 2827 4399 sed

381 4414 638 4483 operari.
689 4409 967 4470 scientiae
1022 4416 1223 4472 autem
1276 4411 1659 4485 speculativae
1691 4417 1835 4470 suut
1882 4416 2125 4485 propter
2171 4411 2415 4485 seipsas·
2453 4410 2825 4484 diligibilem
