3076 5025
373 267 482 324 572
1225 266 1358 320 LIB.
1404 266 1486 327 IV,
1532 263 1687 320 GAP.
1725 262 1953 318 XLVIII.

372 388 707 445 moventem
731 403 749 454 ς
774 399 906 457 quae
934 383 1171 457 quidem
1204 383 1370 441 nulla
1393 382 1508 441 alia
1535 397 1671 440 esse
1700 382 1891 454 potuit
1919 378 2037 438 nisi
2059 392 2227 438 amor
2245 378 2349 436 Dei
2376 374 2809 458 tad-hominem,

373 471 547 528 cujus
579 463 846 513 naturam
876 455 992 512 sibi
1018 453 1204 512 voluit
1231 455 1292 512 in
1326 455 1548 511 unitate
1581 466 1851 524 personae
1901 451 2203 525 copulare.
2232 451 2300 506 ln
2347 448 2569 529 diuinis
2601 452 2811 505 autem

374 528 630 599 Spiritus
684 530 931 583 sanctus
986 530 1078 582 est
1145 526 1246 597 qui
1301 526 1571 596 procedit
1627 531 1690 580 ut
1760 536 1957 591 amor,
2014 525 2080 578 ut
2132 534 2312 590 supra
2390 519 2612 598 dictum
2692 521 2814 577 est.

377 598 749 656 Conveniens
778 597 959 669 igitur
984 595 1095 653 fuit
1121 602 1185 653 ut
1212 595 1645 653 incarnationis
1671 608 1824 664 opus
1852 591 2329 672 Spiritui-sancto
2355 590 2737 670 attribuatur.
2770 657 2788 671 ·

443 668 607 725 Solet
649 667 827 724 etiam
876 665 939 723 in
983 679 1158 724 sacra
1202 666 1506 736 Scriptura
1547 666 1747 722 omnis
1794 663 1984 737 gratia
2012 664 2253 732 Spiritui
2297 665 2505 717 sancto
2536 658 2809 726 attribui,

377 738 519 811 quia
556 737 714 810 quod
760 740 944 807 gratis
993 736 1167 794 datur
1202 751 1277 794 ex
1317 750 1519 793 amore
1548 736 1830 793 donantis
1856 733 2091 790 videtur
2124 744 2259 789 esse
2297 730 2604 811 collatum.
2634 729 2815 809 Nulla

375 813 571 868 autem
602 807 793 878 major
842 809 933 864 est
976 807 1168 880 gratia
1193 805 1423 864 homini
1468 806 1688 863 collata
1732 817 1910 878 quam
1941 802 2099 875 quod
2130 803 2251 858 Deo
2298 814 2364 882 m·
2398 813 2664 870 persona
2686 812 2813 859 um·

377 884 564 938 retur.
605 877 1036 937 convenienter
1058 876 1243 951 igitur
1271 877 1385 937 hoc
1410 889 1564 949 opus
1593 875 1835 947 Spiritui
1863 879 2072 933 sancto
2093 877 2524 945 appropi-latur.

1323 1095 1578 1160 CAPUT
1614 1094 1846 1160 XLVII.

411 1286 423 1305 ⁸
499 1274 655 1328 QUOD
684 1274 962 1322 CHRISTUS
994 1273 1117 1322 NON
1149 1275 1286 1322 run·
1316 1275 1506 1321 FILIUS
1544 1274 1804 1323 sruu‘rus
1837 1271 2045 1320 SANc'rl
2080 1273 2389 1320 sncmmtm
2422 1270 2684 1318 salutm.

452 1436 735 1506 Quamvis
750 1439 947 1493 autem
973 1435 1240 1493 Christus
1269 1435 1341 1493 de
1372 1436 1589 1506 Spiritu
1619 1442 1829 1494 sancto
1857 1441 1915 1492 et
1933 1435 2166 1514 Virgine
2192 1449 2379 1493 conce
2423 1441 2522 1492 tus
2554 1434 2812 1505 dicatur,

380 1519 504 1565 non
536 1511 732 1578 potest
761 1512 960 1563 tamen
986 1505 1100 1563 dici
1128 1506 1380 1577 Spiritus
1419 1512 1666 1563 sanctus
1714 1510 1877 1576 pater
1915 1505 2132 1563 Christi
2183 1518 2368 1563 secun
2417 1520 2515 1563 um
2558 1518 2817 1577 genera·

379 1577 607 1635 tionem
639 1576 981 1644 humanam,
1013 1576 1170 1635 sicut
1197 1576 1374 1648 Virgo
1402 1574 1621 1633 dicitur
1644 1580 1832 1632 mater
1859 1575 2011 1646 ejuS.

453 1648 710 1718 Spiritus
736 1647 894 1703 enim
922 1651 1169 1705 sanctus
1199 1659 1320 1704 non
1349 1645 1628 1717 produxit
1669 1645 1995 1703 humanam
2036 1648 2310 1703 naturam
2358 1646 2418 1702 in
2465 1645 2701 1704 Christo
2738 1661 2821 1706 ex

384 1730 497 1776 sua
538 1717 890 1785 substantia,
921 1715 1026 1774 sed
1073 1716 1207 1775 sola
1245 1730 1356 1775 sua
1385 1716 1595 1773 virtute
1620 1719 1896 1788 operatus
1925 1718 2018 1774 est
2060 1715 2135 1774 ad
2175 1715 2306 1789 ejus
2372 1714 2817 1777 roductionem.

382 1789 516 1846 Non
544 1787 727 1860 igitur
753 1792 949 1859 potest
972 1786 1087 1845 dici
1109 1787 1361 1860 Spiritus
1391 1793 1638 1845 sanctus
1666 1793 1833 1858 pater
1860 1785 2077 1845 Christi
2119 1799 2302 1844 secun
2353 1799 2453 1843 um
2481 1787 2821 1845 humanam

428 1859 855 1915 enerationem.

384 1870 426 1932 g
455 1929 627 1984 Esset
672 1928 848 1984 etiam
896 1926 1261 1985 inductivum
1305 1927 1367 1985 in
1414 1940 1673 1985 errorem
1723 1927 1778 1986 si
1817 1927 2087 1985 Christus
2118 1926 2370 1998 Spiritus
2405 1928 2604 1985 sancti
2651 1926 2820 1987 illius

385 1995 698 2055 diceretur.
731 1997 1100 2054 manirestum
1144 2003 1236 2055 est
1277 1997 1436 2055 enim
1522 1999 1638 2056 uod
1665 1998 1918 2055 Verbum
1963 1997 2064 2055 Dei
2109 1997 2438 2056 secundum
2492 1997 2612 2055 hoc
2637 1997 2825 2058 habet

425 2080 701 2123 ersouam
753 2067 1092 2124 distinctam
1146 2067 1308 2148 quod
1353 2072 1444 2125 est
1546 2069 1687 2127 ilius
1742 2068 1844 2126 Dei
1886 2067 2093 2127 Patris.
2132 2068 2193 2125 Si
2243 2066 2428 2140 igitur
2477 2068 2819 2128 secundum

430 2149 707 2194 umanam
735 2143 1004 2194 naturam
1032 2136 1286 2207 Spiritus
1318 2139 1509 2196 sancti
1541 2136 1705 2195 filius
1734 2138 2051 2207 diceretur,
2082 2137 2322 2195 daretur
2362 2138 2622 2210 intelligi
2653 2139 2819 2213 quod

386 2205 655 2265 Christus
692 2212 854 2264 esset
891 2205 1011 2263 duo
1038 2205 1146 2262 filii
1172 2224 1186 2273 ;
1219 2220 1354 2262 nam
1385 2208 1635 2263 Verbum
1664 2208 1769 2264 Dei
1796 2208 2049 2280 Spiritus
2079 2208 2268 2266 sancti
2314 2207 2477 2266 filius
2503 2222 2645 2266 esse
2692 2222 2819 2268 non

383 2282 602 2349 potest.
651 2279 718 2333 Et
761 2276 870 2344 sic,
913 2289 1097 2349 quum
1147 2274 1457 2333 filiationis
1502 2289 1720 2333 nomen
1769 2278 1843 2336 ad
1913 2291 2190 2336 ersonam
2232 2280 2547 2350 pertineat,
2586 2292 2713 2337 non
2742 2279 2821 2340 ad

385 2352 681 2415 naturam,
711 2350 1057 2427 sequeretur
1084 2345 1244 2418 quod
1272 2345 1343 2427 in·
1362 2345 1595 2427 Christo
1624 2353 1828 2404 essent
1899 2362 1987 2405 ure
2005 2361 2311 2419 personae;
2343 2348 2502 2419 quod
2528 2356 2623 2406 est
2647 2348 2823 2408 afide

385 2414 680 2475 catholica
707 2417 1004 2484 alienum3
1031 2416 1458 2474 inconveniens
1486 2429 1644 2474 emm
1669 2422 1828 2476 esset
1853 2423 1915 2474 ut
1934 2417 2255 2476 auctoritas
2282 2420 2477 2476 Patris
2502 2425 2562 2476 et
2594 2432 2821 2478 nomen

385 2486 459 2545 ad
495 2500 809 2570 personam
848 2487 1022 2569 aliam
1072 2488 1528 2558 transferretur3
1559 2487 1721 2561 quod
1766 2487 2154 2562 contingeret,
2184 2488 2237 2548 si
2275 2487 2530 2561 Spiritus
2561 2495 2817 2552 sanctus

385 2561 554 2630 pater
573 2559 787 2617 Christi
807 2557 1118 2616 diceretur.
1654 2575 1667 2584 .

1317 2776 1570 2842 CAPUT
1607 2778 1869 2842 XLVIII.

774 2956 927 3009 QUOD
961 2955 1081 3003 NON
1108 2956 1218 3003 EST
1249 2957 1549 3003 mumma
1582 2962 1596 3001 :
1632 2957 1908 3004 CHRISTUS
1947 2957 2057 3004 EST
2091 2959 2420 3005 ultumum.

458 3117 713 3175 Ulterius
769 3117 947 3175 etiam
1001 3117 1383 3176 manifestum
1454 3121 1547 3175 est
1603 3118 1763 3191 quod
1784 3160 1798 3188 ,
1866 3119 2138 3190 quamvis
2190 3118 2457 3177 humana
2514 3123 2734 3179 natura
2784 3136 2827 3181 a

384 3187 573 3245 Verbo
616 3193 925 3259 assumpta
961 3187 1040 3246 sit
1066 3188 1268 3261 aliqua
1294 3193 1583 3252 creatura,
1616 3202 1737 3246 non
1769 3194 1966 3246 tamen
1993 3193 2192 3262 potest
2222 3189 2578 3262 simpliciter
2624 3204 2823 3250 enun-

385 3258 522 3316 tiari
542 3257 836 3316 Christum
862 3270 997 3317 esse
1027 3264 1381 3317 creaturam.

423 3330 648 3409 ,creari
682 3327 838 3386 enim
867 3332 960 3387 est
998 3327 1125 3386 fieri
1155 3328 1476 3402 quoddam.
1511 3330 1704 3398 Quum
1736 3334 1934 3387 autem
1984 3328 2111 3386 fieri
2160 3329 2508 3389 terminetur
2549 3333 2625 3391 ad
2674 3344 2818 3392 esse

382 3398 756 3469 simpliciter,
782 3397 912 3470 ejus
957 3403 1052 3456 est
1095 3398 1220 3456 fleri
1262 3400 1419 3472 quod
1468 3400 1647 3459 babet
1674 3412 1808 3458 esse
1838 3399 2198 3463 subsistens,
2227 3405 2288 3458 et
2336 3401 2689 3474 hujusmodi
2717 3406 2823 3462 est

384 3468 752 3526 individuum
806 3469 1164 3539 completum
1211 3468 1272 3526 in
1317 3483 1533 3543 genere
1588 3469 1974 3539 substantiae3
2022 3469 2182 3544 quod
2208 3470 2448 3543 quidem
2490 3473 2553 3531 in
2600 3477 2822 3532 natura

383 3538 769 3596 intellectuali
799 3538 1012 3596 dicitur
1057 3553 1317 3611 persona
1360 3545 1460 3598 aut
1507 3541 1684 3597 etiam
1732 3539 2100 3615 hypostasis,
2130 3543 2355 3600 Formae
2385 3556 2526 3600 vero
2556 3551 2618 3602 et
2654 3543 2817 3602 acci-

383 3607 587 3667 dentia
633 3615 689 3666 et
738 3608 916 3666 etiam
943 3616 1142 3681 partes
1170 3623 1290 3669 non
1322 3609 1599 3668 dicuntur
1622 3610 1748 3668 lieri
1790 3611 1909 3669 nisi
1960 3610 2287 3670 secundum
2334 3613 2497 3685 quid,
2531 3627 2719 3687 quum
2750 3617 2821 3673 et

383 3691 519 3737 esse
568 3692 687 3738 non
729 3678 987 3738 habeant
1021 3679 1084 3738 in
1112 3693 1180 3740 se
1222 3680 1581 3751 subsistens,
1612 3680 1715 3739 sed
1747 3680 2084 3741 subsistant
2109 3681 2174 3739 in
2216 3682 2373 3752 alio;
2404 3683 2589 3754 unde,
2619 3695 2817 3767 quum

383 3748 601 3822 aliquis
652 3749 718 3807 tit
757 3749 953 3820 albus,
1001 3763 1122 3808 non
1177 3750 1393 3809 dicitur
1433 3749 1560 3808 fieri
1608 3751 1977 3824 simpliciter,
2023 3752 2130 3812 sed
2177 3752 2506 3811 secundum
2547 3754 2712 3828 quid.
2745 3755 2819 3811 In

383 3818 619 3878 Christo
646 3825 842 3879 autem
870 3833 992 3879 non
1013 3824 1105 3879 est
1129 3820 1247 3879 alia
1271 3821 1615 3895 hypostasis
1641 3822 1734 3879 vel
1763 3835 2023 3894 persona
2052 3822 2170 3882 nisi
2198 3824 2364 3880 verbi
2398 3824 2523 3890 Dei,
2555 3838 2693 3898 quae
2719 3827 2822 3882 est

382 3888 678 3972 increata,
699 3896 761 3949 ut
799 3905 872 3949 ex
918 3891 1244 3973 praemissis
1288 3893 1672 3951 manifestum
1715 3898 1826 3952 est.
1858 3896 1988 3950 Non
2024 3892 2208 3965 igitur
2234 3892 2585 3975 simpliciter
2613 3898 2818 3966 potest

382 3967 679 4019 enuntiari
754 3961 912 4034 quod
982 3962 1248 4020 Chnstus
1314 3963 1394 4021 sit
1463 3969 1733 4021 creatura
1754 4005 1772 4032 ,
1834 3963 1973 4023 licet
2035 3977 2171 4021 cum
2241 3964 2542 4022 additione
2614 3962 2815 4036 possit

381 4027 497 4086 hoc
531 4030 669 4157 dici,
698 4036 764 4089 ut
787 4032 1018 4090 dicatur
1052 4038 1324 4091 creatura
1348 4035 1678 4092 secundum
1713 4033 1874 4107 quod
1903 4034 2085 4093 homo
2113 4034 2207 4092 vel
2235 4035 2570 4093 secundum
2596 4035 2814 4095 huma-

379 4110 520 4156 nam
550 4113 624 4157 na
656 4115 842 4160 uram.

448 4168 606 4249 Licet
647 4178 842 4230 autem
874 4172 947 4231 de
987 4173 1280 4246 subjecto,
1308 4173 1466 4247 quod
1516 4180 1606 4232 est
1636 4171 2009 4233 individuum
2052 4175 2117 4234 in
2160 4188 2378 4249 genere
2428 4175 2811 4244 substantiae,

377 4249 500 4295 nnn
532 4242 882 4310 simpliciter
906 4242 1138 4302 dicatur
1158 4243 1286 4302 fieri
1311 4244 1468 4312 quod
1519 4249 1613 4302 est
1653 4244 1952 4317 proprium
2000 4244 2153 4317 eius,
2182 4253 2424 4317 propter
2468 4244 2807 4304 accidentia

375 4311 468 4366 vel
500 4313 716 4388 partes,
749 4313 853 4369 sed
886 4313 1084 4372 solum
1128 4314 1457 4373 secundum
1487 4315 1650 4388 quid,
1690 4320 1887 4373 tamen
1915 4315 2262 4386 simpliciter
2331 4316 2692 4374 raedicantur
2730 4314 2813 4374 de

339 4451 344 4462 Δ
377 4381 647 4468 subjecto
671 4393 1059 4455 quaecumque
1089 4392 1541 4458 consequuntur
1566 4386 1914 4444 naturaliter
1935 4386 2010 4444 ad
2034 4330 2359 4444 accidenfia
2382 4387 2475 4445 vel
2500 4387 2579 4445 ad
2601 4388 2807 4460 partes
