3076 5025
463 423 569 478 532
1333 419 1465 476 LlB.
1509 418 1598 488 w,
1638 418 1790 474 CAP.
1829 418 2014 474 xxm.

1412 671 1668 736 CAPUT
1716 672 1934 736 XXIII.

707 854 949 901 soLU’rlo
987 854 1293 902 RA'rloNtm
1330 853 1520 899 surim
1564 853 1952 900 INDUGTARUM
1986 853 2216 900 CONTRA
2252 852 2647 901 mmmmm

1412 942 1677 987 SPIRITUS
1712 941 1936 988 SANGTL

528 1109 733 1164 Restat
756 1110 952 1164 autem
998 1104 1232 1165 solvere
1275 1118 1458 1176 supra
1483 1105 1718 1176 positas
1758 1104 2045 1175 rationes,
2076 1105 2296 1178 quibus
2326 1103 2609 1164 concludi
2651 1104 2857 1165 videba-

458 1182 554 1238 tur
582 1176 744 1250 quod
772 1175 1031 1247 Spiritus
1060 1181 1306 1234 sanctus
1338 1174 1418 1233 sit
1447 1181 1738 1244 creatura,
1768 1179 1829 1232 et
1852 1188 1974 1233 non
2004 1178 2181 1233 Deus.

529 1248 695 1307 Circa
725 1246 888 1328 quod
938 1245 1444 1305 considerandum
1473 1252 1568 1303 est
1613 1246 1808 1318 primo
1837 1245 1999 1318 quod
2048 1259 2270 1305 nomen
2297 1248 2532 1317 spiritus
2572 1262 2609 1304 a
2637 1247 2856 1318 respira-

457 1319 621 1376 tione
654 1317 1006 1397 animalium
1035 1321 1342 1387 sumptum
1374 1315 1628 1385 videtur,
1662 1317 1724 1373 in
1754 1329 1874 1391 quo
1907 1331 2010 1375 aer
2048 1329 2184 1375 cum
2215 1317 2475 1388 quodam
2514 1323 2682 1375 motu
2710 1317 2857 1375 infer-

457 1395 555 1448 tur
587 1394 647 1447 et
692 1388 1018 1456 emittitur;
1048 1386 1208 1445 unde
1251 1400 1473 1445 nomen
1522 1390 1756 1457 spiritus
1801 1387 1875 1445 ad
1921 1400 2161 1445 omnem
2211 1386 2544 1459 impulsum
2574 1393 2637 1445 et
2663 1392 2856 1445 motum

458 1457 1081 1588 guiuscfimguelaerei
1107 1458 1377 1529 corporis
1392 1457 1777 1583 trahitiligcgeet
1800 1457 2123 1585 sigxa-stemus
2150 1457 2370 1584 diiilitur
2386 1457 2663 1530 spii-itae,
2684 1465 2859 1543 secun·

834 1548 849 1586 ἶ
1033 1568 1053 1592 9
1170 1527 1332 1592 mmo,
1475 1569 1493 1592 Ω
1670 1545 1687 1582 ²
1742 1569 1762 1592 2
2704 1532 2858 1585 aenan

455 1544 680 1657 velrglunli
700 1545 819 1672 giis
850 1544 1075 1673 (qugltvsn.
1099 1544 1348 1679 ffimmt,
1370 1544 1475 1680 ’ἐξ
1507 1544 1597 1656 silc
1626 1543 2024 1671 etigmsizapglff
2044 1539 2247 1680 ῑξὶἳιοῗε
2264 1531 2855 1681 ffiri't‘ffissufflrsmem-

457 1671 569 1730 bra
613 1670 689 1729 ad
734 1683 942 1729 eorum
990 1674 1191 1728 motus
1238 1675 1486 1741 spiritus
1528 1675 1794 1727 vocatur.
1821 1672 2072 1739 RursuS,
2104 1684 2248 1743 quia
2284 1683 2387 1727 aer
2410 1668 2737 1729 invisibilis
2769 1675 2856 1734 est,

459 1742 819 1800 translatum
849 1745 942 1798 est
982 1739 1236 1799 ulterius
1266 1739 1515 1811 spiritus
1542 1754 1764 1798 nomen
1792 1739 1868 1798 ad
1912 1753 2124 1798 omnes
2146 1740 2397 1798 virtutes
2427 1745 2490 1798 et
2517 1740 2853 1800 substantias

461 1811 802 1870 invisibiles
832 1817 891 1868 et
917 1812 1174 1870 motivas
1201 1829 1217 1880 3
1250 1817 1309 1868 et
1334 1816 1577 1882 propter
1605 1811 1718 1868 hoc
1748 1816 1808 1868 et
1833 1811 2036 1869 anima
2063 1810 2374 1869 sensibilis
2403 1816 2465 1869 et
2491 1811 2696 1871 anima
2716 1811 2859 1869 ratio·

459 1882 620 1941 nalis
648 1887 706 1939 et
755 1882 955 1954 angeli
984 1885 1045 1939 et
1087 1884 1247 1939 Deus
1292 1881 1542 1952 spiritus
1589 1880 1906 1950 dicuntur;
1937 1887 1996 1938 et
2021 1881 2259 1953 proprie
2305 1883 2469 1941 Deus
2515 1896 2624 1954 per
2649 1881 2855 1961 modurn

459 1951 686 2011 amoris
705 1951 1062 2024 procedenS,
1090 1951 1234 2025 quia
1282 1965 1452 2009 amor
1477 1952 1757 2009 virtutem
1806 1951 2123 2024 quamdam
2144 1952 2440 2010 -motivam
2473 1952 2757 2011 insinuat.
2782 1953 2856 2009 Sic

458 2023 643 2096 igitur
688 2021 850 2095 quod
890 2026 1075 2102 Amos
1121 2021 1308 2080 dicit:
1338 2022 1557 2102 ‘creans
1603 2025 1861 2093 spiritum
1881 2022 1990 2096 (w,
2023 2022 2133 2095 13),
2163 2021 2236 2080 de
2272 2028 2453 2082 vento
2495 2023 2685 2082 intelli
2732 2024 2783 2090 ·t,
2807 2026 2857 2080 ut

460 2097 671 2150 nostra
721 2091 1037 2150 translatio
1083 2105 1431 2163 expressius
1479 2092 1693 2159 habet;
1723 2092 1882 2164 quod
1928 2093 2107 2150 etiam
2146 2097 2445 2152 consonat
2474 2094 2531 2151 ei
2557 2107 2677 2168 quo
2774 2104 2856 2150 τε·

458 2162 717 2221 mittitur
747 2181 761 2220 :
792 2165 1057 2219 Romans
1096 2166 1322 2219 montes.
1355 2162 1525 2231 Quod
1571 2176 1711 2220 vero
1756 2162 2074 2222 Zacharias
2116 2162 2189 2222 de
2237 2166 2359 2222 Deo
2410 2163 2583 2234 dicit,
2612 2178 2727 2237 quo
2784 2165 2858 2221 est

458 2247 676 2292 creans
697 2232 791 2290 vel
820 2236 1026 2303 finqens
1051 2234 1311 2314 spiritum
1338 2233 1571 2289 hominis
1599 2235 1662 2288 in
1687 2248 1745 2288 eo
1775 2233 1902 2313 (ΧΠ,
1934 2233 2007 2305 1),
2035 2233 2108 2292 de
2135 2233 2338 2293 anima
2376 2233 2648 2293 humana
2672 2232 2855 2292 intelli-

456 2304 549 2378 git
578 2322 593 2372 ;
625 2302 785 2361 unde
814 2301 1095 2361 concludi
1129 2315 1253 2361 non
1280 2308 1478 2374 potest
1509 2303 1671 2375 quod
1699 2303 1955 2375 Spiritus
1978 2310 2224 2363 sanctus
2250 2304 2331 2363 sit
2353 2310 2650 2366 creatura.

533 2374 821 2432 Similiter
845 2379 1066 2443 autem,
1099 2386 1211 2432 nec
1239 2388 1313 2431 ex
1335 2374 1451 2431 hoc
1479 2374 1639 2446 quod
1670 2374 2115 2433 Dominusdicit
2135 2376 2207 2434 de
2226 2375 2449 2446 Spiritu
2480 2381 2692 2435 sancto
2719 2376 2852 2434 :Non

459 2445 710 2517 loquetur
736 2460 773 2500 a
798 2447 1099 2517 semetipso,
1129 2444 1226 2501 sed
1275 2460 1618 2516 quaecumque
1648 2444 1855 2516 audiet,
1885 2446 2133 2518 loquetur
2168 2447 2411 2518 (Ionum,
2442 2458 2574 2517 XVI,
2610 2447 2712 2520 13),
2740 2458 2854 2503 cou-

461 2514 626 2573 cludi
650 2521 849 2587 potest
876 2516 1038 2588 quod
1066 2514 1148 2573 sit
1173 2522 1462 2574 creatura.
1494 2516 1816 2575 ostensum
1846 2522 1939 2576 est
1966 2517 2125 2575 enim
2165 2518 2324 2590 quod
2354 2518 2617 2590 Spiritus
2644 2522 2854 2577 sauctus

459 2593 552 2643 est
582 2588 741 2644 Deus
766 2585 837 2643 de
866 2588 988 2644 Deo
1031 2585 1398 2658 procedens;
1431 2585 1587 2643 unde
1631 2592 1866 2660 oportet
1914 2587 2074 2660 quod
2100 2588 2427 2646 essentiam
2463 2602 2641 2649 suam
2666 2588 2734 2647 ab
2759 2586 2852 2646 alio

456 2655 696 2727 habeat,
728 2656 966 2737 sicut-et
1006 2656 1080 2715 de
1109 2656 1258 2736 [filio
1303 2657 1406 2714 Dei
1451 2656 1675 2738 dictum
1719 2663 1811 2739 est
1860 2670 2044 2739 supra
2084 2657 2158 2732 (c.
2194 2657 2280 2731 14)
2307 2676 2322 2727 ;
2353 2664 2413 2716 et
2462 2660 2579 2730 sic,
2608 2672 2778 2734 quum
2800 2656 2850 2714 in

456 2728 581 2784 Deo
616 2731 675 2783 et
701 2732 956 2785 scientia
983 2732 1044 2784 et
1083 2731 1274 2785 virtus
1304 2733 1361 2784 et
1384 2732 1652 2798 operatio
1702 2729 1806 2786 Dei
1837 2733 1919 2785 sit
1941 2742 2072 2801 ejus
2115 2728 2400 2798 essentia,
2432 2730 2638 2789 omnis
2663 2729 2782 2788 Filii
2806 2732 2852 2786 et

457 2796 716 2867 Spiritus
745 2797 937 2856 sancti
967 2797 1224 2856 scientia
1247 2804 1307 2855 et
1344 2798 1533 2855 virtus
1564 2804 1621 2854 et
1649 2798 1914 2869 operatio
1943 2803 2036 2857 est
2063 2797 2137 2856 ab
2167 2798 2305 2868 ali0,
2337 2798 2445 2858 sed
2489 2800 2622 2859 Filii
2651 2815 2686 2859 a
2712 2802 2851 2857 Patre

457 2872 712 2937 tantum,
740 2870 776 2926 S
818 2868 993 2926 iritus
1035 2874 1236 2926 autem
1262 2868 1453 2925 sancti
1483 2882 1517 2926 a
1546 2870 1717 2926 Patre
1745 2873 1806 2925 et
1830 2867 1999 2928 Filio.
2027 2869 2179 2938 Quia
2205 2868 2391 2942 igitur
2417 2885 2544 2931 una
2573 2871 2645 2929 de
2670 2882 2849 2942 opera-

454 2938 727 2997 tionibus
813 2938 1028 3010 piritus
1071 2939 1263 2996 sancti
1292 2945 1385 2996 est
1427 2936 1587 3009 quod
1618 2939 1896 3011 loquatur
1922 2940 1987 2997 in
2014 2939 2239 2998 sanctis
2271 2941 2433 3010 viris,
2466 2946 2535 3000 ut
2572 2947 2849 3001 ostensum

456 3014 567 3077 est,
592 3014 833 3080 propter
869 3009 985 3067 hoc
1031 3007 1248 3067 dicitur
1290 3008 1449 3082 quod
1481 3022 1605 3066 non
1648 3009 1915 3082 loquitur
1957 3024 1995 3068 a
2037 3011 2382 3082 semetipso,
2413 3012 2561 3084 quia
2605 3026 2732 3070 ase
2751 3021 2850 3067 nou

458 3084 758 3150 operatur.
785 3077 1002 3136 Audire
1031 3082 1228 3137 autem
1257 3078 1451 3151 ipsius
1480 3084 1574 3137 est
1596 3079 1867 3150 accipere
1895 3080 2229 3144 scientiam,
2249 3082 2407 3139 sicut
2434 3088 2495 3140 et
2526 3081 2844 3149 essentiam,

454 3163 493 3207 a
517 3151 688 3207 Patre
716 3153 775 3207 et
799 3150 969 3217 Filio,
1001 3163 1072 3207 eo
1097 3148 1259 3222 quod
1287 3163 1400 3208 nos
1429 3162 1534 3221 per
1559 3149 1827 3208 auditum
1858 3150 2175 3209 scientiam
2197 3151 2570 3223 accipimus;
2603 3151 2844 3212 estenim

453 3223 811 3278 consuetum
835 3220 896 3276 in
926 3220 1229 3291 Scriptura
1246 3225 1312 3278 ut
1339 3219 1541 3277 divina
1567 3234 1675 3291 per
1700 3220 1947 3278 modum
1976 3221 2377 3280 humanorum
2397 3222 2722 3282 tradantur.
2743 3223 2843 3278 Nec

451 3302 690 3348 movere
719 3296 952 3361 oportet
977 3290 1138 3363 quod
1166 3290 1313 3348 dicit
1330 3291 1535 3358 audiet,
1560 3291 1734 3363 quasi
1759 3290 1831 3348 de
1856 3291 2057 3350 futuro
2085 3291 2363 3365 loquens,
2432 3307 2576 3351 uum
2605 3292 2841 3364 accipere

454 3360 737 3430 Spiritum
783 3366 1058 3418 sanctum
1106 3360 1184 3418 sit
1231 3366 1556 3428 aeternum;
1590 3374 1729 3418 nam
1756 3367 1979 3420 aeterno
2018 3362 2199 3420 verba
2240 3362 2413 3435 cujus
2440 3363 2566 3423 ibet
2589 3360 2845 3434 temporis

455 3430 643 3501 aptari
667 3435 948 3501 possunt,
975 3444 1049 3489 eo
1078 3430 1240 3504 quod
1268 3432 1570 3490 aeternitas
1594 3436 1786 3489 totum
1827 3437 2064 3514 tempus
2095 3433 2529 3506 complectitur.
2830 3497 2841 3509 ,

500 3501 862 3579 ,Secundum
890 3500 1096 3559 eadem
1125 3503 1304 3560 etiam
1343 3506 1586 3574 apparet
1611 3502 1771 3574 quod
1801 3503 2015 3575 missio
2043 3518 2164 3577 qua
2187 3504 2442 3576 Spiritus
2463 3500 2845 3564 sanctusmitti

452 3568 673 3629 dicitur
699 3585 734 3629 a
758 3574 926 3630 Patre
956 3575 1016 3629 et
1041 3571 1192 3629 Filio
1220 3584 1341 3630 non
1389 3574 1588 3654 potest
1627 3573 1985 3632 concludere
2015 3588 2153 3632 eum
2181 3588 2318 3634 esse
2358 3581 2708 3634 creaturam.
2734 3569 2844 3629 Dic·

449 3643 579 3699 tum
604 3645 696 3722 est
722 3642 883 3699 enim
912 3655 1096 3722 supra
1118 3643 1277 3723 quod
1305 3642 1491 3701 Filius
1525 3643 1627 3700 Dei
1671 3644 2002 3703 secundum
2038 3644 2154 3703 hoc
2181 3645 2410 3704 missus
2438 3646 2630 3705 fuisse
2658 3642 2845 3719 dicitur

450 3711 612 3792 quod
641 3724 705 3769 in
724 3726 902 3769 carne
926 3711 1155 3770 visibili
1182 3713 1529 3772 hominibus
1558 3714 1832 3795 apparuit
1853 3733 1869 3784 ;
1892 3719 1952 3773 et
1972 3714 2063 3773 sic
2088 3728 2246 3774 novo
2270 3716 2535 3788 *quodam
2561 3714 2732 3775 modo
2748 3710 2841 3769 fuit

447 3794 515 3839 in
542 3782 916 3864 mundo-quo
943 3781 1114 3863 prius
1140 3797 1264 3842 non
1289 3783 1499 3853 fuerat,
1527 3786 1763 3842 scilicet
1785 3784 2124 3867 visibiliter,
2169 3787 2233 3844 in
2261 3801 2382 3860 quo
2410 3792 2609 3846 tamen
2634 3792 2837 3853 semper

447 3849 644 3911 fuerat
669 3853 1051 3911 invisibiliter
1090 3858 1157 3911 ut
1201 3856 1380 3912 Deus,
1435 3854 1607 3922 Quod
1653 3860 1852 3914 autem
1896 3856 2012 3914 hoc
2058 3856 2246 3915 Filius
2292 3863 2514 3931 ageret,
2545 3857 2662 3915 eia
2689 3857 2833 3913 Patre

447 3920 589 3991 fuit;
616 3922 773 3980 unde
805 3926 862 3981 et
888 3924 1223 4004 secundum
1251 3925 1367 3982 hoc
1395 3939 1433 3983 a
1461 3927 1631 3983 Patre
1655 3925 1875 3984 dicitur
1901 3925 2151 3985 missus.
2181 3927 2277 3985 Sic
2304 3934 2505 3987 autem
2531 3932 2592 3986 et
2612 3923 2836 3997 Spiritus

449 3998 698 4071 sanctus
724 3993 1041 4053 visibiliter
1068 3995 1343 4067 apparuit
1364 4003 1423 4053 et
1451 3996 1513 4053 in
1544 3996 1743 4068 specie
1785 3995 2076 4055 columbae
2102 4010 2285 4069 super
2319 3998 2617 4056 Christum
2639 3997 2698 4054 in
2724 3994 2836 4062 bap-

445 4064 650 4131 tismo,
683 4066 828 4122 etin
861 4065 1088 4147 linguis
1130 4065 1328 4146 igneis
1364 4079 1560 4147 ‘super
1602 4067 1944 4139 apostolos;
1989 4070 2067 4138 et,
2109 4067 2250 4126 licet
2288 4081 2412 4127 non
2458 4068 2632 4127 fuerit
2672 4066 2832 4147 factus

441 4132 727 4213 columba
742 4136 837 4193 vel
870 4148 1055 4209 igniS‚
1084 4135 1243 4195 sicut
1272 4136 1457 4195 Filius
1486 4136 1680 4196 factus
1719 4141 1812 4195 est
1863 4137 2067 4208 home,
2096 4141 2318 4208 tamen,
2357 4138 2517 4198 sieut
2561 4139 2625 4196 in
2668 4141 2832 4211 signis

446 4203 810 4285 quibusdam
858 4206 1073 4278 ipsius,
1115 4207 1180 4264 in
1226 4206 1574 4279 hujusmodi
1616 4207 1960 4267 visibilibus
2003 4210 2321 4281 speciebus
2369 4225 2406 4268 a
2446 4208 2652 4281 paruit.
2680 4208 2829 4263 Etsic

444 4277 627 4352 etiam
656 4288 786 4345 ipse
810 4277 1072 4357 quodam
1101 4290 1257 4337 novo
1293 4278 1498 4348 mod0,
1529 4278 1761 4337 scilicet
1786 4277 2125 4350 visibiliter,
2153 4279 2218 4338 in
2251 4294 2396 4339 mun
2441 4294 2477 4339 o
2497 4279 2630 4348 fuit;
2660 4281 2713 4335 et
2736 4273 2828 4331 hoe

443 4341 560 4400 fuit
588 4357 625 4400 a
651 4347 822 4424 Ratre
850 4349 907 4403 et
934 4347 1105 4417 Filio,
1138 4348 1298 4407 unde
1322 4354 1380 4405 et
1407 4348 1536 4420 ipse
1568 4363 1602 4406 a
1630 4351 1801 4407 Patre
1847 4353 1905 4407 et
1949 4349 2100 4408 Filio
2144 4350 2364 4410 dicitur
2406 4351 2660 4417 missus;
2696 4338 2827 4417 quod

443 4424 566 4492 non
610 4416 1073 4474 minorationem
1103 4418 1169 4476 in
1196 4419 1354 4500 ipsc,
1386 4418 1489 4477 sed
1515 4421 1969 4491 processionem
1998 4420 2279 4480 ostendit.
2310 4451 2382 4463 —
2424 4424 2521 4480 Est
2560 4424 2740 4496 tamen
2778 4412 2826 4491 522

444 4482 604 4539 alius
632 4484 850 4542 modus
877 4499 1008 4566 quo,
1026 4492 1146 4544 tam
1171 4488 1357 4547 Filius
1387 4504 1566 4561 quam
1592 4489 1847 4561 Spiritus
1877 4495 2123 4549 sanctus
2167 4491 2547 4550 invisibiliter
2584 4487 2724 4547 mitti
2752 4480 2822 4539 di-

443 4554 680 4611 cuntur.
722 4555 888 4613 Patet
914 4568 1073 4614 enim
1103 4571 1177 4615 ex
1224 4557 1399 4618 dictis
1445 4559 1605 4632 quod
1653 4560 1839 4619 Filius
1886 4561 2207 4633 procedita
2251 4564 2423 4621 Patre
2465 4574 2567 4635 per
2608 4553 2817 4617 modum
