3076 5025
1097 272 1230 331 ua.
1267 273 1342 343 11,
1382 272 1535 329 cae.
1575 272 1758 329 Lxm.
2540 279 2643 333 ιιι-ι

205 405 433 454 comm.
477 391 575 463 tt)
617 391 780 473 quod
824 391 987 465 ignis
1032 404 1155 451 non
1206 395 1301 450 est
1344 405 1529 449 causa
1573 390 1899 463 augmenti,
1945 390 2051 451 sed
2098 406 2401 452 concausa
2435 393 2513 453 ali
2562 408 2641 453 uo

205 464 427 531 modo;
461 462 812 534 principalis
839 469 1036 520 autem
1074 476 1255 520 causa
1297 466 1391 518 est
1435 462 1656 529 anima,
1704 462 1773 520 ad
1822 476 1997 535 quam
2047 471 2424 535 comparatur
2478 480 2545 523 ca
2572 479 2644 523 or

209 535 372 593 sicut
401 534 868 591 instrumentum
898 534 968 591 ad
996 532 1304 591 artifice-m.
1333 534 1462 590 Non
1489 532 1674 604 igitur
1704 539 1900 604 potest
1919 533 2119 591 anima
2138 534 2485 605 vegetabilis
2506 549 2642 607 pro·

205 604 349 732 ‹liuci
380 619 454 662 ex
482 604 910 731 comffiixtione
938 604 1406 672 elementorum;
1442 604 1632 661 multo
1660 603 1845 676 igitur
1872 606 2073 662 minus
2101 617 2322 663 sensus
2365 610 2424 663 et
2464 604 2641 662 intel·

234 681 409 734 ectus
480 687 603 732 ossi
655 689 671 729 t
697 688 774 732 ιε.

278 690 800 815 Item‚pintelligere
829 749 922 802 est
946 744 1216 818 quaedam
1248 744 1517 814 operatio
1546 743 1609 801 in
1634 758 1754 816 qua
1778 743 2155 816 impossibile
2185 751 2277 801 est
2307 746 2641 803 communi-

203 829 347 874 care
377 815 619 887 aliquod
652 829 942 888 organum
973 828 1345 885 corporeum.
1375 816 1508 872 Haec
1544 820 1740 872 autem
1772 817 2037 885 operatio
2070 816 2410 874 attribuitur
2428 817 2643 874 animae

205 886 305 944 vel
328 887 506 943 etiam
542 886 807 954 bomini;
838 885 1054 944 dicitur
1081 886 1239 943 enim
1270 886 1428 958 quod
1459 885 1661 943 anima
1706 886 1985 959 intelligit
2012 887 2105 943 vel
2154 886 2334 944 homo
2381 901 2486 957 per
2513 888 2642 943 ani-

206 970 394 1015 mam.
427 958 671 1027 Oportet
698 957 879 1027 igitur
906 956 1147 1029 aliquod
1175 956 1530 1026 principium
1564 957 1623 1011 in
1679 956 1921 1013 homine
1969 970 2103 1014 esse
2139 970 2176 1013 a
2226 970 2475 1027 corpore
2518 970 2640 1015 non

206 1027 579 1099 dependens,
603 1027 763 1099 quod
793 1028 873 1084 sit
899 1027 1254 1098 principium
1285 1027 1425 1084 talis
1461 1027 1851 1098 operationis.
1897 1026 2254 1098 Praeparatio
2301 1032 2497 1083 autem
2546 1040 2642 1083 se-

208 1112 407 1170 queus
436 1098 924 1156 commixtionem
962 1099 1389 1155 elementorum
1423 1111 1460 1155 a
1486 1111 1734 1167 corpore
1777 1097 1847 1153 de
1891 1098 2067 1154 endet
2113 1098 2445 1154 manifeste.
2509 1100 2642 1153 Non

208 1174 306 1227 est
330 1169 517 1240 igitur
563 1169 910 1240 praeparatio
955 1168 1072 1226 tale
1111 1168 1467 1240 principium
1500 1169 1675 1238 quale
1726 1112 2065 1225 inteflectus
2107 1167 2439 1237 possibilis.
2482 1168 2643 1246 ,Di-cit

206 1239 371 1298 enim
394 1238 745 1297 Aristoteles
776 1239 872 1312 (De
888 1242 1096 1308 anima,
1123 1252 1213 1306 111,
1239 1243 1378 1294 text.
1407 1251 1623 1295 comm.
1657 1238 1710 1311 5)
1738 1239 1898 1310 quod
1946 1238 2285 1303 intellectus
2329 1238 2641 1308 possibilis

216 1316 312 1367 est
334 1324 457 1382 quo
480 1312 684 1367 anima
712 1310 991 1379 opinatur
1017 1316 1076 1366 et
1103 1308 1400 1378 intelligit.
1432 1312 1562 1365 Non
1592 1314 1682 1365 est
1711 1309 1895 1379 igitur
1941 1308 2280 1366 intellectus
2327 1307 2639 1378 possibilis

213 1382 594 1453 praeparatio.
635 1381 694 1438 Si
725 1386 924 1437 autem
955 1379 1185 1437 dicatur
1210 1378 1367 1451 quod
1411 1379 1770 1460 principium
1816 1378 2109 1449 praedictae
2158 1378 2523 1449 operationis
2578 1377 2643 1435 in

211 1449 394 1509 nobis
421 1456 516 1508 est
544 1451 777 1520 species
807 1450 1205 1522 intelligibilis
1237 1451 1390 1506 tacta
1417 1463 1478 1506 ιιι
1506 1455 1639 1507 actu
1671 1450 1745 1506 ab
1768 1448 2070 1506 intellectu
2099 1455 2332 1519 agente,
2364 1448 2479 1505 hoc
2519 1460 2644 1506 non

211 1520 446 1578 videtur
474 1521 792 1589 sut'ticere;
825 1522 985 1593 quia,
1021 1534 1203 1594 quum
1232 1520 1411 1577 homo
1442 1520 1512 1577 de
1584 1521 1806 1577 otentia
1834 1520 2201 1589 intelligente
2230 1518 2329 1575 fiat
2376 1525 2511 1597 actu
2550 1518 2642 1575 in-

206 1590 511 1663 telligens,
545 1597 774 1661 oportet
803 1592 960 1665 quod
1001 1604 1122 1649 non
1162 1590 1358 1648 solum
1400 1591 1542 1647 intel
1572 1591 1694 1662 igat
1732 1605 1838 1660 per
1889 1591 2146 1661 speciem
2205 1588 2643 1660 intelligibilem

207 1674 316 1737 per
332 1676 513 1734 quam
546 1662 611 1720 tit
639 1669 773 1720 actu
798 1663 1163 1734 intelligens,
1186 1661 1287 1718 sed
1308 1675 1412 1731 per
1435 1662 1696 1733 aliquam
1721 1664 2041 1731 potentiam
2069 1659 2485 1717 intellectivam
2509 1673 2641 1732 quae

208 1732 292 1790 sit
321 1734 616 1804 praedictae
645 1733 1010 1814 operationis
1041 1733 1418 1803 principium,
1447 1733 1603 1789 sicut
1636 1737 1693 1787 et
1722 1733 1782 1787 in
1811 1745 1994 1789 seusu
2021 1731 2254 1788 accidit.
2283 1733 2416 1808 Haec
2442 1737 2642 1789 autem

211 1803 478 1874 potentia
505 1805 582 1861 ab
607 1805 919 1861 Aristotele
944 1803 1183 1873 ponitur
1209 1802 1547 1860 intellectus
1581 1802 1909 1873 possibilis.
1937 1803 2278 1859 Intellectus
2299 1803 2483 1873 igitur
2505 1800 2640 1871 pos-

209 1873 407 1931 sibilis
435 1881 528 1931 est
557 1887 674 1931 non
707 1873 1046 1944 dependens
1077 1888 1114 1930 a
1139 1886 1408 1943 corpore.
1439 1876 1748 1938 Praeterea,
1781 1874 2013 1943 species
2064 1885 2184 1929 non
2213 1877 2301 1928 est
2357 1872 2641 1944 intelligi-

207 1942 351 2001 bilis
389 1951 550 2011 actu,
582 1945 700 2001 nisi
728 1944 1056 2002 secundum
1088 1944 1245 2015 quod
1277 1949 1370 2000 est
1398 1944 1683 2013 depurata
1707 1944 1781 1999 ab
1802 1957 1935 2000 esse
1956 1942 2270 2000 materiali.
2296 1946 2416 2000 Hoc
2437 1951 2639 2003 autem

209 2026 334 2071 non
362 2020 560 2085 potest
587 2015 854 2073 accidere
885 2014 1024 2071 dum
1059 2015 1229 2070 l'uerit
1259 2014 1320 2070 in
1355 2014 1557 2086 aliqua
1584 2013 1846 2085 potentia
1876 2015 2188 2082 materiali,
2229 2030 2362 2095 quae
2408 2018 2641 2075 scilicet

208 2084 302 2143 sic
327 2091 573 2142 causata
603 2100 676 2142 ex
702 2085 1011 2157 principiis
1037 2084 1465 2152 materialibus,
1484 2085 1574 2140 vel
1603 2088 1735 2155 qu'ae
1760 2086 1839 2141 sit
1866 2092 2035 2142 actus
2051 2088 2378 2144 materialis
2401 2088 2636 2159 organi.

211 2156 455 2225 Oportet
483 2156 667 2228 igitur
702 2156 839 2228 poni
872 2157 1131 2228 aliquam
1162 2155 1484 2225 potentiam
1514 2154 1934 2215 intellectivam
1972 2155 2036 2212 in
2068 2156 2245 2215 nobis
2274 2157 2638 2217 immateria-

215 2224 355 2294 lem,
387 2241 524 2298 quae
549 2231 640 2283 est
665 2226 1001 2283 intellectus
1029 2226 1360 2296 possibilis.

279 2298 502 2363 Adhuc,
537 2296 875 2354 intellectus
905 2295 1213 2368 possibilis
1244 2297 1317 2353 ab
1349 2294 1664 2353 Aristotele
1691 2295 1792 2367 (De
1818 2299 2027 2365 anima,
2053 2310 2143 2366 ιιι,
2171 2303 2312 2357 text.
2343 2313 2561 2359 comm.
2585 2300 2641 2374 l)

210 2364 430 2424 dicitur
459 2381 600 2436 pars
626 2369 861 2424 animae.
892 2367 1105 2424 Anima
1130 2372 1323 2424 autem
1354 2379 1474 2422 non
1503 2372 1595 2423 est
1624 2368 1994 2437 praeparatio,
2027 2371 2133 2426 sed
2164 2375 2367 2438 actus3
2416 2385 2643 2442 praepa-

209 2437 364 2496 ratio
391 2437 554 2494 enim
583 2442 676 2495 est
694 2437 841 2495 ordo
870 2438 1148 2508 potentiae
1177 2437 1250 2493 ad
1280 2442 1506 2503 actum;
1540 2437 1810 2508 sequitur
1851 2443 2047 2493 tamen
2093 2439 2165 2495 ad
2212 2446 2405 2497 actum
2440 2441 2642 2514 aliqua

210 2510 567 2580 praeparatio
596 2508 669 2566 ad
702 2508 1043 2567 ulteriorem
1075 2514 1294 2577 actum,
1325 2507 1484 2565 sicut
1512 2506 1585 2565 ad
1628 2514 1824 2564 actum
1870 2507 2331 2579 diapbaneitatis
2373 2515 2645 2583 sequitur

213 2580 363 2707 orgo
392 2579 465 2707 εἰεί
496 2585 694 2707 εειυιιέ
727 2580 900 2637 lucis.
933 2578 1275 2636 intellectus
1305 2578 1490 2650 igitur
1518 2577 1832 2650 possibilis
1860 2590 1983 2635 non
2003 2584 2096 2637 est
2114 2580 2247 2650 ipsa
2268 2582 2641 2653 praeparatio,

213 2660 283 2710 se
352 2664 422 2707 ac
454 2664 523 2708 us
552 2665 650 2722 qui
697 2664 815 2707 am.

283 2721 560 2790 Amplius,
592 2720 772 2778 bomo
804 2718 1195 2792 consequitur
1216 2718 1476 2789 speciem
1523 2721 1583 2774 et
1609 2721 1879 2775 naturam
1931 2717 2255 2777 humanam
2308 2722 2643 2782 secundum

209 2796 439 2864 partem
469 2790 688 2849 animae
719 2790 833 2848 sibi
868 2790 1187 2860 propriam,
1219 2802 1350 2860 quae
1375 2787 1615 2860 quidem
1639 2794 1731 2845 est
1757 2788 2096 2848 intellectus
2127 2790 2458 2861 possibilis.
2481 2792 2642 2850 Nihil

210 2866 410 2920 autem
439 2863 829 2933 consequitur
856 2860 1117 2931 speciem
1147 2864 1207 2915 ct
1237 2864 1506 2916 naturam
1538 2857 1866 2916 secundum
1893 2859 2051 2939 quod
2108 2867 2201 2919 est
2241 2861 2306 2918 in
2352 2862 2643 2933 potentia,

211 2930 320 2994 sed
349 2931 684 2990 secundum
713 2931 871 3004 quod
897 2935 991 2988 est
1016 2936 1173 2988 actu.
1196 2930 1392 2998 Quum
1420 2929 1605 3002 igitur
1630 2936 1979 3000 praeparatio
2000 2929 2151 2988 nibil
2172 2930 2252 2988 sit
2279 2931 2439 2990 aliud
2461 2946 2647 3007 quam

216 3000 365 3060 ordo
394 3002 676 3073 potentiae
703 3001 774 3059 ad
804 3005 1022 3063 actum,
1058 3000 1430 3071 impossibile
1475 3004 1572 3057 est
1594 2999 1750 3070 quod
1802 2999 2139 3059 intellectus
2166 3002 2476 3072 possibilis
2517 3016 2645 3064 non

214 3070 299 3129 sit
318 3073 486 3132 aliud
512 3086 695 3145 quam
719 3072 1073 3144 praeparatio
1106 3069 1379 3143 quaedam
1407 3071 1470 3127 in
1497 3075 1713 3127 natura
1736 3070 2001 3129 bumana
2016 3073 2303 3133 existens.

1174 3290 1430 3356 CAPUT
1478 3290 1690 3356 Lxut.

585 3470 742 3525 QUOD
777 3469 968 3518 mma
1001 3469 1240 3522 Noxsn·
1265 3471 1618 3528 comt-axio,
1652 3470 1734 3518 m·
1753 3471 1965 3519 rosm'r
1996 3473 2287 3521 samm.

285 3637 589 3697 Praedictae
618 3641 815 3695 autem
847 3636 1118 3708 opinioni
1145 3636 1457 3696 Alexandri
1481 3637 1555 3695 de
1578 3636 1885 3696 intellectu
1906 3636 2180 3708 possibili
2202 3636 2537 3709 propinqua
2552 3643 2649 3699 est

221 3706 426 3767 Galeni
459 3707 674 3765 medici
693 3708 897 3778 opinio
915 3708 986 3765 de
1003 3709 1203 3766 anima
1231 3727 1246 3775 ;
1270 3709 1590 3766 dicitenim
1612 3710 1869 3765 animam
1898 3722 2033 3765 esse
2049 3709 2540 3779 complexionem.
2557 3708 2646 3770 Ad

220 3776 337 3838 hoc
360 3786 560 3837 autem
594 3777 908 3836 dicendum
939 3780 1138 3837 motus
1163 3783 1257 3836 est
1285 3793 1385 3850 per
1407 3780 1520 3838 boc
1550 3779 1710 3852 quod
1755 3779 2028 3836 videmus
2075 3792 2147 3836 ex
2193 3778 2444 3836 diversis
2488 3793 2646 3838 com-

213 3847 599 3920 plexionibus
626 3849 862 3906 causari
890 3849 949 3905 in
982 3849 1159 3907 nobis
1186 3849 1452 3907 diversas
1480 3851 1800 3921 passiones
1821 3863 1952 3929 quae
1971 3850 2372 3907 attribuuntur
2391 3850 2643 3920 animae;

214 3918 477 3993 aliquam
507 3919 668 3976 enim
699 3919 1174 3990 complexionem
1206 3919 1511 3982 babentes,
1545 3926 1610 3976 ut
1632 3921 2015 3989 cholericam,
2046 3919 2118 3976 de
2164 3919 2325 3976 iaculi
2375 3921 2645 3980 irascun-

214 3992 329 4058 tur,
358 3990 780 4048 melancholici
817 4003 959 4047 vero
985 3990 1056 4048 de
1084 3989 1241 4048 sacili
1275 3990 1606 4047 tristantur.
1639 3990 1801 4047 Unde
1844 3996 1904 4047 et
1943 4003 2046 4060 per
2092 3990 2329 4046 casdem
2381 3993 2644 4050 rationes

214 4057 340 4118 haec
370 4061 581 4187 qpinio
614 4060 932 4141 improbari
960 4067 1175 4134 potest,
1203 4074 1311 4131 per
1333 4073 1488 4133 quas
1520 4060 1852 4132 improbata
1878 4066 1973 4118 est
1997 4060 2204 4132 opinio
2249 4059 2561 4119 Alexandri
2587 4066 2649 4120 et

257 4145 320 4188 er
350 4146 384 4187 a
413 4147 428 4186 ι
478 4143 589 4188 uas
613 4144 905 4201 proprias.

213 4141 255 4202 p
286 4146 611 4259 ostegsum
638 4206 727 4259 est
755 4202 914 4258 enim
945 4214 1127 4272 supra
1160 4200 1320 4274 quod
1346 4200 1612 4271 operatio
1643 4201 1858 4258 animm
1883 4198 2232 4272 vegetabilis
2272 4205 2331 4259 et
2377 4203 2644 4275 cognitio

212 4272 511 4330 sensitiva
540 4270 765 4328 excedit
795 4273 1070 4329 virtutem
1102 4272 1452 4344 qualitatum
1482 4272 1805 4328 antivarum
1833 4276 1892 4327 et
1923 4271 2327 4341 passivarum3
2359 4281 2417 4329 et
2459 4274 2647 4330 multo

211 4342 414 4414 magis
444 4341 713 4412 operatio
743 4341 1101 4399 intellectus.
1131 4341 1473 4411 complexio
1501 4348 1696 4398 autem
1721 4345 2003 4400 causatur
2024 4355 2095 4398 ex
2132 4343 2518 4414 qualitatibus
2546 4355 2647 4399 ac·

210 4410 352 4473 tivis
376 4416 439 4473 et
460 4411 744 4486 passivis.
771 4413 906 4471 Non
933 4417 1132 4486 potest
1152 4412 1338 4487 igitur
1376 4413 1714 4486 complexio
1755 4425 1893 4472 esse
1939 4412 2301 4487 principium
2351 4410 2644 4487 operatio-
