3076 5025
1103 338 1237 394 Lm.
1276 340 1351 405 ΙΙ,
1388 338 1541 394 ΟΑΡ.
1577 340 1735 393 xvn.
2526 347 2629 399 {¹9

198 460 449 519 materia
498 464 590 518 est
637 472 746 517 ens
790 458 850 516 in
903 460 1185 529 potentia.
1240 463 1392 531 Ergo
1437 466 1672 530 oportet
1712 460 1871 533 quod
1920 463 2100 531 Deus,
2154 463 2252 534 qui
2307 468 2399 521 est
2449 471 2618 524 actus

194 531 434 659 ἓῐίωυε
465 536 525 586 et
554 544 760 601 purae,
792 530 872 587 sit
890 531 1240 600 simpliciter
1267 545 1337 587 ea
1358 531 1540 601 prior,
1572 536 1631 587 et
1659 544 1762 601 per
1784 544 2163 604 consequens
2193 547 2378 591 causa
2406 534 2620 605 ipsius.

248 615 328 666 on
358 614 505 672 ergo
535 613 662 658 suae
691 599 911 658 actioni
939 602 1421 672 praesupponitur
1452 601 1694 658 materia
1725 616 1799 657 ex
1830 602 2209 659 necessita-te.

263 673 420 738 Item,
454 671 701 728 materia
749 670 937 741 prima
979 671 1182 743 aliquo
1233 670 1413 727 modo
1459 676 1570 739 est,
1615 671 1756 742 quia
1783 676 1874 728 est
1900 685 2008 729 ens
2055 673 2118 728 in
2147 673 2432 743 potentia.
2463 676 2623 734 Deus

197 747 395 799 autem
430 745 524 798 est
566 753 753 798 cansa
778 739 1047 797 omnium
1077 754 1209 812 quae
1253 745 1412 803 sunt,
1444 746 1712 811 utsupra
1741 739 1816 812 (c.
1850 741 1936 822 {5}
1965 747 2276 800 ostensum
2321 749 2431 814 est,
2463 747 2623 804 Deus

197 812 504 892 igiturest
531 824 717 869 causa
739 810 1023 890 ,materiae
1052 810 1279 880 primae,
1310 813 1403 867 cui
1432 811 1601 868 nulla
1637 811 1996 882 praeexist1t3
2023 811 2225 870 divina
2249 814 2433 885 igitur
2460 817 2616 873 actio

194 886 509 941 materiam
538 886 1015 952 praeexistentem
1044 894 1161 939 non
1193 882 1462 953 requirit.

267 954 437 1010 Hanc
460 958 661 1009 autem
705 951 1013 1008 veritatem
1039 950 1242 1009 divina
1289 952 1589 1023 Scriptura
1612 949 1948 1032 confirmat,
1973 952 2181 1010 dicens
2207 970 2226 1010 ε
2252 955 2318 1009 In
2345 957 2629 1026 principio

192 1025 403 1079 mavit
427 1025 575 1079 Deus
600 1022 785 1082 coelm
811 1025 864 1077 et
888 1026 1092 1077 terram
1135 1021 1325 1093 (Gen.‚
1347 1035 1389 1084 1.
1425 1021 1509 1093 1);
1535 1020 1686 1079 nilnl
1715 1034 1875 1079 emm
1906 1031 1999 1080 est
2022 1023 2188 1082 aliud
2217 1037 2417 1082 creare
2445 1040 2623 1098 quam

192 1094 426 1165 absque
456 1093 708 1150 materia
735 1091 1083 1163 praejacente
1111 1092 1338 1165 aliquid
1364 1092 1427 1148 in
1455 1106 1591 1151 esse
1619 1091 1970 1163 producere.

266 1166 353 1220 Ex
376 1164 495 1221 boc
520 1167 718 1221 autem
764 1162 1107 1220 confutatur
1134 1176 1303 1219 error
1340 1163 1722 1234 antiquorum
1748 1161 2266 1242 philosophorum,
2307 1166 2409 1236 qui
2439 1179 2620 1235 pone-

192 1233 343 1296 bant
366 1233 631 1291 materiae
668 1233 916 1291 omnino
952 1232 1177 1290 nullam
1206 1246 1451 1290 causam
1481 1247 1640 1300 esse,
1670 1246 1744 1290 eo
1772 1232 1952 1304 quod,
1982 1247 2046 1290 m
2070 1234 2407 1292 actionibus
2443 1236 2622 1307 parti·

196 1304 496 1362 cularium
547 1303 872 1375 agentium,
915 1315 1150 1375 semper
1173 1302 1454 1361 videbant
1496 1301 1722 1375 aliquid
1752 1303 1972 1361 actioni
2019 1303 2372 1375 praejacere3
2403 1320 2475 1362 ex
2505 1320 2624 1377 quo

196 1374 546 1446 opinionem
591 1377 976 1445 sumpserunt
1017 1373 1302 1431 omnibus
1347 1386 1752 1436 communem,
1800 1372 1957 1445 quod
1989 1387 2062 1431 ex
2108 1373 2301 1432 nihilo
2347 1375 2495 1431 nihil
2527 1375 2626 1445 flt;

194 1444 360 1517 quod
381 1443 623 1516 quidem
649 1444 713 1500 in
737 1443 1198 1516 particularibus
1227 1444 1546 1525 agentibus
1564 1457 1770 1502 verum
1786 1448 1896 1501 est.
1921 1443 2007 1502 Ad
2038 1444 2399 1502 universalis
2423 1451 2626 1503 autem

198 1515 458 1587 agentis,
485 1513 644 1587 quod
674 1520 766 1571 est
790 1514 976 1572 totius
1006 1527 1140 1572 esse
1162 1520 1440 1582 activum,
1472 1514 1883 1587 cognitionem
1909 1514 2174 1572 nondum
2210 1523 2621 1585 pervenerant,

200 1599 379 1658 quem
410 1584 564 1643 nihil
590 1585 656 1641 in
688 1598 801 1643 sua
829 1584 1062 1642 actione
1104 1597 1565 1656 praesupponere
1613 1597 1862 1644 necesse
1905 1589 2018 1644 est.
2062 1584 2109 1658 (1
2148 1589 2326 1657 part„
2367 1600 2426 1659 q.
2462 1599 2623 1656 ων,

195 1659 312 1716 art.
340 1661 410 1727 ¹3
439 1660 499 1714 et
522 1657 604 1713 De
622 1658 765 1726 pot..
797 1669 861 1728 q.
886 1667 980 1728 111,
1007 1661 1117 1712 art.
1152 1653 1227 1728 l.)

1159 1873 1415 1939 CAPUT
1484 1874 1674 1938 xvu.

626 2048 780 2106 QUOD
836 2052 1083 2100 mano
1126 2052 1247 2099 Non
1302 2053 1414 2099 1381·
1455 2053 1647 2100 HOTUS
1689 2052 1886 2107 moun
1923 2053 2201 2103 mulo-

272 2220 399 2278 noc
427 2223 640 2297 autem·
678 2221 947 2280 ostenso,
996 2216 1381 2298 mani-festum
1430 2215 1708 2290 estquod
1739 2216 1845 2276 Dei
1891 2216 2069 2288 actio,
2112 2231 2245 2290 quae
2267 2222 2362 2277 est
2400 2217 2627 2291 absque

202 2289 455 2371 materia
501 2292 857 2360 praeJacente
883 2291 945 2345 et
987 2291 1212 2345 creatio
1253 2292 1519 2356 vocatur,
1567 2300 1692 2345 non
1743 2288 1826 2346 sit
1867 2293 2067 2346 motus
2113 2301 2310 2361 neque
2351 2290 2626 2359 mutatio,

207 2356 898 2509 ρΐξίιὲῗιῗειὲῑῗίυιιῖῑῗὲῗιὶοἰε
924 2427 1018 2508 yel
1048 2427 1298 2486 mutatio
1324 2433 1415 2486 est
1443 2431 1612 2508 actu-s
1659 2426 2003 2486 exsistentis
2031 2427 2093 2485 in
2124 2429 2388 2510 potentia
2411 2442 2626 2510 secun-

204 2502 342 2559 dum
385 2499 549 2582 quod
596 2497 961 2578 hujusmodi.
995 2500 1057 2554 ln
1087 2498 1198 2557 hac
1241 2504 1439 2556 autem
1471 2503 1706 2556 actione
1749 2510 1871 2556 non
1915 2504 2272 2570 praeexsistit
2312 2499 2537 2572 aliquid
2561 2512 2626 2558 m

201 2577 469 2645 potentia
494 2570 655 2643 quod
685 2570 984 2650 suscipiat·
1003 2568 1319 2637 actionem,
1353 2574 1417 2627 ut
1436 2569 1561 2640 jam
1590 2574 1899 2628 ostensum
1929 2575 2024 2626 est
2052 2568 2126 2642 (c.
2151 2569 2261 2642 ¹6).
2296 2571 2474 2641 igitur
2498 2582 2621 2627 uon

202 2649 293 2702 est
325 2645 524 2700 motus
554 2654 747 2712 neque
779 2646 1048 2697 mutatio.

269 2716 424 2775 Item,
452 2716 715 2769 extrema
754 2715 955 2768 motus
974 2708 1065 2766 vel
1107 2708 1457 2766 mutationis
1512 2707 1734 2766 cadunt
1762 2708 1823 2765 in
1855 2708 2128 2766 eumdem
2184 2708 2453 2766 ordinem
2486 2728 2501 2766 ε
2529 2712 2623 2768 vel

200 2780 678 2912 ἓῗῑὲιῗεῖἓὶὶέὣὲ
699 2778 1671 2908 tt⁰sezttsffi⁵ttttt⁰ttttsts
1690 2782 1810 2906 ἕλξω
1843 2779 2627 2920 “ξῗῑέ“οέ“έ,’ὲὲᾏέὲὲξὲῗῖξέ

204 2938 322 2982 una
347 2922 614 2994 potentia
642 2922 924 2988 materiae,
949 2924 1012 2978 ut
1040 2919 1292 2991 privatio
1318 2925 1377 2976 et
1404 2917 1596 2976 forma
1625 2890 2103 2990 in'generatione
2133 2925 2192 2976 et
2216 2920 2620 2991 corruptione.

203 2997 487 3052 Neutrum
516 2996 715 3050 autem
758 2996 955 3062 potest
982 2990 1099 3048 dici
1128 2990 1192 3047 in
1240 2988 1574 3057 creatione;
1615 2990 1880 3060 potentia
1907 2990 2070 3047 enim
2098 2988 2181 3048 ibi
2211 3002 2334 3047 non
2373 2995 2484 3059 est,
2516 3004 2627 3049 nec

206 3063 429 3136 aliquid
459 3061 725 3133 eiusdem
766 3060 1005 3133 generis
1020 3061 1191 3142 ,quod
1218 3066 1714 3131 praesupponatur
1740 3060 2050 3141 creationi,
2081 3065 2147 3119 ut
2186 3060 2500 3133 probatum
2531 3067 2626 3119 est

206 3134 353 3206 (cap.
392 3131 501 3205 lo).
531 3132 718 3204 Igitur
746 3144 869 3211 non
897 3136 993 3189 est
1013 3131 1097 3188 ibi
1122 3144 1317 3203 neque
1345 3135 1545 3188 motus
1573 3143 1768 3202 neque
1795 3135 2066 3188 mutatio.

270 3207 563 3269 Praeterea,
591 3202 658 3258 in
702 3213 867 3258 omni
917 3202 1247 3260 mutatione
1291 3202 1383 3257 vel
1429 3206 1617 3271 motu,
1647 3206 1882 3273 oportet
1923 3214 2057 3259 esse
2086 3201 2314 3274 aliquid
2354 3202 2528 3259 aliter
2552 3215 2620 3260 se

204 3275 431 3333 habens
456 3285 618 3329 nunc
660 3284 840 3343 quam
867 3272 1075 3341 prius;
1107 3271 1223 3330 hoc
1248 3271 1408 3329 enim
1447 3272 1646 3341 ipsum
1689 3284 1912 3329 nomen
1942 3272 2295 3330 mutationis
2339 3271 2624 3329 ostendit.

205 3346 306 3404 Ubi
337 3349 540 3403 autem
566 3346 693 3399 tota
720 3341 1058 3399 substantia
1080 3342 1166 3400 rei
1188 3342 1253 3399 in
1275 3354 1412 3400 esse
1436 3340 1805 3422 producitur,
1837 3356 1958 3400 non
1991 3346 2187 3414 potest
2215 3356 2349 3400 esse
2380 3342 2626 3414 aliquod

206 3415 356 3473 idern
388 3414 566 3472 aliter
591 3417 651 3469 et
678 3411 850 3469 aliter
875 3426 941 3469 se
972 3412 1236 3482 habens;
1264 3412 1408 3485 quia
1434 3411 1584 3469 illud
1606 3425 1728 3469 non
1758 3418 1920 3471 esset
1940 3413 2326 3494 productum,
2354 3412 2461 3470 sed
2487 3425 2625 3483 pro-

205 3484 470 3544 ductioni
501 3483 1024 3556 praesuppositum.
1050 3485 1181 3540 Non
1209 3489 1302 3540 est
1328 3495 1472 3553 ergo
1499 3482 1722 3562 creatio
1747 3488 2020 3563 mutatio.

268 3557 489 3619 Adhuc,
522 3559 755 3624 oportet
783 3552 943 3625 quod
974 3558 1173 3611 motus
1213 3553 1306 3608 vel
1337 3558 1588 3609 mutatio
1616 3552 1929 3612 duratione
1954 3553 2247 3625 praecedat
2278 3552 2339 3609 id
2376 3551 2538 3625 quod
2563 3551 2631 3609 nt

204 3641 304 3683 ner
342 3626 745 3691 durationem,
766 3623 857 3679 vel
886 3629 1115 3680 motum
1139 3641 1154 3693 3
1185 3624 1329 3695 quia
1356 3623 1578 3680 sactum
1610 3636 1748 3680 esse
1774 3630 1869 3681 est
1907 3624 2274 3695 principium
2293 3622 2540 3695 quietis,
2568 3628 2630 3680 et

210 3699 494 3755 ,erminus
534 3698 739 3752 motus
765 3712 778 3749 :
811 3693 969 3750 unde
1015 3698 1247 3764 oportet
1291 3706 1531 3752 omnem
1587 3694 1980 3751 mutationem
2035 3707 2171 3752 esse
2229 3697 2478 3761 motum,
2531 3693 2627 3750 vel

204 3768 523 3849 terminum
575 3770 796 3846 motus,
867 3765 929 3822 ui
954 3769 1049 3821 est.
1093 3765 1515 3845 successim-53
1543 3768 1602 3820 et
1626 3764 2010 3847 propter-boc
2035 3762 2198 3837 quod
2225 3761 2440 3820 sitnon
2474 3768 2568 3844 est
2601 3781 2614 3819 :

202 3834 680 3987 sesses
695 3833 1432 3985 sesemet&
1452 3840 1519 3985 εξ
1545 3840 1792 3986 ‚attasi
1821 3848 1930 3987 233
1959 3838 2334 3963 emur
2361 3839 2624 3962 {st-42¹2?

214 3982 357 4037 tione
385 3984 589 4036 autem
614 3987 736 4035 nou
763 3980 958 4046 potest
987 3975 1102 4056 boc
1116 3988 1273 4042 esse,
1298 3988 1443 4055 quia
1460 3989 1517 4055 st
1544 3988 1677 4047 ipsa
1704 3981 1926 4057 creatio
1947 3975 2305 4047 praecederet
2331 3981 2396 4032 ut
2415 3980 2618 4033 motus

208 4049 291 4105 vel
314 4048 594 4113 mutatio,
622 4050 921 4117 oporteret
967 4045 1083 4104 sihi
1112 4050 1401 4118 praestttul
1432 4046 1676 4118 aliquod
1705 4046 2060 4118 subjectum,
2091 4046 2252 4118 quod
2282 4050 2377 4103 aet
2412 4050 2625 4103 contra

203 4119 521 4177 creationis
550 4116 860 4174 rationem.
893 4115 1164 4175 creatio·
1217 4117 1331 4173 ‘tur
1350 4128 1472 4173 non
1497 4121 1590 4174 est
1608 4123 1832 4187 motus,
1850 4130 2044 4190 neque
2065 4115 2336 4174 mutatio.
2369 4113 2416 4188 (1
2449 4121 2622 4187 part„

203 4202 433 4335 sptxrivs
463 4191 580 4247 art.
600 4191 658 4256 2,
688 4187 761 4245 ad
789 4191 847 4258 2,
876 4192 938 4246 et
963 4191 1029 4258 ὃς
1058 4191 1119 4246 et
1212 4187 1384 4250 sent„
1410 4185 1549 4245 dist.
1583 4190 1635 4258 ι,
1667 4201 1725 4261 q.
1748 4199 1792 4258 1,
1823 4192 1933 4246 art.
1968 4191 2038 4258 23
2066 4192 2127 4246 et
2150 4190 2229 4246 De
2259 4189 2402 4260 pot„
2436 4202 2499 4260 q.
2535 4198 2626 4255 m,
