3076 5025
348 228 453 285 {44
1204 217 1340 277 LIB.
1378 219 1452 287 11,
1490 219 1651 276 CAP.
1687 218 1906 275 XXXVI.

344 348 511 417 bant,
544 343 895 404 deciderunt
923 342 986 401 in
1013 354 1299 410 errorem,
1326 346 1396 399 ut
1418 344 1715 413 ponerent
1736 340 2038 399 infinitum
2065 341 2130 400 in
2172 340 2556 414 corporibus;
2607 346 2669 401 et
2695 341 2780 403 si-

338 415 656 479 militerin
682 413 1074 498 productione
1102 412 1289 471 totius
1315 420 1626 481 creaturae,
1671 418 1838 470 extra
1878 425 2062 486 quam
2110 424 2234 470 non
2283 417 2378 493 est
2423 418 2683 484 tempus,
2715 418 2779 472 et

344 501 484 548 cum
514 500 635 561 qua
652 485 834 545 simul
862 491 1101 556 tempus
1128 481 1499 556 producitur,
1529 495 1654 540 non
1682 487 1773 541 est
1801 481 2160 541 attendenda
2187 487 2341 541 ratio
2369 496 2561 565 quare·
2583 496 2781 555 nunc,

345 564 406 617 et
431 570 555 616 non
582 557 772 629 prius,
800 561 866 613 ut
896 569 1003 628 per
1026 555 1143 612 hoc
1170 552 1460 612 ducamur
1485 552 1561 611 ad
1586 551 2030 612 concedendam
2059 552 2347 625 temporis
2393 552 2778 624 infinitatem,

344 629 451 711 sed
480 628 679 711 solum
707 640 892 702 quare
917 638 1042 684 non
1067 636 1322 696 semper,
1353 623 1448 680 vel
1490 637 1677 697 quare
1720 629 1859 696 post
1906 637 2028 684 non
2072 637 2210 682 esse
2237 623 2331 682 vel
2372 637 2512 682 cum
2564 624 2772 698 aliquo

386 713 538 758 rinci
584 712 665 757 io.

344 713 383 773 p
411 770 501 828 Ad
529 713 645 827 ffoc
663 772 863 827 autem
891 765 1316 846 inquirendum
1345 770 1515 824 sexta
1530 764 1696 847 ,ratio
1726 764 2124 838 inducebatur
2147 780 2219 823 ex
2272 769 2440 838 parte
2476 764 2772 849 finis‚‚m‚li

345 840 518 901 solus
544 839 829 898 inducere
857 841 1055 909 potest
1083 839 1500 894 necessitatem
1525 849 1592 894 in
1622 837 1719 896 his
1747 849 1880 909 quae
1926 836 2231 895 voluntate
2272 840 2554 911 aguntur.
2603 839 2774 896 Finis

345 916 548 970 autem
576 910 795 969 divina)
822 906 1149 967 voluntatis
1174 919 1296 966 non
1336 911 1534 978 potest
1577 920 1714 967 esse
1759 907 1881 966 nisi
1929 906 2061 990 ejus
2103 906 2363 966 bonitas.
2393 909 2522 966 Non
2570 912 2771 967 autem

344 981 470 1054 agit
498 985 740 1053 propter
767 980 929 1039 hunc
956 977 1137 1037 finem
1160 976 1611 1050 producendum
1644 977 1704 1037 in
1734 990 1893 1049 esse,
1923 982 2083 1036 sicut
2106 977 2320 1036 artifex
2353 977 2479 1051 agit
2527 985 2774 1061 propter

344 1051 836 1111 constitutionem
866 1047 1186 1118 artificiati‚
1215 1061 1352 1107 cum
1394 1047 1635 1108 bonitas
1681 1046 1814 1121 ejus
1855 1048 1935 1107 sit
1982 1054 2205 1108 aeterna
2245 1054 2306 1107 et
2349 1048 2772 1119 immutabilia,

340 1122 428 1182 ita
473 1136 547 1181 ue
576 1127 636 1181 et
663 1120 815 1179 nihil
843 1133 1187 1179 accrescere
1215 1123 1431 1190 potest.
1465 1121 1585 1177 Nec
1608 1119 1788 1179 etiam
1809 1125 2007 1192 potest
2024 1118 2165 1189 dici,
2186 1117 2346 1195 quod
2374 1124 2615 1192 propter
2634 1120 2774 1192 ejus

340 1207 440 1251 me
467 1192 822 1252 iorationem
852 1193 1012 1250 Deus
1040 1195 1198 1263 agat.
1229 1192 1350 1248 Nec
1374 1189 1556 1272 etiam
1579 1190 1705 1272 agit
1741 1195 1981 1271 propter
2019 1190 2178 1249 hunc
2223 1189 2404 1272 tinem
2452 1190 2773 1272 acquiren-

343 1264 489 1323 dum
504 1263 645 1332 sibi,
666 1262 824 1321 sicut
848 1275 954 1319 rex
975 1265 1221 1333 pugnat,
1252 1267 1319 1320 ut
1342 1267 1613 1334 acquirat
1640 1265 1958 1320 civitatem.
1992 1263 2124 1333 lpse
2153 1273 2314 1319 emm
2344 1266 2437 1320 est
2459 1273 2574 1320 sua
2599 1260 2771 1321 boni-

340 1338 460 1393 taS.
491 1336 696 1393 Restat
721 1332 907 1414 igitur
933 1331 1092 1405 quod
1117 1335 1258 1413 agat
1281 1338 1523 1403 propter
1546 1330 1747 1402 finem,
1776 1331 1843 1414 in
1871 1337 2176 1413 ,quantum
2208 1330 2502 1414 ‚effectum
2544 1331 2765 1404 produ-

340 1404 428 1464 cit
453 1404 528 1464 ad
555 1405 765 1477 pattici
811 1404 1071 1462 ationem
1099 1401 1263 1459 finis.
1291 1404 1357 1460 In
1388 1400 1776 1474 producendo
1804 1407 1987 1476 igitur
2029 1416 2126 1462 res
2170 1416 2260 1461 sic
2295 1401 2764 1484 propterfinem.

340 1474 668 1534 uniformis
696 1474 774 1532 lia
816 1473 984 1531 itudo
1010 1471 1150 1530 finis
1184 1471 1256 1530 ad
1286 1476 1562 1546 agentem
1594 1487 1718 1532 non
1747 1478 1840 1532 est
1865 1472 2302 1532 consideranda
2328 1479 2398 1531 ut
2446 1478 2597 1532 ratio
2622 1486 2762 1547 ope·

341 1545 429 1605 ris
455 1544 826 1617 sempiterni,
851 1542 958 1601 sed
988 1542 1184 1615 magis
1211 1547 1303 1601 est
1331 1542 1603 1602 addenda
1631 1542 1920 1604 habitudo
1948 1543 2089 1603 finis
2116 1543 2192 1603 ad
2229 1542 2529 1615 effectum,
2548 1544 2657 1626 qui
2684 1544 2762 1604 si:

337 1620 584 1688 propter
606 1614 809 1683 finem,
840 1618 906 1672 ut
932 1613 1131 1673 taliter
1156 1613 1521 1684 producatur
1554 1612 1825 1682 effectus,
1883 1615 2141 1688 qualiter
2184 1614 2641 1674 convenientius
2669 1626 2759 1674 or·

342 1685 585 1744 dinetur
610 1684 688 1744 ad
715 1683 897 1743 tinem
927 1701 942 1741 z
973 1683 1133 1742 unde
1161 1697 1268 1756 per
1297 1685 1412 1743 hoc
1483 1686 1599 1743 uod
1628 1685 1769 1744 finis
1801 1685 2178 1744 uniformiter
2204 1700 2272 1746 se
2291 1686 2470 1745 habet
2497 1685 2571 1744 ad
2590 1699 2764 1758 agen·

339 1760 484 1826 tem,
515 1768 639 1814 non
666 1760 865 1829 potest
889 1753 1191 1825 concludi,
1260 1755 1376 1812 uod
1405 1770 1438 1812 e
1487 1761 1656 1814 ectus
1680 1757 1762 1814 sit
1788 1756 2214 1828 sempiternus.

412 1830 534 1886 Nec
578 1832 671 1885 est
714 1825 1124 1884 necessarium
1177 1839 1209 1882 e
1253 1830 1454 1906 ectum
1500 1826 1770 1885 divinum
1813 1840 2052 1899 semper
2103 1826 2315 1892 fuisse,
2371 1832 2612 1900 propter
2650 1826 2762 1886 boc

339 1895 2775 2027 atttrzssaetii023ats23{egitania{¹iamsi150ptimfl052‘130r23511555

341 2050 582 2110 semper
608 2009 821 2119 fu’isse.
854 2038 1044 2119 Omne
1071 2036 1243 2118 enim·
1342 2051 1451 2095 ens
1479 2037 1816 2121 producens
1842 1984 2122 2120 aefectssm
2150 2038 2212 2096 in
2250 1984 2773 2168 gaffticipationem

338 2122 469 2167 suae
491 2108 720 2176 sormae,
744 2107 1002 2166 intendit
1029 2121 1093 2165 in
1124 2120 1196 2167 eo
1226 2120 1289 2165 in
1337 2123 1510 2166 ucere
1540 2123 1710 2167 suam
1742 2110 2224 2168 similitudinem.

337 2178 635 2237 voluntati
672 2178 1057 2260 conveniens·
1085 2176 1201 2259 suit
1241 2179 1321 2259 in.
1352 2179 1819 2260 suebonitatis
1869 2180 2383 2252 participationem
2431 2185 2773 2240 creaturam

336 2248 691 2321 producere,
754 2254 818 2306 ut
860 2262 975 2307 sua
1006 2247 1404 2307 similitudine
1450 2250 1714 2309 divinam
1757 2250 2085 2310 bonitatem
2130 2256 2604 2323 repraesentaret.
2634 2253 2775 2311 Non

337 2323 542 2378 autem
582 2324 780 2391 potest
820 2333 957 2378 esse
1003 2319 1143 2378 talis
1205 2321 1655 2392 repraesentatio
1720 2335 1828 2394 per
1887 2321 2133 2380 modum
2174 2321 2558 2403 aequalitatis,
2606 2321 2773 2381 sicut

339 2387 590 2449 effectus
619 2390 912 2448 univocus
941 2403 1113 2449 suam
1137 2403 1385 2448 causam
1422 2397 1830 2463 repraesentat,
1859 2398 1926 2450 ut
1948 2391 2039 2451 sic
2084 2396 2356 2464 oporteat
2406 2391 2482 2450 ab
2533 2390 2775 2450 infinita

335 2460 606 2521 bonitate
646 2465 904 2520 aeternos
930 2459 1178 2520 effectus
1204 2461 1475 2533 produci,
1506 2462 1613 2521 sed
1643 2462 1801 2522 sicut
1842 2463 2136 2523 excedens
2182 2466 2644 2536 repraesentatur
2690 2462 2770 2539 ab

339 2545 412 2590 eo
439 2532 601 2606 quod
627 2532 932 2590 exceditur
954 2550 968 2601 ;
999 2545 1286 2591 excessus
1311 2538 1506 2591 autem
1540 2533 1754 2593 divinae
1778 2533 2065 2593 honitatis
2093 2547 2279 2606 supra
2303 2538 2635 2593 creaturam
2662 2547 2773 2606 per

338 2602 455 2661 hoc
478 2602 737 2660 maxime
762 2602 1111 2674 exprimitur
1133 2602 1294 2676 quod
1322 2609 1609 2664 creaturae
1637 2619 1760 2663 non
1789 2618 2027 2677 semper
2053 2605 2333 2674 fuerunt3
2362 2619 2437 2664 ex
2462 2606 2578 2665 hoc
2603 2605 2772 2664 enim

338 2680 584 2746 apparet
616 2686 897 2745 expresse
925 2674 1087 2746 quod
1140 2673 1349 2732 omnia
1373 2673 1513 2743 alia,
1543 2681 1756 2747 praeter
1792 2676 2013 2746 ipsum,
2041 2689 2180 2734 eum
2226 2674 2451 2734 habent
2491 2675 2588 2734 sui
2629 2688 2774 2734 esse

337 2750 661 2813 auctorem,
691 2749 749 2801 et
775 2743 938 2816 quod
965 2744 1153 2802 virtus
1178 2744 1309 2816 ejus
1339 2758 1460 2802 non
1488 2745 1790 2819 obligatur
1819 2746 1894 2805 ad
1937 2745 2285 2819 hujusmodi
2332 2746 2582 2805 effectus
2624 2759 2766 2819 pro-

336 2813 645 2872 ducendos
667 2813 829 2871 sicut
854 2819 1068 2873 natura
1093 2814 1169 2873 ad
1196 2813 1445 2873 effectus
1474 2816 1816 2887 naturales;
1847 2821 1906 2874 et
1923 2830 2030 2888 per
2055 2829 2435 2891 consequens
2469 2816 2628 2890 quod
2674 2820 2775 2876 est

332 2884 640 2964 voluntate
666 2896 858 2955 agens
871 2889 931 2942 et
960 2883 1325 2958 intelligens.
1357 2886 1624 2954 Quorum
1647 2887 1950 2947 contraria
1968 2888 2214 2961 quidam
2231 2892 2579 2961 posuerunt,
2597 2891 2769 2946 aeter-

332 2957 583 3011 nitatem
610 2958 1015 3013 creaturarum
1042 2961 1472 3026 supponentes.

331 3022 817 3166 poffiissrgggzugffx
841 3029 1010 3098 parte
1035 3026 1273 3099 agentis
1300 3025 1454 3085 nihil
1482 3030 1577 3086 est
1601 3028 1763 3101 quod
1789 3028 2182 3090 aeternitatem
2208 3032 2613 3089 creaturarum
2645 3040 2769 3088 nos

2293 2110 2310 2167 i
2339 2109 2522 2182 igitur
2548 2108 2772 2170 divinae

1273 3264 1529 3331 CAPUT
1565 3266 1833 3332 xxxvl.

606 3435 846 3485 sommo
866 3434 1172 3484 uriom
1204 3437 1566 3486 sumntum
1585 3438 1668 3485 Ex
1702 3438 1894 3485 PARTE
1919 3439 2122 3490 mult
2155 3441 2488 3491 neuma.

378 3571 687 3653 ‚Similiter
708 3572 889 3630 etiam
916 3586 1029 3632 nec
1057 3587 1130 3632 ex
1154 3579 1320 3646 parte
1344 3580 1632 3634 creaturae
1659 3581 1754 3633 est
1779 3576 2007 3652 aliquid
2036 3580 2199 3652 quod
2223 3594 2341 3640 nos
2367 3581 2444 3639 ad
2456 3580 2587 3654 ejus
2600 3586 2771 3642 aeter·

329 3645 578 3701 nitatem
610 3642 949 3723 ponendam
974 3643 1048 3701 de
1074 3645 1433 3704 necessitate
1460 3645 1726 3704 inducat.

401 3714 742 3772 Necessitas
765 3714 929 3772 enim
958 3715 1199 3773 essendi
1229 3730 1362 3789 quae
1388 3717 1452 3775 in
1479 3716 1772 3776 creaturis
1796 3717 2099 3779 invenitur
2147 3735 2221 3780 ex
2248 3734 2370 3794 qua
2388 3721 2585 3793 prima
2610 3719 2765 3781 rat'io

322 3783 607 3865 sumitur.
632 3788 727 3843 est
753 3785 1086 3866 necessitas
1099 3786 1365 3868 ordinis,
1390 3792 1459 3869 ut
1484 3786 1551 3869 in
1576 3788 2053 3859 praecedentibus
2082 3763 2158 3865 (c.
2186 3791 2277 3864 30)
2307 3796 2401 3850 est
2425 3798 2764 3852 ostensum.

325 3854 668 3913 Necessitas
694 3860 894 3913 autem
915 3855 1149 3916 ordinis
1176 3869 1302 3916 non
1318 3862 1480 3930 cogit
1506 3871 1730 3930 ipsum,
1760 3860 1858 3919 cni
1884 3861 2022 3920 talis
2045 3861 2205 3920 inest
2224 3862 2582 3934 necessitas,
2605 3877 2768 3922 sem-

326 3934 435 3995 per
462 3923 672 3993 fuisse,
704 3929 770 3983 ut
796 3931 1106 3985 ostensum
1133 3932 1226 4010 est
1253 3940 1439 4056 sagra
1462 3926 1538 4001 (c.
1569 3932 1642 3988 30
1676 3930 1839 4004 ctat)
1866 3948 1882 4001 3
1905 3931 2045 3990 licet
2062 3932 2224 3991 enim
2244 3932 2586 3992 substantia
2602 3935 2765 4005 coeli,

369 4006 436 4050 er
467 3991 581 4050 hoc
610 3994 771 4067 quod
797 4001 961 4055 caret
988 4002 1255 4068 potentia
1282 4012 1317 4057 a
1402 4010 1533 4058 non
1557 4013 1717 4074 esse,
1756 4001 1971 4061 haheat
2016 4003 2438 4062 necessitatem
2486 4004 2564 4063 ad
2603 4018 2764 4076 esse,

367 4076 456 4144 pec
484 4067 683 4147 tame-n
712 4067 1047 4151 necessitas
1077 4081 1198 4126 non
1225 4067 1501 4151 sequitur
1547 4069 1680 4143 ejus
1718 4071 2137 4153 substantiam.
2193 4072 2378 4144 Unde,
2423 4075 2770 4134 substantia

327 4145 458 4213 ejus
481 4147 607 4215 Jam
632 4148 697 4192 in
723 4149 859 4196 esse
889 4144 1187 4210 instituta,
1218 4139 1360 4198 talis
1390 4142 1724 4201 necessitas
1753 4143 2331 4215 impotentialitatem
2360 4158 2486 4204 non
2519 4146 2766 4205 essendi

325 4202 579 4284 iuducit,
603 4217 725 4263 non
753 4214 952 4266 autem
980 4207 1124 4267 fecit
1151 4222 1286 4269 esse
1315 4210 1696 4283 impossibile
1723 4213 1938 4273 coelum
1971 4227 2096 4274 non
2123 4228 2282 4290 esse,
2310 4216 2377 4275 in
2416 4216 2767 4279 considera-

325 4277 491 4332 tione
514 4288 633 4357 qua
656 4275 854 4349 agitur
882 4278 954 4336 de
982 4281 1377 4351 productione
1406 4282 1761 4342 substantiae
1794 4284 2010 4357 ipsius.

397 4344 684 4408 Similiter
707 4347 888 4410 etiam
913 4348 1106 4411 virtus
1134 4352 1377 4413 essendi
1407 4365 1667 4428 semper,
1691 4368 1764 4415 ex
1775 4368 1895 4429 qua
1920 4357 2279 4431 procedebat
2298 4357 2564 4421 secunda
2582 4357 2764 4429 ratio,
