3076 5025
351 256 472 312 -142
1255 247 1389 305 LIB.
1430 250 1503 316 11,
1545 249 1700 304 CAP.
1735 247 1927 304 XXXV.

317 371 1153 515 x123⁰3¹0¹i¹2313¹3¹33322¹¹3¹1i¹
1171 369 2820 515 3335001’022‘3‘liltttss-⁸z⁶utt¹t¹i¹·0iii&imita

366 521 604 590 oportet
629 486 807 573 eti'am
832 520 892 571 et
915 514 1030 572 hoc
1058 528 1133 572 ex
1157 513 1279 571 alio
1306 511 1455 569 fieri.
1488 513 1620 569 Non
1650 515 1842 582 potest
1868 484 2074 569 'autem
2104 509 2220 568 hoc
2251 511 2313 568 in
2349 510 2652 578 infinitum
2683 527 2822 584 pro·

367 586 603 655 cedere,
635 585 778 658 quia
808 584 899 643 sic
946 583 1113 642 nulla
1150 582 1464 665 generatio
1492 581 1914 662 compleretur,
1943 595 2081 640 cum
2111 594 2234 663 non
2275 581 2366 662 *sit
2405 583 2699 653 possibile
2731 583 2820 640 in·

367 657 539 715 finita
567 656 846 713 transire.
875 656 1119 726 Oportet
1146 655 1331 727 igitur
1354 652 1632 710 devenire
1661 651 1732 710 ad
1765 651 2008 724 aliquod
2037 665 2393 723 principium
2418 653 2577 725 quod
2602 655 2820 712 nonsit

356 729 617 786 iactum.
661 726 849 784 Omne
905 731 1104 784 autem
1150 737 1261 782 ens
1292 722 1451 797 quod
1491 735 1614 781 non
1652 735 1891 794 semper
1933 721 2068 792 fuit,
2100 728 2329 794 oportet
2376 737 2511 781 esse
2573 722 2814 782 sactum.

318 770 339 816 Χ
369 800 527 871 Ergo
569 801 804 869 oportet
849 794 995 854 illud
1038 810 1113 853 ex
1160 806 1282 868 quo
1328 793 1534 852 omnia
1582 793 1776 865 primo
1826 791 1996 862 fiunt,
2027 806 2164 851 esse
2193 792 2647 874 sempiternum.
2679 796 2814 875 ,Ηοο

369 876 573 927 autem
600 880 720 925 non
753 870 848 924 est
868 869 1049 935 DeuS,
1073 865 1216 937 quia
1252 865 1384 937 ipse
1431 876 1555 921 non
1584 868 1782 934 potest
1828 875 1965 921 esse
2010 864 2259 921 materia
2305 864 2564 936 altquus
2605 879 2716 929 rei,
2754 868 2822 922 ut

370 938 496 1010 (l.1,
517 955 570 996 c.
606 938 694 1010 17)
727 936 1041 1008 probatum
1069 941 1181 994 est.
1219 934 1595 1016 Relinquitur
1641 934 1826 1007 igitur
1851 932 2028 1021 quod,
2049 933 2276 1008 aliquid
2316 939 2482 994 extra
2510 937 2701 993 Deum
2740 934 2822 994 sit

369 1014 683 1078 aeternum,
711 1006 944 1067 scilicet
968 1007 1159 1078 prima
1190 1012 1460 1065 materia.

439 1079 721 1150 Amplius,
749 1077 804 1136 si
834 1076 1061 1149 aliquid
1109 1090 1230 1135 non
1282 1089 1351 1135 se
1379 1074 1559 1133 habet
1585 1074 1795 1134 eodem
1831 1073 2015 1134 modo
2057 1089 2220 1134 nunc
2266 1080 2326 1133 et
2358 1075 2547 1148 prius,
2580 1081 2822 1148 oportet

368 1148 522 1208 illud
552 1161 688 1207 esse
717 1147 1063 1221 aliqualiter
1084 1152 1399 1206 mutatum.
1429 1148 1554 1204 Hoc
1580 1147 1742 1204 enim
1772 1152 1864 1205 est
1893 1148 2140 1215 moveri,
2161 1159 2283 1204 non
2308 1146 2518 1205 eodem
2549 1146 2734 1205 modo
2754 1160 2821 1205 se

371 1232 536 1278 nunc
558 1224 618 1277 et
643 1217 811 1291 prius
839 1217 1078 1277 habere.
1109 1219 1298 1277 Omne
1326 1222 1525 1276 autem
1566 1216 1728 1290 quod
1756 1215 1828 1275 de
1857 1230 2014 1276 novo
2038 1216 2249 1289 incipit
2275 1230 2432 1288 esse,
2463 1230 2585 1275 non
2608 1217 2823 1276 eodem

370 1289 556 1350 modo
602 1302 669 1347 se
703 1289 882 1347 habet
927 1301 1089 1347 nunc
1130 1294 1188 1346 et
1226 1288 1432 1361 prius;
1483 1293 1716 1358 oportet
1762 1287 1948 1360 igitur
1990 1287 2107 1346 hoc
2156 1301 2263 1360 per
2290 1287 2554 1368 aliquem
2589 1293 2822 1369 motum

372 1359 646 1419 accidere
698 1360 793 1417 vel
837 1359 1249 1417 mutationem.
1302 1358 1513 1416 Omnis
1556 1363 1754 1416 autem
1801 1363 2003 1416 motus
2052 1357 2144 1415 vel
2195 1363 2447 1416 mutatio
2504 1358 2564 1415 in
2614 1359 2820 1431 aliquo

362 1430 648 1503 ⁴subjecto
677 1434 770 1488 est
794 1447 810 1494 ς
840 1435 934 1487 est
960 1430 1120 1487 enim
1148 1435 1318 1488 actus
1342 1428 1606 1486 mobilis.
1638 1429 1784 1485 Cum
1812 1434 2010 1486 autem
2035 1436 2234 1486 motus
2263 1428 2342 1485 sit
2369 1428 2537 1500 prius
2565 1442 2637 1486 eo
2657 1427 2819 1502 quod

359 1500 441 1558 itt
486 1513 594 1572 per
636 1504 865 1557 motum
887 1498 1049 1571 (cum
1091 1498 1165 1557 ad
1210 1500 1325 1556 hoc
1370 1498 1767 1571 terminetur),
1798 1504 2033 1570 oportet
2087 1504 2224 1557 ante
2253 1498 2559 1571 quodlibet
2594 1498 2816 1558 sactum

373 1570 757 1651 praeexistere
796 1569 875 1626 ali
923 1569 1041 1628 uod
1087 1569 1421 1639 subjectum
1470 1568 1727 1637 mobile;
1760 1575 1838 1637 et,
1869 1582 2004 1626 cum
2033 1570 2149 1628 hoc
2175 1583 2295 1626 non
2327 1569 2406 1627 sit
2428 1568 2722 1650 possibile
2751 1569 2822 1627 ln

373 1639 678 1698 infinitum
702 1651 883 1720 proce
927 1654 1048 1709 ere,
1068 1653 1107 1698 o
1150 1645 1304 1697 ortet
1323 1638 1602 1719 devenire
1631 1638 1707 1697 ad
1735 1639 1996 1712 aliquem
2017 1640 2277 1712 primum
2306 1639 2663 1712 subiectum,
2694 1651 2820 1700 non

376 1710 452 1769 de
484 1723 641 1769 novo
671 1709 994 1782 incipiens,
1025 1723 1057 1768 s
1154 1724 1394 1780 semper
1417 1715 1704 1767 existens.

444 1779 666 1844 Adhuc,
697 1793 877 1839 omne
904 1780 1067 1853 quod
1095 1780 1168 1839 de
1198 1793 1355 1838 novo
1386 1793 1524 1860 esse
1554 1778 1783 1851 incipit,
1814 1785 2135 1853 antequam
2160 1786 2342 1850 esset,
2373 1780 2667 1851 possibile
2694 1785 2824 1839 erat

373 1850 576 1922 ipsum
628 1864 784 1909 esse.
812 1850 872 1909 Si
923 1850 1085 1909 euim
1132 1864 1255 1908 non
1282 1850 1576 1922 possibile
1628 1855 1758 1908 erat
1799 1850 1998 1921 ipsum
2042 1864 2201 1920 esse,
2232 1865 2482 1909 necesse
2525 1856 2654 1908 erat
2696 1863 2819 1910 non

377 1934 516 1979 esse
581 1924 644 1978 et
690 1920 782 1979 sic
810 1934 1048 2001 semper
1076 1921 1293 1979 fuisset
1338 1933 1463 1978 non
1507 1934 1638 1988 ens,
1673 1925 1734 1977 et
1772 1933 2082 1993 nunquam
2125 1934 2266 1980 esse
2309 1921 2656 1993 incepisset.
2705 1921 2822 1980 Sed

377 1963 539 2064 quod
587 1995 683 2049 est
809 1992 1021 2050 ssibile
1046 2004 1205 2059 esse,
1236 1998 1327 2050 est
1356 1990 1690 2071 subjeetum
1729 1992 1999 2072 potentia
2025 2005 2156 2049 ens.
2188 1994 2429 2063 oportet
2469 1993 2653 2065 igitur
2683 1997 2826 2051 ante

420 2060 691 2142 uodlibet
718 2005 806 2143 gg
823 2075 979 2120 novo
1009 2061 1305 2133 incipiens
1330 2067 1712 2142 praeexistere
1740 2062 2073 2134 subjectum
2100 2063 2365 2143 potentia
2399 2075 2549 2132 ens;
2593 2067 2656 2144 et
2684 2075 2824 2122 cum

426 2145 516 2213 oc·
534 2144 600 2188 in
627 2130 930 2190 infinitum
980 2131 1301 2213 procedere
1321 2201 1333 2212 ⁸
1352 2145 1474 2189 non
1504 2136 1719 2203 possit,
1750 2137 1984 2203 oportet
2036 2147 2260 2205 ponere
2287 2132 2530 2206 aliquod
2559 2146 2822 2205 primum

380 2201 717 2271 subjectum
785 2201 905 2260 uod
926 2214 1048 2260 non
1075 2207 1363 2274 inceperit
1389 2214 1526 2260 esse
1555 2202 1628 2260 de
1657 2215 1833 2260 novo.

448 2274 616 2353 iter—nr
649 2217 816 2331 nufla
843 2271 1181 2353 substantia
1215 2285 1576 2345 permanens
1602 2276 1714 2342 est,
1757 2272 1901 2331 dum
1927 2271 2014 2332 fit.
2043 2274 2127 2333 Ad
2156 2274 2273 2354 boc
2299 2274 2458 2332 enim
2487 2272 2556 2331 fit
2598 2278 2666 2332 ut
2693 2274 2776 2333 sit
2805 2290 2823 2329 ε

378 2354 504 2401 non
535 2347 721 2414 igitur
747 2342 935 2412 fleret,
964 2355 1017 2400 si
1040 2357 1163 2415 Jam
1194 2349 1376 2402 esset.
1407 2343 1520 2401 Sed
1552 2341 1693 2400 dum
1722 2342 1807 2413 fii,
1838 2350 2075 2416 oportet
2114 2345 2357 2418 aliquod
2389 2357 2526 2402 esse
2554 2344 2718 2417 quod
2742 2345 2828 2403 sit

380 2411 666 2471 factionis
714 2412 1094 2485 subjeetum:
1136 2425 1261 2473 non
1301 2413 1462 2471 enim
1502 2414 1705 2482 factio,
1734 2427 1870 2472 cum
1911 2414 1993 2473 sit
2042 2415 2344 2485 accidiam,
2375 2415 2508 2473 sine
2548 2415 2826 2487 subjecto

379 2495 517 2542 esse
547 2488 766 2554 potest.
797 2484 986 2543 Omne
1012 2483 1199 2565 igitur
1241 2483 1403 2558 quod
1431 2482 1498 2542 sit
1552 2483 1732 2542 habet
1757 2485 2002 2558 aliquod
2030 2485 2359 2559 subjectum
2433 2486 2826 2556 raeexistens;

379 2558 442 2611 et
468 2567 608 2612 cum
639 2554 843 2613 hocin
874 2555 1176 2613 inlinitum
1217 2555 1305 2613 ire
1335 2567 1459 2613 non
1488 2555 1704 2626 possit,
1736 2556 2010 2629 sequitur
2036 2558 2293 2630 primum
2325 2571 2395 2615 su
2436 2557 2660 2629 jectum
2695 2570 2822 2615 non

380 2636 518 2683 esse
571 2623 814 2693 sactum,
843 2624 950 2683 sed
984 2626 1435 2698 sempiternum.
1467 2627 1552 2683 Ex
1585 2640 1706 2698 quo
1760 2626 2014 2686 ulterius
2043 2628 2316 2701 sequitur
2351 2626 2576 2700 aliquid
2608 2632 2830 2700 praeter

378 2696 577 2821 Deumt
597 2708 735 2754 esse
762 2699 1074 2767 internum,
1101 2710 1243 2755 cum
1284 2697 1418 2769 ipse
1466 2695 1806 2768 subjectum
1835 2697 2116 2756 factionis
2165 2704 2224 2756 et
2261 2703 2464 2757 motus
2510 2712 2648 2758 esse
2694 2711 2826 2757 non

378 2778 548 2824 nossi
581 2807 596 2823 .

384 2903 399 2916 ·
454 2836 553 2893 11ae
607 2835 793 2908 igitur
832 2836 1098 2896 rationes
1138 2843 1310 2908 sunt,
1363 2836 1585 2909 quibus
1630 2836 1841 2910 aliqui,
1869 2843 2156 2911 tanquam
2205 2838 2824 2903 demonstrationibus

377 2905 764 2969 inhaerentes,
783 2905 990 2965 dicunt
1017 2908 1423 2966 necessarium
1445 2920 1581 2966 esse
1602 2921 1701 2966 res
1718 2913 1950 2966 creatas
1973 2920 2209 2981 semper
2228 2910 2440 2980 fuisse,
2454 2910 2517 2967 in
2537 2923 2655 2982 quo
2681 2908 2828 2968 fidei

355 2975 689 3056 -eatbolicae
716 2976 1154 3058 contradicunt,
1183 2992 1317 3051 quae
1354 2978 1522 3050 ponit
1571 2978 1722 3036 nihil
1752 2983 1966 3050 praeter
1992 2981 2178 3041 Deum
2206 2991 2445 3055 semper
2471 2979 2681 3052 tuisse,
2709 2978 2830 3039 sed

383 3056 592 3105 omnia
616 3058 755 3106 esse
779 3059 1038 3120 coepisse
1060 3053 1277 3121 praeter
1299 3061 1490 3108 unum
1511 3050 1704 3108 Deum
1730 3055 2044 3110 aeternum.

1326 3268 1585 3334 CAPUT
1633 3269 1875 3335 XXXV.

556 3445 800 3494 somno
834 3446 1140 3495 nannum(
1171 3448 1363 3496 simu
1407 3448 1762 3510 rosinam,
1798 3451 1877 3498 BT
1920 3452 2104 3500 Panto
2148 3453 2285 3507 mm
2315 3453 2629 3502 sumimur.

1351 3524 1435 3575 EX
1469 3528 1663 3575 turn
1710 3530 1838 3577 nm.

451 3682 498 3740 Ο
542 3684 697 3739 ortet
718 3680 904 3763 igitur
928 3681 1249 3741 ostendere
1300 3684 1648 3756 praemissas
1675 3686 1946 3745 rationes
1990 3700 2114 3746 non
2159 3700 2236 3746 ex
2279 3686 2641 3746 necessitate
2669 3702 2826 3748 con-

378 3748 477 3807 olu
524 3764 645 3821 ere,
674 3753 733 3809 et
756 3765 949 3823 primo
978 3752 1117 3811 illas
1151 3766 1284 3826 quae
1317 3767 1390 3812 ex
1415 3760 1580 3825 parte
1610 3757 1845 3827 agentis
1875 3761 2216 3815 sumuntur.
2241 3759 2371 3816 Non
2387 3759 2549 3816 enim
2577 3764 2827 3831 oportet

379 3820 677 3901 quod-per
704 3833 770 3880 se
799 3823 892 3881 vel
921 3835 1027 3895 per
1077 3823 1360 3882 accidens
1401 3826 1563 3882 Deus
1613 3832 1939 3890 moveatur,
1989 3827 2043 3886 si
2089 3825 2343 3888 effectus
2387 3829 2519 3901 ejus
2547 3828 2622 3888 de
2652 3843 2824 3890 novo

380 3900 519 3947 esse
549 3892 867 3973 incipiunt,
897 3899 963 3951 ut
988 3892 1182 3965 prima
1219 3895 1371 3953 ratio
1398 3894 1777 3967 procedebat.
1810 3896 2055 3957 Novitas
2082 3898 2245 3956 enim
2267 3897 2518 3958 effectus
2546 3899 2828 3961 indicare

378 3961 578 4030 potest
606 3967 997 4041 mutationem
1028 3964 1285 4038 agentis,
1312 3964 1376 4023 in
1407 3972 1698 4038 quantum
1733 3967 2105 4026 demonstrat
2142 3970 2462 4027 novitatem
2497 3971 2758 4031 actionis
2797 3990 2818 4030 t

379 4040 504 4086 non
533 4043 697 4088 enim
726 4038 922 4104 potest
953 4048 1088 4093 esse
1116 4035 1277 4117 quod
1324 4035 1391 4093 in
1438 4042 1657 4109 agente
1697 4038 1776 4096 sit
1816 4051 1972 4097 nova
2014 4038 2193 4108 aetio,
2225 4040 2344 4098 nisi
2394 4041 2599 4114 aliquo
2629 4040 2828 4101 modo

379 4105 713 4168 moveatur,
737 4102 948 4161 saltem
982 4105 1055 4163 de
1091 4110 1217 4164 otio
1247 4118 1310 4163 in
1358 4112 1580 4164 actum.
1631 4107 1876 4166 Novitas
1917 4113 2116 4167 autem
2166 4109 2352 4169 divini
2406 4110 2656 4170 effectus
2687 4124 2826 4171 non

366 4169 754 4239 ,demonstrat
780 4175 1101 4234 novitatem
1127 4174 1386 4235 actionis
1413 4176 1478 4234 in
1506 4181 1650 4249 Deo,
1677 4192 1816 4237 cum
1851 4178 2011 4237 aetio
2038 4193 2152 4239 sua
2172 4181 2254 4238 sit
2278 4194 2392 4240 sua
2420 4182 2708 4250 essentia,
2741 4187 2820 4240 ut

364 4253 562 4323 :supra
591 4246 903 4323 ostensum
935 4251 1026 4303 est
1054 4247 1117 4318 (l.
1142 4260 1188 4316 1,
1218 4261 1272 4311 c.
1309 4245 1425 4320 45).
1457 4247 1622 4308 Unde
1650 4262 1843 4321 neque
1871 4250 2109 4311 novitas
2136 4249 2386 4311 effectus
2412 4251 2822 4311 mutationem

379 4311 487 4370 Dei
520 4317 756 4385 agentis
779 4312 1186 4375 demonstrare
1211 4322 1431 4390 potest.

449 4383 571 4447 Neo
613 4387 811 4445 tamen
864 4391 1099 4461 oportet
1137 4387 1322 4463 quod,
1348 4387 1405 4450 si
1429 4388 1609 4465 primi
1633 4389 1872 4467 agentis
1900 4390 2058 4454 actio
2084 4391 2170 4453 sit
2210 4397 2455 4465 aeterna,
2481 4390 2648 4465 quod
2673 4391 2824 4466 ejus
