3076 5025
962 356 1093 411 LIB.
1132 356 1221 417 IV,
1264 356 1416 411 CAP.
1459 356 1691 412 LXXXV.
2445 361 2540 423 631

149 491 177 535 u
222 491 289 534 se
329 475 742 545 terminabilis,
790 476 901 535 sed
947 476 1146 535 solum
1191 477 1444 534 termino
1473 476 1673 534 alieno
1700 476 2071 535 terminatur.
2103 480 2236 536 Non
2266 484 2356 537 est
2393 492 2541 551 ergo

149 547 397 605 ossibile
436 547 595 619 quod
634 560 854 617 corpus
892 546 1155 605 hominis
1183 547 1551 619 resurgentis
1590 548 1669 605 sit
1698 561 1903 605 aerum
1942 548 2034 605 vel
2077 549 2271 606 ventis
2308 549 2534 606 simile.

182 621 466 679 Praeterea,
506 630 727 688 corpus
775 616 1040 676 hominis
1082 618 1448 691 resurgentis
1476 623 1712 689 oportet
1737 631 1872 675 esse
1902 618 2207 685 tactivum,
2237 619 2378 690 quia
2410 618 2544 678 sine

148 695 273 747 actu
314 688 545 745 nullum
593 692 687 745 est
729 688 947 746 animal
980 706 994 745 ε
1042 695 1275 760 oportet
1303 694 1498 746 autem
1532 694 1598 745 ut
1625 692 1950 759 resurgens
1979 689 2058 746 sit
2086 689 2332 755 animal,
2364 690 2416 746 si
2463 689 2541 747 sit

147 772 316 817 tomo.
363 759 589 829 Corpus
611 762 810 816 autem
836 772 1076 816 aereum
1114 771 1235 817 non
1266 764 1459 829 potest
1489 772 1628 817 esse
1654 758 1936 817 tactivum
1965 758 2125 817 sicut
2153 773 2265 817 nec
2293 759 2372 817 ali
2420 758 2540 818 uod

148 841 332 899 orpus
364 828 635 898 simplex,
660 842 845 900 quum
876 833 1148 900 oporteat
1170 843 1413 899 corpus,
1444 843 1550 899 per
1577 828 1736 901 quod
1765 828 1833 887 nt
1862 833 2078 896 tactus,
2109 842 2246 888 esse
2275 844 2372 886 me
2418 831 2541 889 ium

147 903 264 957 nter
292 899 609 971 qualitates
632 898 974 972 tangibiles,
1004 905 1070 957 ut
1098 900 1178 958 sit
1197 899 1642 971 quodammodo
1660 899 1724 957 in
1752 899 2017 970 potentia
2042 898 2118 957 ad
2146 912 2271 965 eas,
2305 905 2371 956 ut
2406 900 2543 958 Phi·

147 968 401 1040 >sophus
458 970 665 1040 probat
710 969 772 1024 in
825 969 1093 1027 secundo
1147 970 1298 1028 libro
1351 973 1428 1025 De
1476 972 1666 1025 anima
1702 969 1843 1041 (text
1900 982 2057 1027 com.
2091 975 2184 1028 tu
2224 975 2282 1026 et
2331 970 2532 1042 infra).

147 1038 617 1167 ffif'gsvifflggeffl
648 1038 832 1112 igitur
877 1039 1038 1112 quod
1076 1052 1297 1111 corpus
1345 1040 1612 1097 hominis
1661 1041 2032 1112 resurgentis
2081 1040 2158 1097 sit
2207 1053 2449 1098 aereum
2479 1046 2536 1097 et

220 1126 238 1166 1
528 1150 542 1164 .

172 1182 255 1237 Ex
282 1193 405 1252 quo
435 1180 609 1237 etiam
635 1184 878 1251 apparet
900 1180 1058 1262 quod
1081 1194 1203 1238 non
1220 1182 1585 1253 poteritesse
1606 1194 1825 1252 corpus
1840 1182 2103 1239 coeleste.
2119 1183 2361 1253 Oportet
2382 1182 2541 1239 enim

144 1264 328 1321 orpus
352 1250 610 1308 hominis
640 1256 698 1308 et
725 1251 1042 1323 cujuslibet
1069 1252 1345 1310 animalis
1373 1266 1507 1309 esse
1525 1251 1931 1322 susceptivum
1949 1251 2325 1323 tangibilium
2348 1252 2538 1323 quali·

144 1325 312 1389 itum,
338 1327 404 1378 ut
425 1321 548 1393 Jam
571 1320 788 1379 dictum
809 1325 920 1379 est.
940 1323 1061 1379 Hoc
1084 1328 1280 1379 autem
1310 1322 1546 1394 corpori
1568 1321 1798 1380 coelesti
1828 1334 1949 1378 non
1975 1329 2172 1391 potest
2194 1322 2536 1391 convenire,

144 1391 243 1450 uia
258 1404 384 1449 non
403 1397 583 1449 estne
629 1407 703 1450 ue
719 1391 1000 1462 calidum,
1015 1405 1207 1465 neque
1224 1392 1526 1466 frigidum,
1543 1403 1737 1472 neque
1751 1392 2060 1449 humidum
2074 1406 2267 1464 neque
2284 1392 2534 1461 siccum,

146 1470 297 1535 eque
347 1461 571 1534 aliquid
659 1461 960 1534 ujusmodi
1008 1463 1098 1520 vel
1128 1469 1284 1532 actu,
1316 1463 1406 1520 vel
1436 1468 1720 1534 potentia,
1751 1466 1818 1521 ut
1843 1462 2128 1533 probatur
2146 1463 2207 1519 in
2240 1463 2429 1544 primo
2458 1465 2536 1517 De

144 1533 207 1659 ull.
242 1534 411 1661 (ῑιοέι.
449 1545 669 1591 comm.
712 1532 822 1605 ¹5).
849 1534 1077 1604 Corpus
1105 1533 1285 1606 igitur
1326 1532 1593 1592 bominis
1621 1534 1993 1606 resurgentis
2023 1546 2144 1590 non
2173 1538 2283 1591 erit
2307 1544 2529 1605 corpus

142 1614 183 1662 [e
209 1617 279 1661 es
348 1643 364 1659 .
2313 1630 2332 1651 ο

168 1674 410 1743 Adhuc,
457 1687 710 1745 corpora
750 1674 1020 1733 coelestia
1059 1679 1203 1733 sunt
1246 1672 1742 1746 incorruptibilia,
1784 1679 1845 1733 et
1884 1674 1970 1733 ita
1992 1675 2377 1733 transmutari
2408 1687 2532 1733 non

142 1748 365 1802 essunt
391 1759 430 1801 a
452 1757 567 1804 sua
592 1745 849 1804 naturali
872 1745 1284 1818 dispositione.
1311 1746 1670 1803 Naturaliter
1691 1749 1892 1803 autem
1919 1744 2007 1804 eis
2045 1744 2292 1803 debetur
2334 1744 2530 1817 figura

142 1813 416 1895 pbaerica,
449 1819 513 1895 ut
535 1814 820 1896 probatur
846 1815 911 1874 in
935 1816 1203 1896 secundo
1237 1819 1311 1873 De
1327 1818 1454 1872 coetc
1477 1820 1532 1872 et
1555 1816 1760 1873 mundo
1789 1815 1949 1886 (text.
1966 1816 2418 1887 comm.2).Non
2437 1818 2533 1873 est

142 1892 287 1956 ςιωι·
324 1885 616 1957 possibile
656 1885 815 1957 quod
858 1886 1153 1957 accipiant
1185 1885 1437 1959 figuram
1466 1900 1599 1958 quae
1627 1886 1973 1944 naturaliter
1997 1885 2264 1944 humano
2287 1884 2526 1956 corpori

142 1954 368 2083 elietitir.
397 1955 771 2027 Impossibile
796 1961 889 2015 est
916 1957 1098 2030 igitur
1122 1957 1286 2030 quod
1313 1970 1568 2028 corpora
1593 1955 2032 2029 resurgentium
2063 1957 2187 2014 sint
2213 1956 2288 2016 de
2314 1959 2530 2015 natura

139 2037 182 2084 :e
207 2040 275 2085 es
305 2039 433 2083 ium
462 2039 802 2098 corporum.

1021 2196 1278 2262 CAPUT
1316 2194 1605 2263 LXXXV.

164 2366 319 2441 ouon
358 2365 622 2413 corrosa
656 2367 1105 2415 assemsum
1139 2367 1333 2415 secur
1358 2366 1646 2415 aremus
1668 2349 2280 2421 msrosmoms'otmr
2303 2367 2463 2417 mn

164 2523 452 2592 Quamvis
505 2528 701 2582 autem
755 2538 1013 2597 corpora
1065 2523 1509 2596 resurgentium
1564 2523 1687 2581 sint
1737 2522 1936 2582 futura
1980 2521 2250 2594 ejusdem
2306 2524 2528 2593 speciei

139 2593 265 2654 u'us
299 2608 463 2652 nunc
488 2599 632 2652 sunt
666 2608 922 2668 corpora
961 2599 1190 2661 nostra,
1232 2600 1431 2650 tamen
1479 2592 1660 2651 aliam
1706 2592 2161 2665 dispositionem
2203 2592 2528 2652 habebunt.

208 2672 229 2722 t
278 2665 478 2737 primo
507 2664 770 2737 quidem,
800 2669 1090 2739 quantum
1118 2665 1194 2722 ad
1221 2662 1340 2722 hoc
1367 2662 1526 2735 quod
1558 2663 1763 2720 omnia
1789 2663 2228 2744 resurgentium
2254 2677 2526 2735 corpora,

139 2747 212 2817 un
236 2736 543 2794 bonorum
573 2748 751 2808 quam
776 2735 1096 2806 malorum,
1132 2734 1611 2806 incorruptibilia
1645 2739 1867 2792 erunt:
1901 2747 2077 2804 cujus
2104 2732 2345 2806 quidem
2375 2734 2527 2793 ratio

139 2808 315 2959 nffifax
326 2810 564 2949 effidem
592 2876 851 2958 sumitur
876 2890 951 2933 ex
974 2874 1094 2957 tine
1122 2874 1600 2956 resurrectionis..
1629 2875 1714 2934 Ad
1743 2874 1859 2933 hoc
1879 2875 2038 2958 enim
2065 2877 2382 2947 resurgent
2407 2879 2530 2934 tam

139 2960 237 3005 om
262 2960 448 3019 quam
474 2947 635 3017 mali,
666 2951 733 3004 ut
768 2952 944 3004 etiam
974 2959 1038 3003 m
1066 2959 1324 3017 proprus
1357 2945 1712 3017 corporibus
1740 2959 2051 3017 praemium
2081 2951 2531 3017 consequantur

139 3018 187 3075 el
238 3030 481 3089 poenam
527 3030 638 3088 pro
684 3016 780 3076 his
814 3030 949 3089 quae
1036 3023 1315 3074 esserunt
1340 3017 1483 3074 dum
1502 3016 1775 3074 vixerunt
1802 3016 1866 3075 in
1894 3029 2165 3087 corpore.
2212 3017 2528 3073 Praemium

139 3093 296 3146 utem
326 3087 645 3155 bonorum,
675 3086 836 3159 quod
865 3092 959 3145 est
1005 3086 1254 3155 elicitas,
1285 3087 1395 3144 erit
1435 3093 1822 3158 perpetuum3
1848 3086 2124 3145 similiter
2167 3085 2346 3143 etiam
2394 3100 2529 3157 pec-

139 3165 227 3218 2to
260 3158 504 3216 mortali
533 3157 781 3216 debetur
801 3170 980 3230 poena
1006 3163 1288 3229 perpetua
1320 3171 1336 3210 ε
1365 3170 1622 3230 quorum
1652 3161 1970 3230 utrumque
1997 3160 2159 3228 patet
2181 3170 2255 3214 ex
2276 3156 2371 3214 his
2396 3169 2529 3229 quae

139 3242 156 3285 l
193 3229 376 3287 tertio
409 3228 559 3287 libro
606 3228 756 3300 (cap.
814 3227 939 3301 444)
967 3227 1359 3287 determinata
1390 3231 1552 3286 sunt.
1583 3228 1828 3300 Oportet
1858 3227 2041 3301 igitur
2065 3226 2228 3300 quod
2249 3227 2529 3300 utrinque

139 3313 168 3357 o
245 3314 325 3359 us
352 3298 805 3369 incorruptibile
834 3298 1168 3370 recipiatur.

159 3376 207 3428 Α
236 3372 298 3428 ia
326 3369 478 3428 ratio
505 3374 703 3441 potest
729 3369 949 3427 summi
973 3383 1011 3427 a
1036 3382 1221 3428 causa
1244 3368 1476 3427 formali
1505 3369 1969 3443 resurgentium,
2004 3382 2138 3442 quae
2165 3374 2258 3429 est
2306 3369 2526 3427 anima.

139 3441 331 3499 ictum
378 3444 470 3498 est
509 3439 668 3497 enim
708 3453 892 3512 supra
918 3440 1070 3512 (cap.
1098 3440 1193 3512 79)
1224 3440 1385 3512 quod
1417 3454 1492 3497 ne
1519 3441 1723 3498 anima
1749 3441 1810 3497 in
1841 3448 2191 3513 perpetuum
2225 3443 2529 3497 remaneat

142 3524 404 3583 corpore
429 3517 721 3582 separata,
741 3510 953 3568 iterato
979 3523 1086 3584 per
1108 3509 1608 3569 resurrectionem
1632 3522 1853 3583 corpus
1880 3516 2164 3569 resumet.
2183 3510 2330 3578 Quia
2351 3509 2532 3582 igitur

139 3599 151 3640 ι
199 3582 324 3640 hoc
364 3581 713 3653 perfectioni
773 3582 987 3639 animae
1043 3581 1389 3653 providetur
1496 3580 1618 3640 uod
1686 3594 1908 3652 corpus
1971 3581 2237 3652 recipiat,
2307 3593 2525 3638 conve-

139 3652 275 3712 iens
332 3653 444 3709 erit
500 3655 565 3733 ut
630 3665 850 3733 corpus
872 3694 887 3720 ,
938 3652 1270 3734 secundum
1320 3596 1493 3725 ηυοὲ
1534 3652 1836 3734 competit·
1876 3651 2091 3711 animae
2145 3650 2521 3732 disponatur.

139 3725 430 3783 stantem
457 3734 660 3780 anima
686 3722 1195 3795 incorruptlbllls:
1228 3723 1473 3784 undeet
1512 3735 1736 3795 corpus
1781 3736 1840 3783 ei
1890 3721 2342 3795 incorruptibsse
2392 3719 2524 3778 red·

139 3799 292 3854 etur.
1374 3816 1384 3826 ·

159 3865 363 3922 Tertia
397 3878 540 3923 vero
558 3863 713 3923 ratio
742 3866 899 3924 sumi
921 3869 1121 3937 potest
1147 3878 1223 3922 ex
1249 3877 1437 3922 causa
1465 3864 1657 3923 activa
1681 3862 2159 3924 resurrectionis.
2184 3864 2342 3922 Deus
2361 3861 2524 3920 enim

139 3936 196 3993 ui
228 3948 485 4007 corpora
506 3935 628 4007 jam
659 3942 940 4016 corrupta
963 3935 1262 4007 reparabit
1284 3936 1360 3993 ad
1395 3934 1601 4016 yitam,
1631 3935 1826 4017 multo
1862 3936 2079 3994 fortius
2115 3933 2233 3992 hoc
2262 3933 2526 4004 corpori·

139 4018 210 4065 us
262 4010 546 4078 praestare
587 4012 825 4077 poterit,
854 4012 921 4064 ut
967 4011 1316 4078 recuperata
1351 4011 1469 4063 vita
1498 4019 1562 4063 in
1590 4019 1681 4065 eis
1709 4012 1996 4079 perpetuo
2025 4010 2433 4063 conservetur.
2460 4005 2528 4062 ln

139 4075 276 4148 ujus
309 4078 393 4135 rei
427 4077 763 4148 exemplum
792 4077 970 4135 etiam
997 4089 1252 4148 corpora
1278 4077 1712 4148 corruptibilia,
1729 4089 1868 4136 cum
1887 4074 2074 4134 voluit
2092 4074 2527 4147 acorruptione

139 4147 355 4205 ervavit
389 4148 596 4217 illaesa,
628 4147 784 4205 sicut
811 4160 1067 4220 corpora
1090 4147 1269 4205 trium
1299 4161 1620 4219 puerorum
1643 4147 1705 4205 in
1735 4148 1999 4207 fornace.

162 4215 477 4292 sicigitur
504 4218 896 4290 intelligenda
921 4224 1016 4278 est
1041 4218 1571 4289 incorruptibilitas
1601 4217 1782 4278 futuri
1812 4221 2027 4290 status,
2061 4219 2202 4294 quia
2245 4217 2361 4277 hoc
2393 4232 2526 4278 cor-

139 4299 215 4343 us
244 4290 403 4360 quod
436 4302 597 4347 nunc
624 4287 1009 4360 corruptibile
1036 4295 1149 4358 est,
1181 4288 1636 4361 incorruptibile
1663 4288 1864 4347 divina
1886 4290 2105 4348 virtute
2127 4290 2423 4359 reddetur,
2447 4290 2530 4348 ita

139 4355 264 4438 uod
290 4360 490 4418 anima
516 4360 579 4416 in
610 4358 808 4441 ipsum
831 4359 1091 4432 perfecte
1120 4360 1528 4418 dominabitur
1557 4365 1847 4432 quantum
1875 4360 1952 4417 ad
1979 4360 2098 4420 hoc
2122 4361 2280 4434 quod
2330 4362 2530 4440 ipsum

151 4426 392 4501 v1flcet3
416 4443 527 4488 nec
555 4430 692 4487 talis
719 4431 1186 4494 communicatio
1212 4432 1345 4488 vitae
1368 4446 1403 4488 a
1466 4444 1801 4503 uocumque
1839 4429 1960 4489 alio
1979 4434 2196 4504 poterit
2225 4429 2524 4501 impediri:

139 4497 264 4556 nde
322 4505 383 4560 et
420 4500 745 4573 Apostolus
771 4499 936 4567 dicit,
968 4503 991 4561 1
1037 4502 1193 4574 Cor„
1243 4512 1349 4572 κν,
1399 4446 1511 4560 ὣς
1544 4502 1766 4573 Oportet
1789 4504 2144 4576 com-aquiesce
2169 4504 2267 4561 hoc
2302 4499 2526 4557 induere
