3076 5025
462 273 469 284 ,
507 225 577 279 eo
1418 200 1556 276 ΜΒ.
1597 219 1642 284 1,
1682 218 1834 274 cap,
1877 219 2008 275 ivi.

550 357 621 402 us
648 347 753 402 est
767 335 1084 415 figuratum
1113 343 1173 397 et
1193 339 1546 398 coloratum.
1567 339 1803 411 Species
1832 345 2030 398 autem
2058 338 2470 411 intelligibiles
2492 337 2716 411 quibus
2744 337 2930 397 intel-

531 418 698 472 ectus
727 412 1017 471 formatur
1041 409 1115 469 ad
1143 412 1258 468 hoc
1278 409 1437 483 quod
1465 411 1598 481 ipsa
1613 409 1733 467 sint
1755 410 2056 468 intellecta
2071 409 2133 467 in
2163 414 2320 477 actu,
2342 421 2555 491 omnes
2573 412 2720 489 sunt
2734 409 2929 491 unius

548 483 766 543 eneris.
798 482 1027 540 Habent
1054 481 1212 539 enim
1238 495 1414 539 unam
1435 480 1726 538 rationem
1751 480 1989 539 essendi
2017 480 2348 539 secundum
2367 492 2504 537 esse
2525 479 2937 560 intelligibile,

533 556 649 613 icet
667 566 764 612 res
789 566 1040 627 quarum
1066 557 1208 611 sunt
1235 552 1490 623 species,
1519 551 1586 608 in
1611 564 1786 609 unam
1805 551 2044 610 essendi
2071 564 2196 609 non
2215 550 2573 609 conveniant
2592 553 2932 632 rationem:

507 625 668 685 unde
700 638 813 682 nec
840 624 1154 681 contrariae
1184 627 1326 681 sunt
1351 636 1458 693 per
1482 622 1962 680 contrarietatem
1990 635 2211 686 rerum,
2233 634 2368 693 quae
2396 625 2540 679 sunt
2590 626 2767 679 extra
2803 634 2940 679 ani-

507 709 689 754 mam.
719 697 786 752 Et
817 694 955 752 inde
988 692 1289 766 estquod,
1318 691 1559 765 quando
1615 693 1817 765 aliqua
1858 692 2047 751 multa
2103 692 2498 762 accipiuntur,
2548 703 2940 765 quocumque

507 766 689 825 modo
716 765 906 835 unita,
935 764 1116 823 simul
1141 763 1578 836 intelliguntur.
1609 763 1797 821 Simul
1828 764 1985 821 enim
2017 762 2302 843 intelligit
2327 766 2520 820 totum
2546 761 2934 830 continuum,

507 850 630 895 non
661 841 884 908 partem
913 839 1054 906 post
1078 839 1345 906 partein:
1378 839 1437 891 et
1463 833 1741 891 similiter
1768 833 1950 892 simul
1977 832 2261 905 intelligit
2279 832 2781 905 propositionem,
2811 845 2940 891 non

507 908 676 980 prius
702 905 1058 978 subjectum,
1087 910 1143 962 et
1174 909 1385 976 postea
1411 903 1833 975 praedicatum:
1864 904 2006 977 quia
2035 903 2365 962 secundum
2390 916 2570 961 unam
2599 904 2793 962 totius
2809 916 2944 975 spe·

508 978 664 1036 ciem
691 989 903 1035 omnes
932 980 1130 1047 partes
1156 975 1490 1047 cognoscit.
1517 977 1600 1031 Ex
1620 974 1715 1032 his
1743 974 1926 1047 igitur
1950 975 2219 1047 accipere
2239 987 2565 1045 possumus
2586 972 2754 1047 quod
2781 987 2943 1047 quae·

509 1061 764 1120 cumque
790 1047 963 1119 plura
990 1059 1108 1103 una
1137 1045 1335 1116 specie
1362 1051 1833 1127 cognoscuntur,
1864 1046 2044 1104 simul
2098 1051 2358 1126 possunt
2390 1044 2689 1118 intelligi:
2726 1046 2938 1126 omnia

508 1123 706 1176 autem
735 1130 869 1191 quae
904 1119 1061 1174 Deus
1090 1121 1402 1189 cognoscit
1431 1129 1554 1174 una
1604 1129 1805 1187 specie
1855 1119 2189 1190 cognoscit,
2218 1129 2351 1189 quae
2379 1121 2471 1180 est
2501 1128 2617 1174 sua
2644 1120 2937 1175 essentia.

509 1188 726 1246 Omnia
769 1187 955 1268 igitur
992 1186 1175 1244 simul
1225 1185 1560 1258 intelligere
1587 1190 1803 1257 potest.
1881 1254 1892 1266 ,
1985 1254 1998 1267 ,
2552 1255 2562 1266 ·
2656 1255 2668 1266 ·

576 1261 729 1321 Item,
757 1271 850 1315 vis
879 1256 1288 1329 cognoscitiva
1311 1269 1434 1313 non
1473 1259 1789 1330 cognoscit
1814 1255 2041 1329 aliquid
2088 1260 2225 1314 actu
2270 1256 2392 1315 nisi
2436 1255 2595 1314 adsit
2650 1257 2934 1314 intentio.

509 1328 673 1387 Unde
701 1332 762 1386 et
781 1327 1202 1409 phantasmata
1225 1326 1287 1384 in
1315 1340 1544 1399 organo
1573 1333 1944 1394 conservata,
1973 1326 2271 1384 interdum
2300 1339 2422 1384 non
2467 1330 2606 1384 actu
2636 1326 2935 1400 imagina-

504 1412 665 1469 mur,
694 1412 838 1472 quia
863 1398 1117 1455 intentio
1150 1410 1273 1454 non
1300 1398 1555 1455 refertur
1583 1398 1656 1455 ad
1687 1412 1776 1456 ea.
1807 1397 2116 1468 Appetitus
2144 1397 2302 1455 enim
2343 1397 2494 1455 alias
2539 1398 2846 1468 potentias
2870 1397 2938 1457 in

507 1475 707 1529 actum
730 1472 929 1526 movet
954 1467 1016 1525 in
1042 1465 1360 1540 agentibus
1388 1481 1494 1538 per
1522 1469 1912 1526 voluntatem.
1943 1467 2123 1525 Multa
2146 1468 2332 1544 igitur
2357 1468 2432 1525 ad
2460 1481 2593 1540 quae
2624 1468 2813 1526 simul
2840 1468 2933 1526 in-

505 1540 698 1598 tentio
724 1550 847 1595 non
877 1537 1081 1606 fertur,
1113 1550 1233 1595 non
1265 1537 1448 1594 simul
1480 1538 1806 1595 intuemur.
1838 1539 1981 1606 Quae
2010 1542 2205 1596 autem
2238 1544 2509 1610 opportet
2546 1538 2661 1595 sub
2707 1551 2836 1596 una
2879 1545 2939 1597 et

510 1609 718 1668 eadem
746 1607 1080 1666 intentione
1106 1607 1339 1677 cadere,
1367 1612 1604 1679 oportet
1631 1607 1814 1666 simul
1854 1621 1990 1666 esse
2011 1607 2331 1666 intellecta.
2365 1608 2475 1677 Qui
2499 1609 2657 1666 enim
2691 1622 2936 1681 compa·

504 1679 803 1738 rationem
820 1677 1076 1736 duorum
1104 1676 1470 1746 considerat,
1500 1678 1897 1736 intentionem
1926 1678 2002 1736 ad
2032 1684 2347 1751 utrumque
2372 1679 2597 1751 dirigit,
2636 1684 2698 1737 et
2752 1681 2934 1738 simul

508 1751 775 1808 intuetur
808 1754 1146 1821 utrumque.
1180 1748 1396 1805 Omnia
1421 1755 1623 1805 autem
1656 1763 1789 1821 quae
1820 1748 2053 1806 suntin
2098 1749 2300 1807 divina
2342 1749 2617 1818 scientia,
2656 1750 2772 1808 sub
2814 1764 2938 1809 una

507 1820 843 1878 intentione
869 1832 1117 1879 necesse
1147 1824 1240 1877 est
1264 1818 1498 1876 cadere.
1531 1819 1793 1877 Intendit
1821 1820 1980 1876 enim
2000 1821 2158 1877 Deus
2188 1833 2358 1878 suam
2385 1820 2710 1878 essentiam
2739 1821 2936 1892 perfe-

509 1896 601 1948 cte
627 1889 848 1961 videre,
878 1888 1039 1962 quod
1069 1893 1162 1947 est
1187 1888 1386 1947 videre
1433 1889 1629 1960 ipsam
1659 1890 1990 1949 secundum
2049 1895 2233 1948 totam
2261 1890 2535 1949 virtutem
2587 1904 2788 1961 suam,
2815 1892 2931 1950 sub

509 1960 864 2086 q9³·⁰¹21¹⁰52⁰‘
892 1959 1353 2018 concluduntur.
1382 1961 1542 2018 Deus
1566 1960 1752 2034 igitur
1768 1959 2024 2019 videndo
2044 1962 2368 2020 essentiam
2396 1974 2590 2032 suam,
2612 1962 2937 2022 simulom-

506 2044 614 2089 nia
643 2043 706 2088 in
736 2045 809 2087 ue
838 2031 953 2088 ur.⁸

576 2101 854 2172 Amplius,
885 2099 1223 2157 intellectus
1242 2100 1583 2159 successive
1602 2100 1789 2159 multa
1805 2101 2242 2160 considerantis
2274 2102 2650 2173 impossibile
2682 2105 2938 2161 estesse

509 2185 689 2230 unam
723 2176 950 2228 tantum
981 2170 1410 2242 operationem.
1437 2172 1581 2229 Cum
1610 2172 1769 2229 enim
1801 2171 2179 2243 operationes
2217 2175 2546 2232 secundum
2569 2174 2803 2246 objecta
2816 2172 2936 2232 dir-

508 2241 724 2309 ferant‚
754 2240 1051 2311 oportebit
1079 2240 1372 2300 diversam
1402 2254 1537 2300 esse
1566 2242 1972 2314 operationem
1993 2243 2332 2302 intellectus
2359 2259 2479 2317 qua
2505 2242 2936 2302 consideraba-

508 2316 608 2370 tur
627 2311 905 2384 primum,
937 2316 994 2369 et
1022 2326 1142 2384 qua
1167 2312 1659 2370 considerabatur
1677 2313 2026 2371 secundum.
2052 2313 2393 2372 intellectus
2409 2321 2603 2373 autem
2630 2315 2819 2373 divini
2843 2319 2937 2374 est

509 2395 633 2441 una
660 2382 947 2453 operatio,
976 2395 1108 2454 quae
1136 2387 1229 2440 est
1252 2396 1364 2440 sua
1390 2384 1673 2453 essentia,
1707 2390 1770 2440 ut
1797 2382 2107 2455 probatum
2139 2390 2233 2442 est
2257 2398 2440 2456 supra
2462 2385 2616 2458 (cap.
2650 2385 2767 2459 45).
2800 2388 2933 2445 Non

506 2453 694 2528 igitur
719 2453 1081 2521 successive,
1107 2453 1212 2510 sed
1242 2453 1421 2511 simul
1451 2453 1655 2510 omnia
1683 2467 1795 2512 sua
1821 2454 2064 2536 cognita
2090 2455 2449 2514 considerat.

577 2524 795 2587 Adhuc,
826 2524 1133 2582 successio
1162 2524 1294 2582 sine
1350 2529 1616 2595 tempore
1659 2525 1913 2597 intelligi
1971 2538 2093 2583 non
2136 2532 2353 2598 potest,
2386 2540 2494 2585 nec
2524 2531 2766 2599 tempus
2795 2528 2930 2587 sine

506 2600 676 2652 motu
707 2613 723 2651 :
753 2608 889 2651 cum
918 2599 1152 2665 tempus
1182 2595 1262 2652 sit
1288 2608 1576 2653 numerus
1605 2600 1804 2653 motus
1832 2596 2161 2653 secundum
2185 2597 2351 2669 prius
2380 2603 2438 2655 et
2481 2598 2813 2670 posterius,
2867 2600 2932 2659 Iu

506 2665 630 2723 Deo
659 2670 856 2722 autem
877 2664 1250 2736 impossibile
1272 2670 1364 2722 est
1400 2679 1534 2723 esse
1565 2671 1793 2723 motum
1820 2666 2102 2738 aliquem,
2134 2674 2199 2725 ut
2234 2682 2310 2726 ex
2354 2669 2719 2740 supradictis
2763 2668 2923 2743 (cap.

509 2734 600 2816 ἰᾷ)
630 2734 835 2793 haberi
865 2740 1077 2806 potest.
1108 2735 1491 2817 Nulla-igitur
1510 2736 1687 2793 estin
1711 2736 2190 2797 consideratione
2233 2737 2437 2797 divina
2480 2739 2820 2805 successio,
2875 2742 2934 2799 et

506 2817 600 2863 sic
624 2805 827 2864 omnia
904 2819 993 2863 uae
1019 2813 1354 2878 cognoscit,
1382 2806 1564 2864 simul
1592 2807 1952 2865 considerat.

577 2877 729 2944 Item,
760 2876 882 2931 inte
910 2876 1091 2947 ligere
1120 2876 1222 2933 Dei
1252 2881 1346 2956 est
1370 2876 1569 2948 ipsum
1596 2890 1771 2935 suum
1804 2890 1959 2948 esse,
1991 2881 2059 2936 ut
2101 2892 2174 2936 ex
2220 2878 2581 2950 supradictis
2627 2877 2786 2952 (cap.
2839 2879 2934 2954 45)

506 2949 686 3015 patet.
724 2947 788 3001 ln
816 2957 953 3002 esse
980 2951 1178 3003 autem
1207 2945 1409 3004 divino
1440 2959 1561 3004 non
1593 2952 1686 3005 est
1711 2948 1880 3019 prius
1908 2951 1969 3005 et
1992 2949 2316 3020 posteriue,
2365 2950 2470 3008 sed
2502 2955 2593 3008 est
2620 2954 2817 3008 totum
2847 2950 2937 3011 si·

507 3014 658 3083 mul,
682 3018 745 3071 ut
773 3027 955 3085 supra
982 3014 1142 3093 (Cap.
1174 3016 1263 3088 45)
1294 3021 1609 3075 ostensum
1645 3023 1756 3076 est.
1809 3021 1830 3074 1
1878 3019 1993 3075 ‘tur
2022 3031 2130 3077 nec
2158 3020 2562 3080 consideratio
2609 3021 2710 3078 Dei
2741 3019 2940 3079 habet

441 3160 453 3174 .
506 3085 677 3156 prius
697 3088 755 3141 et
781 3089 1105 3155 posterius,
1131 3085 1236 3143 sed
1266 3087 1473 3144 omnia
1499 3088 1678 3145 simul
1720 3087 1843 3146 inte
1871 3088 2022 3160 ligit.

577 3155 864 3225 Praeterea,
894 3154 1093 3213 omnis
1122 3155 1459 3215 intellectus
1480 3157 1826 3230 intelligens
1855 3172 2038 3217 unum
2065 3162 2205 3230 post
2232 3160 2550 3230 alium,est
2564 3156 2936 3236 quandoque

502 3224 771 3306 potentia
796 3225 1158 3306 intelligenS,
1193 3232 1252 3283 et
1273 3227 1635 3301 quandoque
1662 3234 1820 3287 actu.
1850 3232 2006 3287 Dum
2031 3230 2192 3287 enim
2232 3231 2517 3314 intelligit
2557 3232 2819 3302 primum
2868 3232 2937 3289 in

506 3301 643 3376 actii
670 3294 947 3376 intelligit
972 3296 1302 3354 secundum
1333 3298 1398 3354 in
1424 3300 1710 3369 potentia.
1739 3300 2079 3358 intellectus
2108 3306 2305 3360 autem
2334 3302 2574 3361 divinus
2599 3315 2936 3376 numquam

505 3371 684 3424 estin
714 3370 995 3437 potentia.
1019 3366 1126 3424 sed
1147 3379 1384 3438 semper
1401 3366 1465 3425 in
1483 3374 1619 3426 actu
1643 3370 2006 3443 intelligens.
2033 3372 2163 3429 Non
2179 3370 2660 3446 igiturintelligit
2681 3387 2784 3432 res
2802 3386 2938 3433 suc-

506 3437 759 3504 cessive,
789 3436 894 3495 sed
922 3437 1128 3494 omnia
1156 3437 1338 3496 simul
1360 3437 1663 3511 intelligit.

576 3507 725 3565 Huic
749 3512 947 3565 autem
976 3507 1206 3565 veritati
1236 3508 1650 3566 testimonium
1676 3522 1847 3568 sacra
1869 3509 2172 3581 Scriptura
2184 3510 2374 3571 affert.
2405 3513 2634 3572 Dicitur
2654 3512 2826 3572 enim
2847 3515 2937 3573 Ja-

503 3575 686 3705 222²}ss
714 3588 758 3648 1,
788 3581 863 3636 17-
905 3576 1069 3653 quod
1096 3578 1249 3650 apud
1274 3580 1459 3638 Deum
1488 3595 1599 3637 non
1620 3585 1700 3636 est
1722 3584 2129 3650 transmutatio,
2166 3597 2262 3641 nee
2296 3585 2698 3644 vicissitudinis
2743 3585 2935 3643 obum-

1490 3843 1745 3909 CAPUT
1793 3843 1946 3910 LVI.

1036 4027 1192 4084 QUOD
1219 4029 1285 4077 nt
1305 4029 1421 4078 ΠΕΟ
1446 4030 1568 4078 Nou
1586 4031 1697 4078 1381·
1733 4031 2086 4080 munaus
2112 4033 2404 4085 coemo.

572 4212 655 4268 Ex
680 4210 799 4269 hoc
825 4215 1023 4271 autem
1051 4220 1315 4288 apparet,
1346 4214 1506 4289 quod
1535 4214 1600 4273 in
1629 4218 1750 4275 Deo
1779 4230 1902 4275 non
1932 4219 2026 4275 est
2044 4215 2371 4276 habitualis
2395 4216 2691 4291 cognitio.
2715 4221 2787 4279 ln
2809 4217 2936 4295 qui·
3045 4198 3046 4235 ξ

496 4280 872 4355 huscumque
893 4284 1049 4340 enim
1080 4293 1173 4344 est
1201 4285 1525 4345 habitualis
1553 4287 1823 4359 cognitio
1849 4300 1973 4345 non
2001 4288 2210 4346 omnia
2237 4288 2416 4347 simul
2448 4303 2519 4348 co
2566 4296 2931 4351 noscuntur.

476 4352 782 4422 -Quaedam
839 4362 1288 4426 cognoscuntur
1333 4363 1468 4416 actu
1486 4399 1503 4427 ‚
1556 4358 1678 4417 alia
1728 4364 2178 4432 cognoscuntur
2231 4358 2459 4419 habitu.
2564 4373 2675 4420 cus
2729 4366 2934 4424 autem
