<?xml version="1.0" encoding="UTF-8"?>
<!DOCTYPE html PUBLIC "-//W3C//DTD XHTML 1.0 Transitional//EN"
    "http://www.w3.org/TR/xhtml1/DTD/xhtml1-transitional.dtd">
<html xmlns="http://www.w3.org/1999/xhtml" xml:lang="en" lang="en">
 <head>
  <title>
</title>
<meta http-equiv="Content-Type" content="text/html;charset=utf-8" />
  <meta name='ocr-system' content='tesseract 3.04.00' />
  <meta name='ocr-capabilities' content='ocr_page ocr_carea ocr_par ocr_line ocrx_word'/>
</head>
<body>
  <div class='ocr_page' id='page_1' title='image "./deveritatecatho00rubegoog_0441.png"; bbox 0 0 3076 5025; ppageno 0'>
   <div class='ocr_carea' id='block_1_1' title="bbox 1027 321 2565 390">
    <p class='ocr_par' dir='ltr' id='par_1_1' title="bbox 1027 321 2565 390">
     <span class='ocr_line' id='line_1_1' title="bbox 1027 321 2565 390; baseline -0.001 -11"><span class='ocrx_word' id='word_1_1' title='bbox 1027 321 1162 379; x_wconf 71' lang='lat' dir='ltr'><strong>Lm.</strong></span> <span class='ocrx_word' id='word_1_2' title='bbox 1199 322 1299 390; x_wconf 89' lang='lat'><strong>111,</strong></span> <span class='ocrx_word' id='word_1_3' title='bbox 1337 321 1493 379; x_wconf 81' lang='lat' dir='ltr'>CAP.</span> <span class='ocrx_word' id='word_1_4' title='bbox 1530 321 1692 379; x_wconf 86' lang='lat' dir='ltr'><strong>cvn.</strong></span> <span class='ocrx_word' id='word_1_5' title='bbox 2460 323 2565 378; x_wconf 75' lang='lat'><strong>407</strong></span> 
     </span>
    </p>
   </div>
   <div class='ocr_carea' id='block_1_2' title="bbox 128 440 2623 3466">
    <p class='ocr_par' dir='ltr' id='par_1_2' title="bbox 129 440 2623 715">
     <span class='ocr_line' id='line_1_2' title="bbox 130 440 2568 515; baseline -0 -14"><span class='ocrx_word' id='word_1_6' title='bbox 130 442 346 502; x_wconf 84' lang='lat' dir='ltr'><strong>liarem</strong></span> <span class='ocrx_word' id='word_1_7' title='bbox 392 454 528 501; x_wconf 89' lang='lat' dir='ltr'><strong>esse</strong></span> <span class='ocrx_word' id='word_1_8' title='bbox 567 445 626 500; x_wconf 89' lang='lat' dir='ltr'><strong>et</strong></span> <span class='ocrx_word' id='word_1_9' title='bbox 648 440 1045 513; x_wconf 83' lang='lat' dir='ltr'>patrocinium</span> <span class='ocrx_word' id='word_1_10' title='bbox 1075 442 1353 501; x_wconf 83' lang='lat' dir='ltr'><strong>exhibere</strong></span> <span class='ocrx_word' id='word_1_11' title='bbox 1378 442 1711 512; x_wconf 88' lang='lat' dir='ltr'><strong>sceleratis,</strong></span> <span class='ocrx_word' id='word_1_12' title='bbox 1740 446 1800 501; x_wconf 93' lang='lat' dir='ltr'><strong>et</strong></span> <span class='ocrx_word' id='word_1_13' title='bbox 1827 455 1950 508; x_wconf 89' lang='lat' dir='ltr'><strong>non</strong></span> <span class='ocrx_word' id='word_1_14' title='bbox 1990 440 2359 515; x_wconf 83' lang='lat' dir='ltr'>quibuslibet</span> <span class='ocrx_word' id='word_1_15' title='bbox 2412 441 2568 514; x_wconf 90' lang='lat' dir='ltr'><strong>opti-</strong></span> 
     </span>
     <span class='ocr_line' id='line_1_3' title="bbox 129 511 2566 586; baseline 0 -14"><span class='ocrx_word' id='word_1_16' title='bbox 129 513 249 572; x_wconf 87' lang='lat' dir='ltr'><strong>mis</strong></span> <span class='ocrx_word' id='word_1_17' title='bbox 274 512 447 571; x_wconf 82' lang='lat' dir='ltr'><strong>viris.</strong></span> <span class='ocrx_word' id='word_1_18' title='bbox 478 511 831 583; x_wconf 72' lang='lat' dir='ltr'><strong>Hujus-modi</strong></span> <span class='ocrx_word' id='word_1_19' title='bbox 861 517 1060 570; x_wconf 87' lang='lat' dir='ltr'><strong>autem</strong></span> <span class='ocrx_word' id='word_1_20' title='bbox 1081 513 1313 571; x_wconf 88' lang='lat' dir='ltr'><strong>artibus</strong></span> <span class='ocrx_word' id='word_1_21' title='bbox 1332 519 1582 572; x_wconf 87' lang='lat' dir='ltr'><strong>utuntur</strong></span> <span class='ocrx_word' id='word_1_22' title='bbox 1599 513 1947 586; x_wconf 88' lang='lat' dir='ltr'><strong>plerumque</strong></span> <span class='ocrx_word' id='word_1_23' title='bbox 1965 512 2244 571; x_wconf 90' lang='lat' dir='ltr'><strong>homines</strong></span> <span class='ocrx_word' id='word_1_24' title='bbox 2266 511 2566 573; x_wconf 74' lang='lat' dir='ltr'><strong>scelerati.</strong></span> 
     </span>
     <span class='ocr_line' id='line_1_4' title="bbox 132 582 2570 656; baseline 0 -14"><span class='ocrx_word' id='word_1_25' title='bbox 132 586 268 643; x_wconf 84' lang='lat' dir='ltr'><strong>Non</strong></span> <span class='ocrx_word' id='word_1_26' title='bbox 297 589 394 642; x_wconf 89' lang='lat' dir='ltr'><strong>est</strong></span> <span class='ocrx_word' id='word_1_27' title='bbox 420 583 605 656; x_wconf 83' lang='lat' dir='ltr'><strong>igitur</strong></span> <span class='ocrx_word' id='word_1_28' title='bbox 629 583 1055 642; x_wconf 87' lang='lat' dir='ltr'><strong>intellectualis</strong></span> <span class='ocrx_word' id='word_1_29' title='bbox 1082 590 1295 642; x_wconf 88' lang='lat' dir='ltr'><strong>natura</strong></span> <span class='ocrx_word' id='word_1_30' title='bbox 1319 584 1493 656; x_wconf 86' lang='lat' dir='ltr'><strong>cujus</strong></span> <span class='ocrx_word' id='word_1_31' title='bbox 1523 584 1749 643; x_wconf 84' lang='lat' dir='ltr'><strong>auxilio</strong></span> <span class='ocrx_word' id='word_1_32' title='bbox 1774 584 1867 643; x_wconf 82' lang='lat' dir='ltr'><strong>hae</strong></span> <span class='ocrx_word' id='word_1_33' title='bbox 1896 589 2057 642; x_wconf 87' lang='lat' dir='ltr'><strong>artes</strong></span> <span class='ocrx_word' id='word_1_34' title='bbox 2086 582 2420 642; x_wconf 83' lang='lat' dir='ltr'><strong>efficaciam</strong></span> <span class='ocrx_word' id='word_1_35' title='bbox 2461 582 2570 642; x_wconf 81' lang='lat' dir='ltr'><strong>ha·</strong></span> 
     </span>
     <span class='ocr_line' id='line_1_5' title="bbox 129 652 2623 715; baseline -0.001 0"><span class='ocrx_word' id='word_1_36' title='bbox 129 653 276 715; x_wconf 87' lang='lat' dir='ltr'><strong>bent</strong></span> <span class='ocrx_word' id='word_1_37' title='bbox 300 653 457 712; x_wconf 91' lang='lat' dir='ltr'><strong>bene</strong></span> <span class='ocrx_word' id='word_1_38' title='bbox 481 653 576 711; x_wconf 89' lang='lat' dir='ltr'><strong>dis</strong></span> <span class='ocrx_word' id='word_1_39' title='bbox 618 652 776 712; x_wconf 88' lang='lat' dir='ltr'><strong>osita</strong></span> <span class='ocrx_word' id='word_1_40' title='bbox 803 654 1134 712; x_wconf 89' lang='lat' dir='ltr'><strong>secundum</strong></span> <span class='ocrx_word' id='word_1_41' title='bbox 1161 654 1460 713; x_wconf 86' lang='lat' dir='ltr'><strong>virtutem.</strong></span> <span class='ocrx_word' id='word_1_42' title='bbox 2618 690 2623 697; x_wconf 94' lang='lat'>-</span> 
     </span>
    </p>

    <p class='ocr_par' dir='ltr' id='par_1_3' title="bbox 132 723 2574 870">
     <span class='ocr_line' id='line_1_6' title="bbox 203 723 2574 797; baseline -0.001 -13"><span class='ocrx_word' id='word_1_43' title='bbox 203 724 427 788; x_wconf 76' lang='lat' dir='ltr'><strong>Adhuc,</strong></span> <span class='ocrx_word' id='word_1_44' title='bbox 454 725 580 781; x_wconf 84' lang='lat' dir='ltr'>Inte</span> <span class='ocrx_word' id='word_1_45' title='bbox 608 723 801 782; x_wconf 89' lang='lat' dir='ltr'><strong>lectus</strong></span> <span class='ocrx_word' id='word_1_46' title='bbox 828 724 981 783; x_wconf 91' lang='lat' dir='ltr'><strong>bene</strong></span> <span class='ocrx_word' id='word_1_47' title='bbox 1010 725 1287 797; x_wconf 83' lang='lat' dir='ltr'>dispositi</span> <span class='ocrx_word' id='word_1_48' title='bbox 1316 732 1409 784; x_wconf 89' lang='lat' dir='ltr'><strong>est</strong></span> <span class='ocrx_word' id='word_1_49' title='bbox 1435 724 1719 784; x_wconf 81' lang='lat' dir='ltr'><strong>reducere</strong></span> <span class='ocrx_word' id='word_1_50' title='bbox 1743 723 2022 783; x_wconf 88' lang='lat' dir='ltr'><strong>homines</strong></span> <span class='ocrx_word' id='word_1_51' title='bbox 2060 724 2128 782; x_wconf 90' lang='lat' dir='ltr'><strong>in</strong></span> <span class='ocrx_word' id='word_1_52' title='bbox 2153 738 2228 782; x_wconf 89' lang='lat' dir='ltr'><strong>ea</strong></span> <span class='ocrx_word' id='word_1_53' title='bbox 2266 737 2399 797; x_wconf 84' lang='lat' dir='ltr'><strong>quae</strong></span> <span class='ocrx_word' id='word_1_54' title='bbox 2426 728 2574 782; x_wconf 89' lang='lat' dir='ltr'><strong>sunt</strong></span> 
     </span>
     <span class='ocr_line' id='line_1_7' title="bbox 132 793 2570 870; baseline -0.001 -15"><span class='ocrx_word' id='word_1_55' title='bbox 132 795 406 855; x_wconf 85' lang='lat' dir='ltr'><strong>hominis</strong></span> <span class='ocrx_word' id='word_1_56' title='bbox 431 794 672 867; x_wconf 87' lang='lat' dir='ltr'><strong>propria</strong></span> <span class='ocrx_word' id='word_1_57' title='bbox 699 793 880 864; x_wconf 92' lang='lat' dir='ltr'><strong>bona,</strong></span> <span class='ocrx_word' id='word_1_58' title='bbox 910 809 1045 868; x_wconf 66' lang='lat' dir='ltr'><strong>quae</strong></span> <span class='ocrx_word' id='word_1_59' title='bbox 1074 801 1213 853; x_wconf 89' lang='lat' dir='ltr'><strong>sunt</strong></span> <span class='ocrx_word' id='word_1_60' title='bbox 1241 794 1403 854; x_wconf 89' lang='lat' dir='ltr'><strong>bona</strong></span> <span class='ocrx_word' id='word_1_61' title='bbox 1429 795 2036 870; x_wconf 31' lang='lat' dir='ltr'><strong>rationis3-abducere</strong></span> <span class='ocrx_word' id='word_1_62' title='bbox 2079 794 2264 867; x_wconf 81' lang='lat' dir='ltr'><strong>igitur</strong></span> <span class='ocrx_word' id='word_1_63' title='bbox 2306 793 2381 852; x_wconf 89' lang='lat' dir='ltr'><strong>ab</strong></span> <span class='ocrx_word' id='word_1_64' title='bbox 2408 794 2570 865; x_wconf 78' lang='lat' dir='ltr'><strong>istie,</strong></span> 
     </span>
    </p>

    <p class='ocr_par' dir='ltr' id='par_1_4' title="bbox 173 863 2568 937">
     <span class='ocr_line' id='line_1_8' title="bbox 173 863 2568 937; baseline -0 -14"><span class='ocrx_word' id='word_1_65' title='bbox 173 864 535 924; x_wconf 88' lang='lat' dir='ltr'><strong>ertrahendo</strong></span> <span class='ocrx_word' id='word_1_66' title='bbox 563 863 637 923; x_wconf 88' lang='lat' dir='ltr'><strong>ad</strong></span> <span class='ocrx_word' id='word_1_67' title='bbox 667 864 868 937; x_wconf 87' lang='lat' dir='ltr'><strong>aliqua</strong></span> <span class='ocrx_word' id='word_1_68' title='bbox 891 866 1143 924; x_wconf 88' lang='lat' dir='ltr'><strong>minima</strong></span> <span class='ocrx_word' id='word_1_69' title='bbox 1167 866 1349 936; x_wconf 88' lang='lat' dir='ltr'><strong>bona,</strong></span> <span class='ocrx_word' id='word_1_70' title='bbox 1378 871 1471 925; x_wconf 90' lang='lat' dir='ltr'><strong>est</strong></span> <span class='ocrx_word' id='word_1_71' title='bbox 1512 865 1854 924; x_wconf 88' lang='lat' dir='ltr'><strong>intellectus</strong></span> <span class='ocrx_word' id='word_1_72' title='bbox 1882 865 2229 923; x_wconf 83' lang='lat' dir='ltr'><strong>indecenter</strong></span> <span class='ocrx_word' id='word_1_73' title='bbox 2266 865 2361 924; x_wconf 91' lang='lat' dir='ltr'><strong>dis</strong></span> <span class='ocrx_word' id='word_1_74' title='bbox 2404 864 2568 922; x_wconf 89' lang='lat' dir='ltr'><strong>ositi.</strong></span> 
     </span>
    </p>

    <p class='ocr_par' dir='ltr' id='par_1_5' title="bbox 128 935 2575 1289">
     <span class='ocr_line' id='line_1_9' title="bbox 182 935 2572 1016; baseline -0 -21"><span class='ocrx_word' id='word_1_75' title='bbox 182 950 249 995; x_wconf 93' lang='lat' dir='ltr'><strong>er</strong></span> <span class='ocrx_word' id='word_1_76' title='bbox 276 935 854 1016; x_wconf 69' lang='lat' dir='ltr'><strong>hujusmodiautem</strong></span> <span class='ocrx_word' id='word_1_77' title='bbox 885 941 1046 995; x_wconf 89' lang='lat' dir='ltr'><strong>artes</strong></span> <span class='ocrx_word' id='word_1_78' title='bbox 1077 950 1199 995; x_wconf 91' lang='lat' dir='ltr'><strong>non</strong></span> <span class='ocrx_word' id='word_1_79' title='bbox 1221 936 1637 1010; x_wconf 88' lang='lat' dir='ltr'><strong>adipiscuntur</strong></span> <span class='ocrx_word' id='word_1_80' title='bbox 1655 936 1934 995; x_wconf 89' lang='lat' dir='ltr'><strong>homines</strong></span> <span class='ocrx_word' id='word_1_81' title='bbox 1949 936 2206 1008; x_wconf 84' lang='lat' dir='ltr'><strong>aliquem</strong></span> <span class='ocrx_word' id='word_1_82' title='bbox 2277 949 2346 993; x_wconf 94' lang='lat' dir='ltr'><strong>ro</strong></span> <span class='ocrx_word' id='word_1_83' title='bbox 2374 939 2572 1015; x_wconf 76' lang='lat' dir='ltr'><strong>ectum</strong></span> 
     </span>
     <span class='ocr_line' id='line_1_10' title="bbox 129 1005 2573 1087; baseline -0.001 -22"><span class='ocrx_word' id='word_1_84' title='bbox 129 1006 202 1065; x_wconf 89' lang='lat' dir='ltr'><strong>in</strong></span> <span class='ocrx_word' id='word_1_85' title='bbox 230 1006 414 1065; x_wconf 75' lang='lat' dir='ltr'><strong>bonis</strong></span> <span class='ocrx_word' id='word_1_86' title='bbox 432 1006 708 1075; x_wconf 79' lang='lat' dir='ltr'><strong>rationis,</strong></span> <span class='ocrx_word' id='word_1_87' title='bbox 735 1020 868 1087; x_wconf 83' lang='lat' dir='ltr'><strong>quae</strong></span> <span class='ocrx_word' id='word_1_88' title='bbox 895 1014 1038 1064; x_wconf 90' lang='lat' dir='ltr'><strong>sunt</strong></span> <span class='ocrx_word' id='word_1_89' title='bbox 1068 1007 1338 1066; x_wconf 70' lang='lat' dir='ltr'><strong>scientiae</strong></span> <span class='ocrx_word' id='word_1_90' title='bbox 1374 1012 1435 1064; x_wconf 90' lang='lat' dir='ltr'><strong>et</strong></span> <span class='ocrx_word' id='word_1_91' title='bbox 1468 1008 1740 1076; x_wconf 80' lang='lat' dir='ltr'><strong>virtutes,</strong></span> <span class='ocrx_word' id='word_1_92' title='bbox 1776 1007 1880 1065; x_wconf 86' lang='lat' dir='ltr'><strong>sed</strong></span> <span class='ocrx_word' id='word_1_93' title='bbox 1907 1006 1972 1064; x_wconf 89' lang='lat' dir='ltr'><strong>in</strong></span> <span class='ocrx_word' id='word_1_94' title='bbox 2003 1005 2223 1079; x_wconf 87' lang='lat' dir='ltr'><strong>quibus</strong></span> <span class='ocrx_word' id='word_1_95' title='bbox 2267 1019 2363 1063; x_wconf 92' lang='lat' dir='ltr'><strong>am</strong></span> <span class='ocrx_word' id='word_1_96' title='bbox 2392 1005 2573 1087; x_wconf 74' lang='lat' dir='ltr'><strong>mmi-</strong></span> 
     </span>
     <span class='ocr_line' id='line_1_11' title="bbox 128 1076 2572 1149; baseline -0 -14"><span class='ocrx_word' id='word_1_97' title='bbox 128 1076 255 1135; x_wconf 88' lang='lat' dir='ltr'><strong>mis</strong></span> <span class='ocrx_word' id='word_1_98' title='bbox 281 1077 441 1134; x_wconf 90' lang='lat' dir='ltr'><strong>sicut</strong></span> <span class='ocrx_word' id='word_1_99' title='bbox 468 1077 531 1134; x_wconf 90' lang='lat' dir='ltr'><strong>in</strong></span> <span class='ocrx_word' id='word_1_100' title='bbox 558 1077 903 1135; x_wconf 72' lang='lat' dir='ltr'><strong>inventione</strong></span> <span class='ocrx_word' id='word_1_101' title='bbox 931 1077 1246 1143; x_wconf 80' lang='lat' dir='ltr'><strong>furtorum,</strong></span> <span class='ocrx_word' id='word_1_102' title='bbox 1272 1084 1331 1135; x_wconf 89' lang='lat' dir='ltr'><strong>et</strong></span> <span class='ocrx_word' id='word_1_103' title='bbox 1358 1077 1834 1149; x_wconf 83' lang='lat' dir='ltr'><strong>deprehensione</strong></span> <span class='ocrx_word' id='word_1_104' title='bbox 1863 1077 2163 1135; x_wconf 88' lang='lat' dir='ltr'><strong>latronum</strong></span> <span class='ocrx_word' id='word_1_105' title='bbox 2188 1076 2373 1135; x_wconf 88' lang='lat' dir='ltr'><strong>ethis</strong></span> <span class='ocrx_word' id='word_1_106' title='bbox 2401 1089 2572 1134; x_wconf 80' lang='lat' dir='ltr'><strong>simi·-</strong></span> 
     </span>
     <span class='ocr_line' id='line_1_12' title="bbox 132 1146 2575 1222; baseline 0 -17"><span class='ocrx_word' id='word_1_107' title='bbox 132 1147 323 1206; x_wconf 86' lang='lat' dir='ltr'><strong>libus.</strong></span> <span class='ocrx_word' id='word_1_108' title='bbox 355 1149 487 1204; x_wconf 84' lang='lat' dir='ltr'><strong>Non</strong></span> <span class='ocrx_word' id='word_1_109' title='bbox 514 1147 698 1220; x_wconf 85' lang='lat' dir='ltr'><strong>igitur</strong></span> <span class='ocrx_word' id='word_1_110' title='bbox 719 1146 1072 1207; x_wconf 69' lang='lat' dir='ltr'><strong>substantiae</strong></span> <span class='ocrx_word' id='word_1_111' title='bbox 1090 1147 1463 1208; x_wconf 79' lang='lat' dir='ltr'><strong>intellectivae</strong></span> <span class='ocrx_word' id='word_1_112' title='bbox 1482 1162 1735 1222; x_wconf 88' lang='lat' dir='ltr'><strong>quarum</strong></span> <span class='ocrx_word' id='word_1_113' title='bbox 1756 1146 1980 1206; x_wconf 82' lang='lat' dir='ltr'><strong>auxilio</strong></span> <span class='ocrx_word' id='word_1_114' title='bbox 2013 1147 2107 1206; x_wconf 84' lang='lat' dir='ltr'><strong>hae</strong></span> <span class='ocrx_word' id='word_1_115' title='bbox 2135 1150 2296 1206; x_wconf 87' lang='lat' dir='ltr'><strong>artes</strong></span> <span class='ocrx_word' id='word_1_116' title='bbox 2324 1150 2575 1205; x_wconf 86' lang='lat' dir='ltr'><strong>utuntur</strong></span> 
     </span>
     <span class='ocr_line' id='line_1_13' title="bbox 129 1216 1477 1289; baseline 0 -12"><span class='ocrx_word' id='word_1_117' title='bbox 129 1223 280 1277; x_wconf 85' lang='lat' dir='ltr'><strong>sunt</strong></span> <span class='ocrx_word' id='word_1_118' title='bbox 301 1216 458 1276; x_wconf 89' lang='lat' dir='ltr'><strong>bene</strong></span> <span class='ocrx_word' id='word_1_119' title='bbox 487 1217 793 1289; x_wconf 74' lang='lat' dir='ltr'><strong>dispositae</strong></span> <span class='ocrx_word' id='word_1_120' title='bbox 823 1218 1155 1276; x_wconf 90' lang='lat' dir='ltr'><strong>secundum</strong></span> <span class='ocrx_word' id='word_1_121' title='bbox 1177 1219 1477 1277; x_wconf 83' lang='lat' dir='ltr'><strong>virtutem.</strong></span> 
     </span>
    </p>

    <p class='ocr_par' dir='ltr' id='par_1_6' title="bbox 131 1286 2573 1722">
     <span class='ocr_line' id='line_1_14' title="bbox 202 1286 2573 1361; baseline -0 -14"><span class='ocrx_word' id='word_1_122' title='bbox 202 1289 481 1360; x_wconf 77' lang='lat' dir='ltr'><strong>Amplius,</strong></span> <span class='ocrx_word' id='word_1_123' title='bbox 526 1287 592 1344; x_wconf 90' lang='lat' dir='ltr'><strong>iu</strong></span> <span class='ocrx_word' id='word_1_124' title='bbox 635 1288 1088 1359; x_wconf 81' lang='lat' dir='ltr'><strong>operationibus</strong></span> <span class='ocrx_word' id='word_1_125' title='bbox 1115 1289 1532 1361; x_wconf 80' lang='lat' dir='ltr'><strong>praedictarum</strong></span> <span class='ocrx_word' id='word_1_126' title='bbox 1583 1289 1801 1348; x_wconf 90' lang='lat' dir='ltr'><strong>artium</strong></span> <span class='ocrx_word' id='word_1_127' title='bbox 1839 1288 2047 1347; x_wconf 89' lang='lat' dir='ltr'><strong>illusio</strong></span> <span class='ocrx_word' id='word_1_128' title='bbox 2087 1287 2362 1361; x_wconf 87' lang='lat' dir='ltr'><strong>quaedam</strong></span> <span class='ocrx_word' id='word_1_129' title='bbox 2406 1286 2573 1346; x_wconf 85' lang='lat' dir='ltr'><strong>vide-</strong></span> 
     </span>
     <span class='ocr_line' id='line_1_15' title="bbox 131 1357 2573 1433; baseline 0 -16"><span class='ocrx_word' id='word_1_130' title='bbox 131 1363 235 1418; x_wconf 88' lang='lat' dir='ltr'><strong>tur</strong></span> <span class='ocrx_word' id='word_1_131' title='bbox 284 1364 346 1417; x_wconf 89' lang='lat' dir='ltr'><strong>et</strong></span> <span class='ocrx_word' id='word_1_132' title='bbox 406 1357 924 1417; x_wconf 80' lang='lat' dir='ltr'><strong>irrationabilitas.</strong></span> <span class='ocrx_word' id='word_1_133' title='bbox 981 1361 1309 1432; x_wconf 85' lang='lat' dir='ltr'><strong>Requirunt</strong></span> <span class='ocrx_word' id='word_1_134' title='bbox 1362 1360 1525 1420; x_wconf 89' lang='lat' dir='ltr'><strong>enim</strong></span> <span class='ocrx_word' id='word_1_135' title='bbox 1578 1358 1923 1433; x_wconf 83' lang='lat' dir='ltr'><strong>hujusmodi</strong></span> <span class='ocrx_word' id='word_1_136' title='bbox 1971 1364 2128 1418; x_wconf 88' lang='lat' dir='ltr'><strong>artes</strong></span> <span class='ocrx_word' id='word_1_137' title='bbox 2165 1358 2471 1417; x_wconf 89' lang='lat' dir='ltr'><strong>hominem</strong></span> <span class='ocrx_word' id='word_1_138' title='bbox 2504 1370 2573 1417; x_wconf 85' lang='lat' dir='ltr'><strong>re</strong></span> 
     </span>
     <span class='ocr_line' id='line_1_16' title="bbox 132 1427 2572 1503; baseline 0.001 -18"><span class='ocrx_word' id='word_1_139' title='bbox 132 1442 390 1488; x_wconf 84' lang='lat' dir='ltr'><strong>venerea</strong></span> <span class='ocrx_word' id='word_1_140' title='bbox 412 1441 537 1486; x_wconf 89' lang='lat' dir='ltr'><strong>nou</strong></span> <span class='ocrx_word' id='word_1_141' title='bbox 565 1433 961 1500; x_wconf 81' lang='lat' dir='ltr'><strong>attrectatum,</strong></span> <span class='ocrx_word' id='word_1_142' title='bbox 995 1444 1133 1489; x_wconf 90' lang='lat' dir='ltr'><strong>cum</strong></span> <span class='ocrx_word' id='word_1_143' title='bbox 1170 1437 1373 1489; x_wconf 90' lang='lat' dir='ltr'><strong>tamen</strong></span> <span class='ocrx_word' id='word_1_144' title='bbox 1459 1431 1770 1503; x_wconf 89' lang='lat' dir='ltr'><strong>lerumque</strong></span> <span class='ocrx_word' id='word_1_145' title='bbox 1806 1427 2201 1489; x_wconf 86' lang='lat' dir='ltr'><strong>adhibeantur</strong></span> <span class='ocrx_word' id='word_1_146' title='bbox 2223 1428 2298 1487; x_wconf 91' lang='lat' dir='ltr'><strong>ad</strong></span> <span class='ocrx_word' id='word_1_147' title='bbox 2322 1428 2572 1488; x_wconf 77' lang='lat' dir='ltr'><strong>illicitos</strong></span> 
     </span>
     <span class='ocr_line' id='line_1_17' title="bbox 135 1499 2573 1583; baseline -0 -24"><span class='ocrx_word' id='word_1_148' title='bbox 135 1499 500 1559; x_wconf 86' lang='lat' dir='ltr'><strong>concubitus</strong></span> <span class='ocrx_word' id='word_1_149' title='bbox 526 1499 961 1559; x_wconf 86' lang='lat' dir='ltr'><strong>conciliandos.</strong></span> <span class='ocrx_word' id='word_1_150' title='bbox 993 1503 1060 1559; x_wconf 90' lang='lat' dir='ltr'><strong>ln</strong></span> <span class='ocrx_word' id='word_1_151' title='bbox 1086 1501 1418 1583; x_wconf 86' lang='lat' dir='ltr'><strong>operationi</strong></span> <span class='ocrx_word' id='word_1_152' title='bbox 1464 1515 1538 1561; x_wconf 91' lang='lat' dir='ltr'><strong>us</strong></span> <span class='ocrx_word' id='word_1_153' title='bbox 1570 1507 1770 1559; x_wconf 90' lang='lat' dir='ltr'><strong>autem</strong></span> <span class='ocrx_word' id='word_1_154' title='bbox 1815 1500 2155 1559; x_wconf 90' lang='lat' dir='ltr'><strong>intellectus</strong></span> <span class='ocrx_word' id='word_1_155' title='bbox 2183 1499 2337 1558; x_wconf 90' lang='lat' dir='ltr'><strong>bene</strong></span> <span class='ocrx_word' id='word_1_156' title='bbox 2365 1499 2573 1572; x_wconf 87' lang='lat' dir='ltr'><strong>dispo-</strong></span> 
     </span>
     <span class='ocr_line' id='line_1_18' title="bbox 135 1569 2573 1654; baseline 0 -25"><span class='ocrx_word' id='word_1_157' title='bbox 135 1570 238 1629; x_wconf 86' lang='lat' dir='ltr'><strong>siti</strong></span> <span class='ocrx_word' id='word_1_158' title='bbox 280 1569 435 1628; x_wconf 89' lang='lat' dir='ltr'><strong>nibil</strong></span> <span class='ocrx_word' id='word_1_159' title='bbox 472 1569 882 1629; x_wconf 85' lang='lat' dir='ltr'><strong>irrationabile</strong></span> <span class='ocrx_word' id='word_1_160' title='bbox 923 1576 981 1630; x_wconf 88' lang='lat' dir='ltr'><strong>et</strong></span> <span class='ocrx_word' id='word_1_161' title='bbox 1017 1571 1137 1629; x_wconf 78' lang='lat' dir='ltr'><strong>sibi</strong></span> <span class='ocrx_word' id='word_1_162' title='bbox 1185 1571 1486 1630; x_wconf 81' lang='lat' dir='ltr'><strong>diversum</strong></span> <span class='ocrx_word' id='word_1_163' title='bbox 1529 1587 1567 1631; x_wconf 90' lang='lat' dir='ltr'><strong>a</strong></span> <span class='ocrx_word' id='word_1_164' title='bbox 1608 1577 1793 1654; x_wconf 87' lang='lat' dir='ltr'><strong>paret.</strong></span> <span class='ocrx_word' id='word_1_165' title='bbox 1820 1573 1952 1629; x_wconf 88' lang='lat' dir='ltr'><strong>Non</strong></span> <span class='ocrx_word' id='word_1_166' title='bbox 1996 1570 2181 1643; x_wconf 82' lang='lat' dir='ltr'><strong>igitur</strong></span> <span class='ocrx_word' id='word_1_167' title='bbox 2220 1569 2573 1651; x_wconf 82' lang='lat' dir='ltr'><strong>hujusmodi</strong></span> 
     </span>
     <span class='ocr_line' id='line_1_19' title="bbox 133 1586 2567 1722; baseline 0.001 -23"><span class='ocrx_word' id='word_1_168' title='bbox 133 1644 295 1699; x_wconf 85' lang='lat' dir='ltr'><strong>artes</strong></span> <span class='ocrx_word' id='word_1_169' title='bbox 325 1645 575 1698; x_wconf 90' lang='lat' dir='ltr'><strong>utuntur</strong></span> <span class='ocrx_word' id='word_1_170' title='bbox 601 1641 935 1711; x_wconf 89' lang='lat' dir='ltr'><strong>patrocinio</strong></span> <span class='ocrx_word' id='word_1_171' title='bbox 982 1641 1323 1701; x_wconf 88' lang='lat' dir='ltr'><strong>intellectus</strong></span> <span class='ocrx_word' id='word_1_172' title='bbox 1366 1642 1520 1700; x_wconf 90' lang='lat' dir='ltr'><strong>bene</strong></span> <span class='ocrx_word' id='word_1_173' title='bbox 1567 1586 1845 1716; x_wconf 50' lang='lat' dir='ltr'><strong>{ispositi</strong></span> <span class='ocrx_word' id='word_1_174' title='bbox 1893 1640 2223 1722; x_wconf 82' lang='lat' dir='ltr'><strong>secundum</strong></span> <span class='ocrx_word' id='word_1_175' title='bbox 2265 1647 2567 1722; x_wconf 74' lang='lat' dir='ltr'><strong>virtutem.</strong></span> 
     </span>
    </p>

    <p class='ocr_par' dir='ltr' id='par_1_7' title="bbox 133 1711 2577 1997">
     <span class='ocr_line' id='line_1_20' title="bbox 202 1711 2570 1791; baseline 0.001 -23"><span class='ocrx_word' id='word_1_176' title='bbox 202 1713 491 1781; x_wconf 77' lang='lat' dir='ltr'><strong>Praeterea,</strong></span> <span class='ocrx_word' id='word_1_177' title='bbox 523 1724 647 1791; x_wconf 77' lang='lat' dir='ltr'><strong>non</strong></span> <span class='ocrx_word' id='word_1_178' title='bbox 676 1715 767 1769; x_wconf 90' lang='lat' dir='ltr'><strong>est</strong></span> <span class='ocrx_word' id='word_1_179' title='bbox 785 1711 940 1770; x_wconf 92' lang='lat' dir='ltr'><strong>bene</strong></span> <span class='ocrx_word' id='word_1_180' title='bbox 960 1711 1312 1784; x_wconf 83' lang='lat' dir='ltr'><strong>dispositus,</strong></span> <span class='ocrx_word' id='word_1_181' title='bbox 1334 1713 1668 1772; x_wconf 90' lang='lat' dir='ltr'><strong>secundum</strong></span> <span class='ocrx_word' id='word_1_182' title='bbox 1694 1712 2084 1782; x_wconf 89' lang='lat' dir='ltr'><strong>intellectum,</strong></span> <span class='ocrx_word' id='word_1_183' title='bbox 2148 1726 2208 1768; x_wconf 84' lang='grc' dir='ltr'><strong>ιιι</strong></span> <span class='ocrx_word' id='word_1_184' title='bbox 2228 1725 2335 1782; x_wconf 90' lang='lat' dir='ltr'><strong>per</strong></span> <span class='ocrx_word' id='word_1_185' title='bbox 2361 1711 2570 1783; x_wconf 80' lang='lat' dir='ltr'><strong>aliqua</strong></span> 
     </span>
     <span class='ocr_line' id='line_1_21' title="bbox 134 1780 2577 1862; baseline -0.001 -22"><span class='ocrx_word' id='word_1_186' title='bbox 134 1781 365 1862; x_wconf 74' lang='lat' dir='ltr'><strong>scelera</strong></span> <span class='ocrx_word' id='word_1_187' title='bbox 391 1794 720 1841; x_wconf 80' lang='lat' dir='ltr'><strong>commissa</strong></span> <span class='ocrx_word' id='word_1_188' title='bbox 745 1788 1103 1853; x_wconf 82' lang='lat' dir='ltr'><strong>provocatur</strong></span> <span class='ocrx_word' id='word_1_189' title='bbox 1129 1783 1205 1842; x_wconf 90' lang='lat' dir='ltr'><strong>ad</strong></span> <span class='ocrx_word' id='word_1_190' title='bbox 1237 1784 1528 1842; x_wconf 88' lang='lat' dir='ltr'><strong>auxilium</strong></span> <span class='ocrx_word' id='word_1_191' title='bbox 1563 1784 1744 1843; x_wconf 90' lang='lat' dir='ltr'><strong>alicui</strong></span> <span class='ocrx_word' id='word_1_192' title='bbox 1771 1782 2101 1842; x_wconf 87' lang='lat' dir='ltr'><strong>ferendum.</strong></span> <span class='ocrx_word' id='word_1_193' title='bbox 2182 1794 2254 1838; x_wconf 91' lang='lat' dir='ltr'><strong>oc</strong></span> <span class='ocrx_word' id='word_1_194' title='bbox 2283 1787 2481 1839; x_wconf 84' lang='lat' dir='ltr'><strong>autem</strong></span> <span class='ocrx_word' id='word_1_195' title='bbox 2502 1780 2577 1839; x_wconf 83' lang='lat' dir='ltr'><strong>fit</strong></span> 
     </span>
     <span class='ocr_line' id='line_1_22' title="bbox 135 1852 2571 1926; baseline 0 -15"><span class='ocrx_word' id='word_1_196' title='bbox 135 1852 363 1911; x_wconf 79' lang='lat' dir='ltr'><strong>inistis</strong></span> <span class='ocrx_word' id='word_1_197' title='bbox 389 1852 620 1910; x_wconf 90' lang='lat' dir='ltr'><strong>artibus</strong></span> <span class='ocrx_word' id='word_1_198' title='bbox 654 1871 670 1922; x_wconf 77' lang='lat'><em>3</em></span> <span class='ocrx_word' id='word_1_199' title='bbox 701 1865 841 1910; x_wconf 88' lang='lat' dir='ltr'><strong>nam</strong></span> <span class='ocrx_word' id='word_1_200' title='bbox 889 1853 1075 1926; x_wconf 89' lang='lat' dir='ltr'><strong>aliqui</strong></span> <span class='ocrx_word' id='word_1_201' title='bbox 1120 1854 1184 1911; x_wconf 90' lang='lat' dir='ltr'><strong>in</strong></span> <span class='ocrx_word' id='word_1_202' title='bbox 1229 1855 1579 1912; x_wconf 87' lang='lat' dir='ltr'><strong>executione</strong></span> <span class='ocrx_word' id='word_1_203' title='bbox 1631 1854 1844 1912; x_wconf 88' lang='lat' dir='ltr'><strong>harum</strong></span> <span class='ocrx_word' id='word_1_204' title='bbox 1891 1853 2173 1925; x_wconf 87' lang='lat' dir='ltr'><strong>leguntur</strong></span> <span class='ocrx_word' id='word_1_205' title='bbox 2213 1852 2571 1912; x_wconf 80' lang='lat' dir='ltr'><strong>innocentes</strong></span> 
     </span>
     <span class='ocr_line' id='line_1_23' title="bbox 133 1921 2569 1997; baseline 0 -16"><span class='ocrx_word' id='word_1_206' title='bbox 133 1935 355 1995; x_wconf 89' lang='lat' dir='ltr'><strong>pueros</strong></span> <span class='ocrx_word' id='word_1_207' title='bbox 376 1922 693 1981; x_wconf 88' lang='lat' dir='ltr'><strong>occidisse.</strong></span> <span class='ocrx_word' id='word_1_208' title='bbox 707 1924 838 1981; x_wconf 86' lang='lat' dir='ltr'><strong>Non</strong></span> <span class='ocrx_word' id='word_1_209' title='bbox 852 1924 1035 1996; x_wconf 87' lang='lat' dir='ltr'><strong>igitur</strong></span> <span class='ocrx_word' id='word_1_210' title='bbox 1049 1929 1190 1982; x_wconf 90' lang='lat' dir='ltr'><strong>sunt</strong></span> <span class='ocrx_word' id='word_1_211' title='bbox 1208 1924 1353 1983; x_wconf 92' lang='lat' dir='ltr'><strong>boni</strong></span> <span class='ocrx_word' id='word_1_212' title='bbox 1374 1924 1717 1983; x_wconf 88' lang='lat' dir='ltr'><strong>intellectus</strong></span> <span class='ocrx_word' id='word_1_213' title='bbox 1739 1937 1996 1997; x_wconf 88' lang='lat' dir='ltr'><strong>quorum</strong></span> <span class='ocrx_word' id='word_1_214' title='bbox 2015 1922 2241 1981; x_wconf 82' lang='lat' dir='ltr'><strong>auxilio</strong></span> <span class='ocrx_word' id='word_1_215' title='bbox 2263 1921 2569 1981; x_wconf 83' lang='lat' dir='ltr'><strong>istafiunt.</strong></span> 
     </span>
    </p>

    <p class='ocr_par' dir='ltr' id='par_1_8' title="bbox 135 1991 2574 2348">
     <span class='ocr_line' id='line_1_24' title="bbox 202 1991 2574 2075; baseline 0 -24"><span class='ocrx_word' id='word_1_216' title='bbox 202 1993 356 2058; x_wconf 74' lang='lat' dir='ltr'><strong>leem,</strong></span> <span class='ocrx_word' id='word_1_217' title='bbox 385 1992 613 2051; x_wconf 89' lang='lat' dir='ltr'><strong>bonum</strong></span> <span class='ocrx_word' id='word_1_218' title='bbox 636 1994 943 2075; x_wconf 82' lang='lat' dir='ltr'><strong>proprium</strong></span> <span class='ocrx_word' id='word_1_219' title='bbox 974 1995 1313 2054; x_wconf 91' lang='lat' dir='ltr'><strong>intellectus</strong></span> <span class='ocrx_word' id='word_1_220' title='bbox 1336 2001 1430 2053; x_wconf 90' lang='lat' dir='ltr'><strong>est</strong></span> <span class='ocrx_word' id='word_1_221' title='bbox 1453 1996 1698 2054; x_wconf 85' lang='lat' dir='ltr'><strong>veritas.</strong></span> <span class='ocrx_word' id='word_1_222' title='bbox 1728 1998 1875 2053; x_wconf 88' lang='lat' dir='ltr'><strong>Cum</strong></span> <span class='ocrx_word' id='word_1_223' title='bbox 1921 1994 2108 2067; x_wconf 84' lang='lat' dir='ltr'><strong>igitur</strong></span> <span class='ocrx_word' id='word_1_224' title='bbox 2151 1991 2297 2052; x_wconf 90' lang='lat' dir='ltr'><strong>boni</strong></span> <span class='ocrx_word' id='word_1_225' title='bbox 2345 1993 2426 2051; x_wconf 90' lang='lat' dir='ltr'><strong>sit</strong></span> <span class='ocrx_word' id='word_1_226' title='bbox 2466 1992 2574 2052; x_wconf 88' lang='lat' dir='ltr'><strong>bo-</strong></span> 
     </span>
     <span class='ocr_line' id='line_1_25' title="bbox 135 2062 2574 2139; baseline 0 -17"><span class='ocrx_word' id='word_1_227' title='bbox 135 2077 282 2123; x_wconf 90' lang='lat' dir='ltr'><strong>num</strong></span> <span class='ocrx_word' id='word_1_228' title='bbox 309 2062 626 2133; x_wconf 89' lang='lat' dir='ltr'><strong>adducere,</strong></span> <span class='ocrx_word' id='word_1_229' title='bbox 660 2064 980 2137; x_wconf 71' lang='lat' dir='ltr'><strong>cujuslibet</strong></span> <span class='ocrx_word' id='word_1_230' title='bbox 1003 2065 1342 2125; x_wconf 88' lang='lat' dir='ltr'><strong>intellectus</strong></span> <span class='ocrx_word' id='word_1_231' title='bbox 1371 2066 1523 2124; x_wconf 89' lang='lat' dir='ltr'><strong>bene</strong></span> <span class='ocrx_word' id='word_1_232' title='bbox 1549 2066 1829 2139; x_wconf 88' lang='lat' dir='ltr'><strong>dispositi</strong></span> <span class='ocrx_word' id='word_1_233' title='bbox 1850 2078 1987 2124; x_wconf 90' lang='lat' dir='ltr'><strong>esse</strong></span> <span class='ocrx_word' id='word_1_234' title='bbox 2005 2063 2240 2123; x_wconf 88' lang='lat' dir='ltr'><strong>videtur</strong></span> <span class='ocrx_word' id='word_1_235' title='bbox 2257 2063 2413 2122; x_wconf 85' lang='lat' dir='ltr'><strong>alios</strong></span> <span class='ocrx_word' id='word_1_236' title='bbox 2483 2074 2574 2123; x_wconf 87' lang='lat' dir='ltr'><strong>er·</strong></span> 
     </span>
     <span class='ocr_line' id='line_1_26' title="bbox 135 2133 2572 2209; baseline 0.001 -17"><span class='ocrx_word' id='word_1_237' title='bbox 135 2133 354 2193; x_wconf 90' lang='lat' dir='ltr'><strong>ducere</strong></span> <span class='ocrx_word' id='word_1_238' title='bbox 378 2134 453 2193; x_wconf 85' lang='lat' dir='ltr'><strong>ad</strong></span> <span class='ocrx_word' id='word_1_239' title='bbox 482 2135 812 2193; x_wconf 78' lang='lat' dir='ltr'><strong>veritatem.</strong></span> <span class='ocrx_word' id='word_1_240' title='bbox 843 2138 910 2194; x_wconf 90' lang='lat' dir='ltr'><strong>ln</strong></span> <span class='ocrx_word' id='word_1_241' title='bbox 935 2136 1218 2209; x_wconf 89' lang='lat' dir='ltr'><strong>operibus</strong></span> <span class='ocrx_word' id='word_1_242' title='bbox 1246 2142 1446 2195; x_wconf 89' lang='lat' dir='ltr'><strong>autem</strong></span> <span class='ocrx_word' id='word_1_243' title='bbox 1477 2150 1535 2195; x_wconf 92' lang='lat' dir='ltr'><strong>m</strong></span> <span class='ocrx_word' id='word_1_244' title='bbox 1621 2151 1794 2195; x_wconf 90' lang='lat' dir='ltr'><strong>orum</strong></span> <span class='ocrx_word' id='word_1_245' title='bbox 1831 2136 2113 2208; x_wconf 79' lang='lat' dir='ltr'><strong>pleraque</strong></span> <span class='ocrx_word' id='word_1_246' title='bbox 2164 2133 2319 2192; x_wconf 88' lang='lat' dir='ltr'><strong>fiunt</strong></span> <span class='ocrx_word' id='word_1_247' title='bbox 2345 2134 2447 2207; x_wconf 91' lang='lat' dir='ltr'><strong>qui</strong></span> <span class='ocrx_word' id='word_1_248' title='bbox 2494 2146 2572 2195; x_wconf 79' lang='lat' dir='ltr'><strong>us</strong></span> 
     </span>
     <span class='ocr_line' id='line_1_27' title="bbox 135 2203 2567 2287; baseline 0 -24"><span class='ocrx_word' id='word_1_249' title='bbox 135 2203 517 2263; x_wconf 86' lang='lat' dir='ltr'><strong>ludificentur</strong></span> <span class='ocrx_word' id='word_1_250' title='bbox 573 2205 853 2265; x_wconf 86' lang='lat' dir='ltr'><strong>homines</strong></span> <span class='ocrx_word' id='word_1_251' title='bbox 904 2211 963 2287; x_wconf 82' lang='lat' dir='ltr'><strong>et</strong></span> <span class='ocrx_word' id='word_1_252' title='bbox 1025 2207 1418 2279; x_wconf 88' lang='lat' dir='ltr'><strong>decipiantur.</strong></span> <span class='ocrx_word' id='word_1_253' title='bbox 1460 2210 1588 2265; x_wconf 85' lang='lat' dir='ltr'><strong>Inte</strong></span> <span class='ocrx_word' id='word_1_254' title='bbox 1615 2207 1806 2266; x_wconf 88' lang='lat' dir='ltr'><strong>lectus</strong></span> <span class='ocrx_word' id='word_1_255' title='bbox 1850 2207 2038 2279; x_wconf 83' lang='lat' dir='ltr'><strong>igitur</strong></span> <span class='ocrx_word' id='word_1_256' title='bbox 2096 2204 2272 2278; x_wconf 92' lang='lat' dir='ltr'><strong>cujus</strong></span> <span class='ocrx_word' id='word_1_257' title='bbox 2335 2205 2567 2264; x_wconf 79' lang='lat' dir='ltr'><strong>auxilio</strong></span> 
     </span>
     <span class='ocr_line' id='line_1_28' title="bbox 135 2275 1835 2348; baseline 0.001 -15"><span class='ocrx_word' id='word_1_258' title='bbox 135 2281 387 2333; x_wconf 89' lang='lat' dir='ltr'><strong>utuntur</strong></span> <span class='ocrx_word' id='word_1_259' title='bbox 414 2289 536 2334; x_wconf 91' lang='lat' dir='ltr'><strong>non</strong></span> <span class='ocrx_word' id='word_1_260' title='bbox 565 2281 658 2335; x_wconf 89' lang='lat' dir='ltr'><strong>est</strong></span> <span class='ocrx_word' id='word_1_261' title='bbox 683 2276 836 2334; x_wconf 88' lang='lat' dir='ltr'><strong>hene</strong></span> <span class='ocrx_word' id='word_1_262' title='bbox 865 2275 1038 2348; x_wconf 82' lang='lat' dir='ltr'><strong>dispo</strong></span> <span class='ocrx_word' id='word_1_263' title='bbox 1074 2278 1195 2337; x_wconf 88' lang='lat' dir='ltr'><strong>itus</strong></span> <span class='ocrx_word' id='word_1_264' title='bbox 1224 2278 1557 2337; x_wconf 91' lang='lat' dir='ltr'><strong>secundum</strong></span> <span class='ocrx_word' id='word_1_265' title='bbox 1585 2291 1835 2336; x_wconf 90' lang='lat' dir='ltr'><strong>morem.</strong></span> 
     </span>
    </p>

    <p class='ocr_par' dir='ltr' id='par_1_9' title="bbox 133 2291 2573 2921">
     <span class='ocr_line' id='line_1_29' title="bbox 203 2291 2569 2426; baseline 0.001 -24"><span class='ocrx_word' id='word_1_266' title='bbox 203 2345 423 2409; x_wconf 74' lang='lat' dir='ltr'><strong>Adhuc,</strong></span> <span class='ocrx_word' id='word_1_267' title='bbox 454 2346 795 2405; x_wconf 88' lang='lat' dir='ltr'><strong>intellectus</strong></span> <span class='ocrx_word' id='word_1_268' title='bbox 817 2347 969 2407; x_wconf 89' lang='lat' dir='ltr'><strong>bene</strong></span> <span class='ocrx_word' id='word_1_269' title='bbox 998 2291 1331 2421; x_wconf 43' lang='lat' dir='ltr'><strong>dispositus</strong></span> <span class='ocrx_word' id='word_1_270' title='bbox 1358 2349 1606 2407; x_wconf 84' lang='lat' dir='ltr'><strong>veritate</strong></span> <span class='ocrx_word' id='word_1_271' title='bbox 1634 2349 1913 2412; x_wconf 86' lang='lat' dir='ltr'><strong>allicitur,</strong></span> <span class='ocrx_word' id='word_1_272' title='bbox 1943 2346 2009 2404; x_wconf 89' lang='lat' dir='ltr'><strong>in</strong></span> <span class='ocrx_word' id='word_1_273' title='bbox 2053 2360 2175 2419; x_wconf 87' lang='lat' dir='ltr'><strong>qua</strong></span> <span class='ocrx_word' id='word_1_274' title='bbox 2219 2344 2569 2426; x_wconf 80' lang='lat' dir='ltr'><strong>delectatur,</strong></span> 
     </span>
     <span class='ocr_line' id='line_1_30' title="bbox 136 2415 2573 2488; baseline 0.001 -14"><span class='ocrx_word' id='word_1_275' title='bbox 136 2429 259 2475; x_wconf 92' lang='lat' dir='ltr'><strong>non</strong></span> <span class='ocrx_word' id='word_1_276' title='bbox 284 2422 483 2475; x_wconf 90' lang='lat' dir='ltr'><strong>autem</strong></span> <span class='ocrx_word' id='word_1_277' title='bbox 510 2417 862 2476; x_wconf 89' lang='lat' dir='ltr'><strong>mendaciis.</strong></span> <span class='ocrx_word' id='word_1_278' title='bbox 893 2419 985 2476; x_wconf 75' lang='lat' dir='ltr'><strong>Ma</strong></span> <span class='ocrx_word' id='word_1_279' title='bbox 1032 2418 1044 2430; x_wconf 85' lang='lat'><strong><em>‘</em></strong></span> <span class='ocrx_word' id='word_1_280' title='bbox 1073 2424 1272 2478; x_wconf 91' lang='lat' dir='ltr'><strong>autem</strong></span> <span class='ocrx_word' id='word_1_281' title='bbox 1303 2420 1369 2477; x_wconf 92' lang='lat' dir='ltr'><strong>in</strong></span> <span class='ocrx_word' id='word_1_282' title='bbox 1398 2418 1530 2478; x_wconf 89' lang='lat' dir='ltr'><strong>suis</strong></span> <span class='ocrx_word' id='word_1_283' title='bbox 1558 2415 2041 2477; x_wconf 88' lang='lat' dir='ltr'><strong>invocationibus</strong></span> <span class='ocrx_word' id='word_1_284' title='bbox 2061 2421 2312 2475; x_wconf 91' lang='lat' dir='ltr'><strong>utuntur</strong></span> <span class='ocrx_word' id='word_1_285' title='bbox 2325 2416 2573 2488; x_wconf 77' lang='lat' dir='ltr'><strong>quibus·</strong></span> 
     </span>
     <span class='ocr_line' id='line_1_31' title="bbox 141 2433 2572 2569; baseline -0 -23"><span class='ocrx_word' id='word_1_286' title='bbox 141 2487 277 2547; x_wconf 89' lang='lat' dir='ltr'><strong>dam</strong></span> <span class='ocrx_word' id='word_1_287' title='bbox 303 2487 659 2569; x_wconf 77' lang='lat' dir='ltr'><strong>mendaciiS,</strong></span> <span class='ocrx_word' id='word_1_288' title='bbox 689 2487 910 2562; x_wconf 91' lang='lat' dir='ltr'><strong>quibus</strong></span> <span class='ocrx_word' id='word_1_289' title='bbox 940 2433 1206 2548; x_wconf 67' lang='lat' dir='ltr'><strong>afficiant</strong></span> <span class='ocrx_word' id='word_1_290' title='bbox 1228 2503 1336 2549; x_wconf 88' lang='lat' dir='ltr'><strong>eos</strong></span> <span class='ocrx_word' id='word_1_291' title='bbox 1361 2502 1617 2564; x_wconf 89' lang='lat' dir='ltr'><strong>quorum</strong></span> <span class='ocrx_word' id='word_1_292' title='bbox 1639 2488 1864 2548; x_wconf 81' lang='lat' dir='ltr'><strong>auxilio</strong></span> <span class='ocrx_word' id='word_1_293' title='bbox 1892 2492 2173 2569; x_wconf 67' lang='lat' dir='ltr'><strong>utuntun</strong></span> <span class='ocrx_word' id='word_1_294' title='bbox 2200 2486 2572 2545; x_wconf 86' lang='lat' dir='ltr'><strong>comminan-</strong></span> 
     </span>
     <span class='ocr_line' id='line_1_32' title="bbox 135 2558 2570 2636; baseline 0.001 -21"><span class='ocrx_word' id='word_1_295' title='bbox 135 2565 235 2617; x_wconf 87' lang='lat' dir='ltr'><strong>tur</strong></span> <span class='ocrx_word' id='word_1_296' title='bbox 261 2572 423 2618; x_wconf 90' lang='lat' dir='ltr'><strong>emm</strong></span> <span class='ocrx_word' id='word_1_297' title='bbox 453 2558 723 2632; x_wconf 84' lang='lat' dir='ltr'><strong>quaedam</strong></span> <span class='ocrx_word' id='word_1_298' title='bbox 752 2560 1174 2631; x_wconf 89' lang='lat' dir='ltr'><strong>impossibilia,</strong></span> <span class='ocrx_word' id='word_1_299' title='bbox 1206 2561 1365 2621; x_wconf 89' lang='lat' dir='ltr'><strong>sicut</strong></span> <span class='ocrx_word' id='word_1_300' title='bbox 1399 2561 1584 2636; x_wconf 89' lang='lat' dir='ltr'><strong>quod,</strong></span> <span class='ocrx_word' id='word_1_301' title='bbox 1619 2560 1739 2618; x_wconf 89' lang='lat' dir='ltr'><strong>nisi</strong></span> <span class='ocrx_word' id='word_1_302' title='bbox 1779 2560 1881 2617; x_wconf 90' lang='lat' dir='ltr'><strong>ille</strong></span> <span class='ocrx_word' id='word_1_303' title='bbox 1911 2572 2013 2633; x_wconf 80' lang='lat' dir='ltr'><strong>qur</strong></span> <span class='ocrx_word' id='word_1_304' title='bbox 2051 2563 2365 2616; x_wconf 80' lang='lat' dir='ltr'><strong>invocatur</strong></span> <span class='ocrx_word' id='word_1_305' title='bbox 2391 2570 2570 2628; x_wconf 86' lang='lat' dir='ltr'><strong>opem</strong></span> 
     </span>
     <span class='ocr_line' id='line_1_33' title="bbox 135 2628 2572 2709; baseline -0.001 -21"><span class='ocrx_word' id='word_1_306' title='bbox 135 2630 308 2699; x_wconf 79' lang='lat' dir='ltr'><strong>ferat,</strong></span> <span class='ocrx_word' id='word_1_307' title='bbox 337 2630 627 2688; x_wconf 84' lang='lat' dir='ltr'><strong>invocans</strong></span> <span class='ocrx_word' id='word_1_308' title='bbox 652 2630 867 2689; x_wconf 87' lang='lat' dir='ltr'><strong>coelum</strong></span> <span class='ocrx_word' id='word_1_309' title='bbox 897 2631 1266 2690; x_wconf 89' lang='lat' dir='ltr'><strong>comminuet</strong></span> <span class='ocrx_word' id='word_1_310' title='bbox 1301 2636 1404 2690; x_wconf 91' lang='lat' dir='ltr'><strong>aut</strong></span> <span class='ocrx_word' id='word_1_311' title='bbox 1440 2630 1641 2689; x_wconf 89' lang='lat' dir='ltr'><strong>sidera</strong></span> <span class='ocrx_word' id='word_1_312' title='bbox 1667 2631 1944 2701; x_wconf 88' lang='lat' dir='ltr'><strong>deponet,</strong></span> <span class='ocrx_word' id='word_1_313' title='bbox 1976 2632 2041 2686; x_wconf 90' lang='lat' dir='ltr'><strong>ut</strong></span> <span class='ocrx_word' id='word_1_314' title='bbox 2078 2632 2278 2685; x_wconf 86' lang='lat' dir='ltr'><strong>narrat</strong></span> <span class='ocrx_word' id='word_1_315' title='bbox 2309 2628 2572 2709; x_wconf 71' lang='lat' dir='ltr'><strong>Porphy-</strong></span> 
     </span>
     <span class='ocr_line' id='line_1_34' title="bbox 133 2698 2569 2782; baseline -0 -24"><span class='ocrx_word' id='word_1_316' title='bbox 133 2700 266 2759; x_wconf 88' lang='lat' dir='ltr'><strong>rius</strong></span> <span class='ocrx_word' id='word_1_317' title='bbox 294 2700 358 2758; x_wconf 90' lang='lat' dir='ltr'><strong>in</strong></span> <span class='ocrx_word' id='word_1_318' title='bbox 386 2701 563 2782; x_wconf 88' lang='lat' dir='ltr'><strong>epist.</strong></span> <span class='ocrx_word' id='word_1_319' title='bbox 591 2700 665 2759; x_wconf 92' lang='lat' dir='ltr'><strong>ad</strong></span> <span class='ocrx_word' id='word_1_320' title='bbox 690 2700 1081 2760; x_wconf 83' lang='lat' dir='ltr'><strong>Anebontem.</strong></span> <span class='ocrx_word' id='word_1_321' title='bbox 1113 2701 1234 2760; x_wconf 85' lang='lat' dir='ltr'>111ae</span> <span class='ocrx_word' id='word_1_322' title='bbox 1280 2701 1466 2775; x_wconf 81' lang='lat' dir='ltr'><strong>igitur</strong></span> <span class='ocrx_word' id='word_1_323' title='bbox 1498 2700 1936 2759; x_wconf 88' lang='lat' dir='ltr'><strong>intellectuales</strong></span> <span class='ocrx_word' id='word_1_324' title='bbox 1965 2698 2316 2757; x_wconf 64' lang='lat' dir='ltr'><strong>substantiae</strong></span> <span class='ocrx_word' id='word_1_325' title='bbox 2344 2698 2569 2779; x_wconf 39' lang='lat' dir='ltr'><strong>quib-us</strong></span> 
     </span>
     <span class='ocr_line' id='line_1_35' title="bbox 135 2768 2571 2853; baseline -0.001 -23"><span class='ocrx_word' id='word_1_326' title='bbox 135 2769 558 2853; x_wconf 78' lang='lat' dir='ltr'><strong>adjuvantibus</strong></span> <span class='ocrx_word' id='word_1_327' title='bbox 584 2771 966 2853; x_wconf 77' lang='lat' dir='ltr'><strong>operationes</strong></span> <span class='ocrx_word' id='word_1_328' title='bbox 992 2785 1304 2845; x_wconf 78' lang='lat' dir='ltr'><strong>magorum</strong></span> <span class='ocrx_word' id='word_1_329' title='bbox 1338 2769 1729 2845; x_wconf 83' lang='lat' dir='ltr'><strong>perficiuntur</strong></span> <span class='ocrx_word' id='word_1_330' title='bbox 1771 2784 1898 2829; x_wconf 91' lang='lat' dir='ltr'><strong>non</strong></span> <span class='ocrx_word' id='word_1_331' title='bbox 1937 2768 2213 2829; x_wconf 86' lang='lat' dir='ltr'><strong>videntur</strong></span> <span class='ocrx_word' id='word_1_332' title='bbox 2250 2768 2406 2827; x_wconf 86' lang='lat' dir='ltr'><strong>bene</strong></span> <span class='ocrx_word' id='word_1_333' title='bbox 2441 2768 2571 2828; x_wconf 79' lang='lat' dir='ltr'><strong>dis·-</strong></span> 
     </span>
     <span class='ocr_line' id='line_1_36' title="bbox 133 2841 2233 2921; baseline -0 -20"><span class='ocrx_word' id='word_1_334' title='bbox 133 2847 347 2913; x_wconf 78' lang='lat' dir='ltr'><strong>posttae</strong></span> <span class='ocrx_word' id='word_1_335' title='bbox 375 2841 707 2901; x_wconf 90' lang='lat' dir='ltr'><strong>secundum</strong></span> <span class='ocrx_word' id='word_1_336' title='bbox 745 2842 1134 2901; x_wconf 75' lang='lat' dir='ltr'><strong>intellectum.</strong></span> <span class='ocrx_word' id='word_1_337' title='bbox 2221 2909 2233 2921; x_wconf 52' lang='lat'>‚</span> 
     </span>
    </p>

    <p class='ocr_par' dir='ltr' id='par_1_10' title="bbox 132 2910 2573 3466">
     <span class='ocr_line' id='line_1_37' title="bbox 203 2910 2568 2984; baseline -0.001 -12"><span class='ocrx_word' id='word_1_338' title='bbox 203 2912 482 2984; x_wconf 78' lang='lat' dir='ltr'><strong>Amplius,</strong></span> <span class='ocrx_word' id='word_1_339' title='bbox 509 2926 633 2971; x_wconf 90' lang='lat' dir='ltr'><strong>non</strong></span> <span class='ocrx_word' id='word_1_340' title='bbox 655 2911 890 2971; x_wconf 83' lang='lat' dir='ltr'><strong>videtur</strong></span> <span class='ocrx_word' id='word_1_341' title='bbox 927 2926 1061 2971; x_wconf 91' lang='lat' dir='ltr'><strong>esse</strong></span> <span class='ocrx_word' id='word_1_342' title='bbox 1090 2911 1368 2972; x_wconf 89' lang='lat' dir='ltr'><strong>habentis</strong></span> <span class='ocrx_word' id='word_1_343' title='bbox 1394 2911 1765 2972; x_wconf 88' lang='lat' dir='ltr'><strong>intellectum</strong></span> <span class='ocrx_word' id='word_1_344' title='bbox 1807 2911 1961 2971; x_wconf 91' lang='lat' dir='ltr'><strong>bene</strong></span> <span class='ocrx_word' id='word_1_345' title='bbox 2005 2910 2369 2983; x_wconf 88' lang='lat' dir='ltr'><strong>dispos1tum</strong></span> <span class='ocrx_word' id='word_1_346' title='bbox 2393 2915 2480 2980; x_wconf 92' lang='lat' dir='ltr'><strong>ut,</strong></span> <span class='ocrx_word' id='word_1_347' title='bbox 2508 2911 2568 2970; x_wconf 90' lang='lat' dir='ltr'><strong>si</strong></span> 
     </span>
     <span class='ocr_line' id='line_1_38' title="bbox 133 2980 2573 3065; baseline -0.002 -21"><span class='ocrx_word' id='word_1_348' title='bbox 133 2981 221 3044; x_wconf 83' lang='lat' dir='ltr'><strong>sit</strong></span> <span class='ocrx_word' id='word_1_349' title='bbox 240 2996 313 3043; x_wconf 86' lang='lat' dir='ltr'><strong>su</strong></span> <span class='ocrx_word' id='word_1_350' title='bbox 358 2983 537 3054; x_wconf 88' lang='lat' dir='ltr'><strong>erior,</strong></span> <span class='ocrx_word' id='word_1_351' title='bbox 566 2983 880 3065; x_wconf 80' lang='lat' dir='ltr'><strong>imperanti</strong></span> <span class='ocrx_word' id='word_1_352' title='bbox 908 2983 1025 3041; x_wconf 91' lang='lat' dir='ltr'><strong>sibi</strong></span> <span class='ocrx_word' id='word_1_353' title='bbox 1056 2983 1345 3042; x_wconf 87' lang='lat' dir='ltr'><strong>subdatur</strong></span> <span class='ocrx_word' id='word_1_354' title='bbox 1370 2984 1530 3042; x_wconf 88' lang='lat' dir='ltr'><strong>sicut</strong></span> <span class='ocrx_word' id='word_1_355' title='bbox 1553 2983 1831 3053; x_wconf 88' lang='lat' dir='ltr'><strong>inferior;</strong></span> <span class='ocrx_word' id='word_1_356' title='bbox 1863 2987 1988 3052; x_wconf 90' lang='lat' dir='ltr'><strong>aut,</strong></span> <span class='ocrx_word' id='word_1_357' title='bbox 2018 2981 2073 3040; x_wconf 89' lang='lat' dir='ltr'><strong>si</strong></span> <span class='ocrx_word' id='word_1_358' title='bbox 2104 2980 2184 3040; x_wconf 88' lang='lat' dir='ltr'><strong>sit</strong></span> <span class='ocrx_word' id='word_1_359' title='bbox 2212 2980 2485 3051; x_wconf 87' lang='lat' dir='ltr'><strong>inferior,</strong></span> <span class='ocrx_word' id='word_1_360' title='bbox 2503 2985 2573 3040; x_wconf 86' lang='lat' dir='ltr'><strong>ut</strong></span> 
     </span>
     <span class='ocr_line' id='line_1_39' title="bbox 132 2998 2572 3136; baseline -0 -23"><span class='ocrx_word' id='word_1_361' title='bbox 132 3052 255 3113; x_wconf 85' lang='lat' dir='ltr'><strong>sibi</strong></span> <span class='ocrx_word' id='word_1_362' title='bbox 279 2998 356 3113; x_wconf 65' lang='lat' dir='ltr'><strong>ass</strong></span> <span class='ocrx_word' id='word_1_363' title='bbox 382 3067 457 3112; x_wconf 88' lang='lat' dir='ltr'><strong>eo</strong></span> <span class='ocrx_word' id='word_1_364' title='bbox 483 3068 658 3136; x_wconf 76' lang='lat' dir='ltr'><strong>quast</strong></span> <span class='ocrx_word' id='word_1_365' title='bbox 687 3054 983 3126; x_wconf 87' lang='lat' dir='ltr'><strong>superiori</strong></span> <span class='ocrx_word' id='word_1_366' title='bbox 1011 3067 1124 3126; x_wconf 87' lang='lat' dir='ltr'><strong>sup</strong></span> <span class='ocrx_word' id='word_1_367' title='bbox 1157 3054 1337 3136; x_wconf 43' lang='lat' dir='ltr'><strong>‚licat-i</strong></span> <span class='ocrx_word' id='word_1_368' title='bbox 1383 3055 1666 3135; x_wconf 73' lang='lat' dir='ltr'><strong>patiatur.</strong></span> <span class='ocrx_word' id='word_1_369' title='bbox 1707 3052 1863 3136; x_wconf 75' lang='lat' dir='ltr'><strong>Magi</strong></span> <span class='ocrx_word' id='word_1_370' title='bbox 1903 3057 2102 3111; x_wconf 87' lang='lat' dir='ltr'><strong>autem</strong></span> <span class='ocrx_word' id='word_1_371' title='bbox 2145 3052 2433 3110; x_wconf 84' lang='lat' dir='ltr'><strong>invocant</strong></span> <span class='ocrx_word' id='word_1_372' title='bbox 2458 3064 2572 3112; x_wconf 86' lang='lat' dir='ltr'><strong>eos</strong></span> 
     </span>
     <span class='ocr_line' id='line_1_40' title="bbox 134 3121 2571 3198; baseline -0 -16"><span class='ocrx_word' id='word_1_373' title='bbox 134 3136 395 3197; x_wconf 89' lang='lat' dir='ltr'><strong>quorum</strong></span> <span class='ocrx_word' id='word_1_374' title='bbox 417 3124 644 3183; x_wconf 77' lang='lat' dir='ltr'><strong>auxilio</strong></span> <span class='ocrx_word' id='word_1_375' title='bbox 678 3130 943 3195; x_wconf 90' lang='lat' dir='ltr'><strong>utuntur,</strong></span> <span class='ocrx_word' id='word_1_376' title='bbox 975 3138 1126 3197; x_wconf 89' lang='lat' dir='ltr'><strong>supp</strong></span> <span class='ocrx_word' id='word_1_377' title='bbox 1153 3131 1343 3190; x_wconf 77' lang='lat' dir='ltr'><strong>tciter,</strong></span> <span class='ocrx_word' id='word_1_378' title='bbox 1374 3138 1549 3198; x_wconf 80' lang='lat' dir='ltr'><strong>quasl</strong></span> <span class='ocrx_word' id='word_1_379' title='bbox 1575 3136 1953 3197; x_wconf 77' lang='lat' dir='ltr'><strong>superlores3</strong></span> <span class='ocrx_word' id='word_1_380' title='bbox 1983 3136 2122 3181; x_wconf 91' lang='lat' dir='ltr'><strong>cum</strong></span> <span class='ocrx_word' id='word_1_381' title='bbox 2162 3128 2362 3181; x_wconf 89' lang='lat' dir='ltr'><strong>autem</strong></span> <span class='ocrx_word' id='word_1_382' title='bbox 2390 3121 2571 3181; x_wconf 87' lang='lat' dir='ltr'><strong>adve-</strong></span> 
     </span>
     <span class='ocr_line' id='line_1_41' title="bbox 133 3191 2573 3269; baseline 0 -17"><span class='ocrx_word' id='word_1_383' title='bbox 133 3194 358 3264; x_wconf 90' lang='lat' dir='ltr'><strong>nerint,</strong></span> <span class='ocrx_word' id='word_1_384' title='bbox 386 3194 468 3253; x_wconf 90' lang='lat' dir='ltr'><strong>im</strong></span> <span class='ocrx_word' id='word_1_385' title='bbox 513 3200 680 3253; x_wconf 89' lang='lat' dir='ltr'><strong>erant</strong></span> <span class='ocrx_word' id='word_1_386' title='bbox 706 3195 797 3253; x_wconf 88' lang='lat' dir='ltr'><strong>eis</strong></span> <span class='ocrx_word' id='word_1_387' title='bbox 827 3195 1001 3269; x_wconf 85' lang='lat' dir='ltr'><strong>quasi</strong></span> <span class='ocrx_word' id='word_1_388' title='bbox 1033 3194 1441 3254; x_wconf 79' lang='lat' dir='ltr'><strong>inferioribus.</strong></span> <span class='ocrx_word' id='word_1_389' title='bbox 1470 3194 1648 3254; x_wconf 85' lang='lat' dir='ltr'><strong>Nullo</strong></span> <span class='ocrx_word' id='word_1_390' title='bbox 1678 3195 1865 3269; x_wconf 83' lang='lat' dir='ltr'><strong>igitur</strong></span> <span class='ocrx_word' id='word_1_391' title='bbox 1908 3194 2090 3253; x_wconf 91' lang='lat' dir='ltr'><strong>modo</strong></span> <span class='ocrx_word' id='word_1_392' title='bbox 2132 3192 2368 3253; x_wconf 82' lang='lat' dir='ltr'><strong>videtur</strong></span> <span class='ocrx_word' id='word_1_393' title='bbox 2402 3191 2573 3268; x_wconf 85' lang='lat' dir='ltr'><strong>quod</strong></span> 
     </span>
     <span class='ocr_line' id='line_1_42' title="bbox 133 3264 1520 3338; baseline 0.001 -15"><span class='ocrx_word' id='word_1_394' title='bbox 133 3264 264 3323; x_wconf 85' lang='lat' dir='ltr'><strong>sint</strong></span> <span class='ocrx_word' id='word_1_395' title='bbox 284 3264 440 3324; x_wconf 88' lang='lat' dir='ltr'><strong>bene</strong></span> <span class='ocrx_word' id='word_1_396' title='bbox 507 3265 745 3338; x_wconf 89' lang='lat' dir='ltr'><strong>ispositi</strong></span> <span class='ocrx_word' id='word_1_397' title='bbox 769 3266 1101 3324; x_wconf 89' lang='lat' dir='ltr'><strong>secundum</strong></span> <span class='ocrx_word' id='word_1_398' title='bbox 1129 3266 1520 3325; x_wconf 88' lang='lat' dir='ltr'><strong>intellectum.</strong></span> 
     </span>
     <span class='ocr_line' id='line_1_43' title="bbox 136 3334 2573 3466; baseline 0 -72"><span class='ocrx_word' id='word_1_399' title='bbox 136 3336 462 3466; x_wconf 53' lang='lat' dir='ltr'><strong>dipeffioc</strong></span> <span class='ocrx_word' id='word_1_400' title='bbox 480 3342 683 3466; x_wconf 51' lang='lat' dir='ltr'><strong>guttim</strong></span> <span class='ocrx_word' id='word_1_401' title='bbox 712 3335 1047 3397; x_wconf 82' lang='lat' dir='ltr'><strong>excluditur</strong></span> <span class='ocrx_word' id='word_1_402' title='bbox 1073 3335 1391 3410; x_wconf 81' lang='lat' dir='ltr'><strong>gentilium</strong></span> <span class='ocrx_word' id='word_1_403' title='bbox 1417 3348 1606 3408; x_wconf 89' lang='lat' dir='ltr'><strong>error,</strong></span> <span class='ocrx_word' id='word_1_404' title='bbox 1638 3335 1744 3409; x_wconf 92' lang='lat' dir='ltr'><strong>qui</strong></span> <span class='ocrx_word' id='word_1_405' title='bbox 1787 3334 2137 3409; x_wconf 86' lang='lat' dir='ltr'><strong>hujusmodi</strong></span> <span class='ocrx_word' id='word_1_406' title='bbox 2184 3334 2573 3410; x_wconf 82' lang='lat' dir='ltr'><strong>operationes</strong></span> 
     </span>
    </p>
   </div>
   <div class='ocr_carea' id='block_1_3' title="bbox 1114 3555 1600 3624">
    <p class='ocr_par' dir='ltr' id='par_1_11' title="bbox 1114 3555 1600 3624">
     <span class='ocr_line' id='line_1_44' title="bbox 1114 3555 1600 3624; baseline -0.002 -1"><span class='ocrx_word' id='word_1_407' title='bbox 1114 3555 1372 3623; x_wconf 80' lang='lat' dir='ltr'>CAPUT</span> <span class='ocrx_word' id='word_1_408' title='bbox 1418 3556 1600 3624; x_wconf 85' lang='lat' dir='ltr'><strong>cvn.</strong></span> 
     </span>
    </p>
   </div>
   <div class='ocr_carea' id='block_1_4' title="bbox 136 3726 2577 3866">
    <p class='ocr_par' dir='ltr' id='par_1_12' title="bbox 136 3726 2577 3866">
     <span class='ocr_line' id='line_1_45' title="bbox 136 3726 2577 3781; baseline -0.001 0"><span class='ocrx_word' id='word_1_409' title='bbox 136 3727 295 3781; x_wconf 75' lang='lat' dir='ltr'>QUOD</span> <span class='ocrx_word' id='word_1_410' title='bbox 322 3726 684 3777; x_wconf 69' lang='lat' dir='ltr'><strong>sensuum</strong></span> <span class='ocrx_word' id='word_1_411' title='bbox 722 3727 1211 3776; x_wconf 70' lang='lat' dir='ltr'><strong>mrmncwms</strong></span> <span class='ocrx_word' id='word_1_412' title='bbox 1260 3728 1434 3777; x_wconf 79' lang='lat' dir='ltr'><strong>cums</strong></span> <span class='ocrx_word' id='word_1_413' title='bbox 1487 3727 1729 3778; x_wconf 78' lang='lat' dir='ltr'>AUXILIO</span> <span class='ocrx_word' id='word_1_414' title='bbox 1781 3728 2022 3779; x_wconf 70' lang='lat' dir='ltr'><strong>neum</strong></span> <span class='ocrx_word' id='word_1_415' title='bbox 2069 3729 2257 3778; x_wconf 65' lang='lat' dir='ltr'><strong>altres</strong></span> <span class='ocrx_word' id='word_1_416' title='bbox 2299 3726 2577 3779; x_wconf 74' lang='lat' dir='ltr'><strong>mmmm</strong></span> 
     </span>
     <span class='ocr_line' id='line_1_46' title="bbox 666 3815 2039 3866; baseline -0.001 -1"><span class='ocrx_word' id='word_1_417' title='bbox 666 3816 788 3865; x_wconf 70' lang='lat' dir='ltr'><strong>NON</strong></span> <span class='ocrx_word' id='word_1_418' title='bbox 820 3817 930 3865; x_wconf 70' lang='lat'>88⁹1·</span> <span class='ocrx_word' id='word_1_419' title='bbox 962 3816 1129 3864; x_wconf 67' lang='lat' dir='ltr'><strong>ma</strong></span> <span class='ocrx_word' id='word_1_420' title='bbox 1168 3815 1482 3866; x_wconf 63' lang='lat' dir='ltr'><strong>stomun</strong></span> <span class='ocrx_word' id='word_1_421' title='bbox 1525 3817 1687 3865; x_wconf 72' lang='lat' dir='ltr'><strong>sum</strong></span> <span class='ocrx_word' id='word_1_422' title='bbox 1732 3816 2039 3866; x_wconf 68' lang='lat' dir='ltr'><strong>numm.</strong></span> 
     </span>
    </p>
   </div>
   <div class='ocr_carea' id='block_1_5' title="bbox 127 3969 2624 4539">
    <p class='ocr_par' dir='ltr' id='par_1_13' title="bbox 127 3969 2624 4539">
     <span class='ocr_line' id='line_1_47' title="bbox 205 3969 2624 4046; baseline 0.001 -15"><span class='ocrx_word' id='word_1_423' title='bbox 205 3973 340 4033; x_wconf 85' lang='lat' dir='ltr'><strong>Non</strong></span> <span class='ocrx_word' id='word_1_424' title='bbox 366 3974 463 4032; x_wconf 90' lang='lat' dir='ltr'><strong>est</strong></span> <span class='ocrx_word' id='word_1_425' title='bbox 487 3974 690 4033; x_wconf 85' lang='lat' dir='ltr'><strong>autem</strong></span> <span class='ocrx_word' id='word_1_426' title='bbox 712 3971 1007 4045; x_wconf 90' lang='lat' dir='ltr'><strong>possibile</strong></span> <span class='ocrx_word' id='word_1_427' title='bbox 1032 3971 1197 4046; x_wconf 91' lang='lat' dir='ltr'><strong>quod</strong></span> <span class='ocrx_word' id='word_1_428' title='bbox 1219 3972 1303 4032; x_wconf 88' lang='lat' dir='ltr'><strong>sit</strong></span> <span class='ocrx_word' id='word_1_429' title='bbox 1331 3971 1626 4032; x_wconf 88' lang='lat' dir='ltr'><strong>naturalis</strong></span> <span class='ocrx_word' id='word_1_430' title='bbox 1648 3972 1882 4032; x_wconf 88' lang='lat' dir='ltr'><strong>malitia</strong></span> <span class='ocrx_word' id='word_1_431' title='bbox 1908 3972 1975 4031; x_wconf 91' lang='lat' dir='ltr'><strong>in</strong></span> <span class='ocrx_word' id='word_1_432' title='bbox 2004 3971 2361 4032; x_wconf 90' lang='lat' dir='ltr'><strong>substantiis</strong></span> <span class='ocrx_word' id='word_1_433' title='bbox 2392 3969 2574 4033; x_wconf 86' lang='lat' dir='ltr'><strong>intel·</strong></span> <span class='ocrx_word' id='word_1_434' title='bbox 2597 3990 2624 4041; x_wconf 83' lang='lat'><strong>.··</strong></span> 
     </span>
     <span class='ocr_line' id='line_1_48' title="bbox 130 4039 2575 4124; baseline 0.001 -23"><span class='ocrx_word' id='word_1_435' title='bbox 130 4039 466 4124; x_wconf 76' lang='lat' dir='ltr'><strong>ligentibus</strong></span> <span class='ocrx_word' id='word_1_436' title='bbox 534 4056 744 4103; x_wconf 89' lang='lat' dir='ltr'><strong>uarum</strong></span> <span class='ocrx_word' id='word_1_437' title='bbox 775 4042 1001 4102; x_wconf 83' lang='lat' dir='ltr'><strong>auxilio</strong></span> <span class='ocrx_word' id='word_1_438' title='bbox 1028 4041 1280 4116; x_wconf 80' lang='lat' dir='ltr'><strong>magicae</strong></span> <span class='ocrx_word' id='word_1_439' title='bbox 1306 4048 1467 4102; x_wconf 88' lang='lat' dir='ltr'><strong>artes</strong></span> <span class='ocrx_word' id='word_1_440' title='bbox 1495 4049 1837 4115; x_wconf 81' lang='lat' dir='ltr'><strong>operantur.</strong></span> <span class='ocrx_word' id='word_1_441' title='bbox 1865 4046 1933 4102; x_wconf 91' lang='lat' dir='ltr'><strong>ln</strong></span> <span class='ocrx_word' id='word_1_442' title='bbox 1959 4042 2110 4102; x_wconf 90' lang='lat' dir='ltr'><strong>illud</strong></span> <span class='ocrx_word' id='word_1_443' title='bbox 2140 4041 2379 4102; x_wconf 90' lang='lat' dir='ltr'><strong>enimin</strong></span> <span class='ocrx_word' id='word_1_444' title='bbox 2450 4041 2575 4104; x_wconf 85' lang='lat' dir='ltr'><strong>uod</strong></span> 
     </span>
     <span class='ocr_line' id='line_1_49' title="bbox 129 4112 2577 4187; baseline 0.001 -15"><span class='ocrx_word' id='word_1_445' title='bbox 129 4112 365 4187; x_wconf 78' lang='lat' dir='ltr'><strong>ahquid</strong></span> <span class='ocrx_word' id='word_1_446' title='bbox 390 4119 493 4173; x_wconf 83' lang='lat' dir='ltr'><strong>ten</strong></span> <span class='ocrx_word' id='word_1_447' title='bbox 535 4114 582 4171; x_wconf 89' lang='lat' dir='ltr'><strong>it</strong></span> <span class='ocrx_word' id='word_1_448' title='bbox 607 4113 943 4173; x_wconf 87' lang='lat' dir='ltr'><strong>secundum</strong></span> <span class='ocrx_word' id='word_1_449' title='bbox 975 4126 1150 4173; x_wconf 86' lang='lat' dir='ltr'><strong>suam</strong></span> <span class='ocrx_word' id='word_1_450' title='bbox 1185 4116 1459 4172; x_wconf 88' lang='lat' dir='ltr'><strong>naturam</strong></span> <span class='ocrx_word' id='word_1_451' title='bbox 1489 4125 1617 4172; x_wconf 89' lang='lat' dir='ltr'><strong>non</strong></span> <span class='ocrx_word' id='word_1_452' title='bbox 1654 4114 1846 4172; x_wconf 88' lang='lat' dir='ltr'><strong>tendit</strong></span> <span class='ocrx_word' id='word_1_453' title='bbox 1911 4127 1977 4172; x_wconf 92' lang='lat' dir='ltr'><strong>er</strong></span> <span class='ocrx_word' id='word_1_454' title='bbox 2003 4113 2282 4173; x_wconf 89' lang='lat' dir='ltr'><strong>accidens</strong></span> <span class='ocrx_word' id='word_1_455' title='bbox 2335 4127 2401 4172; x_wconf 92' lang='lat' dir='ltr'><strong>se</strong></span> <span class='ocrx_word' id='word_1_456' title='bbox 2463 4127 2577 4186; x_wconf 89' lang='lat' dir='ltr'><strong>per</strong></span> 
     </span>
     <span class='ocr_line' id='line_1_50' title="bbox 127 4155 2573 4266; baseline 0.001 -22"><span class='ocrx_word' id='word_1_457' title='bbox 127 4195 223 4254; x_wconf 77' lang='lat' dir='ltr'><strong>se,</strong></span> <span class='ocrx_word' id='word_1_458' title='bbox 264 4184 427 4243; x_wconf 85' lang='lat' dir='ltr'><strong>sicut</strong></span> <span class='ocrx_word' id='word_1_459' title='bbox 476 4197 657 4258; x_wconf 80' lang='lat' dir='ltr'><strong>grave</strong></span> <span class='ocrx_word' id='word_1_460' title='bbox 700 4184 1006 4243; x_wconf 87' lang='lat' dir='ltr'><strong>deorsum.</strong></span> <span class='ocrx_word' id='word_1_461' title='bbox 1063 4183 1200 4254; x_wconf 88' lang='lat' dir='ltr'><strong>Sed,</strong></span> <span class='ocrx_word' id='word_1_462' title='bbox 1250 4184 1304 4243; x_wconf 93' lang='lat' dir='ltr'><strong>si</strong></span> <span class='ocrx_word' id='word_1_463' title='bbox 1359 4183 1724 4266; x_wconf 44' lang='lat' dir='ltr'><strong>hujusmodi,</strong></span> <span class='ocrx_word' id='word_1_464' title='bbox 1751 4184 1881 4265; x_wconf 74' lang='lat' dir='ltr'><strong>inte</strong></span> <span class='ocrx_word' id='word_1_465' title='bbox 1902 4183 2188 4243; x_wconf 89' lang='lat' dir='ltr'><strong>lectuales</strong></span> <span class='ocrx_word' id='word_1_466' title='bbox 2216 4155 2573 4247; x_wconf 76' lang='lat' dir='ltr'><strong>substantiae</strong></span> 
     </span>
     <span class='ocr_line' id='line_1_51' title="bbox 128 4253 2568 4324; baseline 0 -11"><span class='ocrx_word' id='word_1_467' title='bbox 128 4255 696 4315; x_wconf 86' lang='lat' dir='ltr'><strong>essentsecundum</strong></span> <span class='ocrx_word' id='word_1_468' title='bbox 734 4268 907 4314; x_wconf 86' lang='lat' dir='ltr'><strong>suam</strong></span> <span class='ocrx_word' id='word_1_469' title='bbox 934 4259 1210 4314; x_wconf 88' lang='lat' dir='ltr'><strong>naturam</strong></span> <span class='ocrx_word' id='word_1_470' title='bbox 1237 4253 1434 4324; x_wconf 82' lang='lat' dir='ltr'><strong>malae,</strong></span> <span class='ocrx_word' id='word_1_471' title='bbox 1469 4255 1820 4315; x_wconf 78' lang='lat' dir='ltr'><strong>naturaliter</strong></span> <span class='ocrx_word' id='word_1_472' title='bbox 1862 4266 1928 4312; x_wconf 77' lang='lat' dir='ltr'><strong>in</strong></span> <span class='ocrx_word' id='word_1_473' title='bbox 1970 4255 2197 4313; x_wconf 87' lang='lat' dir='ltr'><strong>malum</strong></span> <span class='ocrx_word' id='word_1_474' title='bbox 2233 4254 2568 4315; x_wconf 89' lang='lat' dir='ltr'><strong>tenderent.</strong></span> 
     </span>
     <span class='ocr_line' id='line_1_52' title="bbox 127 4324 2575 4399; baseline 0 -17"><span class='ocrx_word' id='word_1_475' title='bbox 127 4324 269 4383; x_wconf 78' lang='lat' dir='ltr'><strong>Non</strong></span> <span class='ocrx_word' id='word_1_476' title='bbox 295 4325 483 4399; x_wconf 82' lang='lat' dir='ltr'><strong>igitur</strong></span> <span class='ocrx_word' id='word_1_477' title='bbox 507 4339 615 4398; x_wconf 91' lang='lat' dir='ltr'><strong>per</strong></span> <span class='ocrx_word' id='word_1_478' title='bbox 641 4326 944 4397; x_wconf 77' lang='lat' dir='ltr'><strong>accidenS,</strong></span> <span class='ocrx_word' id='word_1_479' title='bbox 973 4326 1082 4385; x_wconf 89' lang='lat' dir='ltr'><strong>sed</strong></span> <span class='ocrx_word' id='word_1_480' title='bbox 1108 4339 1217 4398; x_wconf 91' lang='lat' dir='ltr'><strong>per</strong></span> <span class='ocrx_word' id='word_1_481' title='bbox 1253 4339 1321 4385; x_wconf 86' lang='lat' dir='ltr'><strong>se</strong></span> <span class='ocrx_word' id='word_1_482' title='bbox 1367 4325 1682 4385; x_wconf 90' lang='lat' dir='ltr'><strong>tenderent</strong></span> <span class='ocrx_word' id='word_1_483' title='bbox 1707 4325 1783 4384; x_wconf 87' lang='lat' dir='ltr'><strong>ad</strong></span> <span class='ocrx_word' id='word_1_484' title='bbox 1800 4324 2062 4395; x_wconf 88' lang='lat' dir='ltr'><strong>malum;</strong></span> <span class='ocrx_word' id='word_1_485' title='bbox 2094 4324 2210 4385; x_wconf 87' lang='lat' dir='ltr'><strong>boc</strong></span> <span class='ocrx_word' id='word_1_486' title='bbox 2249 4331 2449 4386; x_wconf 88' lang='lat' dir='ltr'><strong>autem</strong></span> <span class='ocrx_word' id='word_1_487' title='bbox 2477 4330 2575 4385; x_wconf 86' lang='lat' dir='ltr'><strong>est</strong></span> 
     </span>
     <span class='ocr_line' id='line_1_53' title="bbox 127 4394 2576 4476; baseline -0.001 -22"><span class='ocrx_word' id='word_1_488' title='bbox 127 4394 565 4468; x_wconf 87' lang='lat' dir='ltr'><strong>impossibile;</strong></span> <span class='ocrx_word' id='word_1_489' title='bbox 610 4402 924 4455; x_wconf 90' lang='lat' dir='ltr'><strong>ostensum</strong></span> <span class='ocrx_word' id='word_1_490' title='bbox 944 4401 1039 4455; x_wconf 90' lang='lat' dir='ltr'><strong>est</strong></span> <span class='ocrx_word' id='word_1_491' title='bbox 1060 4396 1224 4455; x_wconf 89' lang='lat' dir='ltr'><strong>enim</strong></span> <span class='ocrx_word' id='word_1_492' title='bbox 1268 4408 1450 4467; x_wconf 88' lang='lat' dir='ltr'><strong>supra</strong></span> <span class='ocrx_word' id='word_1_493' title='bbox 1477 4395 1631 4470; x_wconf 88' lang='lat' dir='ltr'><strong>(cap.</strong></span> <span class='ocrx_word' id='word_1_494' title='bbox 1665 4396 1777 4469; x_wconf 78' lang='lat'><strong>15),</strong></span> <span class='ocrx_word' id='word_1_495' title='bbox 1806 4394 1968 4469; x_wconf 90' lang='lat' dir='ltr'><strong>quod</strong></span> <span class='ocrx_word' id='word_1_496' title='bbox 1994 4395 2201 4455; x_wconf 90' lang='lat' dir='ltr'><strong>omnia</strong></span> <span class='ocrx_word' id='word_1_497' title='bbox 2265 4411 2330 4455; x_wconf 91' lang='lat' dir='ltr'><strong>er</strong></span> <span class='ocrx_word' id='word_1_498' title='bbox 2352 4410 2419 4455; x_wconf 87' lang='lat' dir='ltr'><strong>se</strong></span> <span class='ocrx_word' id='word_1_499' title='bbox 2446 4400 2576 4476; x_wconf 74' lang='lat' dir='ltr'><strong>ten·</strong></span> 
     </span>
     <span class='ocr_line' id='line_1_54' title="bbox 129 4464 2575 4539; baseline -0.002 -13"><span class='ocrx_word' id='word_1_500' title='bbox 129 4464 288 4527; x_wconf 89' lang='lat' dir='ltr'><strong>dunt</strong></span> <span class='ocrx_word' id='word_1_501' title='bbox 328 4465 405 4527; x_wconf 88' lang='lat' dir='ltr'><strong>ab</strong></span> <span class='ocrx_word' id='word_1_502' title='bbox 430 4465 683 4539; x_wconf 89' lang='lat' dir='ltr'><strong>bonum,</strong></span> <span class='ocrx_word' id='word_1_503' title='bbox 711 4473 773 4529; x_wconf 90' lang='lat' dir='ltr'><strong>et</strong></span> <span class='ocrx_word' id='word_1_504' title='bbox 799 4466 953 4527; x_wconf 88' lang='lat' dir='ltr'><strong>nihil</strong></span> <span class='ocrx_word' id='word_1_505' title='bbox 988 4466 1181 4528; x_wconf 88' lang='lat' dir='ltr'><strong>tendit</strong></span> <span class='ocrx_word' id='word_1_506' title='bbox 1200 4465 1277 4526; x_wconf 87' lang='lat' dir='ltr'><strong>ad</strong></span> <span class='ocrx_word' id='word_1_507' title='bbox 1318 4466 1547 4527; x_wconf 84' lang='lat' dir='ltr'><strong>malum</strong></span> <span class='ocrx_word' id='word_1_508' title='bbox 1593 4465 1716 4526; x_wconf 86' lang='lat' dir='ltr'><strong>nisi</strong></span> <span class='ocrx_word' id='word_1_509' title='bbox 1752 4479 1861 4538; x_wconf 87' lang='lat' dir='ltr'><strong>per</strong></span> <span class='ocrx_word' id='word_1_510' title='bbox 1894 4467 2198 4529; x_wconf 87' lang='lat' dir='ltr'><strong>accidens.</strong></span> <span class='ocrx_word' id='word_1_511' title='bbox 2277 4479 2359 4526; x_wconf 92' lang='lat' dir='ltr'><strong>on</strong></span> <span class='ocrx_word' id='word_1_512' title='bbox 2383 4466 2575 4538; x_wconf 71' lang='lat' dir='ltr'><strong>igitur</strong></span> 
     </span>
    </p>
   </div>
  </div>
 </body>
</html>
