3076 5025
1048 328 1181 383 ΗΒ.
1222 329 1265 390 1,
1306 328 1457 385 CAP.
1496 327 1671 384 XCVI.
2463 331 2559 387 101

1118 596 1373 660 CAPUT
1411 597 1592 659 XCV.

743 774 896 830 QUOD
931 775 1081 823 DBUS
1116 776 1236 823 Nou
1269 776 1489 823 Pomsr
1517 776 1704 822 mm
1738 776 1963 823 uALult.

253 941 320 999 Ex
341 940 428 999 his
453 944 640 997 autem
670 954 802 1012 quae
828 937 987 997 dicta
1022 945 1166 997 sunt
1192 938 1427 996 ostendi
1455 944 1650 1008 potest
1686 938 1844 1011 quod
1870 943 2169 1000 Deus‘non
2194 946 2389 1013 potest
2411 943 2565 1002 velle

200 1011 405 1070 malum.
453 1012 641 1068 Virtus
680 1010 839 1066 enim
897 1010 981 1068 rei
1041 1015 1130 1066 est
1178 1010 1505 1066 secundum
1561 1023 1737 1081 quam
1788 1011 2010 1082 aliquid
2064 1011 2215 1070 hene
2267 1020 2562 1084 operatur.

199 1082 370 1139 Omnis
414 1087 597 1138 autem
654 1080 922 1152 operatio
973 1080 1075 1138 Dei
1130 1085 1221 1136 est
1270 1080 1536 1150 operatio
1574 1080 1833 1148 virtutiS,
1881 1095 2015 1138 cum
2072 1096 2183 1140 sua
2244 1084 2429 1141 virtus
2483 1084 2564 1142 sit

200 1165 290 1279 susa¹
309 1153 564 1222 essentia,
596 1156 659 1209 ut
702 1163 888 1222 supra
915 1151 1068 1223 (cap.
1099 1149 1189 1221 92)
1215 1156 1524 1208 ostensum
1578 1155 1691 1208 est.
1721 1153 1853 1207 Non
1880 1157 2076 1223 potest
2113 1152 2295 1225 igitur
2342 1155 2563 1212 malum

199 1236 256 1279 ve
293 1237 338 1279 e.

258 1293 380 1360 item,
399 1290 661 1348 voluntas
681 1304 989 1363 nunquam
1017 1290 1090 1348 ad
1119 1290 1338 1348 malum
1372 1291 1575 1353 fertur,
1607 1290 1726 1347 nisi
1771 1290 1976 1364 aliquo
2002 1305 2201 1348 errore
2231 1292 2292 1350 in
2334 1293 2563 1352 ratione

205 1362 459 1429 existente,
486 1362 551 1418 ad
584 1361 870 1418 minusin
901 1361 1240 1432 particulari
1264 1360 1537 1431 eligibili.
1562 1362 1703 1417 Cum
1727 1363 1885 1418 euim
1908 1361 2235 1420 voluntatis
2266 1363 2563 1433 objectum

203 1432 267 1488 sit
287 1432 469 1489 bonum
500 1432 960 1502 apprehensum,
989 1444 1108 1489 non
1139 1436 1334 1502 potest
1355 1436 1628 1488 voluntas
1652 1431 1787 1488 ferri
1836 1431 1898 1489 in
1932 1433 2172 1499 malum,
2200 1433 2313 1490 nisi
2357 1435 2562 1507 aliquo

205 1502 349 1559 modo
369 1508 710 1574 proponatur
750 1501 864 1559 sibi
898 1509 962 1559 ut
991 1502 1245 1568 honum;
1277 1508 1335 1558 et
1367 1503 1478 1558 hoc
1520 1502 1654 1558 sine
1682 1515 1884 1559 errore
1915 1516 2049 1560 esse
2099 1516 2220 1560 non
2256 1509 2467 1573 potest.
2495 1508 2563 1563 111

208 1572 366 1629 divina
399 1579 571 1629 autem
601 1572 956 1642 cognitione
983 1586 1105 1630 nou
1132 1577 1327 1652 potest
1367 1585 1503 1629 esse
1533 1585 1721 1639 error,
1751 1578 1814 1630 ut
1841 1586 2022 1643 supra
2052 1570 2204 1644 (cap.
2238 1574 2329 1639 (il)
2359 1580 2563 1633 osten·

213 1655 316 1698 sum
334 1646 541 1700 est.Non
575 1642 767 1715 igitur
791 1643 1068 1700 voluntas
1094 1656 1223 1715 eJus
1248 1648 1442 1712 potest
1469 1641 1543 1699 ad
1572 1642 1792 1700 malum
1825 1643 2087 1701 tendere.

270 1713 481 1781 Ampiae,
503 1716 658 1770 Deus
693 1718 787 1770 est
818 1726 1118 1771 summum
1173 1712 1417 1779 bonum,
1452 1718 1513 1769 ut
1554 1726 1735 1784 supra
1763 1714 1915 1784 (cap.
1946 1713 2036 1783 41)
2068 1712 2380 1794 prol-iatum
2423 1720 2517 1772 est
2546 1733 2559 1772 :

223 1794 446 1839 summum
484 1790 683 1840 autem
714 1782 940 1840 bonum
970 1797 1087 1841 non
1123 1786 1341 1854 patitur
1368 1783 1444 1839 ali
1496 1783 1610 1840 uod
1654 1784 2024 1841 consortium
2059 1784 2222 1852 mah,
2255 1785 2411 1842 sicut
2454 1798 2563 1842 nec

224 1862 411 1979 {ammei
424 1855 665 1911 calidum
714 1853 1168 1925 permixtionem
1204 1853 1424 1925 frigidi.
1507 1854 1671 1911 ivina
1703 1852 1887 1927 igitur
1906 1856 2185 1911 voluntas
2217 1868 2337 1912 non
2367 1861 2565 1927 potest

256 1934 382 1979 ecia
429 1928 656 1982 malum.

220 2058 230 2070 ⁶
268 1994 490 2063 Ριτιενεα,
517 2008 648 2052 eum
687 1992 911 2051 bonum
934 1993 1148 2052 habeat
1171 1992 1462 2052 rationem
1483 1992 1883 2062 ssnis,malum
1913 2007 2033 2053 non
2064 2000 2259 2065 potest
2298 1994 2562 2053 incidere

214 2072 261 2116 m
281 2063 583 2122 voluntatem
638 2063 765 2121 nisi
810 2079 914 2134 per
940 2064 1311 2122 aversionem
1343 2078 1377 2121 a
1431 2064 1570 2123 line.
1604 2066 1891 2122 Voluntas
1920 2071 2116 2122 autem
2150 2065 2351 2122 divina
2380 2079 2416 2122 a
2444 2065 2562 2122 fine

211 2134 347 2190 averti
373 2148 472 2191 non
502 2140 720 2205 potest.
753 2148 887 2192 cum
931 2134 1080 2192 nihil
1136 2135 1326 2204 possit
1352 2135 1501 2191 velle
1549 2134 1667 2191 nisi
1717 2136 1972 2193 volendo
2001 2137 2291 2206 seipsum,
2316 2141 2375 2192 ut
2409 2133 2559 2206 (cap.

207 2202 276 2271 75)
298 2209 562 2262 ostensum
591 2210 713 2263 est.
735 2207 864 2262 Non
898 2210 1095 2276 potest
1129 2205 1311 2285 igitur
1336 2205 1485 2262 velle
1531 2205 1777 2274 malum,
1809 2211 1868 2262 et
1916 2206 2005 2263 sic
2037 2213 2193 2276 patet
2221 2205 2379 2277 quod
2423 2205 2564 2263 libe·

209 2284 307 2329 rum
344 2274 618 2334 arbitrium
662 2276 731 2331 iu
762 2274 896 2346 ipso
927 2276 1275 2332 naturaliter
1301 2275 1632 2332 stabilitum
1661 2284 1754 2334 est
1782 2276 1843 2332 in
1867 2275 2049 2334 hono,
2074 2279 2196 2334 Hoc
2243 2284 2438 2334 autem
2472 2282 2566 2334 est

209 2343 331 2411 quod
352 2344 556 2410 dicitur,
585 2349 791 2414 Dent„
822 2346 1482 2415 xxx111.4:Deusfidelia
1500 2351 1598 2415 est,
1619 2347 1886 2416 etabsque
1902 2348 2221 2417 iniquitate3
2245 2353 2301 2402 et
2324 2346 2561 2417 Habac„

208 2423 240 2479 1,
261 2416 311 2469 ¹3
332 2432 360 2498 ,ε
405 2417 585 2473 Παπαῖ
626 2419 767 2473 sunt
822 2416 966 2472 ccidi
1007 2418 1128 2480 tui,
1181 2418 1442 2480 Domine,
1494 2421 1545 2472 et
1601 2419 1865 2488 respicere
1916 2416 1991 2472 ad
2048 2418 2393 2487 iniquitatem
2455 2431 2564 2474 nen

261 2555 348 2611 Per
366 2557 462 2615 hoc
482 2563 684 2615 autem
712 2556 1056 2615 confutatur
1081 2570 1248 2615 error
1271 2556 1610 2615 Judaeorum
1636 2558 1738 2630 qui
1770 2557 1830 2614 in
1859 2557 2091 2614 Talmut
2140 2557 2347 2615 dicunt
2376 2559 2560 2615 Deum

211 2626 496 2748 {nandoque
528 2640 804 2698 peccare,
835 2632 893 2684 et
920 2640 955 2684 a
1003 2631 1245 2697 peceato
1273 2627 1534 2700 purgari,
1567 2633 1625 2684 et
1669 2627 2200 2697 Luciferianorum,
2229 2628 2331 2703 qui
2361 2627 2566 2686 dicunt

250 2705 350 2754 enm
369 2696 421 2754 in
447 2697 701 2757 Luciferi
729 2695 1063 2770 deiectione
1095 2711 1399 2769 peccasse.
1428 2696 1474 2768 (Ι
1505 2706 1681 2768 part„
1710 2712 1775 2769 q.
1801 2708 1929 2767 xix,
1952 2701 2066 2756 art.
2095 2697 2176 2770 9.)

1094 2912 1349 2978 CAPUT
1403 2911 1612 2978 XCVI.

880 3094 1060 3148 QUOD
1117 3093 1298 3140 DBUS
1353 3092 1563 3140 mnu.
1613 3092 1825 3141 om'r.

262 3252 324 3309 Ex
343 3254 422 3335 liis
447 3262 638 3317 autem
683 3263 927 3329 apparet
997 3258 1114 3316 uod
1154 3257 1356 3316 odium
1389 3258 1645 3329 aliquus
1682 3258 1765 3315 rei
1797 3260 1918 3316 Deo
1957 3259 2277 3316 convenire
2307 3274 2428 3316 nou
2460 3273 2563 3329 po·

211 3321 309 3378 test.
327 3324 645 3386 sicutenim
680 3341 850 3386 amor
876 3341 943 3386 se
1016 3328 1151 3385 abet
1176 3328 1249 3385 ad
1295 3328 1540 3395 bonum,
1572 3329 1655 3385 ita
1683 3333 1739 3385 et
1788 3329 1991 3386 odium
2024 3343 2089 3387 se
2120 3330 2295 3386 habet
2334 3329 2407 3386 ad
2445 3343 2563 3388 ma-

209 3385 316 3448 lum.
339 3396 463 3454 Nam
503 3399 598 3456 his
645 3412 804 3471 quos
843 3412 1115 3456 amamus
1144 3398 1365 3455 bonum
1400 3400 1716 3466 volumus;
1756 3397 1852 3456 his
1894 3412 2034 3458 vero
2092 3414 2247 3472 quos
2298 3400 2559 3469 odimu8‚

205 3462 462 3543 malum.Si
493 3471 680 3547 igitur
697 3469 975 3526 voluntas
1001 3470 1098 3525 Dei
1117 3468 1189 3527 ad
1214 3469 1432 3525 malum
1465 3468 1741 3528 inclinari
1776 3482 1894 3527 non
1919 3475 2133 3540 potest,
2158 3475 2223 3527 ut
2245 3475 2554 3527 ostensum

201 3537 658 3606 ⁶⁵1.1mpossibile
689 3545 782 3596 est
809 3539 966 3611 quod
999 3539 1128 3610 ipse
1159 3553 1277 3595 rem
1311 3539 1571 3611 aliquam
1602 3539 1743 3596 odio
1774 3539 2007 3597 habeat.

205 3666 215 3677 ,
251 3601 374 3675 itan,
400 3609 668 3668 voluntas
723 3609 826 3666 Dei
855 3609 913 3665 in
945 3608 1063 3666 alia
1104 3624 1139 3667 a
1166 3622 1231 3666 se
1265 3611 1465 3678 fertur,
1492 3614 1555 3666 ut
1594 3622 1776 3680 supra
1803 3610 1955 3682 (cap.
1983 3613 2075 3678 75)
2105 3614 2415 3667 ostensum
2446 3618 2557 3680 est,

200 3681 251 3748 ιιι
303 3683 538 3748 uantum,
566 3680 823 3738 volendo
852 3684 912 3735 et
945 3680 1200 3737 amando
1231 3693 1408 3738 suum
1439 3693 1574 3736 esse
1604 3684 1657 3736 el
1690 3693 1860 3736 suam
1885 3679 2233 3748 bonitatem,
2275 3681 2399 3737 vult
2429 3696 2557 3739 eam

202 3736 248 3793 dl
287 3746 421 3824 uadi,
437 3750 763 3807 secundum
786 3748 942 3821 quod
958 3750 1243 3820 possibile
1261 3756 1371 3814 est,
1385 3764 1489 3819 per
1508 3749 1921 3807 similitudinis
1938 3750 2560 3809 communicationem.

202 3806 296 3892 1105:
314 3816 474 3886 igitur
518 3827 612 3877 est
640 3820 797 3893 qtiod
821 3822 979 3877 Deus
1008 3821 1070 3876 in
1109 3821 1285 3878 rebus
1315 3821 1452 3877 aliis
1490 3834 1524 3877 a
1546 3834 1611 3876 se
1640 3820 1783 3886 vult,
1811 3826 1874 3876 ut
1900 3820 1959 3876 iu
1986 3820 2075 3877 eis
2105 3822 2184 3878 sit
2222 3834 2348 3878 suae
2388 3822 2556 3880 boni-

203 3879 308 3938 latis
328 3887 659 3966 similitudo.
692 3892 812 3947 Hoc
851 3896 1048 3947 autem
1099 3896 1191 3948 est
1224 3891 1445 3947 honum
1479 3889 1952 3964 uniuscuiusque
1982 3890 2087 3958 rei,
2121 3897 2184 3949 ut
2207 3892 2552 3951 similitudi·

207 3957 307 4008 uem
339 3956 581 4017 divinam
614 3960 940 4031 participet.
973 3962 1118 4018 Nam
1190 3961 1428 4020 uaelibet
1463 3961 1700 4017 bouitas
1729 3962 1867 4023 alia,
1898 3974 2016 4017 non
2053 3967 2145 4018 est
2189 3963 2303 4019 uisi
2341 3965 2559 4021 simili-

201 4019 808 4158 ffitllltiilquatidamdpgimae
831 4030 1137 4088 bonitatis.
1190 4031 1348 4102 gitur
1370 4034 1528 4089 Deus
1553 4031 2027 4103 uniuscujusque
2049 4033 2132 4089 rei
2159 4033 2284 4090 vult
2309 4032 2557 4093 honum.

343 4110 355 4151 ι
397 4114 410 4153 ι
445 4114 512 4156 ιιι·
535 4114 573 4158 o
618 4116 636 4157 1
667 4143 681 4157 .

247 4112 431 4244 adligo,
460 4185 495 4227 a
525 4183 717 4241 primo
772 4175 908 4230 ente
936 4171 1143 4229 omnia
1185 4169 1306 4228 alia
1356 4170 1653 4242 originem
1684 4170 1922 4229 essendi
1953 4178 2219 4232 sumunt.
2269 4173 2328 4233 Si
2384 4174 2569 4248 igitur

195 4226 376 4310 ahquid
405 4252 606 4297 eorum
673 4254 763 4299 uae
788 4247 951 4310 sunt,
983 4242 1125 4299 odio
1146 4240 1342 4308 habet,
1370 4245 1493 4298 vult
1519 4241 1668 4299 illud
1698 4254 1814 4299 non
1843 4255 1998 4305 esse,
2017 4244 2157 4324 quia
2185 4245 2298 4302 hoc
2326 4252 2419 4302 est
2440 4246 2565 4302 uni-

191 4308 368 4381 cuique
385 4306 624 4367 bonum.
696 4311 782 4369 ult
809 4311 991 4384 igitur
1013 4312 1306 4368 actionem
1337 4324 1506 4369 suam
1537 4325 1656 4368 non
1679 4324 1834 4378 esse,
1864 4313 2005 4384 quia
2033 4314 2258 4372 illudio
2280 4329 2414 4374 esse
2436 4329 2564 4385 pro-

194 4364 498 4458 ducituryel
526 4380 777 4438 mediate
805 4383 895 4439 vel
946 4381 1322 4449 immediate;
1353 4388 1663 4439 ostensum
1696 4388 1788 4440 est
1817 4386 1973 4440 enim
2014 4399 2195 4457 supra
2247 4386 2398 4456 (cap.
2454 4386 2566 4456 83),

195 4442 342 4515 quod,
361 4457 411 4504 si
439 4450 594 4508 neus
630 4451 853 4524 aliquid
881 4451 1026 4525 vult,
1057 4457 1292 4525 oportet
1313 4452 1472 4525 quod
1501 4451 1606 4510 illa
1634 4451 1774 4510 velit
1804 4467 1937 4528 quae
1973 4455 2049 4515 ad
2078 4455 2227 4514 illud
2254 4454 2566 4528 requirun-
