3076 5025
1136 257 1269 313 LIB.
1312 258 1399 323 IV,
1441 257 1595 313 CAP.
1635 255 1808 310 XXIX.
2396 243 2399 252 ’
2589 254 2692 309 543

329 381 470 437 Haec
493 384 692 437 autem
715 378 934 451 positio
1005 377 1157 436 rimo
1180 376 1420 451 quidem
1439 376 1753 449 scripturae
1776 376 2186 435 auctoritatem
2206 380 2472 434 evacuat.
2497 377 2692 446 Quum

254 451 423 510 enim
455 449 654 508 carnis
704 449 949 508 similitu
993 463 1030 507 o
1077 463 1217 507 caro
1246 462 1371 507 non
1400 448 1500 518 sit,
1531 461 1726 521 neque
1752 447 2083 505 similitudo
2115 446 2537 505 ambulationis
2567 461 2691 505 am-

253 520 514 589 bulatio,
547 526 606 578 et
643 520 706 578 in
756 520 985 578 caeteris
1032 519 1327 589 similiter,
1356 519 1642 577 mentitur
1688 519 1992 589 Scriptura
2019 517 2222 576 dicens
2255 535 2270 574 :
2305 518 2539 574 Verbum
2567 534 2694 575 caro

253 594 474 661 tactum
499 595 598 656 est,
625 590 680 649 si
728 590 927 649 solum
971 590 1349 663 phantastica
1390 603 1529 648 caro
1557 589 1707 659 fuit3
1735 590 2019 646 mentitur
2046 590 2222 647 etiam
2256 588 2462 646 dicens
2489 591 2693 646 Jesum

259 662 565 721 Christum
599 661 962 730 ambulasee,
993 661 1350 730 comedisse,
1380 665 1685 718 mortuum
1733 659 1921 718 fuisse
1952 665 2010 717 et
2045 659 2365 731 sepultum,
2397 659 2449 716 si
2481 658 2609 717 haec
2630 660 2694 717 in

257 734 398 792 sola
427 732 807 806 phantastica
848 732 1219 804 apparitione
1268 731 1665 805 contigerunt.
1694 730 1968 788 Siautem
2013 730 2105 788 vel
2136 729 2199 787 in
2227 729 2465 788 modico
2495 736 2697 788 aucto-

254 802 425 862 ritati
457 816 646 862 sacrae
672 803 990 875 Scripturae
1014 801 1352 875 derogetur,
1372 800 1495 874 jam
1518 800 1665 859 nihil
1688 799 1871 858 fixum
1902 802 1965 857 in
1986 799 2102 858 fide
2129 806 2338 858 nostra
2365 814 2500 859 esse
2530 805 2695 873 pote-

255 874 363 945 rit,
396 888 530 947 quae
583 874 771 933 sacris
817 872 1139 946 Scripturis
1183 872 1479 943 innititur,
1512 871 1843 930 secundum
1895 870 2089 929 illud:
2122 873 2248 927 Haec
2292 874 2502 942 scripta
2542 875 2689 937 sunt,

257 948 326 1002 ut
354 944 615 1001 credatis.
646 944 887 1016 (Ioann.,
915 955 1017 1028 xx²
1041 943 1156 1026 31.)

335 1017 543 1074 Potest
588 1020 786 1073 autem
835 1014 1050 1088 aliquis
1091 1015 1286 1073 dicere
1331 1013 1645 1085 scripturae
1691 1013 1930 1086 quidem
1977 1026 2163 1072 sacrae
2205 1013 2511 1071 veritatem
2568 1026 2695 1071 non

263 1085 501 1155 deesse,
523 1085 664 1143 dum
691 1085 748 1143 id
771 1085 931 1158 quod
959 1100 1031 1158 ap
1075 1085 1247 1160 aruit,
1277 1085 1458 1143 refert
1474 1098 1546 1143 ac
1569 1085 1621 1143 si
1651 1083 1871 1142 factum
1896 1084 2126 1147 suisset.
2150 1084 2290 1157 quia
2312 1098 2510 1142 rerum
2538 1082 2698 1141 simi-

259 1156 555 1215 litudines
594 1155 898 1237 aequivoce
924 1170 992 1214 ac
1034 1099 1288 1237 {gurate
1317 1155 1596 1237 ‚ipsarum
1628 1169 1825 1213 rerum
1876 1154 2221 1213 nominibus
2250 1160 2689 1236 nuncupantur,

260 1227 428 1287 sicut
453 1226 636 1285 homo
663 1231 862 1299 pictus
891 1227 1192 1299 aequivoce
1218 1226 1433 1285 dlcitur
1461 1226 1682 1293 homo;
1722 1231 1782 1283 et
1806 1225 1938 1299 ipsa
1980 1239 2151 1284 sacra
2200 1227 2499 1297 Scriptura
2551 1238 2693 1283 con-

260 1297 465 1358 suevit
507 1298 622 1355 hoc
667 1296 848 1356 modo
895 1297 1178 1370 loquendi
1223 1295 1327 1367 uti,
1372 1302 1439 1355 ut
1487 1301 1580 1355 est
1612 1295 1807 1355 illud:
1854 1300 2021 1353 Petra
2061 1299 2239 1353 autem
2283 1300 2402 1352 erat
2451 1297 2697 1354 christus

286 1369 322 1425 Ι
342 1368 489 1438 Gor„
517 1379 578 1436 x,
600 1367 656 1439 4)
683 1385 698 1436 ;
727 1367 984 1439 plurima
1009 1372 1205 1427 autem
1244 1367 1580 1440 corporalia
1615 1367 1678 1424 in
1705 1367 2019 1439 scripturis
2049 1367 2121 1425 de
2164 1369 2284 1424 Deo
2313 1366 2696 1424 inveniuntur

309 1438 388 1497 ici
470 1442 668 1510 ropter
713 1437 1155 1496 similitudinem
1199 1437 1414 1509 solam,
1444 1437 1604 1495 sicut
1631 1437 1790 1510 quod
1839 1438 2179 1495 nominatur
2206 1450 2418 1511 agnus,
2449 1436 2541 1494 vel
2575 1437 2691 1508 lec,

264 1509 363 1569 vel
388 1510 467 1568 ai
512 1509 615 1566 uid
642 1508 1007 1581 hujusmodi.

337 1579 472 1651 Sed,
528 1579 644 1637 icet
689 1593 887 1637 rerum
935 1578 1356 1638 similitudines
1395 1577 1695 1651 aequivoce
1724 1592 1922 1636 rerum
1972 1578 2085 1637 sibi
2126 1578 2373 1637 nomina
2398 1578 2694 1637 interdum

271 1653 604 1719 assumant,
650 1663 770 1707 non
810 1654 1010 1707 tamen
1058 1650 1340 1722 competit
1380 1662 1568 1707 sacrae
1596 1648 1909 1719 Scripturae
1950 1653 2018 1707 ut
2064 1649 2467 1707 narrationem
2514 1649 2695 1708 unius

268 1720 412 1780 facti
439 1724 623 1778 totam
652 1720 765 1778 sub
802 1720 910 1778 tali
951 1720 1421 1793 aequivocatione
1450 1723 1763 1792 proponat,
1795 1720 1879 1777 ita
1917 1719 2078 1792 quod
2108 1735 2180 1777 ex
2219 1719 2351 1778 aliis
2380 1720 2696 1791 scripturae

265 1791 425 1850 locis
479 1790 797 1850 manifesta
848 1791 1067 1849 veritas
1117 1790 1322 1848 haberi
1374 1802 1496 1847 non
1546 1789 1756 1861 possit,
1801 1790 1945 1863 quia
1990 1805 2063 1848 ex
2110 1791 2224 1848 hoc
2268 1803 2390 1848 non
2447 1790 2697 1849 eruditio

265 1861 606 1930 hominum,
633 1861 738 1919 sed
760 1863 954 1935 magis
978 1860 1244 1932 deceptio
1283 1866 1633 1934 sequeretur
1655 1879 1669 1929 ;
1706 1874 1890 1932 quum
1919 1866 2116 1919 tamen
2142 1860 2465 1933 Apostolus
2491 1860 2649 1919 dicat
2678 1879 2693 1918 z

266 1930 434 2007 quod
462 1947 808 2004 quaecumque
831 1935 946 1988 scri·
982 1937 1042 1989 ta
1061 1935 1208 1996 sunt,
1227 1932 1305 1988 ad
1328 1938 1570 1988 nostram
1583 1931 1887 1988 doctrinam
1902 1934 2113 2003 scripta
2129 1935 2258 1988 sunt
2276 1931 2471 2003 (Rom.,
2493 1944 2597 2001 xv,
2620 1931 2698 2004 4),

265 2008 333 2061 et
362 2021 377 2059 ι
410 2003 595 2060 Omnis
609 2003 898 2073 Scriptura
955 2005 1183 2059 ivinitus
1201 2004 1477 2074 inspirata
1494 2003 1648 2058 utilis
1676 2006 1755 2058 est
1770 2002 1845 2058 ad
1871 2001 2230 2060 docendum...
2253 2006 2304 2059 et
2322 2003 2697 2058 erudiendum.

289 2075 354 2130 Π
380 2074 541 2136 Tim„
570 2084 661 2144 111,
693 2072 804 2146 16.)
835 2076 1007 2132 Esset
1070 2078 1313 2131 raeterea
1336 2075 1466 2131 tota
1492 2073 1838 2146 evangelica
1866 2074 2126 2132 narratio
2170 2074 2404 2145 poetica
2433 2077 2492 2130 et
2520 2073 2699 2132 sabu-

294 2143 439 2213 ariS,
467 2143 520 2202 si
547 2157 747 2202 rerum
777 2143 1016 2203 similitu
1064 2143 1196 2202 ines
1223 2149 1576 2215 apparentes
1616 2143 1788 2216 quasi
1823 2157 1921 2202 res
1971 2144 2132 2216 ipsas
2176 2149 2464 2212 narraret,
2512 2158 2699 2217 quum

265 2219 474 2273 tamen
515 2212 746 2272 dicatur
775 2230 790 2269 t
828 2217 950 2275 Non
975 2216 1120 2271 enim
1145 2214 1329 2271 doctas
1354 2214 1579 2283 rabulas
1607 2216 1805 2286 secuti,
1824 2219 2007 2271 notam
2049 2217 2280 2284 fecimus
2304 2215 2456 2271 vobis
2482 2217 2702 2271 Domini

265 2286 452 2343 nostri
474 2285 601 2341 Iesu
620 2286 823 2343 Christi
848 2288 1127 2342 virtutem.
1162 2285 1242 2357 (H
1253 2288 1425 2355 Petr„
1456 2297 1499 2355 1,
1526 2285 1637 2365 16.)

345 2354 548 2414 Sicubi
583 2368 724 2414 vero
770 2356 1069 2429 Scriptura
1111 2359 1313 2413 narrat
1349 2355 1509 2429 quod
1554 2354 1757 2427 aliqua
1800 2357 2204 2427 apparentiam
2232 2364 2290 2415 et
2337 2372 2457 2416 non
2502 2371 2700 2416 rerum

269 2426 683 2485 exsistentiam
724 2426 1081 2495 habuerunt,
1107 2440 1181 2483 ex
1219 2425 1352 2497 ipso
1399 2437 1566 2481 more
1595 2425 1951 2483 narrationis
1997 2427 2112 2484 hoc
2162 2428 2495 2502 intelligere
2525 2429 2696 2498 sacit3

269 2496 487 2556 dicitur
515 2495 674 2554 enim
709 2511 723 2552 ε
755 2497 1031 2568 Quumque
1057 2497 1311 2553 elevasset
1335 2496 1532 2558 oculos,
1561 2493 1855 2553 Abraham
1906 2495 2186 2567 scitisset,
2233 2504 2609 2569 apparuerunt
2651 2502 2703 2555 ei

266 2572 383 2626 tres
404 2569 517 2648 viri
545 2566 722 2641 (Gen,
752 2580 927 2637 xvm,
950 2571 986 2626 2
1032 2585 1048 2637 ;
1079 2580 1300 2649 exque
1329 2566 1502 2624 datur
1528 2565 1808 2646 intelligi·
1833 2565 1993 2639 quod
2043 2568 2375 2626 secundum
2404 2583 2439 2627 a
2480 2582 2693 2651 paren-

268 2638 420 2697 tiam
447 2640 561 2696 v1ri
586 2638 859 2708 suerunt3
887 2652 968 2696 un
1013 2652 1045 2695 e
1071 2642 1212 2696 etin
1236 2650 1327 2695 eis
1356 2639 1544 2694 Deum
1571 2635 1837 2693 adoravit
1864 2643 1922 2694 et
1948 2638 2267 2697 consessus
2295 2644 2409 2709 est,
2480 2654 2647 2699 icens
2680 2660 2694 2699 ε

270 2710 494 2780 Loquar
518 2708 594 2764 ad
619 2712 909 2765 Dominum
956 2723 1150 2776 meum,
1180 2723 1345 2778 quum
1383 2708 1489 2763 sim
1514 2707 1705 2779 pulvis
1739 2709 1792 2762 et
1830 2709 1970 2764 cinis
2016 2707 2192 2779 (aem,
2250 2722 2425 2778 xvm,
2472 2711 2603 2784 27);
2644 2719 2702 2770 et

267 2781 489 2839 iterum
520 2794 536 2833 ε
565 2780 689 2837 Non
714 2783 794 2836 esi
820 2780 916 2835 hoc
942 2782 1113 2843 tuum,
1145 2779 1244 2849 qui
1267 2777 1483 2834 indicas
1510 2793 1716 2834 omnem
1743 2780 1963 2834 terram.
1996 2777 2181 2851 (Ibid.,
2212 2779 2328 2853 25.)
2351 2781 2520 2849 Quod
2561 2796 2701 2841 vero

267 2850 462 2909 Isaias
509 2854 567 2907 et
598 2850 862 2907 Ezechiel
889 2854 947 2907 et
976 2850 1077 2907 alii
1121 2848 1424 2921 prophetae
1451 2847 1653 2923 aliqua
1691 2847 1811 2929 alia
1846 2849 2294 2922 descripserunt
2330 2864 2462 2924 quae
2491 2852 2701 2928 imagi-

271 2921 443 2981 narie
479 2920 612 2978 visa
641 2926 804 2990 sunt,
853 2932 1116 2979 errorem
1154 2932 1278 2978 non
1324 2924 1590 2993 generat,
1619 2931 1760 2992 qula
1806 2918 2150 2979 hu’usmodi
2195 2926 2427 2993 ponunt
2471 2936 2597 2981 non
2637 2926 2702 2982 in

271 2990 619 3050 narratione
673 2990 960 3063 historiae,
1011 2990 1118 3049 sed
1164 2991 1228 3048 in
1285 2989 1681 3062 descriptione
1734 3003 1882 3063 prop
1929 2991 2079 3062 etiae,
2111 2996 2170 3050 et
2211 2998 2412 3051 tamen
2467 3007 2703 3066 semper

273 3060 502 3136 aliquid
557 3060 784 3119 addunt
831 3075 938 3133 per
987 3060 1148 3135 quod
1203 3060 1495 3133 apparitio
1548 3060 1915 3135 designatur,
1970 3062 2124 3122 sicut
2166 3078 2182 3118 ε
2229 3063 2365 3121 Vidi
2410 3067 2703 3123 Dominum

271 3133 544 3190 sedentem
587 3146 752 3202 super
784 3134 981 3189 solium
1006 3131 1272 3188 excelsum
1314 3131 1490 3216 (lsai,
1517 3143 1606 3199 vl,
1638 3131 1689 3204 t)
1714 3151 1730 3201 ;
1753 3133 1921 3189 Facta
1948 3136 2216 3205 estsuper
2255 3150 2375 3191 eum
2401 3135 2483 3191 ibi
2506 3152 2704 3193 manus

271 3205 511 3267 Domini,
538 3206 590 3259 et
605 3202 745 3272 vidi,
766 3206 818 3260 et
834 3217 947 3259 ecce
962 3207 1154 3260 ventus
1181 3203 1417 3258 turbinis
1432 3201 1685 3259 veniebat
1710 3202 1778 3258 ab
1802 3219 1836 3258 a
1875 3205 2054 3260 uidone
2074 3204 2308 3278 (Ezech.,
2332 3219 2375 3274 1,
2398 3209 2449 3268 3,
2472 3212 2505 3264 4
2532 3247 2549 3268 ,
2575 3211 2701 3265 etc:

269 3276 490 3332 Emissa
531 3273 833 3330 similitudo
855 3288 1053 3331 manus
1080 3289 1116 3330 a
1193 3271 1440 3329 rehendit
1483 3288 1655 3337 me...,
1704 3276 1757 3329 et
1804 3290 1840 3331 a
1879 3274 2045 3331 duoeit
2080 3291 2165 3331 me
2212 3279 2274 3331 in
2313 3278 2507 3333 Jerusa
2643 3279 2705 3333 in

268 3346 480 3402 visione
504 3345 624 3401 Dei.
659 3343 895 3417 (Ezech.,
923 3357 1059 3427 vm,
1090 3288 1191 3472 ἐξ

344 3413 518 3485 Quod
573 3415 750 3474 etiam
793 3416 995 3489 aliqua
1037 3428 1097 3472 m
1184 3412 1458 3486 cripturis
1504 3413 1579 3473 de
1618 3414 1800 3474 rebus
1845 3413 2064 3475 divinis
2102 3431 2211 3500 per
2253 3417 2704 3477 similitudinem

271 3484 576 3556 dicuntur,
603 3498 865 3544 errorem
891 3498 1177 3559 generare
1199 3498 1324 3566 non
1350 3488 1552 3557 potest
1581 3502 1596 3541 ε
1623 3489 1750 3543 tum
1777 3486 1917 3559 quia
1935 3487 2357 3547 similitudines
2383 3494 2705 3548 sumuntur

269 3569 312 3615 a
337 3555 519 3615 rebus
546 3561 670 3614 tam
690 3555 910 3615 vilibus
934 3560 1004 3615 ut
1033 3560 1243 3615 notum
1271 3558 1349 3614 Slt
1375 3555 1515 3625 hoc,
1551 3555 1709 3628 quod
1761 3557 2093 3616 secundum
2141 3559 2615 3630 similitudinem,
2646 3565 2707 3618 et

268 3637 401 3685 non
455 3626 786 3685 secundum
841 3638 1038 3685 rerum
1104 3626 1478 3685 existentiam
1499 3668 1515 3697 ,
1571 3625 1888 3697 dicuntur;
1948 3633 2070 3687 tum
2124 3629 2267 3704 quia
2318 3630 2705 3689 inveniuntur

269 3695 479 3770 aliqua
501 3698 740 3770 proprie
763 3696 922 3755 dicta
947 3697 1012 3755 in
1040 3696 1382 3769 scripturis,
1411 3710 1516 3769 per
1541 3710 1677 3769 quae
1700 3698 1919 3757 veritas
1956 3712 2236 3772 expresse
2263 3701 2700 3772 manifestatur,

269 3780 409 3841 quae
452 3768 567 3827 sub
595 3767 1088 3827 similitudinibus
1112 3766 1178 3826 in
1207 3768 1358 3826 locis
1405 3766 1541 3825 aliis
1570 3768 1963 3828 occultantur.
1997 3770 2166 3838 Quod
2197 3771 2432 3844 quidem
2476 3771 2538 3829 in
2562 3785 2702 3845 pro-

266 3837 472 3910 posito
507 3851 627 3896 non
662 3836 893 3898 accidit.
922 3840 1070 3896 Nam
1107 3837 1276 3897 nulla
1301 3837 1424 3897 Scri
1469 3842 1618 3896 turae
1649 3838 1972 3900 auctoritas
1997 3841 2305 3900 veritatem
2334 3856 2540 3901 eorum
2568 3857 2703 3916 quae

269 3908 348 3966 de
374 3907 745 3968 humanitate
774 3908 993 3968 Christi
1021 3908 1304 3983 leguntur
1329 3923 1435 3967 exc
1466 3908 1610 3967 udit.

316 3980 517 4060 ‘Eorte
543 3979 909 4054 autemrquis
936 3979 1095 4038 dicat
1121 3978 1283 4106 wod
1311 3979 1428 4038 hoc
1442 3978 1615 4037 datur
1640 3979 1892 4056 intellig-i
1918 3995 2025 4055 per
2050 3981 2168 4041 hoc
2195 3982 2356 4056 quod
2382 3982 2706 4056 Apostolus

269 4049 455 4108 dicit:
482 4052 626 4107 Deus
649 4051 852 4108 Filium
877 4065 1037 4108 suzim
1056 4051 1135 4107 mi
1182 4064 1275 4106 ens
1297 4051 1361 4106 in
1385 4050 1799 4107 similitudinem
1825 4055 2010 4110 carnis
2025 4057 2240 4123 peccati
2259 4053 2453 4127 (Rom,
2483 4069 2610 4125 v111,
2624 4055 2704 4127 3),

268 4118 365 4179 vel
431 4133 496 4177 er
522 4119 641 4179 hoc
718 4119 838 4179 uod
867 4119 1012 4180 dicit
1038 4139 1054 4178 ι
1087 4122 1155 4178 In
1181 4119 1596 4177 similitudinem
1618 4121 1896 4179 hominum
1919 4125 2122 4192 tactus,
2149 4128 2201 4181 et
2229 4124 2422 4181 habitu
2455 4128 2707 4183 inventus

267 4193 334 4247 ut
455 4206 559 4274 mp.
609 4191 674 4265 (Ρ
713 4192 798 4257 it„
857 4203 924 4274 11,
973 4195 1032 4250 7.
1108 4191 1215 4249 Hic
1267 4194 1464 4249 autem
1511 4203 1733 4252 sensus
1789 4206 1892 4265 per
1943 4208 2014 4252 ea
2064 4208 2198 4267 quae
2251 4193 2351 4253 hic
2407 4196 2705 4254 adduntur

272 4259 627 4320 excluditur.
657 4263 791 4320 Non
817 4275 979 4320 emm
1048 4260 1155 4320 icit
1181 4259 1382 4320 solum
1409 4262 1470 4317 in
1483 4263 1897 4319 similitudinem
1919 4265 2124 4335 carnis,
2145 4265 2252 4323 sed
2285 4264 2450 4325 addit
2469 4265 2698 4338 peccati,

267 4330 416 4414 quia
459 4332 738 4413 phristus
789 4345 992 4391 veram
1036 4332 1277 4405 quidem
1310 4345 1549 4398 carnem
1592 4332 1818 4403 habuit,
1848 4332 1956 4391 sed
1993 4348 2117 4393 non
2155 4350 2396 4395 carnem
2453 4332 2700 4407 peccati,

269 4415 414 4476 qula
453 4415 519 4460 1n
565 4414 639 4462 eo
674 4407 984 4477 peccatum
1033 4414 1158 4461 non
1186 4402 1336 4475 fuit3
1366 4402 1474 4462 sed
1511 4402 1768 4462 similem
1800 4403 1965 4463 carni
2008 4406 2256 4479 peccati,
2287 4406 2429 4479 quia
2462 4415 2699 4462 earnem
