3076 5025
1089 260 1224 320 Lm.
1265 261 1336 328 11,
1375 259 1527 317 CAP.
1563 260 1722 317 xxii.
2510 270 2620 326 125

199 385 354 445 entis
381 397 505 443 non
534 387 888 456 repugnant.
915 382 979 442 Si
1000 382 1161 441 enim
1191 382 1254 440 in
1277 381 1593 464 quemdam
1636 384 1864 440 tantum
1912 381 2188 443 effectum
2235 385 2425 446 virtus
2476 387 2608 469 ejus

196 460 423 530 posset,
458 467 578 512 non
604 459 765 512 esset
784 467 890 525 per
914 466 983 512 se
1007 466 1192 511 causa
1214 458 1394 522 entis,
1432 466 1494 509 iu
1544 458 1829 524 quantum
1872 452 2238 526 hujusmodi,
2269 457 2376 515 sed
2428 457 2609 532 buJus

198 526 373 585 entis.
404 524 641 582 Rationi
667 529 865 582 autem
895 523 1053 581 entis
1082 528 1374 595 repugnat
1401 523 1742 593 oppositum
1772 523 1950 594 entis,
1977 525 2135 597 quod
2166 532 2260 584 est
2308 540 2428 586 non
2472 543 2603 588 ens,

199 596 412 655 Omnia
441 595 624 666 igitur
653 596 811 652 Deus
834 599 1026 665 potest
1055 607 1188 666 quae
1221 595 1278 649 in
1308 607 1375 651 se
1418 593 1705 651 rationem
1746 606 1867 651 nou
1909 596 2067 653 entis
2106 609 2229 655 non
2273 596 2609 658 includunt.

198 670 331 726 llaec
357 673 557 723 autem
582 670 726 722 sunt
751 678 885 738 quae
911 664 1443 723 contradictionem
1474 662 1802 734 implicant.
1818 663 2195 740 Relinquitur
2229 666 2414 742 igitur
2447 669 2609 744 quod

198 736 333 812 quic
377 735 482 795 uid
507 734 1039 794 contradictionem
1068 747 1189 792 non
1219 733 1480 805 implicat
1513 735 1670 792 Deus
1700 738 1913 806 potest.

261 809 314 865 Α
436 823 482 870 e,
516 819 694 863 omne
722 818 913 878 agens
940 804 1066 879 agit
1090 804 1152 861 in
1180 810 1468 877 quantum
1494 808 1587 862 est
1614 810 1771 862 actu.
1798 805 2133 865 Secundum
2158 807 2344 881 igitur
2365 810 2610 870 modum

202 885 373 937 actus
403 877 878 949 uniuscu'usque
907 875 1167 949 agentis,
1196 881 1290 932 est
1312 875 1529 934 modus
1577 887 1702 933 suae
1754 874 1991 934 virtutis
2037 877 2098 935 in
2139 880 2391 950 agendo.
2426 883 2613 940 Homo

201 948 356 1007 enim
383 952 632 1021 generat
700 947 984 1027 ominem,
1015 951 1074 1003 et
1103 945 1263 1017 ignis
1289 945 1511 1017 ignem.
1545 946 1704 1003 Deus
1732 950 1928 1003 autem
1958 953 2047 1006 est
2076 954 2246 1008 actus
2291 951 2614 1023 perfectus,

199 1018 259 1076 in
290 1031 358 1078 se
413 1016 684 1075 omnium
733 1016 1135 1087 perfectiones
1179 1015 1430 1085 babens,
1460 1022 1526 1073 ut
1572 1028 1754 1087 supra
1780 1015 1843 1089 (l.
1868 1029 1910 1086 1,
1939 1032 1994 1073 c.
2019 1017 2110 1090 28)
2136 1026 2446 1079 ostensum
2497 1028 2610 1080 est.

200 1091 296 1148 Est
323 1088 512 1161 igitur
541 1101 653 1147 sua
676 1086 867 1146 virtus
910 1087 1100 1145 activa
1149 1087 1411 1158 perfecta
1458 1085 1532 1144 ad
1579 1086 1782 1144 omnia
1824 1099 1892 1144 se
1946 1086 2194 1158 habeus,
2225 1104 2618 1164 quaecumque

200 1173 316 1219 non
342 1162 678 1230 repugnant
706 1157 921 1216 rationi
952 1156 1105 1230 ejus,
1139 1157 1295 1230 quod
1327 1160 1420 1214 est
1446 1168 1583 1214 esse
1612 1157 1673 1213 in
1703 1160 1861 1214 actu.
1893 1157 2015 1215 Hoc
2044 1165 2240 1216 autem
2267 1167 2360 1218 est
2416 1163 2614 1222 solum

199 1229 356 1304 quod
381 1228 913 1287 contradictionem
947 1227 1475 1309 implicatgomnia
1499 1227 1702 1297 igitur,
1728 1233 1940 1297 ploeter
1965 1228 2099 1308 boc,
2134 1232 2291 1288 Deus
2320 1236 2538 1303 potest.

265 1301 548 1371 Amplius.
600 1299 1047 1370 omnipotentiae
1092 1311 1346 1370 passlvae
1393 1296 1714 1368 respondet
1766 1302 2029 1368 potentia
2078 1300 2290 1359 activa.
2347 1301 2615 1361 Potentia

201 1373 358 1429 enim
383 1375 626 1442 propter
652 1377 848 1428 actum
879 1375 991 1437 est,
1017 1369 1172 1428 sicut
1199 1370 1446 1426 materia
1477 1373 1714 1439 propter
1743 1368 2015 1427 sormam.
2037 1371 2166 1427 Non
2194 1376 2621 1442 potestantem

201 1455 311 1500 ens
342 1443 404 1498 in
453 1441 719 1521 potentia
759 1440 1070 1521 consequi·
1100 1440 1260 1520 quod
1305 1439 1383 1495 sit
1432 1445 1592 1506 actu,
1626 1438 1745 1519 nisi
1792 1453 1915 1521 pen
1947 1439 2310 1499 voluntatem
2359 1442 2617 1524 alicujus

200 1512 599 1572 existenttsin
629 1517 789 1568 actu.
818 1512 1027 1570 Ottosa
1054 1516 1237 1582 igitur
1279 1514 1442 1568 esset
1484 1513 1767 1580 potentia,
1798 1522 1917 1567 nisi
1970 1517 2131 1569 esset
2183 1512 2373 1570 virtus
2422 1519 2616 1571 activa

200 1583 437 1655 agentis
475 1596 608 1655 quae
644 1594 774 1638 eam
805 1581 865 1638 in
895 1586 1093 1639 actum
1126 1580 1403 1638 reducere
1434 1579 1645 1651 possit,
1672 1593 1808 1637 cum
1839 1584 2035 1638 tamen
2073 1581 2223 1638 nibil
2250 1582 2610 1642 sitotiosum

201 1653 264 1712 in
290 1653 474 1711 rebus
504 1657 762 1722 naturam
789 1657 849 1710 et
876 1665 980 1723 per
1007 1652 1166 1708 bunc
1197 1650 1433 1709 modum
1471 1650 1762 1720 videmuS,
1792 1650 1952 1722 quod
1978 1653 2182 1711 omnia
2210 1667 2343 1726 quae
2372 1659 2514 1712 sunt
2541 1655 2603 1712 in

201 1723 469 1795 potentia
496 1723 759 1781 materiae
798 1721 1228 1795 generabilium
1268 1727 1327 1778 et
1358 1720 1832 1791 corruptibilium
1904 1728 2118 1780 ossunt
2163 1723 2364 1782 reduci
2409 1725 2473 1781 in
2521 1738 2619 1783 ac·

201 1799 348 1862 tum,
372 1807 480 1866 per
505 1794 778 1850 virtutem
808 1793 1056 1850 activam
1086 1805 1217 1865 quae
1245 1797 1335 1850 est
1376 1790 1438 1848 in
1485 1803 1733 1861 corpore
1778 1804 1869 1849 coe
1895 1793 2029 1860 esti,
2054 1793 2212 1865 quod
2256 1800 2348 1852 est
2390 1793 2613 1867 princi·

198 1865 360 1937 pium
391 1864 649 1922 activum
679 1864 742 1921 in
772 1867 1004 1921 natura.
1033 1864 1197 1920 Sicut
1219 1866 1415 1920 autem
1444 1873 1664 1932 corpus
1691 1861 1933 1919 coeleste
1984 1869 2078 1921 est
2119 1865 2374 1935 primum
2425 1878 2614 1937 agens

200 1941 475 2007 respectu
532 1947 849 2005 corporum
903 1933 1274 2000 inferiorum,
1332 1933 1414 1990 ita
1457 1933 1616 2013 Deus
1663 1937 1752 1989 est
1805 1932 2062 2003 primum
2104 1934 2293 2007 agens
2339 1941 2610 2007 respectu

201 2007 387 2064 totius
425 2004 586 2062 entis
627 2005 829 2063 creati«.
861 2004 1153 2076 Quicquid
1200 2003 1381 2076 igitur
1426 2009 1516 2062 est
1566 2016 1626 2059 in
1676 2003 1940 2073 potentia
1980 2004 2138 2063 entis
2184 2006 2392 2075 creati,
2421 2013 2612 2065 totum

202 2074 315 2135 boc
341 2077 503 2134 Deus
533 2088 835 2146 persuum
882 2074 1155 2131 virtutem
1204 2074 1453 2132 activam
1504 2073 1699 2130 facere
1744 2073 1956 2143 pote‘st.
1991 2077 2057 2131 In
2103 2078 2362 2146 potentia
2412 2084 2611 2136 autem

204 2146 359 2204 tntis
378 2147 561 2204 creati
593 2151 685 2204 est
708 2158 884 2204 omne
912 2144 1073 2218 quod
1102 2145 1223 2202 enti
1253 2151 1452 2202 creato
1498 2157 1620 2200 non
1665 2149 1957 2216 repugnat
1985 2161 2000 2201 :
2035 2143 2190 2203 sicut
2241 2147 2305 2203 in
2348 2147 2616 2218 potentia

201 2216 734 2343 natturaenbumanae
758 2221 902 2344 stum
927 2214 1133 2274 omnia
1154 2229 1287 2287 quae
1316 2222 1589 2273 naturam
1619 2214 1940 2273 humanam
1967 2228 2089 2274 non
2128 2216 2367 2276 tollunt.
2396 2217 2610 2277 Omnia

201 2301 221 2346 ι
309 2300 385 2345 ur
462 2300 572 2345 eus
638 2292 768 2345 otes
796 2327 814 2345 .

225 2300 746 2428 81Ρνειιειενεα,«ξιιοᾰ
792 2354 1041 2415 effectus
1089 2354 1309 2429 aliquis
1353 2368 1473 2415 non
1500 2354 1693 2414 subsit
1781 2354 2021 2415 otentioe
2067 2356 2326 2430 alicujus
2354 2357 2609 2428 agentis,

204 2433 404 2500 potest
448 2441 519 2484 ex
566 2428 757 2486 tribus
792 2427 1329 2498 contingen-exano
1374 2427 1554 2485 modo
1600 2440 1706 2497 per
1754 2439 1868 2506 ‚oc
1911 2426 2068 2499 quod
2101 2440 2220 2486 non
2274 2428 2449 2486 habet
2476 2441 2613 2486 cum

204 2503 417 2628 niente
442 2495 788 2557 affinitatem
811 2498 903 2557 vel
934 2498 1426 2562 similitudinem3
1455 2511 1643 2569 agens
1670 2510 1830 2555 emm
1878 2509 2056 2556 omne
2095 2498 2219 2571 agit
2265 2498 2380 2556 sibi
2417 2498 2614 2557 simile

267 2570 411 2642 iquo
442 2569 622 2627 modo
653 2586 668 2626 ε
702 2569 856 2627 unde
882 2569 1070 2627 virtus
1135 2583 1227 2627 uae
1255 2569 1430 2625 estin
1461 2569 1689 2627 semine
1720 2568 1983 2627 bominis
2023 2581 2147 2626 nou
2185 2574 2380 2640 potest
2407 2570 2620 2640 produ-

201 2653 335 2699 cere
379 2640 619 2698 brutum
659 2641 750 2698 vel
782 2642 1074 2710 plantam
1165 2640 1422 2696 ominem
1468 2644 1664 2695 autem
1704 2643 1918 2708 potest,
1965 2638 2066 2709 qui
2095 2645 2288 2707 tamen
2337 2640 2619 2709 praedicta

196 2710 458 2769 excedit.
490 2710 621 2768 Alio
650 2710 828 2768 modo
874 2715 1113 2781 propter
1138 2707 1546 2767 excellentiam
1577 2707 1826 2765 effectus
1853 2707 1955 2780 qui
1980 2708 2347 2766 transcendit
2373 2721 2615 2780 propor-

203 2781 430 2839 tionem
455 2781 691 2838 vinutis
711 2781 916 2838 activae
941 2797 956 2837 ε
983 2780 1142 2838 sicut
1161 2780 1346 2835 virtus
1368 2778 1561 2835 activa
1581 2778 1910 2850 corporalis
1932 2790 2049 2836 non
2073 2784 2263 2849 potest
2295 2780 2617 2860 producere

202 2850 605 2911 substantiam
652 2858 1007 2923 separatam.
1038 2850 1228 2907 Tertio
1261 2848 1437 2906 modo
1469 2855 1705 2919 propter
1732 2849 2034 2906 materiam
2066 2848 2515 2908 determinatam
2542 2849 2618 2909 ad

206 2920 485 2980 effectum
519 2921 581 2979 in
610 2936 784 2995 quam
816 2934 1005 2995 agens
1040 2934 1216 2993 agere
1236 2934 1355 2977 nou
1390 2924 1585 2991 potest
1612 2935 1628 2977 ι
1658 2919 1815 2977 sicut
1840 2919 2245 2991 carpentarius
2275 2933 2396 2978 non
2429 2925 2626 2992 potest

190 2992 400 3051 'facere
431 3006 679 3062 serram,
709 2992 853 3065 quia
878 3005 991 3050 sua
1017 2998 1141 3049 arte
1166 3003 1284 3048 non
1315 2995 1508 3061 potest
1537 3004 1568 3046 a
1617 3004 1712 3048 ere
1734 2989 1794 3046 in
1825 2989 2066 3059 ferrum.
2096 3004 2168 3047 ex
2195 3004 2316 3064 quo
2346 2990 2407 3049 fit
2429 3005 2613 3051 serra.

202 3063 381 3122 Nullo
431 3069 630 3121 autem
674 3063 924 3120 istorum
956 3062 1266 3120 modorum
1316 3065 1510 3132 potest
1553 3076 1587 3117 a
1616 3060 1773 3133 iquis
1817 3059 2064 3119 effectus
2093 3061 2360 3120 subtrahi
2402 3062 2617 3121 divinae

202 3133 425 3191 virtuti.
459 3135 660 3205 Neque
693 3133 851 3190 enim
882 3139 1119 3204 propter
1146 3130 1694 3213 dissimilitudinem
1722 3129 1971 3190 effectus
1999 3132 2222 3213 aliqu-id
2252 3135 2307 3190 ei
2344 3133 2628 3213 impossi-

207 3202 329 3262 bile
359 3216 498 3263 esse
527 3209 739 3274 potest,
780 3217 914 3261 cum
941 3216 1118 3261 omne
1147 3215 1276 3263 cns,
1309 3215 1367 3258 in
1398 3209 1684 3274 quantum
1730 3200 1906 3259 babet
1933 3215 2089 3271 esse,
2118 3211 2198 3260 stt
2223 3204 2277 3261 ei
2309 3203 2528 3269 simile,
2554 3207 2622 3261 ut

209 3287 399 3346 supra
451 3273 526 3344 (c.
579 3275 666 3345 ¹5)
712 3279 1021 3332 ostensum
1085 3280 1196 3331 est.
1226 3275 1343 3330 Nec
1390 3280 1565 3329 ctiam
1618 3278 1853 3342 propter
1892 3271 2140 3331 effectus
2182 3274 2615 3336 excellentiam,

200 3357 340 3403 cum
392 3350 705 3403 ostensum
737 3344 818 3402 sit
847 3344 909 3417 (Ι.
942 3358 985 3412 1,
1015 3359 1068 3401 c.
1098 3346 1168 3401 28
1197 3349 1255 3399 et
1282 3343 1373 3413 41)
1397 3343 1554 3414 quod
1589 3344 1743 3400 Deus
1791 3348 1884 3400 est
1910 3356 2089 3415 super
2123 3344 2326 3401 omnia
2354 3343 2416 3400 in
2444 3343 2620 3403 boni·

202 3419 323 3473 tate
359 3420 419 3472 et
471 3416 853 3485 perfectione.
881 3417 999 3472 Nec
1046 3415 1257 3471 iterum
1306 3422 1541 3484 proph-1·
1570 3414 1861 3469 ‹h-rectum
1892 3413 2171 3480 materiai,
2202 3426 2340 3471 cum
2383 3413 2511 3486 ipse
2537 3412 2620 3472 sit

202 3498 391 3543 causa
419 3486 703 3550 materias,
735 3499 865 3559 quae
895 3497 1014 3542 non
1039 3483 1349 3556 possibilis
1378 3492 1469 3540 cst
1498 3485 1753 3552 „nisan-i,
1787 3484 1901 3540 nisi
1939 3497 2043 3555 per
2069 3484 2452 3542 creationem.
2487 3486 2621 3554 lpse

205 3556 385 3613 etiam
416 3556 479 3611 in
509 3556 742 3627 agendo
793 3569 916 3612 non
945 3555 1190 3626 requirit
1234 3554 1560 3620 materiam,
1591 3568 1728 3611 cum
1759 3554 1926 3611 nullo
1955 3556 2362 3625 praeexistente
2401 3567 2524 3611 rem
2554 3553 2615 3611 in

202 3638 339 3684 esse
366 3625 654 3697 producat
685 3643 702 3682 t
735 3631 789 3683 ct
819 3626 908 3685 sic
934 3631 1172 3697 propter
1198 3626 1458 3683 materiae
1497 3626 1788 3682 defectum
1832 3625 1963 3696 ejus
1994 3625 2151 3682 actio
2180 3624 2452 3696 impediri
2495 3634 2621 3681 non

201 3703 404 3767 potest
455 3697 530 3754 ab
576 3693 824 3753 effectus
869 3695 1280 3767 productione.
1334 3697 1531 3753 Restat
1580 3694 1772 3776 igitur⁴
1807 3693 1966 3775 quod
2011 3693 2215 3753 divina
2257 3696 2446 3753 virtus
2495 3707 2617 3752 non

204 3764 638 3824 determinetur
661 3766 733 3824 ad
778 3766 1035 3838 aliquem
1081 3764 1378 3835 effectum,
1425 3766 1533 3824 sed
1573 3764 1925 3837 simpliciter
1967 3764 2173 3823 omnia
2202 3770 2430 3838 potest;
2458 3763 2619 3838 quod

210 3842 301 3895 est
328 3851 468 3896 eum
498 3850 634 3895 esse
660 3837 1149 3917 omnipotentem.

278 3908 433 3966 Hinc
462 3913 554 3965 est
582 3908 739 3979 quod
766 3913 943 3965 enam
988 3906 1188 3965 divina
1216 3905 1517 3977 Scriptura
1544 3904 1657 3964 lide
1681 3905 2002 3965 tenendum
2030 3904 2144 3964 hoc
2167 3905 2365 3964 tradit.
2398 3906 2622 3965 Dicitur

202 3978 388 4047 onim,
419 3979 588 4047 Gen„
618 3990 768 4046 xva,
801 3982 853 4045 ¹,
882 3992 952 4035 ex
980 3991 1081 4036 ore
1111 3977 1210 4035 Dei
1240 3994 1256 4034 z
1290 3980 1402 4046 Epo
1426 3979 1569 4034 Deus
1600 3978 1928 4047 omnipotens
1956 3993 1976 4032 ε
2005 3977 2225 4033 ambula
2256 3992 2437 4034 coram
2461 3992 2544 4035 me
2569 3982 2622 4035 et

200 4052 312 4106 esto
334 4051 646 4120 perfectam
678 4053 736 4106 et
778 4046 910 4116 lob,
931 4060 1074 4114 xm,
1102 4052 1138 4105 2
1165 4063 1180 4105 ε
1210 4046 1332 4104 Scio
1376 4049 1507 4117 quia
1533 4049 1717 4104 omnia
1736 4052 1917 4118 potes3
1947 4050 2006 4103 et
2028 4049 2189 4118 Luc„
2216 4058 2260 4118 Ι,
2290 4051 2379 4117 37,
2409 4061 2484 4105 ex
2516 4060 2626 4107 oro

201 4118 404 4189 angeli
439 4136 453 4176 :
485 4121 608 4176 Non
636 4120 742 4175 erit
767 4120 1095 4189 impossibile
1121 4117 1272 4188 apud
1305 4121 1470 4173 Deam
1490 4133 1644 4173 omne
1668 4119 1909 4176 verbum.

270 4191 389 4247 Per
418 4187 536 4246 boc
564 4194 758 4269 autem
789 4189 1123 4269 excluditur
1145 4187 1535 4269 quorumdam
1575 4188 2065 4260 pbilosophorum
2091 4201 2277 4257 error,
2305 4188 2406 4271 qui
2440 4201 2618 4259 posu·

194 4265 382 4318 crunt
411 4274 451 4315 a
479 4261 602 4316 Deo
633 4259 970 4316 immediate
1036 4257 1240 4316 roduc1
1280 4271 1461 4314 unum
1490 4257 1763 4315 effectum
1796 4263 2045 4326 tantum,
2075 4260 2246 4332 quasi
2277 4266 2463 4317 virtus
2490 4259 2621 4328 ejus

200 4328 284 4387 ad
313 4329 488 4387 illius
521 4328 966 4399 productionem
1025 4333 1371 4386 etermmata
1387 4333 1567 4395 esset,
1593 4334 1647 4385 et
1670 4327 1825 4401 quod
1848 4330 2001 4387 Deus
2033 4343 2150 4388 non
2174 4335 2371 4404 potest
2397 4327 2620 4400 aliquid

192 4396 427 4471 tacere,
483 4398 609 4458 nisi
660 4399 994 4459 secundum
1045 4398 1209 4474 quod
1257 4411 1475 4458 cursus
1521 4412 1722 4458 rerum
1777 4399 2136 4459 naturalium
2183 4414 2252 4459 se
2306 4399 2518 4466 habet;
2546 4395 2621 4453 de
