3076 5025
409 223 512 280 188
1298 219 1431 274 ΠΒ.
1473 219 1543 281 11,
1587 218 1740 273 CAP.
1780 217 1956 272 LXIV.

404 357 548 401 num
604 341 838 400 animae.
873 339 1037 398 Unde
1085 339 1461 410 impossibile
1509 344 1602 397 est
1644 338 1804 411 quod
1848 336 2050 418 aliqua
2100 337 2304 397 anima
2348 338 2428 397 sit
2474 340 2837 411 complexio.

473 412 689 482 Adhuc,
720 411 1055 483 complexio
1084 424 1269 483 quum
1305 411 1385 468 sit
1412 409 1713 482 quoddam
1751 414 2140 466 consumtum
2172 424 2246 466 ex
2296 411 2614 468 contrariis
2644 411 2838 483 quali-

396 484 625 541 tatibus
662 481 834 555 quasi
866 481 1129 539 medium
1163 480 1319 537 inter
1347 494 1472 549 eaS,
1505 479 1880 550 impossibile
1905 485 1997 537 cst
2026 478 2184 552 quod
2213 479 2294 537 sit
2323 481 2514 538 forma
2557 481 2841 538 substan-

408 554 605 622 tialis3
641 566 780 610 nam
806 551 1156 609 substantiae
1182 550 1333 608 nihil
1364 558 1456 609 est
1482 551 1868 631 contrarium,
1899 549 2285 631 necsuscipit
2318 551 2513 631 magis
2534 556 2594 607 et
2613 552 2839 610 minus.

401 625 615 681 Anima
640 629 841 681 autem
865 627 958 679 est
989 623 1182 679 forma
1211 621 1629 679 substantialis
1660 626 1718 677 et
1740 633 1863 677 non
1902 619 2319 690 accidentalis;
2364 622 2516 679 alias
2559 635 2665 693 per
2714 623 2842 680 ani-

412 707 721 820 mamlnon
764 692 1078 751 sortiretur
1111 691 1339 765 aliquid
1383 704 1578 764 genus
1623 690 1716 748 vel
1771 690 2051 763 speciem.
2098 691 2312 748 Anima
2356 691 2540 765 igitur
2584 705 2708 751 non
2752 697 2849 751 est

406 779 580 832 comp
607 777 763 821 exie.

471 834 688 898 Adhuc,
720 847 851 892 com
895 833 1054 891 lexio
1092 845 1214 891 non
1244 839 1441 890 movet
1472 846 1693 904 corpus
1727 830 2006 891 animalis
2036 836 2202 890 motu
2225 832 2441 902 locali,
2490 837 2848 907 sequeretur

402 906 560 962 enim
589 910 816 962 motum
886 904 1233 973 ominantis,
1262 908 1319 960 et
1348 903 1437 961 sic
1466 917 1704 974 semper
1734 903 2015 960 deorsum
2046 902 2315 962 ferretur.
2373 904 2585 963 Anima
2639 909 2841 963 autem

405 980 605 1033 movet
627 975 850 1032 animal
883 975 948 1031 in
970 987 1208 1031 omnem
1237 978 1488 1045 partem.
1524 977 1653 1031 Non
1692 983 1785 1031 est
1812 973 1996 1046 igitur
2023 973 2223 1031 anima
2251 976 2611 1045 complexio.

477 1046 752 1115 Amplius,
781 1045 983 1102 anima
1010 1045 1163 1116 regit
1189 1057 1409 1116 corpus
1438 1050 1496 1101 et
1527 1050 1820 1117 repugnat
1869 1043 2256 1114 passionibus
2303 1059 2436 1119 quae
2478 1044 2840 1116 complexio-

404 1129 541 1172 nem
572 1122 936 1187 sequuntur3
969 1129 1041 1171 ex
1069 1115 1485 1187 complexione
1521 1116 1682 1172 enim
1715 1114 1789 1172 ali
1838 1115 1898 1171 ui
1930 1119 2072 1171 sunt
2100 1115 2294 1187 magis
2318 1116 2459 1174 aliis
2497 1117 2572 1173 ad
2614 1129 2842 1173 concu-

400 1186 730 1256 piscentias
757 1186 848 1242 vel
877 1185 1000 1242 iras
1025 1185 1169 1266 apti,
1203 1185 1305 1265 quui
1334 1190 1531 1267 tamen
1562 1186 1755 1254 magis
1780 1129 1854 1240 ab
1883 1184 1972 1242 eis
1993 1184 2316 1253 abstinent,
2350 1192 2589 1258 propter
2612 1187 2692 1243 ali
2741 1186 2843 1243 uid

400 1257 735 1326 refrenans,
753 1261 829 1313 -ut
854 1261 1011 1326 patet
1043 1269 1105 1311 in
1131 1260 1599 1315 continentibus.
1633 1257 1754 1313 Hoc
1783 1259 1979 1313 autem
2010 1267 2130 1312 non
2159 1254 2301 1314 facit
2328 1257 2685 1327 complexio.
2761 1269 2843 1313 on

400 1332 492 1385 est
523 1325 706 1397 igitur
736 1327 939 1384 anima
967 1325 1326 1396 complexio,

475 1398 765 1468 Deceptus
801 1402 997 1454 autem
1030 1396 1219 1453 fuisse
1247 1395 1477 1454 videtur
1520 1397 1780 1455 Galenus
1808 1410 1879 1454 ex
1908 1396 2024 1454 hoc
2053 1395 2214 1469 quod
2261 1410 2382 1454 non
2437 1396 2846 1455 consideravit

401 1466 576 1526 aliter
590 1467 906 1539 passiones
927 1466 1167 1522 attribui
1189 1466 1590 1537 complexioni
1613 1474 1671 1525 et
1695 1467 1869 1525 aliter
1896 1467 2131 1524 animae.
2153 1468 2556 1538 complexioni
2581 1480 2846 1539 namque

405 1537 812 1596 attribuuntur
840 1536 999 1593 sicut
1025 1535 1390 1606 disponenti,
1422 1542 1482 1595 et
1500 1544 1788 1610 quantum
1822 1537 1894 1594 ad
1924 1536 1986 1594 id
2008 1535 2167 1609 quod
2189 1538 2597 1595 estmateriale
2620 1538 2681 1594 in
2708 1551 2847 1609 pas·

399 1607 700 1672 sionibus,
731 1606 890 1663 sicut
940 1605 1136 1662 fervor
1164 1606 1480 1678 sanguinis
1510 1615 1566 1664 et
1601 1607 1977 1680 hujusmodi3
2025 1607 2240 1664 animae
2287 1614 2505 1677 autem,
2554 1614 2844 1681 tanquam

400 1676 716 1758 principali
745 1687 1068 1756 causam-ex
1092 1681 1256 1755 parte
1287 1676 1419 1748 ejus
1446 1677 1610 1750 quod
1659 1683 1752 1736 est
1802 1678 1870 1738 in
1924 1677 2317 1750 passionibus
2359 1677 2628 1742 formale,
2678 1678 2848 1736 sicut

403 1760 473 1806 in
499 1759 591 1804 ira
617 1751 916 1818 appetitus
942 1745 1239 1814 vindictae.

1367 1966 1624 2032 CAPUT
1671 1967 1875 2035 LXIV.

1118 2146 1270 2201 ouon
1301 2142 1495 2193 imm
1527 2146 1651 2192 non
1679 2146 1771 2192 srr
1796 2147 2122 2194 nminem.

470 2313 698 2373 Similis
735 2317 932 2373 autem
955 2312 1249 2385 praedictae
1276 2312 1564 2384 positioni
1595 2312 1955 2393 estpositio
2006 2312 2331 2370 dicentium
2353 2311 2643 2394 ‚animam
2692 2327 2835 2373 esse

399 2384 794 2444 harmoniam.
824 2388 954 2442 Non
987 2384 1145 2442 enim
1173 2383 1591 2440 intellexerunt
1618 2396 1877 2440 animam
1906 2395 2042 2441 esse
2092 2382 2467 2441 harmoniam
2509 2396 2831 2455 sonorum,

401 2455 508 2515 sed
536 2455 969 2514 contrariorum
998 2469 1072 2511 ex
1092 2453 1312 2527 quibus
1334 2453 1614 2510 videbant
1640 2453 1917 2525 componi
1952 2466 2203 2527 corpora
2229 2454 2510 2511 animata.
2533 2455 2677 2524 Quae
2747 2455 2838 2514 ui-

400 2527 533 2585 dem
563 2539 599 2584 o
644 2526 768 2584 inio
799 2526 862 2582 in
907 2525 1101 2597 primo
1132 2525 1282 2582 libro
1331 2528 1408 2581 De
1433 2527 1622 2579 anima
1676 2524 1838 2597 (text.
1868 2538 2092 2582 comm.
2142 2523 2234 2597 54)
2288 2525 2524 2583 videtur
2580 2525 2720 2583 altri
2767 2526 2831 2584 ui

397 2600 578 2667 Empe
622 2597 766 2663 ocli;
797 2595 1116 2669 Gregorius
1144 2601 1340 2652 autem
1371 2598 1681 2667 Nyssenus
1710 2595 1807 2666 (De
1839 2596 2008 2663 Phil„
2038 2596 2077 2653 l.
2107 2608 2174 2665 11,
2199 2610 2254 2652 c.
2287 2595 2340 2666 3)
2386 2595 2658 2654 attribuit
2696 2610 2832 2654 eam

395 2668 716 2795 Dissarclm.
749 2665 911 2734 Unde
940 2672 998 2724 et
1024 2664 1392 2737 improbatur
1419 2665 1577 2723 sicut
1609 2670 1668 2721 et
1692 2665 2057 2736 praecedens,
2078 2672 2138 2722 et
2158 2665 2353 2724 adhuc
2370 2666 2632 2738 propriis
2649 2667 2831 2724 ratio-

468 2810 654 2866 Omne
682 2808 842 2865 enim
869 2820 1086 2877 corpus
1115 2806 1364 2863 mixtum
1421 2806 1793 2864 harmoniam
1841 2807 2018 2864 habet
2044 2811 2104 2863 et
2151 2806 2663 2878 complexionem
2716 2820 2831 2865 nec

397 2877 711 2935 harmonia
733 2883 929 2949 potest
956 2891 1190 2935 movere
1218 2889 1436 2946 corpus
1461 2884 1564 2933 aut
1591 2890 1795 2948 regere
1825 2877 2022 2948 ipsum
2066 2877 2160 2956 vel
2214 2891 2543 2949 repugnare
2596 2877 2830 2948 passio·

397 2948 577 3005 nibus
605 2948 761 3005 sicut
787 2951 847 3005 et
874 2948 1241 3017 complexim
1288 2947 1618 3004 intenditur
1646 2948 1823 3004 etiam
1868 2954 1926 3004 et
1969 2947 2306 3017 remittitur,
2361 2947 2519 3005 sicut
2562 2953 2621 3004 et
2666 2961 2830 3007 com-

394 3016 613 3098 plexio.
645 3020 726 3074 Ex
754 3017 973 3089 quibus
997 3017 1282 3097 ,omnibus
1315 3016 1661 3075 ostenditur
1709 3015 1869 3089 quod
1926 3017 2127 3074 anima
2176 3029 2300 3074 non
2351 3018 2434 3075 sit
2486 3018 2825 3089 harmonia,

398 3093 560 3146 sicut
582 3101 689 3144 nec
720 3088 1073 3157 complexio.

466 3158 681 3237 ᾼάὴαο,
740 3158 891 3215 ratio
947 3158 1271 3215 harmoniae
1332 3158 1527 3230 magis
1570 3157 1850 3238 convenit
1893 3158 2284 3231 qualitatibus
2338 3158 2604 3229 corporis
2636 3171 2825 3229 quam

396 3241 642 3297 animae;
675 3241 809 3286 nam
842 3228 1070 3285 sanitas
1091 3233 1183 3285 est
1203 3228 1473 3300 quiedam
1497 3228 1809 3286 harmonia
1832 3227 2171 3297 humorum,
2201 3228 2485 3286 fortitudo
2504 3241 2825 3287 nervorum

394 3303 455 3356 et
482 3299 735 3366 ossium,
767 3297 1144 3369 pulchritudo
1174 3299 1576 3355 membrorum
1605 3304 1665 3356 et
1690 3299 1984 3356 colorum.
2029 3301 2159 3356 Non
2195 3304 2393 3356 autem
2443 3301 2641 3371 potest
2667 3299 2826 3358 assi-

391 3371 564 3441 gnari
596 3369 858 3442 qualium
891 3368 1211 3449 harmonia·
1230 3369 1312 3450 sit
1338 3381 1558 3449 sensus
1588 3374 1691 3426 aut
1718 3368 2059 3428 intellectus
2086 3374 2146 3427 et
2170 3374 2385 3427 caetera
2414 3383 2546 3442 quae
2586 3368 2660 3426 ad
2690 3370 2823 3427 ani-

392 3452 552 3497 mam
577 3440 894 3510 pertinent.
925 3441 1055 3496 Non
1081 3444 1174 3496 est
1194 3445 1378 3510 igitur
1406 3453 1607 3496 anima
1636 3440 1970 3497 harmonia.

463 3512 737 3580 Amplius,
770 3509 1084 3567 harmonia
1108 3508 1327 3566 dicitur
1348 3508 1665 3579 dupliciter
1693 3527 1706 3566 :
1741 3522 1860 3567 uno
1884 3508 2084 3578 modo,
2115 3509 2248 3581 ipsa
2273 3509 2668 3581 compositio;
2697 3509 2827 3568 alio

393 3580 599 3649 mod0,
629 3580 782 3638 ratio
812 3579 1293 3650 compositionis.
1320 3579 1535 3660 Anima
1562 3584 1759 3637 autem
1786 3593 1908 3637 non
1941 3585 2034 3638 est
2059 3593 2191 3638 com
2238 3580 2441 3649 ositio,
2482 3581 2624 3653 quia
2651 3593 2825 3661 opor-

389 3654 542 3708 teret
568 3650 727 3723 quod
757 3663 1129 3724 unaquaeque
1150 3663 1289 3721 pars
1319 3663 1532 3707 animae
1562 3655 1724 3707 esset
1762 3650 2121 3721 compositio
2167 3664 2204 3708 a
2228 3651 2501 3724 iquarum
2556 3655 2819 3722 partium

390 3722 695 3792 corporis;
727 3720 886 3792 quod
915 3733 1037 3779 non
1066 3726 1159 3778 est
1184 3719 1306 3778 assi
1357 3733 1516 3777 nare.
1553 3719 1839 3777 Similiter
1867 3733 1987 3778 non
2031 3726 2125 3780 cst
2150 3721 2303 3779 ratio
2332 3720 2818 3792 compositioniS,

391 3791 554 3863 quia,
585 3804 770 3864 quum
796 3790 857 3849 in
880 3790 1133 3848 diversis
1163 3734 1432 3871 par-ugus
1461 3790 1732 3858 corporis
1760 3789 1886 3848 sint
1929 3791 2178 3849 diversae
2210 3792 2475 3850 rationes
2521 3804 2628 3850 seu
2679 3804 2820 3863 pro-

388 3863 699 3932 portiones
728 3860 1206 3942 compositionis,
1235 3860 1491 3931 singulae
1519 3865 1718 3929 partes
1746 3863 2018 3932 corporis
2046 3861 2332 3919 haberent
2362 3862 2640 3934 singulas
2687 3860 2822 3919 ani-

388 3942 554 4000 mas;
585 3932 763 3990 aliam
794 3945 954 3989 enim
983 3931 1243 3990 animam
1279 3930 1521 3989 liaberet
1549 3942 1621 3988 os
1651 3937 1711 3987 et
1736 3944 1875 3987 caro
1895 3937 1956 3987 et
1979 3944 2222 4001 nervus,
2249 3945 2432 4005 quum
2456 3931 2582 3990 sint
2608 3941 2820 3991 secun-

385 3998 531 4058 dum
559 3999 853 4060 diversam
883 4001 1326 4082 proportionem
1354 3999 1721 4072 composita;
1750 4000 1912 4078 quod
1937 4006 2100 4076 patet
2122 4015 2258 4062 esse
2289 4002 2529 4062 falsum.
2555 4005 2686 4063 Non
2724 4006 2821 4063 est

386 4068 573 4144 igitur
600 4074 801 4130 anima
829 4072 1165 4131 harmonia.
