3076 5025
445 281 540 340 ,02
1266 275 1503 334 ’“’”’Ῑ..ῙΒ.
1543 278 1588 345 1,
1629 278 1780 334 CAP.
1823 277 2006 334 Lvin.

472 400 693 482 aliquid
750 399 823 458 de
876 406 1030 458 actu.
1066 402 1212 457 Nam
1263 400 1690 457 conclusiones
1728 400 1787 455 in
1846 399 2156 470 principiis
2204 404 2345 466 sunt
2389 397 2454 455 in
2505 397 2798 470 potentia.
2828 401 2899 458 In

473 472 676 531 divino
722 477 918 528 autem
976 471 1276 528 intellectu
1310 471 1574 541 potentia
1627 471 1820 527 locum
1881 483 2003 527 non
2057 471 2254 535 habet,
2285 474 2351 527 ut
2389 482 2572 541 supra
2609 468 2767 541 (cap.
2817 469 2911 543 16)

470 549 787 602 ostensum
819 546 929 598 est.
962 544 1091 598 Non
1121 541 1414 613 estigitur
1442 540 1572 620 ejus
1602 540 1943 597 intellectus
1973 539 2368 598 discursivus.

541 614 817 683 Amplius,
853 612 911 669 in
944 612 1105 669 omni
1138 611 1390 668 scientia
1433 610 1767 668 discursiva
1794 616 2027 681 oportet
2080 610 2305 682 aliquid
2362 623 2498 667 esse
2553 616 2896 672 causatum.

472 685 616 741 Nam
651 682 944 763 principia
986 687 1129 739 sunt
1177 682 1620 753 quodammodo
1662 695 1847 739 causa
1875 680 2145 739 efficiens
2178 680 2616 748 conclusionis,
2648 681 2808 738 unde
2843 688 2902 740 et

470 754 904 813 demonstratio
946 753 1162 810 dicitur
1191 752 1581 824 syllogismus
1613 751 1839 809 faciens
1870 752 2045 809 scire.
2079 755 2144 808 ln
2175 751 2376 808 divina
2416 755 2614 807 autem
2643 752 2908 810 scientia

473 824 623 881 nihil
660 829 1011 895 potestesse
1043 829 1375 890 causatum,
1404 836 1538 879 cum
1589 822 1662 879 sit
1701 823 1825 893 ipse
1856 825 2033 890 DeuS,
2065 827 2132 879 ut
2160 835 2234 879 ex
2276 822 2696 893 superioribus
2717 891 2726 898 ,
2749 822 2902 896 (cap.

472 895 567 968 45)
602 900 775 965 patet.
804 894 906 950 Dei
934 893 1118 965 igitur
1136 892 1386 950 scientia
1417 906 1541 950 non
1567 898 1757 965 potest
1788 906 1923 951 esse
1943 892 2300 951 discursiva.

544 966 763 1032 Adhuc,
792 979 864 1022 ea
902 978 1034 1038 quae
1062 964 1411 1020 naturaliter
1438 970 1908 1035 cognoscuntur,
1941 963 2168 1036 absque
2217 961 2677 1021 ratiocinatione
2729 963 2908 1022 nobis

476 1041 618 1094 sunt
647 1043 807 1103 nota,
839 1036 996 1092 sicut
1024 1039 1178 1104 patet
1233 1035 1303 1091 de
1332 1034 1541 1105 primis
1589 1035 1921 1105 principiis
1950 1034 2064 1092 Sed
2124 1033 2183 1092 in
2216 1036 2333 1091 Deo
2373 1046 2494 1090 non
2526 1039 2726 1104 potest
2773 1047 2909 1092 esse

475 1106 741 1178 cognitio
769 1104 887 1163 nisi
917 1104 1227 1171 naturaliS,
1258 1106 1382 1161 imo
1425 1103 1544 1162 nisi
1588 1106 1949 1163 essentialis.
1982 1105 2102 1163 Sua
2143 1103 2302 1161 enim
2352 1106 2607 1162 scientia
2654 1110 2750 1162 est
2797 1118 2910 1162 sua

477 1177 759 1238 essentia,
792 1183 856 1232 ut
906 1189 1086 1247 supra
1114 1175 1264 1248 (cap.
1293 1175 1381 1247 45)
1414 1175 1725 1247 probatum
1779 1180 1888 1233 est.
1937 1175 2041 1233 Dei
2097 1175 2282 1249 igitur
2332 1175 2598 1247 cognitio
2646 1188 2772 1233 non
2815 1180 2912 1234 est

472 1246 910 1304 ratiocinativa.

544 1318 832 1380 betereo,
866 1330 1103 1375 omnem
1130 1321 1357 1374 motum
1387 1328 1638 1373 necesse
1667 1320 1760 1373 est
1799 1314 2003 1373 reduci
2035 1316 2098 1372 in
2125 1315 2384 1386 primum
2435 1328 2710 1384 movenS,
2742 1316 2906 1389 quod

476 1392 570 1445 est
618 1401 866 1444 movens
894 1392 1145 1450 tantum,
1179 1392 1234 1442 et
1286 1399 1405 1443 non
1453 1392 1702 1444 motum.
1734 1386 1883 1443 lllud
1913 1387 2097 1458 igitur
2141 1401 2177 1444 a
2213 1399 2333 1458 quo
2364 1391 2456 1443 est
2511 1388 2705 1457 prima
2732 1387 2907 1461 origo

474 1462 699 1526 motuS,
731 1463 823 1514 est
846 1458 1096 1515 omnino
1135 1470 1270 1514 esse
1300 1469 1549 1514 movens
1593 1464 1650 1513 et
1683 1470 1802 1513 non
1833 1464 2082 1514 motum.
2117 1458 2239 1514 Hoc
2281 1461 2477 1513 autem
2510 1464 2602 1513 est
2633 1457 2904 1516 intellec-

478 1533 575 1585 tus
604 1526 951 1596 divinu8,ut
993 1540 1175 1598 supra
1205 1525 1353 1599 (cap.
1386 1527 1474 1598 3¹)
1521 1532 1836 1585 ostensum
1887 1534 1997 1585 est.
2029 1529 2271 1597 oportet
2312 1527 2496 1608 igitur
2535 1528 2906 1585 intellectum

476 1596 743 1656 divinum
773 1598 1021 1655 omnino
1042 1611 1177 1654 esse
1206 1603 1541 1654 moventem
1573 1611 1693 1654 nori
1730 1603 1979 1655 motum.
2010 1597 2410 1655 Ratiocinatio
2437 1604 2635 1655 autem
2663 1603 2755 1679 est
2779 1598 2908 1671 qui·

472 1667 610 1725 dani
639 1674 840 1725 motus
861 1668 1199 1725 intellectus
1229 1667 1598 1725 transeuntis
1620 1668 1694 1725 ab
1727 1681 1847 1727 uno
1868 1668 1929 1725 in
1961 1668 2145 1727 aliud.
2175 1671 2308 1726 Non
2328 1674 2421 1727 est
2445 1669 2629 1742 igitur
2653 1669 2899 1728 divinus

474 1737 820 1797 intellectus
847 1737 1323 1795 ratiocinativus,

545 1809 700 1873 Rem,
773 1808 887 1866 uod
918 1814 1008 1866 est
1037 1822 1380 1880 supremum
1411 1808 1475 1865 in
1519 1808 1719 1876 nobiS,
1768 1813 1861 1866 cst
1908 1807 2163 1867 inferius
2211 1823 2283 1867 eo
2326 1809 2485 1882 quod
2523 1809 2586 1866 in
2618 1811 2746 1869 Deo
2789 1816 2901 1869 est.

472 1880 620 1938 Ram
651 1824 903 1959 inferius
926 1892 1047 1936 non
1076 1880 1313 1960 attingit
1334 1879 1462 1960 nisi⁸
1480 1878 1540 1935 in
1571 1880 1667 1937 sui
1697 1892 1935 1959 summo
1959 1897 1977 1933 ε
2002 1892 2347 1961 supremum
2368 1886 2568 1937 autern
2597 1879 2905 1962 innostra

471 1949 821 2022 cognitione
849 1953 941 2008 cst
968 1963 1091 2006 non
1118 1956 1288 2016 ratio,
1310 1949 1416 2007 sed
1446 1949 1784 2007 intellectus
1818 1963 1920 2021 qui
1959 1954 2051 2028 est
2081 1955 2333 2008 rationis
2360 1951 2554 2024 origo.
2589 1952 2695 2009 Dei
2722 1952 2906 2025 igitur

592 2020 745 2077 nitio
769 2033 891 2078 non
920 2024 1011 2077 est
1030 2020 1461 2088 ratiocinativa,
1490 2021 1594 2078 sed
1626 2019 2051 2078 intellectualis
2076 2026 2328 2079 tantum.

599 2092 821 2161 mplius,
852 2105 889 2148 a
917 2092 1040 2149 Deo
1067 2090 1267 2148 omnis
1297 2091 1563 2149 desectus
1593 2090 1988 2148 removendus
2040 2097 2152 2159 est,
2183 2105 2253 2149 eo
2285 2091 2443 2164 quod
2478 2092 2606 2162 ipse
2635 2097 2727 2150 est
2754 2092 2905 2150 sim·

472 2159 710 2243 pliciter
737 2161 1051 2232 perfectus,
1084 2167 1149 2218 ut
1189 2175 1370 2232 supra
1399 2161 1549 2234 (cap.
1577 2162 1671 2233 28)
1703 2167 2014 2218 ostensum
2045 2167 2154 2219 est.
2184 2161 2294 2219 Sed
2337 2177 2410 2220 ex
2447 2162 2903 2233 imperfectione

472 2231 898 2290 mtellectualis
928 2237 1155 2290 naturai
1188 2233 1460 2304 provenit
1487 2232 1902 2289 ratiocinativa
1926 2232 2214 2304 cognitio.
2244 2235 2391 2291 Nam
2420 2234 2576 2305 quod
2611 2248 2718 2304 per
2737 2234 2905 2292 aliud

476 2304 883 2373 cognoscitur,
911 2304 1113 2360 minus
1142 2308 1232 2361 est
1259 2310 1460 2359 notum
1484 2317 1557 2360 eo
1583 2301 1741 2374 quod
1769 2317 1875 2373 per
1893 2316 1958 2361 se
1980 2317 2051 2360 co
2140 2304 2388 2373 oscitur,
2410 2317 2519 2361 nec
2536 2305 2609 2362 ad
2631 2304 2716 2372 id,
2741 2305 2901 2377 quod

472 2386 580 2444 per
624 2373 783 2430 aliud
818 2379 909 2431 est
961 2378 1189 2440 notum,
1232 2381 1446 2430 natura
1472 2372 1897 2444 cognoscentis
1948 2376 2052 2430 sul'
2091 2375 2172 2431 cit
2224 2375 2357 2432 sine
2405 2389 2477 2432 eo
2509 2389 2613 2445 per
2643 2375 2810 2446 quod
2837 2375 2906 2433 flt

474 2446 803 2501 notum.1n
856 2445 1199 2517 cognitione
1242 2450 1439 2500 autem
1492 2443 1903 2501 ratiocinativa
1933 2443 1998 2499 fit
2054 2445 2280 2518 aliquid
2334 2450 2540 2503 notum
2576 2460 2683 2519 per
2712 2445 2898 2504 aliud.

475 2515 643 2583 Quod
675 2522 869 2573 autem
926 2515 1406 2572 intellectualiter
1447 2516 1854 2587 cognoscitur,
1883 2529 1986 2586 per
2031 2528 2098 2573 se
2125 2522 2217 2574 est
2245 2523 2472 2585 notum,
2506 2524 2564 2573 et
2593 2517 2670 2575 ad
2699 2518 2900 2589 ipsum

471 2586 958 2658 cognoscendum
987 2591 1196 2644 natura
1226 2599 1297 2643 co
1343 2586 1651 2643 noscentis
1667 2585 1895 2644 sufficit
1927 2586 2152 2658 absque
2173 2587 2446 2645 exteriori
2480 2588 2707 2657 medio,
2743 2588 2900 2645 unde

470 2655 855 2714 manifestum
881 2661 993 2727 est,
1020 2656 1183 2729 quod
1212 2655 1282 2713 de
1311 2663 1476 2715 ectus
1493 2657 1735 2730 quidam
1764 2655 2101 2715 intellectus
2129 2662 2222 2716 est
2245 2658 2649 2716 ratiocinatio.
2684 2659 2902 2719 Divina

466 2727 656 2800 ¹igitur
685 2726 938 2785 scientia
958 2739 1081 2785 non
1105 2732 1197 2785 est
1223 2728 1654 2786 ratiocinativa.

538 2798 761 2867 Adhuc,
789 2796 1015 2870 absque
1043 2798 1292 2855 rationis
1325 2798 1600 2856 discursu
1646 2797 2233 2868 comprehenduntur
2260 2812 2330 2855 ea
2358 2811 2613 2870 quorum
2647 2800 2890 2870 species

471 2868 701 2925 suntin
740 2874 1176 2940 cognoscente;
1207 2882 1327 2925 non
1372 2869 1528 2925 enim
1575 2869 1741 2926 visus
1784 2870 2064 2926 discurrit
2112 2870 2184 2927 ad
2218 2868 2471 2939 lapidem
2522 2882 2903 2939 cognoscen-

471 2937 635 3004 dum,
664 2937 837 2996 cu'us
888 2938 1218 2996 similitudo
1248 2939 1311 2994 in
1359 2940 1490 2997 visu
1540 2944 1654 2997 est.
1683 2940 1896 2996 Divina
1948 2945 2146 2997 autem
2194 2940 2460 2997 essentia
2502 2945 2594 2996 est
2622 2941 2904 2999 oninium

466 3005 722 3065 similitu
768 3021 825 3076 o,
846 3012 913 3064 ut
959 3021 1143 3078 supra
1169 3007 1320 3080 (cap.
1348 3010 1437 3080 54)
1463 3010 1775 3079 probatum
1829 3015 1939 3067 est.
1971 3013 2102 3067 Non
2147 3010 2332 3082 igitur
2371 3009 2638 3082 procedit
2665 3010 2741 3068 ad
2784 3011 2905 3070 ali-

472 3076 612 3149 quid
641 3077 1127 3147 cognoscendum
1154 3092 1260 3148 per
1287 3080 1537 3137 rationis
1567 3080 1929 3138 discursum.

541 3149 706 3203 Patet
726 3147 903 3205 etiam
930 3148 1154 3205 solutio
1184 3162 1389 3206 eorum
1438 3151 1538 3221 qui
1589 3150 1925 3208 discursum
1971 3150 2035 3207 in
2077 3149 2279 3208 diviua
2316 3149 2568 3209 scientia
2602 3150 2899 3210 inducere

470 3216 749 3274 videntur
776 3236 793 3274 ε
825 3224 951 3275 tum
981 3232 1053 3276 ex
1082 3220 1194 3276 hoc
1223 3220 1379 3301 quod
1413 3234 1519 3292 per
1547 3222 1868 3278 essentiam
1899 3234 2070 3279 suam
2097 3222 2220 3278 alia
2246 3220 2430 3289 novit,
2504 3221 2618 3278 uod
2642 3219 2902 3293 quidem

468 3293 784 3346 ostensum
824 3294 915 3346 est
958 3302 1078 3347 non
1128 3289 1257 3347 fieri
1305 3291 1660 3360 discursive,
1685 3306 1817 3350 cum
1849 3292 1980 3364 eJ'us
2008 3291 2274 3350 essentia
2304 3305 2371 3349 se
2403 3292 2480 3349 ba
2595 3298 2616 3348 t
2654 3292 2730 3349 ad
2775 3291 2907 3353 alia

465 3370 590 3416 non
623 3358 781 3416 sicut
805 3359 1161 3431 principium
1190 3361 1264 3418 ad
1286 3363 1732 3432 conclusioneS,
1764 3363 1866 3420 sed
1896 3364 2053 3421 sicut
2080 3364 2312 3433 species
2342 3362 2415 3420 ad
2445 3377 2543 3421 res
2573 3363 2860 3434 cognitas
2886 3382 2905 3421 ε

466 3432 590 3511 tum
636 3445 708 3486 ex
752 3429 867 3487 hoc
924 3429 1081 3502 quod
1130 3430 1558 3492 inconveniens
1589 3434 1737 3491 sorte
1768 3433 2071 3514 aliquibus
2099 3433 2396 3491 videretur
2421 3434 2476 3491 si
2525 3437 2686 3491 Deus
2715 3433 2910 3506 syllo-

467 3513 665 3573 gizare
696 3514 814 3582 non
845 3507 1068 3571 posset.
1104 3502 1289 3560 Habet
1313 3505 1469 3561 enim
1501 3504 1892 3577 syllogizandi
1917 3505 2230 3562 scientiam
2260 3509 2560 3578 tamquam
2581 3504 2904 3577 iudicane,

460 3574 530 3627 et
548 3583 671 3627 non
702 3585 791 3629 sic
816 3571 1227 3645 syllogizando
1243 3574 1609 3632 discurrens.

512 3640 692 3723 Jiuic
721 3648 919 3699 autem
947 3643 1175 3701 veritati
1216 3642 1551 3703 rationibus
1574 3645 1835 3717 probatae
1863 3645 2039 3702 etiam
2084 3658 2257 3704 sacra
2283 3645 2584 3715 scriptura
2613 3645 2909 3703 testimo·

464 3724 635 3768 mum
667 3713 954 3783 perhibet.
990 3714 1213 3772 Dicitur
1240 3716 1397 3773 enim
1431 3717 1598 3784 Heb„
1627 3729 1714 3783 iv,
1749 3720 1815 3774 ¹3
1842 3734 1856 3772 ε
1888 3716 2084 3773 Omnia
2099 3717 2254 3773 nuda
2275 3720 2329 3771 et
2351 3721 2546 3787 apa-ta
2572 3721 2707 3771 simi
2726 3716 2909 3774 aaut

458 3780 605 3851 dus.
630 3784 772 3851 Quae
795 3784 953 3841 enim
986 3784 1397 3844 ratiocinando
1427 3788 1676 3853 scimus,
1720 3800 1838 3844 non
1865 3793 2011 3845 sunt
2061 3786 2393 3847 secundum
2420 3800 2488 3845 se
2517 3786 2701 3846 nobis
2730 3784 2908 3848 nuda

458 3855 528 3909 et
552 3858 777 3926 aperta,
799 3854 907 3914 sed
924 3856 1156 3914 ratione
1180 3857 1530 3928 aperiuntur
1555 3863 1616 3915 et
1641 3856 1962 3919 nudantur.
1993 3861 2043 3935 (1
2066 3864 2248 3936 part..¹
2277 3872 2342 3935 q.
2363 3870 2499 3931 xiv,
2524 3867 2640 3921 art.
2669 3864 2760 3939 Ἰ.)

1418 4048 1675 4114 CAPUT
1721 4046 1932 4115 LVIII.

811 4206 965 4263 ouon
988 4209 1139 4260 nnus
1162 4209 1285 4258 nou
1312 4211 1642 4258 nvi-mair
1667 4210 2057 4259 couromno
2079 4212 2159 4258 m·
2179 4210 2532 4264 nummo.

524 4340 640 4399 Per
666 4341 880 4424 eadem,
903 4343 1079 4402 etiam
1108 4346 1343 4405 ostendi
1375 4354 1590 4419 potest,
1622 4348 1780 4421 quod
1815 4349 2155 4407 intellectus
2183 4348 2424 4407 divinus
2452 4361 2575 4407 nou
2602 4347 2914 4424 intelligit

452 4424 563 4491 per
586 4412 835 4473 modum
864 4415 1205 4478 intellectus
1231 4419 1651 4494 componentis
1675 4425 1736 4479 et
1758 4419 2105 4481 dividentis.
2135 4421 2458 4494 cognoscit
2474 4421 2639 4480 enim
2684 4422 2913 4486 omnin
