3076 5025
467 322 572 375 552
1315 314 1447 370 LIB.
1487 313 1578 379 IV,
1616 312 1769 368 CAP.
1806 312 2025 366 XXXIV.

470 443 600 511 lpse
629 442 822 494 autem
852 450 918 493 se
957 435 1102 493 dicit
1124 432 1363 492 venisse
1391 431 1453 489 in
1480 431 1769 489 mundum
1801 449 1816 488 ε
1844 433 2031 500 Exivi,
2057 430 2271 504 inquit,
2296 445 2334 485 a
2356 431 2540 498 Patre,
2587 433 2783 486 etveni
2821 432 2878 486 in

469 509 750 567 mundum.
783 508 1021 579 (Joann.‚
1042 518 1167 573 ΧΠ,
1196 505 1311 577 28.)
1338 503 1712 560 Manifestum
1742 508 1834 560 est
1875 502 2058 573 igitur
2103 499 2349 574 quodid
2377 500 2538 573 quod
2563 500 2755 558 Verbo
2783 502 2877 560 Dei

472 580 749 637 convenit
804 578 875 634 de
910 577 1152 633 homine
1183 574 1289 632 illo
1336 574 1550 631 dicitur
1583 588 1759 642 vere3
1794 586 1927 629 nam
1969 572 2127 644 quod
2176 570 2385 652 Verbo,
2418 570 2521 628 Dei
2574 571 2875 649 eonveniat

469 650 670 706 venire
699 649 757 704 in
791 647 1099 714 mundum,
1150 645 1462 702 manifeste
1509 643 1773 701 ostendit
1804 645 2066 700 ioannes
2119 641 2507 713 evangelista,
2537 640 2748 698 dicens
2783 643 2878 699 :In

469 720 670 776 mundo
698 723 831 780 erat,
881 722 932 772 et
956 715 1192 771 mundus
1210 731 1316 786 per·
1363 717 1546 784 ipsum
1576 716 1759 782 faetus
1791 717 1888 775 est,
1911 713 2220 794 et0m4undus
2248 727 2368 767 eum
2392 727 2501 767 non
2532 714 2799 780 οορηαυῑε.
2826 713 2882 770 In

463 783 1924 927 {tirelretinentia}taratara
1946 781 2882 936 srttasrsi’reftrstffffl·

538 932 688 986 Item.
720 928 1039 997 Apostolus
1062 925 1292 984 dicitad
1317 924 1612 993 Hebraeos,
1639 937 1702 992 x,
1732 929 1765 980 5
1798 942 1810 980 :
1842 924 2154 994 Inqrediens
2175 923 2438 978 mundum
2457 922 2594 978 decet
2614 938 2629 979 ε
2652 924 2887 981 Hostiam

472 1004 523 1058 et
549 999 868 1054 oblationem
918 998 1143 1052 noluisti
1160 1014 1177 1063 3
1234 1010 1426 1065 corpus
1453 1000 1630 1050 autem
1671 997 1879 1065 aptasti
1914 995 2071 1050 mihi.
2112 994 2458 1075 Ingrediens
2487 998 2691 1051 autem
2732 1006 2889 1051 mun·

475 1069 612 1127 dum
645 1069 895 1124 Verbum
926 1066 1027 1123 Dei
1058 1057 1168 1132 est,
1195 1072 1260 1122 ut
1288 1068 1595 1123 ostensum
1631 1071 1740 1122 est.
1773 1065 1890 1134 Ipsi
1939 1078 2082 1135 ergo
2113 1066 2215 1121 Det
2252 1063 2441 1121 Verbo
2479 1076 2705 1134 corpus
2734 1067 2886 1135 apta·

471 1144 587 1206 tur,
624 1143 684 1194 ut
709 1137 935 1194 scilicet
960 1137 1037 1194 sit
1074 1150 1177 1208 pro
1222 1136 1371 1193 rium
1401 1148 1619 1204 corpus
1649 1135 1818 1201 e'us;
1850 1134 2009 1207 quod
2031 1134 2146 1191 dici
2178 1145 2301 1192 non
2331 1138 2560 1215 posset,
2588 1132 2706 1192 nisi
2738 1138 2889 1196 esset

474 1209 678 1267 eadem
713 1208 1051 1288 hypostasis
1079 1209 1190 1263 Ver
1232 1205 1248 1262 i
1282 1206 1381 1262 Dei
1411 1211 1466 1262 et
1493 1205 1656 1263 illius
1726 1205 1964 1263 ominiS.
1995 1208 2235 1277 oportet
2260 1204 2446 1278 igitur
2469 1217 2607 1263 esse
2627 1203 2885 1263 eamdem

473 1279 841 1353 hypostasim
870 1278 966 1334 Dei
998 1276 1168 1335 Verbi
1198 1283 1255 1333 et
1282 1275 1447 1334 illius
1478 1275 1763 1334 hominis.

543 1349 817 1419 Amplius,
869 1348 1064 1428 omnis
1088 1346 1337 1404 mutatio
1385 1346 1490 1427 vel·
1503 1346 1706 1427 passio
1743 1346 2127 1428 conveniens·
2147 1345 2383 1472 corpori
2412 1344 2674 1404 alieu‘us
2703 1350 2891 1417 potest

479 1419 716 1478 attribui
750 1419 802 1474 ei
832 1432 1004 1490 cujus
1033 1423 1123 1474 est
1151 1430 1406 1487 corpus;
1439 1430 1490 1475 s1
1523 1430 1681 1474 emm
1714 1430 1819 1474 cor
1861 1430 1933 1474 us
1977 1419 2128 1474 Petri
2171 1429 2245 1474 vu
2276 1421 2534 1480 neretur,
2610 1416 2891 1489 agelletur

473 1497 576 1547 aut
604 1490 911 1557 moriatur,
940 1493 1138 1568 potest
1165 1487 1279 1544 dici
1307 1487 1465 1560 quod
1498 1489 1705 1544 Petrus
1734 1489 1807 1543 'vu
1840 1493 2095 1556 net-atur,
2131 1485 2468 1559 flagellatur
2492 1491 2598 1545 aut
2622 1487 2888 1545 moritur.

472 1559 583 1617 Sed
624 1573 842 1629 corpus
866 1558 1032 1617 illius
1058 1558 1325 1615 hominis
1374 1558 1480 1614 tuit
1517 1571 1738 1628 corpus
1782 1556 1953 1614 Verbi
1985 1558 2109 1626 Dei,
2155 1563 2217 1615 ut
2247 1561 2558 1615 ostensum
2589 1560 2703 1614 est.
2744 1558 2891 1629 Ergo

474 1630 671 1689 omnis
700 1629 900 1710 passio
951 1629 1171 1702 quaein
1204 1641 1450 1698 corpore
1488 1627 1651 1684 illius
1703 1627 1968 1686 hominis
2014 1627 2169 1686 facta
2197 1627 2307 1685 fuit
2337 1632 2534 1699 potest
2575 1626 2767 1686 Verbo
2795 1627 2894 1685 Dei

471 1701 736 1758 attribui.
769 1703 943 1757 Recte
999 1698 1183 1772 igitur
1231 1704 1426 1769 potest
1452 1697 1568 1755 diei
1620 1697 2057 1779 quodve-rhum
2116 1696 2221 1755 Dei
2250 1703 2309 1755 et
2353 1699 2512 1756 Deus
2535 1701 2628 1756 est
2653 1710 2887 1769 passus.

470 1769 815 1836 crucifixus,
849 1774 1119 1827 mortuus
1148 1774 1205 1826 et
1230 1782 1295 1826 se
1340 1768 1537 1836 ultus;
1572 1767 1734 1839 quod
1770 1782 1887 1839 lpst
1916 1767 2232 1840 negabant.

541 1843 695 1907 Item,
724 1840 1044 1910 Apostolus
1068 1838 1227 1907 dicit,
1252 1854 1287 1895 a
1357 1840 1651 1900 HebraeOS.
1683 1852 1749 1907 11,
1782 1843 1849 1896 10
1877 1857 1890 1895 :
1921 1838 2149 1894 Decebat
2176 1854 2316 1908 eum,
2337 1841 2567 1909 propter
2591 1853 2753 1909 quem
2792 1853 2892 1894 om-

470 1912 589 1976 nia,
621 1915 673 1964 et
696 1926 796 1979 per
820 1926 973 1980 quem
992 1912 1191 1977 omnia,
1218 1911 1317 1979 qm·
1340 1910 1534 1964 multos
1557 1909 1700 1979 tilios
1724 1910 1785 1963 in
1813 1909 2046 1977 oloriam
2072 1908 2382 1964 adduxerat
2406 1912 2681 1964 auctorem
2703 1907 2893 1966 mutis

473 1994 655 2035 eorum
677 1995 779 2048 per
805 1981 1112 2049 passionem
1153 1981 1533 2034 consummari.
1591 1982 1670 2036 Ex
1705 1992 1827 2050 quo
1863 1978 2117 2037 habetur
2142 1978 2303 2052 quod
2327 1978 2429 2036 ille
2454 1985 2695 2050 propter
2803 1990 2895 2037 em

471 2055 616 2107 sunt
647 2049 850 2106 omnia
890 2055 945 2105 et
975 2050 1076 2121 qui
1127 2048 1399 2106 homines
1431 2049 1490 2105 in
1521 2049 1773 2119 gloriam
1830 2048 2070 2106 adducit
2096 2054 2157 2106 ot
2191 2049 2294 2121 qui
2328 2054 2423 2106 est
2448 2054 2660 2106 auctor
2782 2048 2896 2108 ntis

473 2118 753 2177 humanae
783 2132 999 2189 passus
1040 2124 1133 2176 est
1170 2124 1228 2176 et
1267 2125 1559 2198 mortuus.
1590 2118 1701 2175 Sed
1751 2119 1876 2177 haec
1904 2126 2161 2191 quatuor
2189 2119 2574 2191 singulariter
2601 2123 2744 2177 sunt
2770 2118 2895 2189 Dei,

475 2193 534 2247 et
562 2189 708 2245 nulli
740 2189 840 2245 alii
891 2188 1292 2245 attribuuntur
1319 2206 1332 2254 ;
1364 2188 1579 2244 dicitur
1618 2188 1797 2253 enim,
1848 2191 2042 2258 Prov„
2086 2202 2215 2258 xv1,
2246 2194 2354 2246 14:
2393 2191 2662 2246 Universa
2676 2194 2901 2261 propter

470 2262 812 2328 semetipsum
839 2263 1089 2329 operatus
1117 2263 1195 2314 est
1231 2261 1489 2314 Dominus
1517 2276 1534 2323 ς
1564 2258 1708 2315 etde
1738 2258 1927 2317 Verbo
1956 2258 2058 2316 Dei
2088 2259 2305 2317 dicitur
2335 2277 2348 2315 ε
2377 2261 2577 2316 Omnia
2592 2276 2697 2330 per
2720 2262 2901 2331 ipsum

470 2330 626 2397 facta
646 2335 776 2386 sunt
796 2329 1033 2402 (Iouna,
1049 2342 1089 2394 1,
1104 2328 1180 2400 3);
1212 2334 1306 2384 et:
1332 2328 1579 2385 Gratiam
1603 2334 1656 2384 et
1676 2330 1907 2398 qloriam
1930 2329 2083 2386 dabit
2102 2333 2361 2385 Dominus
2381 2329 2631 2401 (Psalm,
2651 2342 2899 2397 Lxxxm,

474 2399 564 2471 12)
593 2418 606 2466 ;
638 2406 695 2456 et
731 2399 867 2455 alibi
900 2417 913 2455 :
944 2400 1107 2456 Salus
1136 2403 1312 2454 autem
1333 2399 1610 2468 justorum
1637 2416 1673 2453 a
1698 2402 1942 2455 Domino.
1967 2399 2190 2470 (Psalm.
2227 2412 2437 2469 xxxvl,
2483 2400 2598 2472 39.)
2627 2400 2901 2460 Manifes-

475 2473 601 2527 tum
636 2475 727 2527 est
743 2469 923 2542 igitur
949 2475 1107 2528 recte
1136 2469 1480 2538 dicineum,
1511 2469 1614 2527 Dei
1644 2469 1918 2533 Verbum,
1959 2483 2094 2527 esse
2122 2483 2367 2540 passum
2398 2476 2456 2526 et
2483 2476 2809 2528 mortuum.

546 2543 829 2603 Praeterea,
869 2540 1006 2597 licet
1029 2540 1242 2611 aliquis
1272 2540 1450 2595 bomo
1500 2540 1950 2610 participatione.
1980 2538 2159 2596 divini
2193 2539 2440 2597 dominii
2468 2539 2753 2599 dominus
2783 2540 2905 2601 diei

473 2612 688 2683 possit,
708 2611 1309 2667 nullushomotamen
1334 2623 1522 2681 neque
1534 2615 1801 2666 creatura
1814 2608 2013 2681 aliqua
2026 2609 2339 2680 potestdici
2359 2610 2650 2669 Dominus
2705 2611 2903 2683 loriae3

474 2681 618 2752 quia
643 2681 893 2750 gloriam
929 2681 1137 2736 l'uturae
1167 2678 1552 2736 beatitudiuis
1587 2680 1756 2737 solus
1787 2682 1943 2737 Deus
1966 2694 2039 2737 ex
2066 2683 2277 2738 natura
2303 2679 2593 2751 possidet,
2627 2696 2663 2739 a
2688 2681 2727 2738 ii
2759 2693 2903 2741 veto

471 2763 580 2824 per
607 2750 826 2806 donum
863 2749 1103 2822 gratiae3
1132 2749 1287 2806 unde
1315 2753 1372 2805 et
1414 2749 1647 2818 dieitur,
1677 2750 1834 2807 Psal.
1876 2762 2023 2808 xxm
2072 2754 2140 2808 to
2170 2753 2467 2808 :Dominus
2491 2754 2766 2808 virtutum
2788 2755 2904 2824 {pn

475 2825 554 2877 est
579 2823 695 2876 Rem
722 2821 927 2888 qloriae.
960 2820 1069 2877 Sed
1113 2820 1429 2891 Apostolus
1465 2819 1608 2876 dicit
1641 2820 1956 2877 Dominum
1987 2792 2195 2892 gioriae
2239 2834 2373 2880 esse
2405 2820 2755 2880 crucifixum
2798 2822 2905 2882 τῆ

472 2892 616 2948 enim
643 2906 701 2945 co
739 2892 1027 2953 novissent.
1051 2905 1332 2959 nunquam
1351 2893 1644 2946 Dominum
1670 2892 1857 2959 οἶοι-ἑκ
1881 2892 2293 2962 crucifixissent.
2316 2891 2368 2964 (1
2388 2891 2535 2961 Gor„
2561 2905 2631 2963 11,
2657 2892 2736 2966 8.)
2756 2894 2905 2953 Vere

471 2959 659 3034 igitur
687 2906 797 3017 d9ici
829 2964 1025 3031 potest
1053 2959 1210 3032 quod
1241 2962 1398 3017 Deus
1418 2960 1494 3017 sit
1520 2959 1859 3039 crucifixus.

545 3031 762 3091 Adhuc.
793 3031 1042 3086 Verbum
1098 3029 1198 3087 Dei
1248 3029 1459 3087 dicitur
1489 3029 1590 3087 Dei
1644 3033 1826 3087 Filius
1861 3044 1981 3111 ,per
2005 3037 2300 3111 naturam,
2329 3035 2396 3089 ut
2422 3046 2498 3089 ex
2535 3032 2905 3104 supradietis

498 3114 549 3158 c.
592 3106 642 3156 lt
682 3106 738 3156 et
768 3101 855 3172 14)
897 3105 1050 3170 patet
1078 3118 1092 3168 ;
1125 3100 1305 3157 homo
1335 3106 1552 3162 autem,
1589 3108 1825 3171 propter
1856 3100 2348 3159 luhabitationem
2381 3102 2506 3172 Dei,
2553 3101 2779 3161 dicitur
2802 3104 2907 3163 Dei

517 3169 631 3228 lius
663 3185 766 3241 per
815 3171 1059 3251 gratiam
1110 3169 1464 3251 adoptionis.
1494 3170 1589 3228 Sic
1611 3170 1791 3243 igitur
1816 3170 1875 3228 in
1922 3171 2173 3230 Domino
2200 3174 2340 3229 iesu
2385 3171 2645 3241 Christo,
2682 3186 2909 3233 secun·

474 3241 612 3299 dum
643 3242 1008 3364 positionem
1056 3240 1415 3311 praed1ctam,
1463 3246 1555 3298 est
1589 3242 1855 3312 accipere
1903 3248 2217 3314 utrumque
2253 3241 2566 3301 filiationis
2611 3244 2904 3313 modum:

473 3324 610 3368 nam
690 3312 893 3368 erbum
926 3311 1269 3368 inhabitans
1295 3316 1386 3367 est
1412 3311 1510 3367 Dei
1546 3310 1727 3369 Filius
1752 3326 1855 3382 per
1884 3316 2176 3383 naturam,
2207 3312 2789 3373 homoinhabitatus
2817 3319 2911 3373 est

473 3381 574 3438 Dei
605 3380 767 3438 filius
796 3395 900 3453 per
932 3380 1175 3450 gratiam
1198 3381 1555 3452 adoptionis.
1587 3382 1749 3438 Unde
1770 3381 1951 3439 homo
1978 3382 2079 3440 ille
2108 3396 2225 3441 non
2252 3388 2448 3455 potest
2474 3383 2593 3441 dici
2622 3385 2909 3456 proprius

472 3452 562 3508 vel
609 3453 950 3521 unigenitus
1001 3451 1098 3508 Dei
1150 3451 1356 3519 Filius»,
1391 3452 1494 3508 sed
1526 3453 1720 3509 solum
1758 3454 1854 3509 Dei
1907 3452 2179 3523 Verbum,
2208 3454 2367 3526 quod
2397 3454 2731 3513 secundum
2768 3469 2912 3528 pro-

472 3522 781 3590 prietatem
836 3521 1159 3580 nativitatis
1205 3522 1587 3594 singulariter
1613 3536 1648 3579 a
1695 3525 1862 3580 Patre
1914 3522 2177 3596 genitum
2227 3529 2338 3582 est.
2366 3523 2651 3582 Attribuit
2703 3534 2910 3585 autem

472 3592 776 3661 Scriptura
807 3592 1041 3662 proprio
1072 3596 1130 3648 et
1158 3591 1462 3665 unigenito
1493 3593 1593 3649 Dei
1631 3592 1776 3650 Filio
1806 3593 2144 3664 passionem
2169 3600 2226 3651 et
2255 3600 2502 3651 mortem
2526 3612 2543 3661 ;
2568 3594 2717 3653 dicit
2743 3597 2910 3655 enim

470 3665 518 3719 A
559 3663 791 3719 oslolus
824 3680 837 3718 :
868 3664 1098 3732 Proprio
1123 3664 1262 3718 Filio
1316 3678 1409 3717 suo
1438 3678 1545 3717 non
1591 3666 1852 3733 pepercit,
1900 3663 1996 3719 sed
2040 3680 2143 3735 pro
2188 3665 2343 3721 nobis
2371 3665 2620 3721 omnibus
2667 3666 2913 3722 aad&

470 3732 515 3786 tl
537 3749 628 3785 um
654 3733 846 3799 mom..
879 3745 1010 3800 vm,
1037 3732 1125 3803 32)
1159 3750 1174 3801 3
1207 3737 1264 3790 et
1295 3750 1309 3789 ε
1334 3733 1425 3789 Sic
1456 3736 1590 3788 Deus
1619 3733 1815 3789 ditexit
1841 3734 2125 3798 mundum,
2153 3739 2217 3790 ut
2234 3736 2438 3791 Filium
2470 3750 2634 3792 summ
2655 3739 2917 3806 uniam-t-

471 3806 586 3857 tum
614 3801 788 3868 daret,
806 3804 867 3856 ut
893 3805 1064 3858 omnis
1088 3805 1185 3874 qui
1212 3803 1385 3859 cred-it
1406 3806 1465 3858 in
1491 3819 1611 3859 eum
1656 3820 1764 3859 non
1786 3809 1993 3874 pereat,
2037 3805 2132 3861 sed
2176 3806 2374 3861 habeat
2407 3807 2582 3861 vitam
2617 3812 2911 3864 aeternan.

473 3872 710 3944 (Joann.,
751 3885 839 3939 ιιι,
876 3872 986 3943 16.)
1029 3875 1092 3928 Et
1131 3874 1290 3943 quod
1324 3874 1585 3945 loquitur
1611 3873 1684 3931 de
1733 3875 2048 3932 traditione
2076 3874 2148 3933 ad
2198 3882 2470 3944 mortem,
2496 3882 2663 3946 patet
2694 3892 2814 3957 per
2854 3874 2915 3935 id

435 4006 438 4007 γ
471 3943 629 4069 guod
663 3943 867 3999 eadem
897 3942 1076 3999 verba
1120 3956 1300 4014 supra
1341 3944 1725 4015 praemiserat,
1765 3944 1837 4001 de
1868 3945 2015 4003 Filio
2043 3944 2307 4004 hominis
2333 3946 2625 4004 crucifixo
2651 3947 2913 4005 dicens:

513 4014 622 4067 icut
653 4015 855 4081 Moyses
883 4013 1148 4068 exaltavit
1173 4018 1469 4084 serpentem
1496 4017 1554 4069 in
1583 4015 1810 4083 deserto,
1827 4017 1908 4071 ita
1921 4021 2129 4087 oportet
2149 4017 2389 4072 exaltari
2408 4017 2612 4073 Filium
2644 4018 2911 4086 hominis,

469 4085 532 4136 ut
582 4085 752 4138 omnis
803 4085 900 4154 qui
960 4083 1132 4139 credit
1194 4085 1254 4138 in
1304 4087 1502 4154 ipsum,
1561 4101 1669 4141 non
1721 4090 1929 4166 pereat²
1978 4086 2076 4142 sed
2130 4087 2327 4143 habeat
2390 4088 2564 4142 vitam
2616 4094 2911 4144 aeternan-

473 4150 658 4222 ssbid..
712 4158 794 4219 ¹4,
832 4152 1380 4225 ¹5.)E1Apostolus
1424 4161 1671 4212 mortem
1719 4156 1929 4212 christi
1979 4156 2264 4214 indicium
2295 4155 2513 4214 divinae
2554 4156 2910 4216 dilectionis

473 4220 544 4277 ad
576 4224 862 4279 muudum
905 4237 1040 4281 esse
1093 4224 1370 4293 ostendit,
1423 4225 1628 4284 dicens
1660 4244 1673 4284 ε
1706 4225 2050 4284 Commendat
2087 4242 2242 4282 suam
2295 4228 2620 4283 charitatem
2647 4231 2805 4286 Deus
2850 4227 2909 4282 in

467 4290 638 4351 nobis,
671 4296 943 4360 quoniam,
964 4310 1132 4365 quum
1156 4294 1334 4350 adhuc
1357 4301 1657 4365 peccatores
1685 4312 1934 4364 essemus,
1962 4296 2253 4367 secundnm
2280 4301 2488 4367 tempus
2518 4298 2775 4356 Christus
2804 4308 2907 4367 pn

466 4360 620 4415 nobis
646 4368 888 4441 mortuus
916 4370 1012 4419 est.
1042 4366 1236 4437 (Rom,
1262 4378 1323 4432 v,
1347 4369 1399 4435 8,
1430 4365 1508 4439 9.)
1537 4368 1714 4425 Recte
1740 4367 1923 4439 igitur
1956 4366 2073 4426 dici
2097 4372 2298 4440 potest
2319 4367 2483 4440 quod
2508 4368 2773 4428 Verbum
2800 4364 2907 4424 nei

468 4431 627 4487 Deus
652 4438 728 4489 stt
755 4444 972 4503 passus
1001 4438 1062 4490 et
1084 4444 1379 4494 mortuus.
