3076 5025
451 276 551 328 190
1330 268 1465 322 ue.
1505 269 1577 335 Π,
1619 268 1771 322 cae.
1812 267 2013 321 mu.

1407 520 1660 583 CAPUT
1698 520 1904 583 val.

802 701 1028 747 CONTRA
1062 698 1359 744 Pomms
1395 697 1797 742 mum
1821 697 1899 741 m·
1923 697 2146 746 SBNSUH
2172 697 2312 740 ESSE
2349 696 2514 742 mnu.

520 865 626 924 His
654 867 851 921 autem
880 860 1278 933 propinquum
1311 860 1424 918 fuit
1455 861 1615 933 quod
1659 861 1901 933 quidam
1948 861 2327 932 antiquorum
2372 859 2878 931 pbilosophorum

448 935 816 995 intellectum
839 947 874 990 a
904 946 1089 990 sensu
1121 944 1242 988 non
1285 930 1521 988 differre
1551 931 1980 1004 opinabantur3
2030 931 2189 1005 quod
2218 930 2462 1005 quidem
2491 931 2877 1003 impossibile

522 1079 752 1133 Sensus
779 1072 937 1130 enim
970 1072 1029 1129 in
1061 1070 1343 1129 omnibus
1374 1071 1737 1129 animalibus
1762 1071 2081 1129 invenitur.
2110 1071 2241 1129 Alia
2269 1077 2463 1129 autem
2492 1071 2779 1130 animalia
2800 1071 2877 1129 ab

450 1146 697 1207 homine
745 1145 1112 1201 intellectum
1161 1156 1277 1199 non
1311 1143 1529 1200 habent
1555 1161 1569 1210 ;
1600 1142 1757 1214 quod
1788 1158 1858 1198 ex
1892 1143 2005 1198 hoc
2033 1148 2274 1212 apparet
2297 1142 2436 1215 quia
2467 1155 2588 1199 non
2621 1154 2880 1212 operan-

449 1222 547 1274 tur
586 1217 821 1272 diversa
858 1219 916 1271 et
956 1214 1251 1283 opposita,
1290 1212 1461 1285 quasi
1503 1213 1865 1269 intellectum
1915 1212 2210 1278 habentia,
2255 1213 2360 1269 sed
2402 1212 2561 1269 sicut
2588 1228 2623 1269 a
2667 1219 2886 1271 natura

450 1292 614 1345 mota
655 1285 728 1343 ad
759 1285 1179 1341 determinatas
1252 1283 1496 1341 uaedam
1530 1284 1909 1354 operationes
1950 1289 2007 1341 et
2046 1284 2375 1340 uniformes
2406 1283 2467 1339 in
2497 1283 2707 1339 eadem
2737 1297 2883 1353 spe-

448 1360 563 1483 fie,
610 1357 764 1413 sicut
791 1356 991 1412 omnis
1031 1354 1208 1411 hirun
1251 1367 1289 1411 o
1326 1353 1604 1410 similiter
1643 1353 1927 1411 nidificat.
1962 1354 2089 1411 Non
2132 1359 2225 1410 est
2270 1353 2452 1427 igitur
2494 1353 2652 1411 idem
2702 1353 2887 1410 intel-

476 1435 645 1484 ectus
675 1433 733 1483 et
761 1438 999 1482 sensus.

521 1498 739 1557 Adhuc,
770 1508 987 1551 sensus
1012 1507 1132 1551 non
1166 1499 1258 1551 est
1286 1493 1736 1565 cognoscitivus
1765 1492 1882 1572 nisi
1912 1492 2306 1564 singularium
2332 1511 2347 1561 ;
2378 1494 2694 1575 cognoscit
2715 1494 2885 1552 enim

453 1567 655 1627 omnis
687 1566 974 1623 sensitiva
1002 1565 1268 1635 potentia
1299 1578 1401 1634 per
1432 1565 1663 1634 species
1694 1563 2108 1631 individualeS,
2139 1578 2321 1636 quum
2352 1565 2597 1634 reclpiat
2641 1565 2887 1633 species

450 1651 647 1694 rerum
682 1636 742 1691 in
791 1636 1038 1705 organis
1089 1634 1519 1704 corporalibus,
1549 1634 1890 1690 Intellectus
1919 1640 2113 1690 autem
2148 1640 2238 1690 est
2266 1647 2336 1690 co
2383 1636 2713 1691 noscitivus
2745 1634 2883 1691 uni-

451 1706 800 1773 versalium,
833 1712 895 1761 ut
925 1720 1031 1775 per
1062 1705 1525 1774 experimentum
1560 1711 1734 1774 patet.
1782 1703 1986 1759 Differ-t
2016 1704 2195 1774 igitur
2222 1704 2343 1760 inte
2373 1705 2560 1761 lectus
2589 1719 2625 1761 a
2652 1718 2874 1762 sensu.

522 1778 801 1846 Amplius,
845 1788 919 1832 co
965 1775 1114 1831 nitio
1146 1788 1366 1832 sensus
1401 1788 1519 1837 nou
1556 1787 1621 1831 se
1661 1774 1925 1831 extendit
1952 1775 2070 1830 nisi
2100 1774 2173 1831 ad
2220 1775 2586 1843 corporalia;
2618 1775 2778 1847 quod
2806 1788 2889 1835 ex

452 1847 569 1904 hoc
603 1852 762 1917 patet
790 1860 867 1918 qu
980 1845 1297 1916 qualitates
1330 1845 1671 1911 sensibiles,
1705 1858 1837 1915 quae
1867 1849 2009 1900 sunt
2033 1843 2268 1915 propria
2294 1844 2524 1914 objecta
2559 1858 2883 1915 sensuum,

452 1929 576 1974 non
626 1920 768 1973 sunt
811 1915 926 1972 nisi
977 1916 1037 1971 in
1080 1915 1528 1985 corporalibus3
1566 1915 1697 1970 sine
1744 1915 1834 1971 eis
1875 1919 2069 1970 autem
2116 1927 2334 1971 sensus
2360 1914 2509 1972 nibil
2539 1916 2883 1986 cognoscit.

454 1987 801 2045 Intellectus
841 1991 1036 2043 autem
1081 1986 1395 2057 cognoscit
1436 1985 1855 2054 incorporalia,
1887 1984 2042 2040 sicut
2070 1985 2444 2053 sapientiam,
2472 1986 2783 2045 veritatem
2822 1990 2887 2043 et

453 2057 781 2114 relationes
813 2069 1029 2112 rerum.
1058 2056 1185 2112 Non
1216 2061 1307 2112 est
1336 2055 1517 2125 igitur
1547 2055 1699 2110 idem
1730 2053 2065 2110 intellectus
2094 2062 2151 2111 et
2179 2069 2416 2112 sensus,

522 2128 674 2189 Item,
707 2126 919 2183 Nullus
962 2138 1181 2184 sensus
1227 2125 1490 2195 seipsum
1535 2126 1848 2196 cognoscit
1887 2139 1994 2181 nec
2031 2138 2197 2181 suam
2231 2126 2675 2195 operationem;
2708 2127 2881 2184 visus

447 2198 612 2265 enim
643 2209 764 2254 non
790 2196 948 2252 videt
976 2196 1239 2266 seipsum
1273 2208 1382 2252 nec
1409 2196 1568 2253 videt
1597 2209 1661 2252 se
1691 2195 1925 2263 videre3
1958 2195 2061 2252 sed
2093 2195 2203 2252 boc
2238 2197 2564 2266 superioris
2596 2199 2882 2267 potentia

454 2273 567 2333 est,
603 2272 668 2323 ut
697 2266 979 2337 probatur
1009 2266 1068 2321 in
1099 2266 1366 2323 secundo
1391 2269 1469 2322 De
1497 2269 1683 2321 anima
1713 2264 1873 2333 (text.
1905 2279 2121 2321 comm.
2159 2268 2258 2322 136
2289 2272 2347 2322 et
2374 2265 2570 2339 infra).
2603 2268 2883 2324 Intellec-

452 2341 553 2393 tus
601 2342 795 2393 autem
838 2337 1151 2407 cognoscit
1192 2337 1458 2407 seipsum
1501 2343 1561 2393 et
1587 2335 1901 2408 cognoscit
1927 2349 1993 2393 se
2021 2336 2375 2409 intelligere.
2406 2339 2534 2394 Non
2563 2344 2655 2395 est
2691 2338 2886 2410 igitur

453 2406 609 2465 idem
636 2406 971 2463 intellectus
1001 2413 1057 2462 et
1082 2420 1320 2463 sensus..

522 2479 810 2542 Praeterea,
842 2490 1312 2535 sensuscorrum
1359 2475 1479 2533 itur
1506 2476 1581 2535 ab
1610 2477 1921 2535 excellenti
1962 2476 2258 2536 sensibili.
2290 2476 2633 2536 Intellectus
2668 2482 2885 2542 autem

454 2560 575 2604 non
631 2549 1030 2618 corrumpitur
1070 2548 1144 2604 ab
1194 2548 1313 2603 inte
1346 2547 1593 2618 ligibilis
1638 2549 2028 2616 excellentia3
2081 2548 2225 2621 quin
2270 2548 2393 2604 imo
2439 2550 2541 2620 qui
2590 2547 2889 2620 intelligit

451 2617 677 2688 majora
709 2623 904 2687 potest
927 2618 1142 2674 melius
1163 2618 1545 2687 postmodum
1566 2619 1800 2678 minora
1818 2619 2172 2692 intelligere.
2204 2620 2303 2676 Est
2327 2616 2512 2692 igitur
2538 2620 2658 2680 alia
2684 2618 2887 2677 virtus

451 2688 745 2748 sensitiva
765 2693 827 2745 et
851 2687 1235 2748 intellectiva.

1399 2908 1654 2972 CAPUT
1696 2907 1929 2973 LXVII.

621 3085 850 3133 (2on
882 3086 1182 3132 romnis
1216 3087 1616 3136 mmzmm
1648 3089 1992 3135 Fossatum
2026 3089 2169 3135 BSOE
2201 3088 2697 3137 mmmmm.

524 3248 673 3307 Huic
727 3253 924 3306 autem
968 3248 1238 3321 opinioni
1285 3249 1463 3308 affine
1501 3249 1614 3307 fuit
1659 3251 1817 3322 quod
1850 3251 2089 3324 quidam
2120 3258 2453 3324 posuerunt
2503 3250 2889 3311 intellectum

452 3319 803 3445 possitbillem
853 3333 980 3376 non
1019 3333 1155 3377 esse
1191 3321 1356 3378 aliud
1403 3334 1583 3394 quam
1628 3320 2161 3396 imaginationem;
2214 3323 2372 3394 quod
2418 3322 2657 3395 quidem
2717 3326 2892 3393 patet

454 3403 593 3449 esse
646 3404 680 3446 a
706 3402 863 3446 sum.

527 3459 880 3531 Imaginatio
909 3460 1066 3516 enim
1097 3465 1190 3517 est
1217 3461 1397 3518 etiam
1425 3460 1487 3518 in
1517 3462 1655 3518 aliis
1676 3461 2038 3519 animalibus
2062 3480 2077 3528 ;
2104 3461 2276 3534 cujus
2305 3462 2545 3535 signum
2572 3467 2663 3519 est
2692 3462 2882 3535 quod,

453 3527 815 3588 abeuntibus
862 3530 1272 3596 sensibilibus,
1319 3534 1343 3586 f
1425 3532 1556 3587 iunt
1598 3531 1686 3587 vel
1722 3538 2158 3604 persequuntur
2184 3547 2295 3600 ea;
2348 3533 2506 3603 quod
2540 3545 2658 3588 non
2693 3537 2885 3604 esset,

453 3600 574 3656 nisi
605 3601 663 3679 in
693 3600 782 3656 eis
811 3600 1164 3671 imaginaria
1193 3615 1370 3670 appre
1418 3603 1591 3657 ensio
1618 3602 1995 3658 sensibilium
2025 3607 2375 3658 remaneret.
2398 3602 2742 3659 Intellectus
2773 3617 2887 3660 au-

453 3675 573 3727 tem
618 3684 678 3726 in
711 3670 799 3727 eis
830 3683 951 3726 non
995 3676 1105 3738 est,
1145 3685 1324 3741 quum
1376 3671 1603 3726 nullum
1636 3684 1789 3740 opus
1818 3671 2155 3729 intellectus
2184 3673 2247 3728 in
2285 3673 2374 3729 eis
2406 3677 2710 3743 appareat.
2748 3674 2885 3729 Non

457 3747 547 3798 est
579 3741 761 3808 igitur
792 3740 946 3796 idem
977 3740 1315 3798 intellectus
1344 3747 1404 3797 et
1431 3742 1807 3813 imaginatio.

526 3810 742 3886 Adhuc.
764 3810 1112 3881 imaginatio
1139 3824 1260 3868 non
1290 3818 1382 3867 est
1409 3811 1524 3867 nisi
1541 3811 1936 3883 corporalium
1965 3817 2027 3868 et
2050 3811 2667 3886 singularium‚quum
2687 3812 2885 3882 phan-

456 3885 613 3936 tasia
641 3881 720 3936 sit
748 3889 943 3937 motus
974 3881 1164 3938 sactus
1193 3895 1228 3938 a
1256 3895 1437 3938 sensu
1470 3883 1796 3938 secundum
1832 3887 2047 3949 actum,
2082 3889 2139 3938 ut
2173 3884 2389 3940 dicitur
2416 3884 2480 3939 in
2510 3883 2782 3939 secundo
2806 3885 2882 3940 De

455 3952 647 4005 mima
675 3949 836 4021 (text.
869 3964 1086 4009 comm.
1124 3951 1266 4023 161).
1299 3951 1639 4009 Intellectus
1667 3959 1860 4009 autem
1882 3954 2310 4010 universalium
2324 3960 2383 4010 et
2405 3954 2875 4025 incorporalium

456 4025 571 4077 est.
601 4022 728 4076 Non
760 4027 854 4077 est
880 4022 1062 4093 igitur
1090 4021 1427 4079 intellectus
1459 4024 1771 4092 possibilis
1802 4022 2172 4092 imaginatio.
2896 4061 2911 4070 -

526 4089 802 4157 Amplius,
836 4091 1205 4162 impossibile
1237 4097 1328 4148 est
1361 4091 1514 4147 idem
1548 4106 1681 4149 esse
1713 4106 1957 4149 movens
1980 4099 2035 4147 et
2055 4097 2301 4148 motum.
2325 4091 2437 4150 Sed
2458 4093 2879 4163 phantasmata

456 4161 699 4214 movent
725 4159 1088 4217 intellectum
1135 4160 1504 4231 possibilem,
1555 4164 1713 4219 sicut
1758 4163 2068 4218 sensibilia
2110 4175 2377 4230 sensum,
2426 4170 2489 4221 ut
2524 4165 2881 4221 Aristoteles

455 4225 603 4307 <licit
635 4228 730 4298 (De
758 4232 961 4294 anima,
994 4245 1080 4295 ιιι,
1109 4236 1247 4287 text.
1274 4243 1496 4286 comm.
1538 4233 1650 4298 30).
1681 4231 2056 4302 Impossibile
2084 4237 2175 4288 est
2203 4234 2385 4304 igitur
2412 4233 2571 4304 quod
2603 4233 2684 4290 sit
2718 4235 2880 4292 idem

456 4297 801 4356 intellectus
830 4300 1139 4369 possibilis
1168 4308 1226 4357 et
1251 4301 1623 4373 imaginatiO.

530 4369 815 4432 Praecerca,
847 4370 1159 4440 probatum
1187 4377 1298 4438 est,
1329 4371 1394 4428 it·
1419 4371 1598 4429 tertio
1623 4374 1700 4428 De
1726 4373 1914 4426 anima
1941 4369 2104 4440 (text.
2143 4385 2359 4430 comm.
2390 4371 2470 4444 6),
2507 4372 2671 4444 quod
2700 4374 2883 4431 intel-
