3076 5025
1149 234 1290 322 LIBJ
1323 232 1406 338 11','
1437 266 1589 323 (ιιι).
1632 265 1718 322 cl.
2541 267 2648 321 257

1233 519 1492 584 CAPUT
1529 518 1629 583 CI.

368 695 570 744 mun
603 695 981 744 SUBSTANTOE
1019 695 1341 745 mmm:
1373 696 1673 744 mrum
1704 695 2058 745 cocmnouss
2098 697 2482 747 coenoscm'r

1215 784 1407 831 omA
1439 784 1640 832 sumt..

275 947 431 1016 Quia
451 959 596 1004 vero
619 945 961 1004 intellectus
987 945 1052 1003 in
1078 951 1215 1003 actu
1240 951 1334 1004 est
1356 945 1726 1005 intellectum
1753 946 1817 1004 in
1841 951 1975 1004 actu
2002 945 2162 1004 sicut
2178 959 2400 1007 sensus
2426 948 2489 1007 in
2513 955 2656 1010 actu

197 1023 297 1077 est
331 1016 620 1075 sensibile
649 1017 710 1073 in
747 1021 884 1075 actu
903 1015 1083 1090 (idem
1113 1021 1311 1073 autem
1343 1030 1464 1074 non
1492 1023 1692 1088 potest
1718 1015 1899 1074 simul
1950 1029 2086 1075 esse
2133 1017 2321 1074 multa
2364 1018 2429 1076 in
2466 1021 2654 1093 actu),

198 1086 584 1160 impossibile
611 1086 847 1144 videtur
871 1086 1030 1159 quod
1055 1086 1396 1146 intellectus
1431 1087 1785 1146 substantiae
1828 1092 2120 1158 separatae
2162 1087 2378 1145 habeat
2416 1091 2653 1161 species

197 1157 681 1231 intelligibilium
710 1156 997 1225 diversaS,
1029 1156 1188 1214 sicut
1210 1155 1547 1229 jam'supra
1575 1158 1797 1215 dictum
1829 1163 1940 1215 est.

276 1228 396 1287 Sed
439 1227 749 1286 sciendum
783 1227 1060 1300 estquod
1089 1239 1218 1285 non
1257 1240 1436 1285 omne
1478 1228 1627 1287 illud
1657 1235 1750 1287 est
1778 1226 2147 1285 intellectum
2198 1226 2264 1284 in
2306 1231 2437 1286 actu
2476 1229 2654 1290 cu’us

202 1298 447 1372 species
474 1296 872 1370 intelligibilis
901 1302 1155 1355 actuest
1184 1297 1248 1354 in
1277 1298 1623 1368 intellectu3
1656 1313 1838 1372 quum
1870 1298 2031 1356 enim
2051 1294 2405 1377 ‘substantia
2431 1300 2553 1356 inte
2579 1301 2657 1358 li-

203 1382 360 1443 gens
390 1368 472 1426 sit
498 1369 676 1425 etiam
704 1367 935 1435 volens,
965 1382 1035 1425 ac
1060 1382 1166 1439 per
1193 1369 1309 1425 hoc
1337 1368 1416 1426 sit
1444 1368 1688 1426 domina
1712 1369 1808 1426 sui
1835 1372 2026 1435 actus,
2045 1379 2110 1423 ιιι
2134 1372 2426 1437 potestate
2455 1370 2655 1440 ipsius

199 1445 320 1509 est,
347 1444 485 1510 post
531 1451 669 1496 uam
693 1437 867 1496 nabet
894 1438 1157 1510 speciem
1186 1438 1652 1511 intelliginilem‚
1673 1445 1738 1496 ut
1754 1454 1825 1496 ea
1847 1436 2456 1510 utaturintelligendo
2475 1446 2655 1511 actu:

201 1511 321 1578 vel,
351 1510 407 1568 si
436 1509 476 1566 h
558 1514 615 1565 et
636 1507 861 1580 plures,
892 1513 959 1566 ut
982 1513 1180 1566 utatur
1204 1522 1328 1566 una
1352 1509 1641 1580 ipsarum.
1673 1509 1836 1567 Unde
1864 1515 1924 1567 et
1943 1521 2015 1565 ea
2040 1520 2298 1588 quorum
2333 1509 2655 1571 scientiam

202 1581 524 1647 habemus,
554 1592 677 1636 non
704 1579 907 1636 omnia
933 1584 1069 1636 actu
1095 1578 1571 1638 consideramus.
1602 1580 1948 1639 Substantia
1972 1578 2160 1650 igitur
2203 1579 2655 1653 intellectualis,

205 1651 534 1730 perplures
562 1649 794 1730 species
825 1650 1547 1731 cognoscenS,utituruna
1575 1664 1754 1722 quam
1782 1651 1929 1719 vult,
1943 1663 2014 1706 ac
2042 1662 2149 1730 peis
2177 1648 2494 1730 hoc-simul
2514 1659 2656 1711 actu
2704 1710 2709 1715 .

203 1727 527 1794 cognoscit
553 1733 759 1777 omma
787 1733 919 1793 quae
946 1734 1054 1792 per
1082 1733 1262 1777 unam
1293 1732 1552 1791 speciem
1586 1721 1900 1794 cog-noscit
1928 1738 1944 1790 ς
1976 1731 2183 1777 omma
2208 1733 2369 1777 emm
2401 1728 2545 1779 sunt
2585 1728 2657 1782 ut

204 1804 395 1850 unum
427 1789 828 1870 intelligibile,
859 1790 924 1846 in
952 1795 1239 1863 quantum
1266 1797 1409 1848 sunt
1436 1805 1545 1861 per
1571 1805 1757 1849 unum
1803 1790 2067 1863 cognita,
2088 1789 2257 1870 ‚sicut
2285 1797 2345 1847 et
2382 1790 2655 1853 intellec-

203 1868 305 1921 tus
334 1866 546 1920 noster
589 1860 772 1919 simul
817 1861 1135 1932 cognoscit
1171 1860 1361 1918 multa
1401 1862 1476 1919 ad
1522 1862 1781 1919 invicem
1830 1858 2305 1940 composita-vel
2361 1861 2550 1921 relata
2585 1869 2661 1923 nt

204 1946 398 1991 unum
422 1929 745 2004 quoddam.
771 1932 852 1989 Ea
877 1945 1020 1989 vero
1049 1945 1182 2004 quae
1208 1945 1318 2002 per¹
1343 1931 1614 1991 diversas
1641 1932 1877 2004 species
1906 1936 2223 2004 cognoscit
2246 1942 2368 1990 non
2388 1946 2657 2006 cognos-

205 2003 290 2061 cit
311 2002 498 2062 simul
526 2019 542 2071 3
574 2009 635 2058 et
654 2002 811 2067 ideo,
841 2002 1000 2060 sicut
1025 2008 1119 2060 est
1146 2002 1486 2060 intellectus
1521 2016 1705 2072 unus,
1735 2003 1819 2061 ita
1860 2009 1952 2062 est
1979 2000 2348 2060 intellectum
2398 2002 2465 2061 in
2512 2012 2655 2064 actu

207 2087 420 2132 unum.
451 2075 555 2130 Est
580 2072 767 2154 igitur
787 2072 854 2129 in
881 2072 1188 2131 intellectu
1218 2073 1570 2131 substantiae
1599 2079 1887 2144 separatae
1915 2070 2187 2147 quaedam
2226 2070 2655 2146 intelligentia-

205 2158 343 2204 rum
371 2156 684 2202 successio
712 2161 729 2213 3
761 2149 1108 2200 nontamen
1137 2150 1339 2201 motus
1368 2145 1605 2216 proprie
1635 2144 1958 2217 loquendo,
1990 2154 2172 2217 quum
2204 2153 2328 2222 non
2367 2146 2658 2206 succedat

207 2221 384 2273 actus
409 2213 714 2286 potentiae,
744 2212 849 2272 sed
879 2219 1050 2294 actus
1078 2214 1258 2272 actui.
1281 2215 1624 2273 Intellectus
1645 2221 1844 2272 autem
1870 2215 2128 2276 divinus,
2152 2226 2295 2284 quia
2310 2226 2418 2284 per
2435 2230 2652 2286 unum,

205 2285 370 2358 quod
422 2289 517 2342 est
555 2297 668 2342 sua
708 2290 994 2352 essentia,
1024 2286 1231 2342 omnia
1269 2285 1604 2357 cognoscit,
1651 2291 1708 2342 et
1756 2298 1871 2343 sua:
1916 2286 2073 2344 actio
2104 2289 2197 2339 est
2221 2295 2335 2341 sua
2362 2287 2653 2354 essentie,

209 2354 420 2417 omnia
442 2354 625 2413 simul
658 2354 967 2434 intelligit;
993 2355 1153 2412 unde
1181 2355 1246 2411 in
1271 2355 1669 2427 intelligentia
1699 2355 1831 2426 ejus
1859 2369 1982 2413 non
2012 2352 2172 2414 cadit
2188 2352 2390 2424 aliqua
2408 2369 2654 2415 succes·

207 2426 326 2495 sic,
357 2424 466 2485 sed
494 2438 672 2482 suum
702 2425 1034 2495 intelligere
1085 2429 1177 2483 est
1230 2431 1423 2484 totum
1479 2425 1663 2483 simul
1715 2426 2074 2499 perfectum,
2133 2436 2493 2496 permanens
2531 2441 2657 2500 -per

203 2497 417 2557 omnia
441 2495 667 2557 saecula
693 2496 1051 2556 saeculomm
1069 2497 1276 2555 Amen.

2406 4519 2464 4569 1¹1
