3076 5025
318 296 455 353 xxn

824 292 1032 349 BERN.
1070 291 1310 347 MARIAE
1348 289 1440 344 DE
1479 287 1731 343 mlssssls
1772 286 2240 344 DISSERTATIO.

713 443 750 504 d
777 441 964 504 altius
990 441 1256 513 bonum,
1286 455 1481 517 quam
1503 437 1673 516 quod
1694 436 1960 515 experiri
1987 436 2056 497 in
2090 438 2384 514 praesenti
2409 438 2535 498 vita
2564 439 2761 516 possit

713 538 926 619 gilitas
954 558 1014 612 u,
1044 536 1459 613 hominesque
1488 554 1525 596 a
1560 557 1588 593 α
1618 532 2011 596 sensibilium
2047 533 2571 595 delectationibus
2601 555 2629 592 n
2679 553 2756 596 eo

713 636 759 696 ,d
779 635 1180 696 honestatem
1204 633 1641 711 perduc-untur
1660 652 1719 706 ι),
1754 630 1925 708 quod
1961 651 1991 688 c«
2021 647 2154 691 esse
2174 630 2296 691 alia
2325 629 2490 691 bona
2507 631 2604 690 his
2624 648 2761 693 sen·

713 731 927 794 ·tiora»
952 728 1243 792 noverint
1268 749 1288 805 ς
1324 748 1355 788 α
1378 745 1653 808 quorum
1685 733 1871 807 gustu
1892 727 2095 788 multo
2126 728 2376 788 suavius
2396 727 2509 806 qui
2532 735 2760 790 vacant

713 824 1266 907 contemplationis
1279 823 1639 899 virtutibuS,
1653 822 2051 885 delectantur
2066 843 2096 881 υ
2111 870 2125 885 .
2145 825 2281 885 Imo
2298 825 2492 885 etiam
2511 824 2761 886 «verior

713 942 743 988 o
769 945 803 984 n
837 922 1108 985 habetur
1136 941 1152 982 :
1190 943 1221 978 α
1250 921 1407 982 tunc
1434 920 1606 983 enim
1627 919 1835 980 solum
1864 937 2009 982 vere
2038 922 2241 982 Deum
2280 920 2755 1001 cognoscimus,

713 1037 819 1083 um
848 1036 981 1082 esse
1008 1017 1328 1081 credimus
1359 1035 1546 1096 supra
1574 1015 1639 1078 id
1670 1032 1885 1092 omne,
1918 1017 2089 1094 quod
2122 1018 2199 1077 de
2221 1019 2354 1078 Deo
2384 1015 2651 1096 cogitari
2677 1015 2759 1077 ab

713 1117 903 1180 ssibile
952 1121 1049 1180 est
1071 1136 1131 1191 ι),
1164 1130 1311 1178 cum
1341 1131 1490 1176 sane
1525 1133 1556 1172 α
1594 1114 1950 1175 naturalem
2000 1112 2277 1175 hominis
2325 1112 2760 1194 cognitionem

713 1213 907 1277 tantia
934 1212 1200 1276 excedat
1225 1231 1286 1274 n.
1316 1210 1479 1276 Hinc
1512 1231 1544 1269 α
1575 1211 1863 1273 firmatur
1887 1210 1954 1272 in
1982 1210 2241 1272 homine
2276 1210 2491 1288 opinio
2521 1234 2581 1280 n,
2614 1227 2760 1288 quae

713 1315 876 1375 iceat
919 1309 1234 1372 infinitam
1270 1308 1736 1371 excellentiam.
1759 1307 2021 1370 Accedit
2054 1330 2083 1365 ιι
2109 1307 2619 1386 praesumptionis
2657 1324 2757 1368 re-

713 1424 762 1470 ω
815 1411 915 1470 est
959 1410 1164 1469 mater
1211 1405 1458 1468 erroris.
1490 1407 1655 1466 Sunt
1700 1406 1874 1467 enim
1923 1405 2182 1483 quidam
2225 1410 2478 1468 tantum
2521 1405 2598 1468 de
2642 1422 2758 1468 suo

713 1508 1093 1578 esumentes,
1117 1507 1192 1565 ut
1208 1507 1414 1566 totam
1429 1507 1723 1564 naturam
1743 1501 2018 1564 divinam
2039 1519 2104 1564 se
2126 1506 2425 1581 reputent
2444 1519 2558 1565 suo
2578 1501 2734 1565 intel

713 1601 915 1664 metiri
939 1620 957 1663 z
981 1599 1370 1663 aestimantes
1390 1598 1635 1660 scilicet
1653 1603 1863 1659 totum
1893 1615 2026 1659 esse
2045 1616 2266 1661 verum
2291 1601 2461 1678 quod
2484 1599 2574 1663 eis
2593 1598 2761 1662 vide-

713 1716 822 1761 um
868 1697 1041 1776 quod
1087 1695 1176 1759 eis
1204 1711 1335 1758 non
1361 1695 1632 1756 videtur.
1665 1695 1748 1756 Ut
1796 1712 1969 1774 erg0‚
2004 1695 2083 1757 ab
2101 1695 2223 1759 hac
2263 1695 2758 1776 praesumptione

713 1797 920 1858 nimus
960 1794 1287 1869 liberatus,
1315 1791 1394 1854 ad
1424 1791 1777 1855 modestam
1805 1791 2086 1854 veritatis
2109 1792 2584 1871 inquisitionem
2613 1811 2754 1872 per-

713 1891 989 1953 issarium
1011 1910 1041 1947 ι)
1061 1888 1159 1950 vel
1179 1887 1561 1950 conveniens
1581 1892 1646 1949 et
1661 1887 1817 1950 utile
1835 1887 1954 1949 fuit
1980 1909 2010 1946 a
2030 1888 2272 1950 homini
2296 1889 2564 1969 proponi
2585 1907 2760 1968 quae-

716 2006 789 2050 us
817 2003 962 2066 quae
992 1985 1254 2048 omnino
1273 1983 1672 2045 intellectum
1698 1983 1836 2063 ejus
1861 1987 2317 2049 excederent».
2339 1986 2504 2060 Quid
2521 1990 2553 2050 ‘l
2574 1986 2754 2059 Quod

714 2083 1165 2147 bilissimarum
1194 2079 1498 2160 cognitio,
1527 2088 2121 2161 quantumcumque
2142 2084 2537 2162 imperfecta,
2566 2084 2757 2146 maxi-

713 2178 974 2242 :tionem
1022 2177 1251 2240 animae
1280 2176 1634 2254 confert·»;
1682 2177 1852 2241 unde
1886 2199 1917 2237 (ι
1946 2181 2232 2257 quamvis
2260 2198 2359 2256 ea,
2390 2199 2536 2261 quae
2568 2199 2757 2261 supra

715 2279 854 2350 unt,
884 2272 1046 2337 ratio
1086 2273 1367 2336 humana
1409 2274 1596 2351 plene
1640 2290 1869 2352 capere
1912 2293 2039 2338 non
2076 2277 2292 2355 possit,
2322 2283 2538 2342 tamen
2588 2278 2753 2341 mul-

713 2368 1075 2436 effectionis
1117 2368 1501 2451 acquiritur,
1552 2369 1602 2476 si
1651 2369 1877 2432 saltem
1926 2373 2150 2436 eadem
2196 2374 2756 2453 qualitercumque

713 2567 947 2647 aecipue
1001 2566 1392 2647 argumentis
1449 2564 1662 2629 nobile
1715 2566 2042 2645 ingenium
2088 2565 2351 2632 'rhomae
2405 2569 2652 2650 agebat,
2683 2575 2757 2631 ut

713 2663 893 2726 tbutis
921 2679 1268 2726 consonam
1295 2660 1607 2740 nobisque
1637 2663 1911 2726 maxime
1951 2664 2175 2725 utilem
2227 2667 2529 2728 suaderet
2577 2683 2755 2728 reve-

713 2776 807 2837 [ua
850 2773 1218 2837 supremum
1265 2759 1513 2819 Numen
1557 2758 1850 2821 veritates
1899 2759 2161 2837 divinas,
2194 2781 2338 2841 qum
2379 2781 2614 2826 nexum
2640 2780 2752 2825 ne·

713 2859 825 2917 aut
876 2855 1298 2916 sufficientem
1343 2872 1473 2916 non
1523 2855 1762 2918 habent
1818 2873 1965 2919 cum
2020 2858 2097 2920 iis
2147 2876 2289 2937 quae
2344 2860 2514 2922 facta
2561 2865 2711 2921 sunt
2732 2905 2753 2934 ,

740 2968 816 3012 ea
860 2966 1006 3028 quae
1072 2949 1239 3012 facta
1289 2958 1441 3011 sunt
1485 2952 1881 3016 innotescere
1927 2960 2214 3033 possunt,
2242 2956 2534 3030 voluerit,
2567 2956 2753 3017 sicuti

713 3064 978 3125 sponere
1020 3062 1094 3108 ac
1139 3046 1564 3111 manifestare.
1596 3051 1838 3112 Praesto
1884 3057 2034 3113 sunt
2078 3052 2268 3114 etiam
2322 3056 2388 3113 et
2446 3052 2751 3114 decentiae

729 3142 1026 3220 rationes,
1058 3147 1131 3205 ut
1154 3142 1377 3210 eadem
1409 3146 1615 3207 divina
1646 3146 1941 3209 revelatio
1971 3149 2050 3211 ad
2078 3165 2182 3211 eas
2208 3165 2463 3226 quoque
2494 3154 2752 3226 proten-

713 3241 894 3303 itates
919 3257 1065 3318 quae
1093 3241 1390 3303 humanae
1422 3242 1683 3304 rationis
1721 3242 2114 3321 inquisitioni
2158 3244 2385 3322 perviae
2427 3245 2748 3306 dicuntur.

713 3339 890 3401 sdem
933 3337 1078 3400 libri
1137 3339 1325 3418 primi
1372 3342 1774 3418 praecedente
1819 3340 2025 3418 capite
2073 3358 2208 3403 rem
2263 3338 2430 3403 hanc
2477 3341 2755 3404 illustrat

713 3455 752 3500 is
780 3437 1036 3499 Doctor.
1068 3435 1131 3498 Si
1159 3452 1437 3514 namque
1484 3437 1780 3498 veritates
1810 3435 1874 3496 id
1904 3453 2100 3516 genus
2125 3438 2402 3500 naturali
2445 3439 2756 3500 duntaxat

713 3533 969 3596 iirendae
991 3532 1459 3612 relinquuntur,
1489 3536 1865 3612 sequeretur
1882 3534 2053 3611 quod
2090 3555 2122 3591 α
2143 3534 2362 3612 paucis
2389 3533 2755 3597 hominibus

714 3648 754 3693 o
798 3625 1050 3694 inesset.
1079 3629 1348 3691 Plurimi
1375 3634 1635 3708 propter
1662 3630 2117 3708 complexionis
2146 3631 2694 3710 indispositionem
2716 3652 2745 3688 υ

713 3732 862 3788 sunt
888 3726 969 3788 ad
989 3725 1360 3789 sciendum:
1393 3726 1834 3805 impediuntur
1861 3728 1966 3790 alii
1994 3730 2416 3791 «necessitate
2445 3728 2537 3791 rei
2565 3727 2751 3788 fami·

713 3822 954 3884 ominus
977 3843 1012 3879 «
1040 3823 1173 3884 otio
1215 3823 1729 3902 contemplativae
1749 3824 2178 3903 inquisitionis
2203 3844 2235 3883 i>
2262 3824 2452 3902 potiri
2481 3828 2750 3903 queant,

713 3935 915 3980 imum
936 3919 1256 4000 fastigium
1293 3920 1592 3983 humanae
1632 3920 2010 4001 cognitionis
2047 3920 2429 4001 pertingant,
2472 3919 2587 3981 Dei
2624 3919 2744 3982 sci-

713 4030 829 4092 que
864 4014 1318 4078 attributorum
1356 4017 1673 4078 notitiam.
1705 4017 2024 4080 Laborant
2049 4016 2154 4078 alii
2189 4036 2220 4075 «ι
2245 4016 2577 4097 pigritia»,
2617 4034 2747 4095 quo

713 4126 924 4190 nagnos
943 4134 977 4169 ι)
1010 4129 1385 4177 assumere«
1414 4113 1661 4179 labores
1688 4115 1881 4177 studii
1911 4134 1972 4190 ι),
2004 4113 2140 4176 sine
2161 4112 2395 4192 quibus
2429 4135 2463 4170 «
2489 4115 2569 4177 ad
2589 4130 2749 4193 prae-

713 4207 788 4267 tis
803 4206 1280 4286 inquisitionem
1296 4213 1609 4289 perveniri
1629 4228 1757 4273 non
1779 4214 1986 4291 potest
2004 4231 2034 4267 n
2049 4208 2180 4271 ‚Vel
2199 4230 2235 4266 «
2250 4210 2387 4272 illi»
2416 4215 2744 4288 praeterea,

713 4301 889 4363 sdem
907 4304 1188 4368 veritatis
1202 4306 1634 4386 cognitionem
1652 4312 1762 4368 aut
1778 4306 2212 4368 inventionem
2233 4306 2663 4389 pertingerent
2682 4328 2742 4379 υ,

713 4414 918 4478 mgum
935 4405 1187 4479 tempus
1203 4426 1235 4463 υ
1260 4399 1323 4465 id
1346 4408 1858 4483 assequerentur,
1874 4408 2017 4466 tum
2040 4424 2071 4464 <t
2095 4410 2358 4483 propter
2376 4401 2745 4483 hujusmodi
