3076 5025
380 276 486 331 536
1277 270 1409 330 [ΑΒ.
1450 268 1541 336 lv,
1580 269 1733 325 CAP.
1770 268 1947 327 XXIV.

369 398 577 468 praetei·
598 394 663 450 id
687 392 1075 465 quodquidam
1091 391 1405 461 concedunt,
1435 388 1712 448 videlicet
1735 388 2019 460 Spiritum
2049 392 2324 447 sanctum
2345 400 2483 445 esse
2512 400 2550 444 a
2580 385 2728 444 Filio
2754 393 2815 445 et

376 464 676 540 profluere
705 463 779 521 ab
811 463 966 535 ipso.
987 461 1242 520 Verbum
1270 460 1433 518 enim
1474 458 1908 533 processionis,
1936 459 2093 517 inter
2125 459 2331 516 omnia
2362 471 2495 531 quae
2535 456 2611 514 ad
2635 457 2811 530 origi-

380 550 520 594 nem
558 533 875 607 pertinent,
897 533 1093 613 magis
1136 532 1439 589 invenitur
1465 544 1601 589 esse
1630 543 1950 588 commune
1976 547 1991 598 ;
2021 528 2312 602 quidquid
2341 529 2506 609 enim
2530 540 2811 608 quocum·

380 621 496 679 que
520 605 702 663 modo
723 609 818 662 est
834 603 910 661 ab
937 604 1139 675 aliquo
1166 602 1239 660 ab
1266 602 1401 674 ipso
1431 600 1751 673 procedere
1783 599 2072 669 dicimus;
2103 604 2181 668 et,
2212 600 2354 673 quia
2383 599 2585 656 divina
2602 598 2813 678 melius

378 690 488 749 per
515 675 865 735 communia
886 687 1065 746 quam
1092 687 1200 745 per
1251 671 1537 744 specialia
1575 669 1991 752 designantur,
2020 668 2267 727 verbum
2316 670 2728 751 processionis
2755 671 2815 727 in

382 746 621 819 origine
650 745 984 804 divinarum
1006 756 1402 817 personarum
1429 755 1689 800 maxime
1714 746 1806 800 est
1831 740 2277 799 attendendum.
2314 739 2497 808 Unde,
2529 753 2586 797 si
2616 752 2816 797 conce-

381 816 557 947 gsstur
585 816 747 889 quod
769 814 1034 943 t{pii-itus
1055 819 1304 872 sanctus
1337 813 1483 871 sita
1508 812 1661 871 Filio
1687 810 1783 870 vel
1819 810 2077 883 profluat
2121 811 2196 869 ab
2225 824 2321 882 eo,
2359 810 2637 884 sequitur
2664 809 2814 882 quod

452 901 621 1026 item}³
635 956 890 1015 habetur
911 955 977 1013 in
1006 953 1498 1014 determinatione
1522 952 1716 1026 quinti
1758 950 2048 1010 concilii:
2081 971 2113 1002 ιε
2255 951 2457 1009 uimur
2484 964 2594 1022 per
2623 951 2817 1010 omnia

383 1033 629 1088 sanctos
680 1031 886 1086 Patres
936 1031 995 1083 et
1043 1026 1321 1085 doctores
1371 1024 1672 1092 Ecclesiae,
1710 1022 2122 1091 Athanasium,
2150 1023 2218 1080 Hi
2246 1023 2461 1090 arium,
2508 1022 2809 1090 Basiliam,

383 1097 735 1171 Gregorium
795 1096 1166 1169 theologum,
1196 1094 1546 1167 Gregorium
1572 1097 1931 1167 Nyssenum,
1959 1092 2362 1162 Ambrosium,
2390 1093 2812 1164 Augustinum,

382 1169 800 1240 Theophilum,
826 1170 1118 1226 loannem
1146 1165 1895 1237 constantinopolitanum,
1910 1164 2216 1237 cyrillum,
2236 1167 2510 1244 Leonem,
2538 1161 2812 1230 Probum;

384 1245 447 1300 et
474 1238 846 1312 suscipimus
884 1238 1088 1296 omnia
1114 1251 1246 1310 quae
1277 1236 1349 1294 de
1377 1240 1541 1294 recta
1566 1234 1682 1316 fide
1712 1240 1771 1293 et
1792 1234 2173 1316 damnatione
2201 1235 2625 1314 haereticorum
2655 1247 2815 1304 expo-

386 1316 643 1370 suerunt
671 1331 726 1365 ».
755 1307 1134 1366 Manifestum
1164 1313 1362 1365 autem
1409 1321 1482 1364 ex
1509 1306 1717 1364 multis
1742 1305 2196 1380 auctoritatibus
2223 1309 2565 1377 Augustini,
2594 1309 2655 1361 et
2687 1318 2815 1376 prae-

386 1381 440 1440 ci
489 1395 563 1438 ue
603 1379 668 1437 in
715 1380 870 1438 libro
897 1382 974 1436 De
1009 1379 1278 1435 Trinitate
1303 1380 1361 1435 et
1384 1392 1549 1448 super
1580 1378 1861 1445 Joannem,
1894 1375 2055 1449 quod
2088 1376 2347 1457 Spiritus
2394 1380 2646 1434 sanctus
2689 1375 2816 1434 sita

384 1452 451 1511 Fi
479 1452 561 1509 io,
599 1451 842 1522 Oportet
866 1449 1050 1531 igitur
1078 1447 1325 1507 concedi
1354 1447 1513 1520 quod
1538 1446 1792 1518 Spiritus
1817 1453 2066 1507 sanctus
2093 1452 2177 1506 sit
2197 1460 2237 1506 a
2258 1446 2432 1506 Filio.

461 1523 585 1579 Hoc
624 1522 804 1579 etiam
834 1519 1209 1579 evidentibus
1237 1518 1576 1599 rationibus
1603 1522 1866 1600 apparet.
2182 1587 2196 1599 ·
2331 1588 2341 1599 ⁸
2390 1587 2402 1600 .
2457 1588 2469 1599 ·
2771 1588 2783 1598 ·

454 1594 526 1649 In
542 1591 724 1650 rebus
756 1591 940 1660 enim,
970 1595 1200 1649 remota
1225 1588 1516 1649 materiali
1569 1587 1975 1657 distinctione,
2005 1600 2140 1662 quae
2178 1600 2245 1645 in
2285 1587 2506 1646 divinis
2547 1601 2815 1660 personis

387 1661 590 1721 locum
618 1662 840 1720 habere
861 1675 983 1727 nou
1011 1665 1228 1733 potest,
1258 1673 1380 1718 non
1409 1659 1795 1717 inveniuntur
1831 1657 2030 1738 aliqua
2073 1657 2363 1731 distingui
2412 1657 2531 1717 nisi
2577 1672 2690 1740 per
2719 1658 2814 1716 ali·

387 1746 569 1805 quam
596 1731 1039 1805 oppositionem
1065 1749 1082 1799 ;
1112 1744 1244 1804 quae
1272 1730 1430 1788 enim
1459 1729 1687 1788 nullam
1734 1728 2172 1800 oppositionem
2198 1729 2415 1787 habent
2447 1728 2523 1788 ad
2570 1742 2814 1788 invicem

389 1803 574 1862 simul
605 1817 741 1862 esse
768 1808 1027 1875 possunt
1051 1802 1115 1858 in
1138 1801 1370 1870 eodem,
1399 1800 1560 1858 unde
1588 1814 1695 1871 per
1722 1799 2139 1880 fia-distinctio
2166 1800 2400 1858 causari
2433 1812 2558 1858 non
2587 1805 2813 1871 potest;

387 1872 593 1932 album
621 1874 782 1932 enim
812 1880 871 1931 et
899 1872 1287 1945 triangulare,
1322 1871 1460 1929 licet
1497 1871 1734 1929 diversa
1770 1874 1913 1941 sint,
1943 1870 2086 1943 quia
2136 1874 2337 1929 tamen
2364 1885 2486 1928 non
2519 1883 2817 1950 opponuu3

384 1947 486 2002 tur
535 1943 599 1999 in
630 1943 841 2002 eodem
871 1955 1008 2002 esse
1036 1943 1238 2001 contin
1288 1941 1351 1999 it.
1383 1942 1627 2013 Oportet
1676 1945 1875 1999 autem
1919 1954 2279 2014 supponere,
2310 1940 2648 2000 secundum
2692 1939 2815 1998 fidei

390 1986 1108 2095 catholicae-documenta,
1126 1955 1286 2092 quog
1302 2012 1571 2093 ,Spiritus
1596 2011 1803 2092 ali'ilio
1832 2010 2274 2094 distin-gnatum
2301 2012 2478 2092 aliter
2503 2012 2686 2093 enim,
2704 2023 2814 2093 hou

389 2088 553 2143 esset
580 2087 839 2153 trinitaS‚
870 2083 975 2141 sed
1000 2082 1259 2141 dualitas
1298 2096 1361 2140 iu
1402 2095 1702 2153 personis.
1732 2083 1975 2153 Oportet
2003 2088 2188 2156 igitur
2212 2081 2559 2154 hujusmodi
2588 2081 2815 2140 distinc-

389 2154 617 2212 tionem
658 2169 761 2226 per
789 2155 1053 2226 aliquam
1083 2152 1524 2234 oppositionem
1564 2151 1717 2210 fieri.
1746 2155 1879 2211 Non
1923 2158 2124 2211 autem
2167 2153 2549 2224 oppositione
2576 2151 2817 2210 affirma·

388 2224 575 2284 tionis
604 2228 663 2282 et
687 2224 1050 2298 negatiouiS‚
1081 2237 1222 2304 quia
1241 2223 1332 2282 sic
1350 2223 1801 2297 distinguuntur
1813 2223 2032 2281 entiaa
2055 2237 2177 2283 non
2198 2223 2441 2282 entibus
2462 2241 2479 2293 ;
2511 2236 2623 2300 nec
2648 2223 2814 2281 etiam

391 2296 779 2367 oppositione
803 2295 1157 2366 privationis
1184 2299 1245 2351 et
1270 2293 1533 2364 babituS,
1564 2294 1706 2366 quia
1733 2294 1822 2352 sic
1870 2294 2282 2366 distinguntur
2323 2294 2588 2366 perfecta
2614 2294 2689 2352 ab
2716 2294 2815 2351 im·

388 2365 708 2438 perrectis3
743 2379 937 2439 neque
968 2365 1147 2423 etiam
1174 2364 1556 2437 oppositione
1598 2362 2058 2434 contrarietatis,
2085 2366 2227 2438 quia
2253 2363 2344 2424 sic
2372 2364 2818 2446 distinguuntur

434 2449 526 2494 uae
563 2442 709 2494 suut
751 2436 1086 2495 secundum
1128 2435 1383 2495 formam
1420 2434 1697 2504 diversa3
1744 2448 1883 2493 nam
1924 2436 2338 2501 contrarietas,
2366 2441 2433 2494 ut
2479 2434 2813 2507 philosophi

390 2450 629 2575 gocent,
661 2511 753 2565 est
782 2505 1121 2566 differentia
1143 2505 1474 2566 secundum
1506 2504 1782 2576 formam,
1805 2520 1939 2579 quae
1966 2505 2208 2579 quidem
2237 2504 2579 2566 differentia
2607 2506 2816 2565 divinis

388 2578 672 2650 personis
697 2591 819 2637 non
849 2578 1148 2641 convenit,
1177 2590 1362 2650 quum
1407 2590 1613 2658 earum
1660 2577 1741 2635 sit
1787 2590 1909 2635 una
1935 2577 2146 2643 forma,
2178 2578 2338 2637 sicut
2373 2592 2496 2636 una
2538 2578 2814 2645 essentia,

391 2648 727 2707 secundum
757 2648 906 2707 illud
925 2646 1217 2719 Apostoli,
1249 2648 1321 2705 de
1369 2648 1519 2705 Filio
1559 2646 1851 2707 dicentis:
1882 2647 1989 2716 Qui
2029 2664 2199 2720 qtmm
2244 2650 2305 2705 in
2343 2651 2529 2717 foi-ina
2568 2651 2674 2705 Dei
2695 2651 2816 2705 esset

391 2718 581 2789 (Phih,
604 2732 671 2788 11,
702 2717 779 2792 6),
815 2718 1049 2777 scilicet
1072 2717 1287 2777 Patris.
1315 2717 1694 2799 Relinquitur
1740 2718 1925 2792 igitur
1971 2732 2154 2777 unam
2198 2731 2522 2792 personam
2563 2718 2813 2777 divinam

390 2788 467 2847 ab
495 2788 616 2847 alia
640 2801 763 2847 non
790 2788 1082 2862 distingui
1111 2788 1231 2847 nisi
1262 2789 1642 2860 oppositione
1671 2788 2022 2858 relationis;
2053 2790 2145 2849 sic
2181 2789 2343 2849 enim
2374 2790 2559 2848 Filius
2586 2803 2627 2848 a
2655 2791 2813 2848 Patre

389 2858 784 2940 distinguitur
808 2859 1139 2918 secuudum
1168 2859 1610 2930 oppositionem
1656 2858 1963 2917 relativam
1993 2861 2181 2931 patris
2223 2865 2284 2919 et
2324 2858 2454 2918 filii.
2484 2862 2622 2919 Non
2667 2859 2812 2919 euim

387 2942 452 2987 in
490 2929 710 2988 divinis
755 2930 1034 3001 personis
1081 2929 1203 2987 alia
1247 2930 1496 2988 relativa
1540 2929 1840 3002 oppositio
1878 2943 2017 2988 esse
2065 2935 2264 3002 potest
2313 2931 2436 2989 uisi
2489 2930 2813 2989 secundum

391 2999 721 3081 originem..
741 3002 890 3082 Nam
918 3000 1162 3058 relative
1191 3001 1466 3081 opposita
1489 2999 1586 3057 vel
1619 3012 1800 3072 super
1831 3000 2223 3082 quantitatem
2251 2972 2602 3071 fiindantur,
2632 3006 2701 3060 ut
2722 3000 2814 3059 du-

386 3070 554 3142 plum
576 3077 635 3128 et
665 3069 1000 3141 dimidium,
1020 3071 1113 3129 vel
1143 3083 1323 3142 super
1349 3075 1647 3130 actionem
1679 3075 1737 3129 et
1773 3083 2141 3143 passionem,
2170 3076 2237 3129 ut
2279 3070 2565 3130 domiuus
2593 3076 2658 3130 et
2701 3084 2813 3130 ser·

386 3154 521 3210 vus,
572 3153 822 3200 movens
850 3147 911 3199 et
937 3147 1187 3212 motum,
1213 3145 1382 3213 pater
1424 3146 1483 3199 et
1527 3140 1712 3199 filiuS.
1744 3143 1993 3205 Rursus,
2023 3141 2409 3201 relativorum
2456 3155 2592 3215 quae
2644 3153 2810 3214 super

385 3211 1157 3352 saumatam
1199 3211 1485 3354 aaut
1514 3210 2053 3355 iada-‘tzitta
2077 3212 2806 3355 iiiiiiitffltniiaffiffl’

385 3356 455 3411 ut
478 3351 658 3422 idem,
689 3352 847 3427 quod
878 3324 1179 3426 significat'
1205 3366 1394 3410 unum
1440 3353 1503 3411 in
1551 3325 1909 3422 substantia,
1944 3359 2003 3412 et
2037 3354 2288 3427 aequale,
2318 3353 2481 3427 quod
2518 3324 2807 3428 significat

387 3423 666 3480 nnumin
693 3423 1042 3505 quantitate,
1070 3429 1130 3481 et
1150 3422 1365 3493 simile,
1395 3422 1557 3495 quod
1600 3422 1904 3496 significat
1933 3438 2122 3484 unum
2148 3424 2213 3482 in
2259 3425 2569 3506 qualitate.
2598 3425 2808 3483 Divinae

386 3492 573 3565 igitur
594 3506 868 3564 personae
897 3492 1187 3575 distingui
1222 3506 1344 3552 uon
1368 3498 1626 3565 possunt
1645 3493 2042 3554 relationibus
2070 3494 2337 3554 fundatis
2363 3509 2549 3577 super
2571 3495 2804 3555 diversi-

372 3566 570 3645 tatem
597 3564 969 3638 quantitatis,
994 3578 1138 3637 quia
1164 3563 1254 3623 sic
1279 3563 1592 3623 tolleretur
1611 3565 1795 3625 trium
1820 3578 2215 3638 personarum
2239 3567 2591 3639 aequalitas;
2625 3579 2701 3624 ue
2741 3578 2803 3623 ue

383 3636 603 3715 iterum
628 3633 1022 3693 relationibus
1066 3648 1200 3708 quae
1235 3633 1564 3695 fundantur
1609 3648 1794 3707 super
1827 3648 2052 3707 unum;
2080 3635 2428 3708 hujusmodi
2467 3636 2630 3695 enim
2668 3650 2729 3695 re
2750 3649 2803 3692 a·

382 3706 584 3762 tiones
611 3703 1059 3764 distinctionem
1077 3718 1202 3764 non
1229 3710 1501 3775 causant,
1529 3705 1653 3765 imo
1682 3706 1878 3780 magis
1905 3706 1981 3765 ad
2008 3708 2486 3766 convenientiam
2515 3707 2798 3780 pertinere

383 3772 794 3856 inveniuntur,
817 3776 931 3835 etsi
950 3775 1101 3834 sorte
1125 3775 1326 3849 aliqua
1349 3789 1559 3835 eorum
1586 3776 2033 3836 distinctionem
2064 3791 2258 3850 praesu
2304 3784 2551 3850 ponant.
2580 3780 2651 3836 In
2672 3778 2806 3836 rela-

382 3844 655 3905 tionibus
677 3859 818 3905 vero
858 3846 1140 3906 omnibus
1179 3861 1363 3919 super
1406 3847 1705 3907 actionem
1742 3848 1837 3907 vel
1913 3848 2221 3908 assionem
2293 3848 2557 3920 undatiS,
2588 3860 2805 3919 semper

386 3916 641 3975 alterum
672 3921 853 3975 estut
896 3917 1229 3999 subjectum
1260 3922 1320 3975 et
1341 3917 1641 3991 inaequale
1667 3918 1851 3978 secun
1903 3932 2001 3977 um
2031 3919 2329 3989 virtutem,
2368 3920 2488 3979 nisi
2532 3918 2727 3978 solum
2750 3919 2801 3974 in

382 3985 779 4069 relationibus
807 3986 1080 4061 originis,
1109 3988 1174 4046 iu
1201 3987 1423 4070 quibus
1452 3989 1624 4071 pulla
1641 3989 1963 4048 minoratio
1988 3988 2358 4118 designatur,
2380 4003 2454 4049 eo
2473 3988 2636 4064 quod
2660 3989 2801 4070 iniie-

384 4060 552 4114 nitui·
578 4056 807 4139 aliquid
832 4058 1162 4139 producere
1188 4057 1307 4117 sibi
1338 4059 1538 4118 simile
1568 4064 1628 4118 et
1654 4060 1902 4133 aequale,
1933 4073 2118 4119 secun
2165 4074 2267 4119 um
2302 4065 2585 4120 naturam
2613 4064 2673 4118 et
2698 4071 2799 4117 vir·

378 4128 589 4206 tutem.
619 4127 994 4209 Relinquitur
1020 4130 1204 4211 igitur
1251 4129 1412 4203 quod
1458 4129 1991 4213 divinat-personae
2033 4131 2327 4213 distingui
2375 4144 2516 4212 non·
2551 4131 2797 4260 gossunt

378 4208 502 4254 nisi
529 4204 910 4278 oppositione
942 4198 1189 4258 relativa
1230 4198 1564 4259 secundum
1602 4214 1920 4274 originem.
1952 4203 2197 4274 Oportet
2224 4207 2431 4275 igitur,
2464 4215 2520 4261 si
2596 4206 2792 4274 piritus

381 4270 630 4324 sanctus
659 4281 696 4324 a
731 4268 882 4326 Filio
913 4267 1322 4343 distinguitur,
1353 4271 1515 4344 quod
1540 4271 1621 4330 sit
1647 4271 1723 4330 ab
1750 4283 1860 4342 θος
1892 4285 2020 4332 non
2061 4272 2224 4332 enim
2265 4277 2360 4331 est
2417 4271 2624 4331 dicere
2653 4267 2791 4344 quod

381 4335 685 4464 {tilgugisig
699 4338 978 4465 alffllilritu
1007 4345 1240 4413 sanct0,
1269 4355 1457 4416 quum
1483 4341 1740 4415 Spiritus
1765 4347 2017 4403 sauctus
2043 4343 2241 4418 magis
2263 4343 2398 4403 Filii
2418 4356 2558 4405 esse
2585 4341 2793 4404 dicatur
