3076 5025
366 269 468 325 {76
1261 261 1396 319 ΜΒ.
1436 262 1510 330 11,
1548 261 1703 318 GAP.
1741 260 1926 316 Lvni.

435 385 607 457 Quod
653 390 851 447 autem
906 391 971 444 ut
1017 384 1209 443 forma
1249 383 1493 456 propria
1528 381 1734 440 anima
1773 379 2009 453 corpori
2036 379 2313 452 {uniatuiz
2341 377 2432 436 sic
2472 375 2787 459 probatur,

364 457 516 519 illud
545 470 665 530 quo
694 455 921 529 aliquid
948 454 1014 514 tit
1035 455 1109 513 de
1129 454 1398 526 potentia
1422 458 1560 509 ente
1593 458 1729 510 actu
1757 465 1888 521 enS,
1928 454 2020 508 est
2059 450 2252 508 forma
2278 453 2339 505 et
2362 454 2534 529 actus
2561 460 2781 530 ipsius.

365 531 593 600 Corpus
622 534 818 586 autem
850 541 954 598 per
979 525 1238 584 animam
1269 522 1335 581 fit
1360 528 1494 581 actu
1526 535 1635 581 ens
1663 522 1735 580 do
1763 521 2029 602 potentia
2057 520 2366 601 existente.
2385 520 2589 575 Vivere
2618 530 2785 578 enim

366 604 460 657 est
487 612 624 656 esse
670 597 944 666 viventis,
973 609 1178 655 semen
1226 598 1425 653 autem
1486 599 1624 651 ante
1657 592 2083 650 animationem
2131 597 2224 649 est
2259 602 2466 670 vivens
2492 588 2694 647 solum
2719 588 2789 648 in

363 669 666 741 potentia;
696 681 802 740 per
853 667 1115 726 animam
1170 669 1367 724 autem
1415 662 1485 721 fit
1522 664 1730 723 vivens
1785 667 1941 721 actu.
1988 664 2091 719 Est
2127 661 2310 734 igitur
2349 672 2551 718 anima
2593 658 2793 718 soi-ma

365 753 439 798 co
513 740 638 797 oris
666 738 934 798 animati.

377 822 384 829 “
434 753 711 880 fipmpnus,
741 810 887 881 quia
910 813 1033 865 tam
1070 818 1207 865 esse
1234 818 1415 879 qnam
1443 804 1624 862 etiam
1660 803 1895 876 operari
1919 816 2042 862 non
2069 808 2162 862 est
2193 803 2391 862 solum
2436 804 2643 861 formae
2672 813 2788 859 nec

366 880 567 938 solum
613 879 895 946 materiae,
921 876 1028 936 sed
1073 875 1401 948 conjuncti,
1442 889 1581 933 esse
1605 879 1665 933 et
1714 888 1889 947 agere
1919 872 2607 955 duobus-attribuuntur,
2637 884 2789 953 quo-

365 964 497 1009 rum
531 963 713 1006 unum
747 962 812 1007 se
837 948 1014 1006 habet
1038 947 1116 1005 ad
1163 949 1412 1004 alterum
1444 947 1602 1004 sicut
1633 945 1825 1002 forma
1851 943 1927 1002 ad
1973 949 2304 1002 maternam.
2332 945 2598 1002 Dicimus
2623 953 2785 999 enim

366 1020 526 1093 quod
560 1020 741 1077 bomo
771 1024 863 1077 est
888 1030 1074 1076 sanus
1104 1030 1350 1089 corpore
1379 1022 1438 1073 et
1466 1016 1744 1084 sanitate,
1783 1020 1842 1072 et
1867 1013 2028 1087 quod
2056 1019 2148 1072 est
2192 1015 2393 1072 sciens
2434 1013 2689 1072 scientia
2730 1016 2792 1092 et

369 1091 590 1149 anima.
626 1091 890 1158 Quorum
942 1087 1194 1146 scientia
1219 1092 1311 1146 est
1365 1086 1561 1144 forma
1609 1086 1824 1144 animae
1854 1085 2123 1154 scientis,
2154 1090 2214 1142 et
2258 1085 2487 1143 sanitas
2516 1094 2792 1163 corporis

372 1161 530 1219 sani.
559 1160 761 1216 Vivere
808 1163 1028 1225 autem,
1073 1172 1142 1217 ac
1197 1157 1419 1216 sentire
1473 1156 1813 1217 attribuitur
1869 1155 2084 1236 animae
2133 1160 2191 1212 ct
2235 1156 2492 1236 corpori.
2525 1156 2795 1235 Dicimur

372 1232 530 1289 enim
551 1230 746 1287 vivere
774 1236 833 1286 et
860 1229 1083 1288 sentire
1110 1228 1311 1287 anima
1339 1232 1397 1284 et
1423 1241 1695 1298 corpore,
1718 1224 1823 1284 sed
1850 1239 2052 1306 anima
2077 1229 2277 1283 tamen
2299 1231 2458 1284 sicut
2493 1234 2793 1297 principio

366 1302 502 1359 vitae
532 1306 591 1357 et
618 1313 858 1359 sensus.
884 1303 983 1357 Est
1009 1299 1193 1371 igitur
1220 1298 1423 1356 anima
1459 1297 1653 1355 forma
1674 1309 1967 1377 corpori-s.
2672 1364 2685 1376 ,

438 1371 657 1433 Adhuc,
689 1370 1068 1428 similiterse
1096 1368 1275 1427 habet
1300 1373 1424 1426 tota
1467 1368 1669 1426 anima
1710 1372 1997 1425 sensitiva
2023 1365 2098 1425 ad
2124 1370 2313 1425 totum
2370 1379 2589 1437 corpus
2631 1368 2798 1423 sicut

367 1454 510 1513 pars
538 1441 612 1498 ad
641 1447 887 1512 partein.
929 1443 1073 1498 Pars
1120 1445 1318 1496 autem
1369 1438 1451 1494 ita
1473 1452 1542 1496 se
1571 1438 1750 1496 babet
1777 1435 1851 1495 ad
1891 1441 2139 1519 partem,
2169 1435 2330 1517 quod
2382 1443 2475 1494 est
2496 1437 2707 1503 forma,
2733 1439 2802 1492 et

370 1516 540 1569 actus
568 1510 717 1582 ejus.
738 1510 915 1568 Visus
944 1509 1104 1567 enim
1136 1514 1227 1568 est
1255 1509 1448 1566 forma
1466 1514 1525 1566 et
1545 1513 1716 1568 actus
1744 1507 1927 1567 oculi.
1955 1509 2143 1580 Igitur
2168 1519 2370 1567 amma
2396 1511 2490 1566 est
2515 1507 2711 1565 forma
2732 1509 2797 1565 et

371 1586 541 1640 actus
567 1580 857 1652 corporis.
889 1580 934 1652 (1
959 1583 1134 1651 part„
1165 1594 1225 1651 q.
1251 1582 1345 1647 76,
1374 1582 1485 1636 art.
1515 1577 1595 1651 1.)
2394 1587 2399 1593 ·

1316 1790 1571 1854 CAPUT
1630 1789 1837 1853 LVIII.

468 1970 622 2024 QUOD
665 1966 1006 2020 numum,
1048 1967 1358 2015 SENSITIVA
1393 1968 1469 2014 ΕΤ
1515 1967 1938 2016 INTELLECTIVA
1983 1966 2103 2014 NON
2155 1966 2303 2015 sum·
2354 1966 2417 2013 m
2469 1965 2699 2014 nomn

1378 2054 1524 2101 TRES
1560 2054 1785 2102 ANIHAE.

443 2213 645 2269 Potest
684 2213 880 2269 autem
909 2208 1209 2282 praedictis
1235 2208 1594 2278 rationibus»,
1621 2208 1951 2268 secundum
1984 2208 2330 2290 opinionem
2361 2208 2652 2277 Platonis,
2683 2211 2798 2269 ob·

371 2282 545 2351 viari,
592 2286 880 2354 quantum
937 2279 1012 2337 ad
1052 2286 1403 2361 praesentem
1454 2280 1848 2361 intentionem
1890 2284 2161 2360 pertinet.
2195 2280 2368 2361 Ponit
2407 2279 2569 2337 enim
2623 2279 2797 2341 Plato

374 2364 500 2409 non
530 2365 666 2410 esse
720 2349 988 2409 eamdem
1018 2350 1280 2409 animam
1308 2364 1369 2407 in
1405 2350 1584 2408 nobis
1629 2350 2071 2418 intellectivam,
2102 2350 2442 2408 nutritivam
2502 2355 2561 2407 et
2595 2352 2797 2410 sensi·

368 2422 573 2479 tivam.
624 2420 808 2490 Unde,
839 2420 952 2478 etsi
1005 2420 1206 2479 anima
1250 2420 1540 2478 sensitiva
1592 2421 1673 2478 sit
1726 2422 1919 2478 soi-ma
1969 2420 2261 2492 corporis,
2310 2433 2432 2479 non
2492 2421 2797 2491 oportebit

372 2499 617 2565 propter
645 2492 760 2551 boc
788 2490 985 2551 dicere
1012 2490 1173 2564 quod
1198 2490 1397 2565 aliqua
1451 2490 1876 2550 intellectualis
1901 2490 2237 2551 substantia
2282 2490 2474 2549 forma
2518 2491 2797 2564 corporis

370 2576 508 2621 esse
577 2564 750 2621 ossit.

450 2578 618 2703 ngd
648 2640 844 2692 autem
871 2633 988 2691 hoc
1016 2633 1098 2691 sit
1122 2631 1516 2705 impossibile,
1549 2632 1638 2691 sic
1665 2631 2098 2691 ostendendum
2127 2637 2238 2692 est.
2267 2633 2410 2702 Quae
2457 2632 2794 2694 attribuun-

370 2708 472 2760 tur
497 2705 675 2762 alicui
728 2704 917 2762 eidem
949 2702 1279 2762 secundum
1309 2703 1578 2762 diversas
1629 2702 1873 2772 formas,
1905 2704 2300 2774 praedicantur
2337 2703 2409 2761 de
2437 2716 2504 2761 se
2532 2703 2792 2764 invicem

368 2787 476 2845 per
503 2774 804 2832 accidens.
833 2774 1045 2831 Album
1089 2774 1249 2832 enim
1277 2772 1495 2832 dicitur
1543 2787 1677 2832 esse
1706 2774 2002 2832 musicum
2032 2788 2136 2845 pei·
2170 2773 2470 2841 accidens,
2509 2773 2653 2846 quia
2680 2776 2793 2834 So-

372 2844 519 2902 crati
551 2845 768 2902 accidit
796 2844 1009 2902 albedo
1037 2849 1096 2901 et
1121 2845 1371 2902 musica.
1399 2845 1460 2902 Si
1507 2845 1692 2917 igitur
1745 2844 1944 2903 anima
1986 2844 2364 2912 intellectiva,
2397 2845 2686 2904 sensitiva
2730 2850 2793 2902 et

371 2914 655 2972 nutritiva
695 2921 837 2972 sunt
877 2914 1124 2972 diversae
1159 2915 1407 2972 virtutes
1446 2922 1549 2972 aut
1592 2915 1794 2972 formae
1825 2916 1886 2972 in
1918 2914 2114 2983 nobiS,
2163 2929 2233 2973 ea
2276 2929 2408 2988 quae
2454 2915 2787 2975 secundum

372 2984 488 3042 has
523 2985 747 3042 formas
805 2984 982 3042 nobis
1009 2985 1374 3042 conveniunt
1421 2984 1495 3041 de
1541 2984 1795 3042 invicem
1826 2985 2305 3056 praedicabuntur
2338 2999 2444 3057 per
2487 2985 2786 3046 accidens.

370 3052 487 3112 Sed
516 3053 843 3112 secundum
872 3054 1130 3112 animam
1162 3054 1583 3112 intellectivam
1617 3054 1870 3113 dicimur
1898 3055 2194 3124 nominee,
2226 3055 2554 3114 secundum
2583 3056 2782 3114 sensi·

368 3124 492 3181 tiva
515 3125 818 3193 animalia,
844 3125 1170 3182 secundum
1218 3125 1560 3183 nutritivam
1593 3125 1867 3184 viventia.
1899 3125 2019 3183 Erit
2063 3125 2248 3198 igitur
2288 3127 2415 3184 baec
2439 3125 2787 3198 praedicatio

368 3207 477 3265 per
498 3196 776 3253 accidens
809 3212 823 3251 ε
857 3196 1044 3252 Homo
1073 3200 1167 3254 est
1191 3194 1434 3265 animal,
1459 3196 1554 3252 vel
1579 3195 1844 3253 :Animal
1871 3201 1964 3253 est
1988 3195 2207 3253 vivum.
2239 3198 2342 3255 Est
2367 3204 2562 3255 antem
2626 3210 2691 3255 er
2719 3209 2788 3255 se

368 3264 511 3321 talis
554 3264 914 3335 praedicatio.
951 3268 1093 3323 Nam
1147 3264 1351 3333 bomo,
1410 3266 1740 3324 secundum
1792 3266 1952 3338 quod
2008 3272 2099 3325 est
2151 3266 2352 3333 bomo,
2377 3267 2579 3324 anima
2649 3272 2786 3336 est;

370 3339 430 3392 et
453 3335 697 3414 animal,
728 3334 1057 3393 secundum
1086 3335 1247 3409 quod
1296 3340 1390 3393 est
1416 3336 1661 3405 animal,
1696 3335 1895 3393 vivum
1949 3341 2060 3394 est.
2092 3338 2195 3394 Est
2220 3337 2406 3409 igitur
2455 3336 2682 3411 aliquid
2710 3336 2789 3396 ab

372 3403 580 3461 eodem
606 3406 898 3475 principio
929 3405 1131 3474 bom0,
1165 3405 1387 3464 animal
1416 3414 1474 3463 et
1502 3407 1721 3464 vivum.

439 3475 497 3532 Si
527 3482 723 3532 autern
754 3474 984 3533 dicatur
1010 3476 1191 3548 quod,
1218 3477 1393 3534 etiam
1422 3477 1718 3548 praedictis
1748 3477 2064 3536 animabus
2080 3476 2334 3536 diversis
2362 3478 2787 3550 existentibuS,

370 3556 493 3624 non
523 3546 791 3626 sequitur
836 3545 1148 3617 praedictas
1177 3545 1631 3617 praedicationes
1665 3547 1789 3605 sore
1818 3562 1921 3620 per
1961 3547 2260 3617 accidens,
2285 3560 2358 3605 eo
2387 3548 2547 3621 quod
2573 3549 2792 3611 animae

367 3613 487 3696 illae
517 3615 587 3673 ad
620 3617 871 3673 invicem
899 3617 1167 3674 ordinem
1198 3617 1451 3687 babent;
1482 3618 1597 3675 boc
1648 3618 1861 3675 iterum
1893 3624 2247 3676 removetur.
2277 3621 2417 3676 Nam
2462 3619 2612 3677 ordo
2640 3633 2787 3679 sen-

370 3686 530 3743 sitivi
555 3686 627 3743 ad
661 3687 1085 3746 intellectivum
1122 3692 1181 3745 et
1210 3687 1473 3745 nutritivi
1504 3688 1575 3746 ad
1608 3688 1959 3747 sensitivum
1985 3693 2078 3747 est
2118 3689 2274 3747 sicut
2313 3689 2462 3747 ordo
2508 3691 2790 3760 potentiae

373 3755 448 3812 ad
473 3763 692 3814 actum.
725 3759 869 3814 Nam
902 3757 1329 3816 intellectivum
1358 3758 1648 3816 sensitivo
1690 3764 1746 3816 et
1787 3759 2138 3818 sensitivum
2171 3759 2453 3817 nutritivo
2480 3761 2789 3830 posterius

367 3828 699 3884 secundum
729 3828 1174 3900 generationem
1201 3835 1295 3886 est
1317 3847 1332 3898 ς
1353 3829 1520 3909 prius
1550 3829 1707 3886 enim
1739 3828 1799 3886 in
1829 3830 2213 3901 generatione
2241 3828 2307 3887 fit
2332 3830 2555 3887 animal
2600 3844 2790 3903 quam

368 3894 574 3954 homo.
603 3897 659 3955 Si
701 3897 883 3977 igitur
910 3899 1021 3966 iste
1077 3899 1225 3957 ordo
1254 3899 1395 3957 facit
1424 3899 1876 3970 praedicationes
1905 3914 2040 3959 esse
2093 3914 2198 3971 per
2225 3913 2313 3969 se,
2345 3900 2458 3958 boc
2496 3913 2617 3958 non
2674 3899 2795 3959 erit

367 3965 699 4024 secundum
729 3968 899 4026 illum
928 3968 1170 4026 modum
1196 3968 1427 4027 dicendi
1459 3984 1565 4041 pei·
1596 3984 1661 4028 se
1685 3971 1784 4043 qui
1820 3972 2106 4043 accipitur
2130 3970 2458 4029 secundum
2507 3973 2788 4042 t‘ormam,

369 4034 477 4115 sed
512 4037 842 4118 secundum
890 4040 1059 4097 illum
1109 4039 1213 4113 qui
1258 4039 1547 4111 accipitur
1587 4041 1912 4099 secundum
1966 4041 2270 4099 materiam
2319 4047 2379 4098 et
2426 4040 2790 4114 subJ‘ectum,

369 4110 531 4164 sicut
552 4106 765 4187 dicitur
794 4109 1142 4180 superficies
1170 4109 1452 4168 colorata.
1484 4112 1607 4169 Hoc
1629 4118 1825 4170 autem
1848 4115 1939 4170 est
1965 4111 2360 4183 impossibile,
2390 4112 2532 4184 quia
2574 4112 2637 4168 in
2666 4113 2789 4171 isto

369 4175 554 4234 modo
583 4176 815 4258 dicendi
846 4194 952 4252 per
975 4194 1063 4250 se,
1093 4181 1152 4238 id
1182 4180 1342 4253 quod
1370 4187 1463 4240 est
1490 4182 1735 4241 formale
1763 4182 2116 4255 praedicatur
2140 4197 2246 4255 per
2280 4196 2346 4241 se
2374 4182 2449 4239 de
2490 4182 2786 4253 subjecto,

367 4251 435 4304 ut
462 4260 600 4305 cum
632 4248 888 4307 dicimus
916 4268 931 4307 :
962 4251 1318 4323 superficies
1345 4257 1439 4310 est
1455 4252 1611 4322 alba,
1636 4254 1726 4311 vel
1752 4271 1766 4310 :
1795 4255 2090 4311 Numerus
2116 4258 2208 4311 est
2229 4268 2353 4326 par.
2383 4255 2447 4310 Et
2476 4253 2692 4311 iterum
2716 4253 2785 4310 in

370 4316 489 4375 hoc
516 4317 698 4375 modo
724 4315 959 4378 dicendi
1028 4337 1091 4380 er
1117 4336 1183 4381 se
1221 4321 1555 4395 subJ'ectum
1584 4323 1826 4395 ponitur
1852 4323 1912 4380 in
1957 4323 2306 4382 definitione
2335 4322 2661 4397 praedicati.
2694 4323 2787 4381 Si·

366 4394 470 4446 cut
520 4401 809 4450 numerus
863 4389 927 4449 in
978 4336 1322 4453 definitione
1361 4395 1548 4472 paris.
1581 4394 1667 4455 lbi
1720 4399 1920 4455 autem
1947 4409 1980 4453 ε
2035 4395 2334 4455 contrario
2376 4393 2613 4454 accidit.
2642 4394 2782 4455 Non
