<?xml version="1.0" encoding="UTF-8"?>
<!DOCTYPE html PUBLIC "-//W3C//DTD XHTML 1.0 Transitional//EN"
    "http://www.w3.org/TR/xhtml1/DTD/xhtml1-transitional.dtd">
<html xmlns="http://www.w3.org/1999/xhtml" xml:lang="en" lang="en">
 <head>
  <title>
</title>
<meta http-equiv="Content-Type" content="text/html;charset=utf-8" />
  <meta name='ocr-system' content='tesseract 3.04.00' />
  <meta name='ocr-capabilities' content='ocr_page ocr_carea ocr_par ocr_line ocrx_word'/>
</head>
<body>
  <div class='ocr_page' id='page_1' title='image "./deveritatecatho00rubegoog_0614.png"; bbox 0 0 3076 5025; ppageno 0'>
   <div class='ocr_carea' id='block_1_1' title="bbox 405 292 1944 359">
    <p class='ocr_par' dir='ltr' id='par_1_1' title="bbox 405 292 1944 359">
     <span class='ocr_line' id='line_1_1' title="bbox 405 292 1944 359; baseline -0.004 -7"><span class='ocrx_word' id='word_1_1' title='bbox 405 297 511 353; x_wconf 70' lang='lat'>582</span> <span class='ocrx_word' id='word_1_2' title='bbox 1310 292 1441 347; x_wconf 85' lang='lat' dir='ltr'><strong>LIB.</strong></span> <span class='ocrx_word' id='word_1_3' title='bbox 1483 293 1570 359; x_wconf 84' lang='lat' dir='ltr'>IV,</span> <span class='ocrx_word' id='word_1_4' title='bbox 1612 293 1763 347; x_wconf 81' lang='lat' dir='ltr'><strong>CAP.</strong></span> <span class='ocrx_word' id='word_1_5' title='bbox 1805 294 1944 347; x_wconf 86' lang='lat' dir='ltr'><strong>LIII.</strong></span> 
     </span>
    </p>
   </div>
   <div class='ocr_carea' id='block_1_2' title="bbox 402 412 2859 4497">
    <p class='ocr_par' dir='ltr' id='par_1_2' title="bbox 406 412 2846 553">
     <span class='ocr_line' id='line_1_2' title="bbox 477 412 2846 487; baseline -0.002 -14"><span class='ocrx_word' id='word_1_6' title='bbox 477 416 537 474; x_wconf 89' lang='lat' dir='ltr'>Si</span> <span class='ocrx_word' id='word_1_7' title='bbox 567 415 706 487; x_wconf 85' lang='lat' dir='ltr'>quis</span> <span class='ocrx_word' id='word_1_8' title='bbox 735 419 933 472; x_wconf 88' lang='lat' dir='ltr'>autem</span> <span class='ocrx_word' id='word_1_9' title='bbox 961 413 1116 472; x_wconf 82' lang='lat' dir='ltr'>dicat</span> <span class='ocrx_word' id='word_1_10' title='bbox 1136 413 1295 486; x_wconf 87' lang='lat' dir='ltr'>quod</span> <span class='ocrx_word' id='word_1_11' title='bbox 1325 418 1561 484; x_wconf 84' lang='lat' dir='ltr'>propter</span> <span class='ocrx_word' id='word_1_12' title='bbox 1589 413 1986 471; x_wconf 79' lang='lat' dir='ltr'>obedientiam</span> <span class='ocrx_word' id='word_1_13' title='bbox 2008 413 2195 470; x_wconf 86' lang='lat' dir='ltr'>Patris</span> <span class='ocrx_word' id='word_1_14' title='bbox 2224 412 2410 469; x_wconf 81' lang='lat' dir='ltr'>Filius</span> <span class='ocrx_word' id='word_1_15' title='bbox 2442 412 2547 468; x_wconf 86' lang='lat' dir='ltr'>Dei</span> <span class='ocrx_word' id='word_1_16' title='bbox 2574 416 2846 468; x_wconf 87' lang='lat' dir='ltr'>mortem</span> 
     </span>
     <span class='ocr_line' id='line_1_3' title="bbox 406 484 2601 553; baseline -0.004 -7"><span class='ocrx_word' id='word_1_17' title='bbox 406 486 710 553; x_wconf 78' lang='lat' dir='ltr'><strong>sustinuit,</strong></span> <span class='ocrx_word' id='word_1_18' title='bbox 737 484 854 542; x_wconf 90' lang='lat' dir='ltr'>hoc</span> <span class='ocrx_word' id='word_1_19' title='bbox 877 498 998 541; x_wconf 88' lang='lat' dir='ltr'>non</span> <span class='ocrx_word' id='word_1_20' title='bbox 1025 485 1260 541; x_wconf 82' lang='lat' dir='ltr'>videtur</span> <span class='ocrx_word' id='word_1_21' title='bbox 1292 484 1663 548; x_wconf 79' lang='lat' dir='ltr'>rationabile,</span> <span class='ocrx_word' id='word_1_22' title='bbox 2584 496 2601 509; x_wconf 63' lang='lat'>²</span> 
     </span>
    </p>

    <p class='ocr_par' dir='ltr' id='par_1_3' title="bbox 406 552 2856 908">
     <span class='ocr_line' id='line_1_4' title="bbox 480 552 2851 626; baseline -0.003 -12"><span class='ocrx_word' id='word_1_23' title='bbox 480 556 826 614; x_wconf 79' lang='lat' dir='ltr'>ohedientia</span> <span class='ocrx_word' id='word_1_24' title='bbox 853 555 1009 611; x_wconf 88' lang='lat' dir='ltr'>enim</span> <span class='ocrx_word' id='word_1_25' title='bbox 1042 554 1322 625; x_wconf 88' lang='lat' dir='ltr'>impletur</span> <span class='ocrx_word' id='word_1_26' title='bbox 1351 570 1454 625; x_wconf 85' lang='lat' dir='ltr'>per</span> <span class='ocrx_word' id='word_1_27' title='bbox 1481 554 1597 611; x_wconf 89' lang='lat' dir='ltr'>hoc</span> <span class='ocrx_word' id='word_1_28' title='bbox 1626 555 1785 626; x_wconf 83' lang='lat' dir='ltr'>quod</span> <span class='ocrx_word' id='word_1_29' title='bbox 1828 553 2114 612; x_wconf 88' lang='lat' dir='ltr'>obediens</span> <span class='ocrx_word' id='word_1_30' title='bbox 2144 567 2211 610; x_wconf 87' lang='lat' dir='ltr'>se</span> <span class='ocrx_word' id='word_1_31' title='bbox 2253 554 2593 609; x_wconf 74' lang='lat' dir='ltr'>conformat</span> <span class='ocrx_word' id='word_1_32' title='bbox 2623 552 2851 608; x_wconf 84' lang='lat' dir='ltr'>volun·</span> 
     </span>
     <span class='ocr_line' id='line_1_5' title="bbox 406 623 2853 698; baseline -0.003 -11"><span class='ocrx_word' id='word_1_33' title='bbox 406 628 510 687; x_wconf 85' lang='lat' dir='ltr'>tati</span> <span class='ocrx_word' id='word_1_34' title='bbox 548 625 962 698; x_wconf 79' lang='lat' dir='ltr'>praecipientis.</span> <span class='ocrx_word' id='word_1_35' title='bbox 1006 625 1294 682; x_wconf 80' lang='lat' dir='ltr'>Voluntas</span> <span class='ocrx_word' id='word_1_36' title='bbox 1339 629 1534 681; x_wconf 87' lang='lat' dir='ltr'>autem</span> <span class='ocrx_word' id='word_1_37' title='bbox 1582 625 1686 680; x_wconf 88' lang='lat' dir='ltr'>Dei</span> <span class='ocrx_word' id='word_1_38' title='bbox 1718 626 1906 681; x_wconf 86' lang='lat' dir='ltr'>Patris</span> <span class='ocrx_word' id='word_1_39' title='bbox 1951 623 2373 682; x_wconf 86' lang='lat' dir='ltr'>irrationabilis</span> <span class='ocrx_word' id='word_1_40' title='bbox 2408 636 2545 680; x_wconf 89' lang='lat' dir='ltr'>esse</span> <span class='ocrx_word' id='word_1_41' title='bbox 2574 636 2704 679; x_wconf 89' lang='lat' dir='ltr'>non</span> <span class='ocrx_word' id='word_1_42' title='bbox 2733 636 2853 694; x_wconf 89' lang='lat' dir='ltr'>po·</span> 
     </span>
     <span class='ocr_line' id='line_1_6' title="bbox 407 693 2854 769; baseline -0.004 -12"><span class='ocrx_word' id='word_1_43' title='bbox 407 703 543 757; x_wconf 87' lang='lat' dir='ltr'>test.</span> <span class='ocrx_word' id='word_1_44' title='bbox 576 697 634 753; x_wconf 90' lang='lat' dir='ltr'>Si</span> <span class='ocrx_word' id='word_1_45' title='bbox 682 697 861 769; x_wconf 86' lang='lat' dir='ltr'>igitur</span> <span class='ocrx_word' id='word_1_46' title='bbox 889 709 1011 752; x_wconf 91' lang='lat' dir='ltr'>non</span> <span class='ocrx_word' id='word_1_47' title='bbox 1043 696 1152 753; x_wconf 84' lang='lat' dir='ltr'>suit</span> <span class='ocrx_word' id='word_1_48' title='bbox 1188 696 1550 752; x_wconf 85' lang='lat' dir='ltr'>conveniens</span> <span class='ocrx_word' id='word_1_49' title='bbox 1590 698 1773 751; x_wconf 91' lang='lat' dir='ltr'>Deum</span> <span class='ocrx_word' id='word_1_50' title='bbox 1819 694 2119 752; x_wconf 87' lang='lat' dir='ltr'>hominem</span> <span class='ocrx_word' id='word_1_51' title='bbox 2151 694 2369 750; x_wconf 81' lang='lat' dir='ltr'>sactum</span> <span class='ocrx_word' id='word_1_52' title='bbox 2406 700 2669 750; x_wconf 88' lang='lat' dir='ltr'>mortem</span> <span class='ocrx_word' id='word_1_53' title='bbox 2698 693 2854 763; x_wconf 85' lang='lat' dir='ltr'>pati,</span> 
     </span>
     <span class='ocr_line' id='line_1_7' title="bbox 407 764 2856 842; baseline -0.002 -18"><span class='ocrx_word' id='word_1_54' title='bbox 407 768 549 842; x_wconf 84' lang='lat' dir='ltr'>quia</span> <span class='ocrx_word' id='word_1_55' title='bbox 574 779 740 824; x_wconf 90' lang='lat' dir='ltr'>mors</span> <span class='ocrx_word' id='word_1_56' title='bbox 781 766 1084 824; x_wconf 83' lang='lat' dir='ltr'>contraria</span> <span class='ocrx_word' id='word_1_57' title='bbox 1123 779 1261 824; x_wconf 86' lang='lat' dir='ltr'>esse</span> <span class='ocrx_word' id='word_1_58' title='bbox 1301 765 1532 822; x_wconf 74' lang='lat' dir='ltr'>videtur</span> <span class='ocrx_word' id='word_1_59' title='bbox 1561 765 1868 834; x_wconf 85' lang='lat' dir='ltr'>divinitati,</span> <span class='ocrx_word' id='word_1_60' title='bbox 1898 779 2032 837; x_wconf 83' lang='lat' dir='ltr'>quae</span> <span class='ocrx_word' id='word_1_61' title='bbox 2068 765 2187 821; x_wconf 85' lang='lat' dir='ltr'>vita</span> <span class='ocrx_word' id='word_1_62' title='bbox 2213 770 2323 833; x_wconf 89' lang='lat' dir='ltr'>est,</span> <span class='ocrx_word' id='word_1_63' title='bbox 2354 764 2538 836; x_wconf 83' lang='lat' dir='ltr'>hujus</span> <span class='ocrx_word' id='word_1_64' title='bbox 2570 764 2657 820; x_wconf 88' lang='lat' dir='ltr'>rei</span> <span class='ocrx_word' id='word_1_65' title='bbox 2691 764 2856 820; x_wconf 80' lang='lat' dir='ltr'>ratio</span> 
     </span>
     <span class='ocr_line' id='line_1_8' title="bbox 409 836 2379 908; baseline -0.005 -8"><span class='ocrx_word' id='word_1_66' title='bbox 409 853 482 901; x_wconf 76' lang='lat' dir='ltr'>ex</span> <span class='ocrx_word' id='word_1_67' title='bbox 513 837 849 896; x_wconf 82' lang='lat' dir='ltr'>obedientia</span> <span class='ocrx_word' id='word_1_68' title='bbox 875 836 949 894; x_wconf 90' lang='lat' dir='ltr'>ad</span> <span class='ocrx_word' id='word_1_69' title='bbox 978 839 1209 893; x_wconf 88' lang='lat' dir='ltr'>Patrem</span> <span class='ocrx_word' id='word_1_70' title='bbox 1240 836 1661 894; x_wconf 82' lang='lat' dir='ltr'>convenienter</span> <span class='ocrx_word' id='word_1_71' title='bbox 1685 836 1982 908; x_wconf 86' lang='lat' dir='ltr'>assignari</span> <span class='ocrx_word' id='word_1_72' title='bbox 2014 848 2129 893; x_wconf 90' lang='lat' dir='ltr'>non</span> <span class='ocrx_word' id='word_1_73' title='bbox 2161 839 2379 907; x_wconf 84' lang='lat' dir='ltr'>potest.</span> 
     </span>
    </p>

    <p class='ocr_par' dir='ltr' id='par_1_4' title="bbox 407 905 2859 1188">
     <span class='ocr_line' id='line_1_9' title="bbox 479 905 2855 975; baseline -0.002 -11"><span class='ocrx_word' id='word_1_74' title='bbox 479 910 766 971; x_wconf 66' lang='lat' dir='ltr'>Praeterea,</span> <span class='ocrx_word' id='word_1_75' title='bbox 798 907 1076 965; x_wconf 85' lang='lat' dir='ltr'>voluntas</span> <span class='ocrx_word' id='word_1_76' title='bbox 1105 908 1208 964; x_wconf 87' lang='lat' dir='ltr'>Dei</span> <span class='ocrx_word' id='word_1_77' title='bbox 1236 919 1357 964; x_wconf 89' lang='lat' dir='ltr'>non</span> <span class='ocrx_word' id='word_1_78' title='bbox 1388 911 1480 964; x_wconf 90' lang='lat' dir='ltr'>est</span> <span class='ocrx_word' id='word_1_79' title='bbox 1505 906 1577 963; x_wconf 84' lang='lat' dir='ltr'>ad</span> <span class='ocrx_word' id='word_1_80' title='bbox 1600 910 1848 963; x_wconf 83' lang='lat' dir='ltr'>mortem</span> <span class='ocrx_word' id='word_1_81' title='bbox 1878 905 2209 972; x_wconf 90' lang='lat' dir='ltr'>hominum,</span> <span class='ocrx_word' id='word_1_82' title='bbox 2230 906 2407 962; x_wconf 86' lang='lat' dir='ltr'>etiam</span> <span class='ocrx_word' id='word_1_83' title='bbox 2430 909 2855 975; x_wconf 84' lang='lat' dir='ltr'>peccatorum,</span> 
     </span>
     <span class='ocr_line' id='line_1_10' title="bbox 407 976 2856 1050; baseline -0.002 -15"><span class='ocrx_word' id='word_1_84' title='bbox 407 979 515 1040; x_wconf 75' lang='lat' dir='ltr'>sed</span> <span class='ocrx_word' id='word_1_85' title='bbox 547 979 737 1050; x_wconf 81' lang='lat' dir='ltr'>magis</span> <span class='ocrx_word' id='word_1_86' title='bbox 768 977 840 1035; x_wconf 86' lang='lat' dir='ltr'>ad</span> <span class='ocrx_word' id='word_1_87' title='bbox 868 978 1069 1046; x_wconf 83' lang='lat' dir='ltr'>vitam,</span> <span class='ocrx_word' id='word_1_88' title='bbox 1106 978 1434 1034; x_wconf 86' lang='lat' dir='ltr'>secundum</span> <span class='ocrx_word' id='word_1_89' title='bbox 1455 977 1638 1033; x_wconf 85' lang='lat' dir='ltr'>illud:</span> <span class='ocrx_word' id='word_1_90' title='bbox 1671 979 1804 1035; x_wconf 89' lang='lat' dir='ltr'>Nolo</span> <span class='ocrx_word' id='word_1_91' title='bbox 1829 980 2050 1032; x_wconf 78' lang='lat' dir='ltr'>mortem</span> <span class='ocrx_word' id='word_1_92' title='bbox 2074 979 2251 1045; x_wconf 68' lang='lat' dir='ltr'>impii,</span> <span class='ocrx_word' id='word_1_93' title='bbox 2283 976 2378 1031; x_wconf 81' lang='lat' dir='ltr'>sed</span> <span class='ocrx_word' id='word_1_94' title='bbox 2405 980 2467 1029; x_wconf 78' lang='lat' dir='ltr'>ut</span> <span class='ocrx_word' id='word_1_95' title='bbox 2490 979 2856 1030; x_wconf 70' lang='lat' dir='ltr'>convertatur</span> 
     </span>
     <span class='ocr_line' id='line_1_11' title="bbox 409 1046 2859 1119; baseline -0.002 -14"><span class='ocrx_word' id='word_1_96' title='bbox 409 1052 611 1119; x_wconf 78' lang='lat' dir='ltr'>impius</span> <span class='ocrx_word' id='word_1_97' title='bbox 640 1064 675 1102; x_wconf 88' lang='lat' dir='ltr'>a</span> <span class='ocrx_word' id='word_1_98' title='bbox 699 1051 794 1102; x_wconf 81' lang='lat' dir='ltr'>via</span> <span class='ocrx_word' id='word_1_99' title='bbox 819 1064 922 1104; x_wconf 84' lang='lat' dir='ltr'>sua</span> <span class='ocrx_word' id='word_1_100' title='bbox 939 1053 991 1103; x_wconf 80' lang='lat' dir='ltr'>et</span> <span class='ocrx_word' id='word_1_101' title='bbox 1007 1051 1176 1104; x_wconf 80' lang='lat' dir='ltr'>vivat.</span> <span class='ocrx_word' id='word_1_102' title='bbox 1205 1048 1438 1118; x_wconf 59' lang='grc' dir='ltr'>(11101111,υ</span> <span class='ocrx_word' id='word_1_103' title='bbox 1468 1060 1680 1111; x_wconf 75' lang='lat' dir='ltr'>xxxin,</span> <span class='ocrx_word' id='word_1_104' title='bbox 1716 1047 1825 1119; x_wconf 85' lang='lat' dir='ltr'>ll.)</span> <span class='ocrx_word' id='word_1_105' title='bbox 1855 1047 2035 1103; x_wconf 79' lang='lat' dir='ltr'>Multo</span> <span class='ocrx_word' id='word_1_106' title='bbox 2055 1047 2233 1118; x_wconf 88' lang='lat' dir='ltr'>igitur</span> <span class='ocrx_word' id='word_1_107' title='bbox 2257 1046 2458 1103; x_wconf 90' lang='lat' dir='ltr'>minus</span> <span class='ocrx_word' id='word_1_108' title='bbox 2484 1047 2684 1117; x_wconf 83' lang='lat' dir='ltr'>potuit</span> <span class='ocrx_word' id='word_1_109' title='bbox 2706 1058 2859 1102; x_wconf 78' lang='lat' dir='ltr'>esse</span> 
     </span>
     <span class='ocr_line' id='line_1_12' title="bbox 409 1116 2500 1188; baseline -0.002 -11"><span class='ocrx_word' id='word_1_110' title='bbox 409 1121 691 1183; x_wconf 69' lang='lat' dir='ltr'>voluntas</span> <span class='ocrx_word' id='word_1_111' title='bbox 722 1119 823 1175; x_wconf 88' lang='lat' dir='ltr'>Dei</span> <span class='ocrx_word' id='word_1_112' title='bbox 856 1119 1049 1176; x_wconf 88' lang='lat' dir='ltr'>Patris</span> <span class='ocrx_word' id='word_1_113' title='bbox 1079 1125 1145 1174; x_wconf 87' lang='lat' dir='ltr'>ut</span> <span class='ocrx_word' id='word_1_114' title='bbox 1173 1119 1355 1175; x_wconf 89' lang='lat' dir='ltr'>homo</span> <span class='ocrx_word' id='word_1_115' title='bbox 1377 1118 1858 1188; x_wconf 79' lang='lat' dir='ltr'>perfectissimus</span> <span class='ocrx_word' id='word_1_116' title='bbox 1885 1116 2061 1174; x_wconf 84' lang='lat' dir='ltr'>morti</span> <span class='ocrx_word' id='word_1_117' title='bbox 2088 1116 2500 1188; x_wconf 77' lang='lat' dir='ltr'>subjiceretur.</span> 
     </span>
    </p>

    <p class='ocr_par' dir='ltr' id='par_1_5' title="bbox 406 1186 2857 1462">
     <span class='ocr_line' id='line_1_13' title="bbox 479 1186 2857 1259; baseline -0.001 -13"><span class='ocrx_word' id='word_1_118' title='bbox 479 1191 755 1259; x_wconf 81' lang='lat' dir='ltr'>Amplius,</span> <span class='ocrx_word' id='word_1_119' title='bbox 802 1189 1048 1259; x_wconf 89' lang='lat' dir='ltr'>impium</span> <span class='ocrx_word' id='word_1_120' title='bbox 1093 1192 1151 1245; x_wconf 85' lang='lat' dir='ltr'>et</span> <span class='ocrx_word' id='word_1_121' title='bbox 1178 1189 1416 1246; x_wconf 87' lang='lat' dir='ltr'>crudele</span> <span class='ocrx_word' id='word_1_122' title='bbox 1459 1188 1693 1245; x_wconf 81' lang='lat' dir='ltr'>videtur</span> <span class='ocrx_word' id='word_1_123' title='bbox 1733 1188 2115 1244; x_wconf 83' lang='lat' dir='ltr'>innocentem</span> <span class='ocrx_word' id='word_1_124' title='bbox 2156 1190 2450 1258; x_wconf 70' lang='lat' dir='ltr'>praecepto</span> <span class='ocrx_word' id='word_1_125' title='bbox 2480 1186 2554 1243; x_wconf 89' lang='lat' dir='ltr'>ad</span> <span class='ocrx_word' id='word_1_126' title='bbox 2584 1190 2857 1243; x_wconf 86' lang='lat' dir='ltr'>mortem</span> 
     </span>
     <span class='ocr_line' id='line_1_14' title="bbox 406 1257 2855 1331; baseline -0.003 -11"><span class='ocrx_word' id='word_1_127' title='bbox 406 1259 711 1328; x_wconf 83' lang='lat' dir='ltr'>inducere,</span> <span class='ocrx_word' id='word_1_128' title='bbox 761 1262 820 1315; x_wconf 88' lang='lat' dir='ltr'>et</span> <span class='ocrx_word' id='word_1_129' title='bbox 863 1259 1154 1330; x_wconf 74' lang='lat' dir='ltr'>praecipue</span> <span class='ocrx_word' id='word_1_130' title='bbox 1199 1273 1307 1330; x_wconf 90' lang='lat' dir='ltr'>pro</span> <span class='ocrx_word' id='word_1_131' title='bbox 1356 1258 1575 1329; x_wconf 85' lang='lat' dir='ltr'>impiis,</span> <span class='ocrx_word' id='word_1_132' title='bbox 1620 1258 1721 1330; x_wconf 88' lang='lat' dir='ltr'>qui</span> <span class='ocrx_word' id='word_1_133' title='bbox 1767 1262 1955 1316; x_wconf 77' lang='lat' dir='ltr'>morte</span> <span class='ocrx_word' id='word_1_134' title='bbox 2001 1262 2145 1315; x_wconf 82' lang='lat' dir='ltr'>sunt</span> <span class='ocrx_word' id='word_1_135' title='bbox 2192 1257 2380 1331; x_wconf 82' lang='lat' dir='ltr'>digni.</span> <span class='ocrx_word' id='word_1_136' title='bbox 2412 1259 2608 1314; x_wconf 86' lang='lat' dir='ltr'>Homo</span> <span class='ocrx_word' id='word_1_137' title='bbox 2644 1260 2855 1314; x_wconf 82' lang='lat' dir='ltr'>autem</span> 
     </span>
     <span class='ocr_line' id='line_1_15' title="bbox 412 1327 2853 1401; baseline -0.003 -11"><span class='ocrx_word' id='word_1_138' title='bbox 412 1330 681 1390; x_wconf 84' lang='lat' dir='ltr'>Christus</span> <span class='ocrx_word' id='word_1_139' title='bbox 726 1331 900 1387; x_wconf 85' lang='lat' dir='ltr'>Jesus</span> <span class='ocrx_word' id='word_1_140' title='bbox 942 1329 1236 1387; x_wconf 86' lang='lat' dir='ltr'>innocens</span> <span class='ocrx_word' id='word_1_141' title='bbox 1265 1329 1392 1386; x_wconf 82' lang='lat' dir='ltr'>fuit.</span> <span class='ocrx_word' id='word_1_142' title='bbox 1441 1329 1692 1400; x_wconf 90' lang='lat' dir='ltr'>Impium</span> <span class='ocrx_word' id='word_1_143' title='bbox 1725 1328 1905 1401; x_wconf 88' lang='lat' dir='ltr'>igitur</span> <span class='ocrx_word' id='word_1_144' title='bbox 1934 1328 2143 1386; x_wconf 84' lang='lat' dir='ltr'>suisset</span> <span class='ocrx_word' id='word_1_145' title='bbox 2169 1327 2245 1396; x_wconf 87' lang='lat' dir='ltr'>si,</span> <span class='ocrx_word' id='word_1_146' title='bbox 2274 1332 2573 1399; x_wconf 78' lang='lat' dir='ltr'>praecepto</span> <span class='ocrx_word' id='word_1_147' title='bbox 2600 1328 2853 1384; x_wconf 67' lang='grc' dir='ltr'><strong>1301Ρο-</strong></span> 
     </span>
     <span class='ocr_line' id='line_1_16' title="bbox 407 1398 1160 1462; baseline -0.009 0"><span class='ocrx_word' id='word_1_148' title='bbox 407 1402 519 1462; x_wconf 65' lang='lat' dir='ltr'>tris</span> <span class='ocrx_word' id='word_1_149' title='bbox 571 1403 822 1456; x_wconf 85' lang='lat' dir='ltr'>mortem</span> <span class='ocrx_word' id='word_1_150' title='bbox 852 1398 1160 1457; x_wconf 83' lang='lat' dir='ltr'>subiisset.</span> 
     </span>
    </p>

    <p class='ocr_par' dir='ltr' id='par_1_6' title="bbox 404 1443 2856 1738">
     <span class='ocr_line' id='line_1_17' title="bbox 404 1443 2856 1596; baseline -0.001 -69"><span class='ocrx_word' id='word_1_151' title='bbox 404 1464 411 1474; x_wconf 86' lang='lat'>&#39;</span> <span class='ocrx_word' id='word_1_152' title='bbox 477 1443 541 1527; x_wconf 69' lang='lat' dir='ltr'>Si</span> <span class='ocrx_word' id='word_1_153' title='bbox 579 1484 720 1526; x_wconf 82' lang='lat' dir='ltr'>vero</span> <span class='ocrx_word' id='word_1_154' title='bbox 767 1469 984 1551; x_wconf 79' lang='lat' dir='ltr'>aliquis</span> <span class='ocrx_word' id='word_1_155' title='bbox 1027 1470 1183 1527; x_wconf 83' lang='lat' dir='ltr'>dicat</span> <span class='ocrx_word' id='word_1_156' title='bbox 1225 1469 1343 1528; x_wconf 87' lang='grc'><strong>1100</strong></span> <span class='ocrx_word' id='word_1_157' title='bbox 1380 1469 1784 1551; x_wconf 78' lang='lat' dir='ltr'>necessarium</span> <span class='ocrx_word' id='word_1_158' title='bbox 1817 1468 2007 1526; x_wconf 83' lang='lat' dir='ltr'>fuisse</span> <span class='ocrx_word' id='word_1_159' title='bbox 2046 1467 2715 1596; x_wconf 38' lang='lat' dir='ltr'>propter-humilitatem</span> <span class='ocrx_word' id='word_1_160' title='bbox 2748 1466 2856 1525; x_wconf 84' lang='lat' dir='ltr'>de-</span> 
     </span>
     <span class='ocr_line' id='line_1_18' title="bbox 407 1539 2849 1612; baseline -0.002 -14"><span class='ocrx_word' id='word_1_161' title='bbox 407 1540 883 1610; x_wconf 81' lang='lat' dir='ltr'>monstrandam,</span> <span class='ocrx_word' id='word_1_162' title='bbox 913 1545 1068 1598; x_wconf 76' lang='lat' dir='ltr'>sicut</span> <span class='ocrx_word' id='word_1_163' title='bbox 1094 1545 1138 1597; x_wconf 80' lang='lat' dir='ltr'>A</span> <span class='ocrx_word' id='word_1_164' title='bbox 1182 1540 1417 1598; x_wconf 88' lang='lat' dir='ltr'>ostolus</span> <span class='ocrx_word' id='word_1_165' title='bbox 1444 1540 1673 1597; x_wconf 76' lang='lat' dir='ltr'>videtur</span> <span class='ocrx_word' id='word_1_166' title='bbox 1699 1540 1893 1597; x_wconf 75' lang='lat' dir='ltr'>dicere</span> <span class='ocrx_word' id='word_1_167' title='bbox 1923 1553 2041 1612; x_wconf 90' lang='lat' dir='ltr'>quo</span> <span class='ocrx_word' id='word_1_168' title='bbox 2112 1539 2425 1594; x_wconf 63' lang='lat' dir='ltr'>humanavit</span> <span class='ocrx_word' id='word_1_169' title='bbox 2469 1543 2849 1607; x_wconf 65' lang='lat' dir='ltr'>semetipsum,</span> 
     </span>
     <span class='ocr_line' id='line_1_19' title="bbox 409 1555 2854 1738; baseline -0 -73"><span class='ocrx_word' id='word_1_170' title='bbox 409 1614 593 1693; x_wconf 62' lang='lat' dir='ltr'>ructus</span> <span class='ocrx_word' id='word_1_171' title='bbox 619 1611 868 1738; x_wconf 51' lang='lat' dir='ltr'>obgdgens</span> <span class='ocrx_word' id='word_1_172' title='bbox 896 1625 1065 1681; x_wconf 76' lang='lat' dir='ltr'>usque</span> <span class='ocrx_word' id='word_1_173' title='bbox 1087 1555 1178 1667; x_wconf 58' lang='lat' dir='ltr'>nef</span> <span class='ocrx_word' id='word_1_174' title='bbox 1184 1615 1410 1667; x_wconf 79' lang='lat' dir='ltr'>mortem</span> <span class='ocrx_word' id='word_1_175' title='bbox 1438 1610 1628 1683; x_wconf 60' lang='lat' dir='ltr'>(Fluit,</span> <span class='ocrx_word' id='word_1_176' title='bbox 1654 1623 1721 1680; x_wconf 93' lang='lat'>11,</span> <span class='ocrx_word' id='word_1_177' title='bbox 1753 1608 1829 1682; x_wconf 88' lang='lat'>8),</span> <span class='ocrx_word' id='word_1_178' title='bbox 1860 1623 1972 1667; x_wconf 86' lang='lat' dir='ltr'>nec</span> <span class='ocrx_word' id='word_1_179' title='bbox 2000 1610 2126 1668; x_wconf 83' lang='lat' dir='ltr'>haec</span> <span class='ocrx_word' id='word_1_180' title='bbox 2170 1609 2408 1682; x_wconf 84' lang='lat' dir='ltr'>quidem</span> <span class='ocrx_word' id='word_1_181' title='bbox 2440 1610 2599 1667; x_wconf 85' lang='lat' dir='ltr'>ratio</span> <span class='ocrx_word' id='word_1_182' title='bbox 2628 1621 2854 1666; x_wconf 76' lang='lat' dir='ltr'>conve-</span> 
     </span>
    </p>

    <p class='ocr_par' dir='ltr' id='par_1_7' title="bbox 477 1695 885 1739">
     <span class='ocr_line' id='line_1_20' title="bbox 477 1695 885 1739; baseline -0.005 -1"><span class='ocrx_word' id='word_1_183' title='bbox 477 1695 589 1738; x_wconf 90' lang='lat' dir='ltr'>ens</span> <span class='ocrx_word' id='word_1_184' title='bbox 613 1696 670 1738; x_wconf 77' lang='lat' dir='ltr'>vi</span> <span class='ocrx_word' id='word_1_185' title='bbox 715 1696 746 1738; x_wconf 92' lang='lat' dir='ltr'>e</span> <span class='ocrx_word' id='word_1_186' title='bbox 776 1695 885 1739; x_wconf 85' lang='lat' dir='ltr'>ur:</span> 
     </span>
    </p>

    <p class='ocr_par' dir='ltr' id='par_1_8' title="bbox 409 1695 2854 1955">
     <span class='ocr_line' id='line_1_21' title="bbox 410 1695 2854 1833; baseline -0.001 -24"><span class='ocrx_word' id='word_1_187' title='bbox 410 1695 748 1809; x_wconf 79' lang='lat' dir='ltr'>mPrimum</span> <span class='ocrx_word' id='word_1_188' title='bbox 777 1751 1036 1824; x_wconf 90' lang='lat' dir='ltr'>quidem,</span> <span class='ocrx_word' id='word_1_189' title='bbox 1067 1751 1209 1833; x_wconf 86' lang='lat' dir='ltr'>quia</span> <span class='ocrx_word' id='word_1_190' title='bbox 1231 1751 1292 1808; x_wconf 91' lang='lat' dir='ltr'>in</span> <span class='ocrx_word' id='word_1_191' title='bbox 1317 1766 1391 1809; x_wconf 89' lang='lat' dir='ltr'>eo</span> <span class='ocrx_word' id='word_1_192' title='bbox 1419 1750 1892 1808; x_wconf 86' lang='lat' dir='ltr'>commendenda</span> <span class='ocrx_word' id='word_1_193' title='bbox 1944 1755 2034 1808; x_wconf 89' lang='lat' dir='ltr'>est</span> <span class='ocrx_word' id='word_1_194' title='bbox 2062 1749 2369 1807; x_wconf 84' lang='lat' dir='ltr'>humilitas</span> <span class='ocrx_word' id='word_1_195' title='bbox 2399 1750 2503 1822; x_wconf 89' lang='lat' dir='ltr'>qui</span> <span class='ocrx_word' id='word_1_196' title='bbox 2530 1749 2711 1806; x_wconf 85' lang='lat' dir='ltr'>habet</span> <span class='ocrx_word' id='word_1_197' title='bbox 2740 1762 2854 1807; x_wconf 86' lang='lat' dir='ltr'>su·</span> 
     </span>
     <span class='ocr_line' id='line_1_22' title="bbox 409 1819 2853 1897; baseline 0 -20"><span class='ocrx_word' id='word_1_198' title='bbox 409 1823 707 1897; x_wconf 72' lang='lat' dir='ltr'>puriorem</span> <span class='ocrx_word' id='word_1_199' title='bbox 751 1822 847 1879; x_wconf 86' lang='grc'><strong>0111</strong></span> <span class='ocrx_word' id='word_1_200' title='bbox 892 1821 1104 1893; x_wconf 75' lang='lat' dir='ltr'>suinci</span> <span class='ocrx_word' id='word_1_201' title='bbox 1148 1821 1379 1892; x_wconf 85' lang='lat' dir='ltr'>possit3</span> <span class='ocrx_word' id='word_1_202' title='bbox 1423 1822 1584 1894; x_wconf 85' lang='lat' dir='ltr'>quod</span> <span class='ocrx_word' id='word_1_203' title='bbox 1632 1820 1707 1878; x_wconf 88' lang='lat' dir='ltr'>de</span> <span class='ocrx_word' id='word_1_204' title='bbox 1755 1823 1876 1877; x_wconf 85' lang='lat' dir='ltr'>Deo</span> <span class='ocrx_word' id='word_1_205' title='bbox 1923 1819 2039 1877; x_wconf 87' lang='lat' dir='ltr'>dici</span> <span class='ocrx_word' id='word_1_206' title='bbox 2082 1832 2208 1876; x_wconf 88' lang='lat' dir='ltr'>non</span> <span class='ocrx_word' id='word_1_207' title='bbox 2252 1824 2469 1891; x_wconf 89' lang='lat' dir='ltr'>potest.</span> <span class='ocrx_word' id='word_1_208' title='bbox 2501 1823 2637 1878; x_wconf 89' lang='lat' dir='ltr'>Non</span> <span class='ocrx_word' id='word_1_209' title='bbox 2658 1819 2853 1892; x_wconf 84' lang='lat' dir='ltr'>igitur</span> 
     </span>
     <span class='ocr_line' id='line_1_23' title="bbox 411 1890 2277 1955; baseline -0.001 -7"><span class='ocrx_word' id='word_1_210' title='bbox 411 1892 778 1955; x_wconf 85' lang='lat' dir='ltr'>conveniens</span> <span class='ocrx_word' id='word_1_211' title='bbox 805 1892 916 1949; x_wconf 87' lang='lat' dir='ltr'>fuit</span> <span class='ocrx_word' id='word_1_212' title='bbox 940 1892 1043 1949; x_wconf 87' lang='lat' dir='ltr'>Dei</span> <span class='ocrx_word' id='word_1_213' title='bbox 1071 1892 1325 1950; x_wconf 84' lang='lat' dir='ltr'>Verbum</span> <span class='ocrx_word' id='word_1_214' title='bbox 1356 1892 1655 1949; x_wconf 88' lang='lat' dir='ltr'>humiliari</span> <span class='ocrx_word' id='word_1_215' title='bbox 1689 1907 1725 1949; x_wconf 89' lang='lat' dir='ltr'>u</span> <span class='ocrx_word' id='word_1_216' title='bbox 1804 1905 1877 1948; x_wconf 88' lang='lat' dir='ltr'>ue</span> <span class='ocrx_word' id='word_1_217' title='bbox 1906 1890 1980 1947; x_wconf 88' lang='lat' dir='ltr'>ad</span> <span class='ocrx_word' id='word_1_218' title='bbox 2002 1896 2277 1948; x_wconf 87' lang='lat' dir='ltr'>mortem.</span> 
     </span>
    </p>

    <p class='ocr_par' dir='ltr' id='par_1_9' title="bbox 406 1905 2857 2234">
     <span class='ocr_line' id='line_1_24' title="bbox 406 1905 2854 2043; baseline 0 -27"><span class='ocrx_word' id='word_1_219' title='bbox 406 1956 418 1967; x_wconf 59' lang='lat'>⁸</span> <span class='ocrx_word' id='word_1_220' title='bbox 478 1964 631 2043; x_wconf 58' lang='lat' dir='ltr'>item,</span> <span class='ocrx_word' id='word_1_221' title='bbox 680 1962 825 2018; x_wconf 87' lang='lat' dir='ltr'>satis</span> <span class='ocrx_word' id='word_1_222' title='bbox 852 1961 1135 2042; x_wconf 76' lang='lat' dir='ltr'>homines</span> <span class='ocrx_word' id='word_1_223' title='bbox 1175 1962 1249 2019; x_wconf 87' lang='lat' dir='ltr'>ad</span> <span class='ocrx_word' id='word_1_224' title='bbox 1278 1960 1674 2042; x_wconf 74' lang='lat' dir='ltr'>humilitatem</span> <span class='ocrx_word' id='word_1_225' title='bbox 1717 1905 2023 2019; x_wconf 52' lang='lat' dir='ltr'>iffiormari</span> <span class='ocrx_word' id='word_1_226' title='bbox 2067 1964 2340 2042; x_wconf 85' lang='lat' dir='ltr'>poterant</span> <span class='ocrx_word' id='word_1_227' title='bbox 2362 1960 2569 2043; x_wconf 56' lang='lat' dir='ltr'>rerbis</span> <span class='ocrx_word' id='word_1_228' title='bbox 2598 1960 2854 2042; x_wconf 72' lang='lat' dir='ltr'>diyinis,</span> 
     </span>
     <span class='ocr_line' id='line_1_25' title="bbox 409 2030 2857 2106; baseline -0 -17"><span class='ocrx_word' id='word_1_229' title='bbox 409 2032 629 2106; x_wconf 76' lang='lat' dir='ltr'>quibus</span> <span class='ocrx_word' id='word_1_230' title='bbox 658 2037 751 2088; x_wconf 85' lang='lat' dir='ltr'>est</span> <span class='ocrx_word' id='word_1_231' title='bbox 779 2031 927 2088; x_wconf 89' lang='lat' dir='ltr'>fides</span> <span class='ocrx_word' id='word_1_232' title='bbox 973 2031 1318 2088; x_wconf 78' lang='lat' dir='ltr'>omnimoda</span> <span class='ocrx_word' id='word_1_233' title='bbox 1346 2032 1699 2099; x_wconf 81' lang='lat' dir='ltr'>adhibenda,</span> <span class='ocrx_word' id='word_1_234' title='bbox 1733 2037 1791 2088; x_wconf 91' lang='lat' dir='ltr'>et</span> <span class='ocrx_word' id='word_1_235' title='bbox 1838 2031 2124 2102; x_wconf 82' lang='lat' dir='ltr'>exemplis</span> <span class='ocrx_word' id='word_1_236' title='bbox 2153 2030 2455 2090; x_wconf 69' lang='lat' dir='ltr'>humanm.</span> <span class='ocrx_word' id='word_1_237' title='bbox 2502 2034 2638 2089; x_wconf 88' lang='lat' dir='ltr'>Non</span> <span class='ocrx_word' id='word_1_238' title='bbox 2663 2035 2857 2103; x_wconf 75' lang='lat' dir='ltr'>igitur</span> 
     </span>
     <span class='ocr_line' id='line_1_26' title="bbox 409 2100 2853 2173; baseline -0 -12"><span class='ocrx_word' id='word_1_239' title='bbox 409 2102 485 2161; x_wconf 85' lang='lat' dir='ltr'>ad</span> <span class='ocrx_word' id='word_1_240' title='bbox 531 2100 1061 2159; x_wconf 86' lang='lat' dir='ltr'>demonstrandum</span> <span class='ocrx_word' id='word_1_241' title='bbox 1092 2101 1444 2158; x_wconf 85' lang='lat' dir='ltr'>humilitatis</span> <span class='ocrx_word' id='word_1_242' title='bbox 1488 2101 1825 2173; x_wconf 87' lang='lat' dir='ltr'>exemplum</span> <span class='ocrx_word' id='word_1_243' title='bbox 1854 2101 2263 2160; x_wconf 86' lang='lat' dir='ltr'>necessarium</span> <span class='ocrx_word' id='word_1_244' title='bbox 2291 2102 2404 2159; x_wconf 83' lang='lat' dir='ltr'>fuit</span> <span class='ocrx_word' id='word_1_245' title='bbox 2439 2102 2699 2159; x_wconf 87' lang='lat' dir='ltr'>Verbum</span> <span class='ocrx_word' id='word_1_246' title='bbox 2744 2101 2853 2160; x_wconf 76' lang='lat' dir='ltr'>Dei</span> 
     </span>
     <span class='ocr_line' id='line_1_27' title="bbox 410 2172 1713 2234; baseline -0.005 0"><span class='ocrx_word' id='word_1_247' title='bbox 410 2175 516 2234; x_wconf 83' lang='lat' dir='ltr'>aut</span> <span class='ocrx_word' id='word_1_248' title='bbox 543 2185 783 2229; x_wconf 87' lang='lat' dir='ltr'>carnem</span> <span class='ocrx_word' id='word_1_249' title='bbox 813 2185 1049 2229; x_wconf 90' lang='lat' dir='ltr'>sumere</span> <span class='ocrx_word' id='word_1_250' title='bbox 1079 2176 1182 2229; x_wconf 89' lang='lat' dir='ltr'>aut</span> <span class='ocrx_word' id='word_1_251' title='bbox 1207 2177 1457 2229; x_wconf 89' lang='lat' dir='ltr'>mortem</span> <span class='ocrx_word' id='word_1_252' title='bbox 1488 2172 1713 2230; x_wconf 87' lang='lat' dir='ltr'>subire.</span> 
     </span>
    </p>

    <p class='ocr_par' dir='ltr' id='par_1_10' title="bbox 408 2240 2853 2596">
     <span class='ocr_line' id='line_1_28' title="bbox 477 2240 2853 2314; baseline 0.002 -17"><span class='ocrx_word' id='word_1_253' title='bbox 477 2242 540 2298; x_wconf 88' lang='lat' dir='ltr'>Si</span> <span class='ocrx_word' id='word_1_254' title='bbox 587 2242 724 2314; x_wconf 84' lang='lat' dir='ltr'>quis</span> <span class='ocrx_word' id='word_1_255' title='bbox 771 2244 969 2300; x_wconf 88' lang='lat' dir='ltr'>autem</span> <span class='ocrx_word' id='word_1_256' title='bbox 1005 2242 1218 2299; x_wconf 87' lang='lat' dir='ltr'>iterum</span> <span class='ocrx_word' id='word_1_257' title='bbox 1264 2240 1424 2299; x_wconf 86' lang='lat' dir='ltr'>dicat</span> <span class='ocrx_word' id='word_1_258' title='bbox 1453 2242 1634 2314; x_wconf 86' lang='lat' dir='ltr'>quod,</span> <span class='ocrx_word' id='word_1_259' title='bbox 1662 2245 1902 2313; x_wconf 88' lang='lat' dir='ltr'>propter</span> <span class='ocrx_word' id='word_1_260' title='bbox 1924 2247 2304 2314; x_wconf 89' lang='lat' dir='ltr'>peccatorum</span> <span class='ocrx_word' id='word_1_261' title='bbox 2333 2247 2685 2300; x_wconf 86' lang='lat' dir='ltr'>nostrorum</span> <span class='ocrx_word' id='word_1_262' title='bbox 2710 2255 2853 2314; x_wconf 81' lang='lat' dir='ltr'>pur-</span> 
     </span>
     <span class='ocr_line' id='line_1_29' title="bbox 408 2311 2851 2388; baseline 0.001 -21"><span class='ocrx_word' id='word_1_263' title='bbox 408 2312 735 2388; x_wconf 78' lang='lat' dir='ltr'>gationem,</span> <span class='ocrx_word' id='word_1_264' title='bbox 761 2312 1168 2369; x_wconf 85' lang='lat' dir='ltr'>necessarium</span> <span class='ocrx_word' id='word_1_265' title='bbox 1198 2311 1311 2369; x_wconf 80' lang='lat' dir='ltr'>fuit</span> <span class='ocrx_word' id='word_1_266' title='bbox 1335 2313 1634 2370; x_wconf 82' lang='lat' dir='ltr'>Christum</span> <span class='ocrx_word' id='word_1_267' title='bbox 1664 2319 1917 2369; x_wconf 86' lang='lat' dir='ltr'>mortem</span> <span class='ocrx_word' id='word_1_268' title='bbox 1949 2314 2149 2371; x_wconf 89' lang='lat' dir='ltr'>subire</span> <span class='ocrx_word' id='word_1_269' title='bbox 2174 2316 2236 2371; x_wconf 87' lang='lat' dir='ltr'>et</span> <span class='ocrx_word' id='word_1_270' title='bbox 2256 2312 2378 2371; x_wconf 83' lang='lat' dir='ltr'>alia</span> <span class='ocrx_word' id='word_1_271' title='bbox 2402 2326 2540 2385; x_wconf 80' lang='lat' dir='ltr'>quae</span> <span class='ocrx_word' id='word_1_272' title='bbox 2567 2312 2851 2370; x_wconf 82' lang='lat' dir='ltr'>videntur</span> 
     </span>
     <span class='ocr_line' id='line_1_30' title="bbox 411 2382 2852 2456; baseline -0.001 -14"><span class='ocrx_word' id='word_1_273' title='bbox 411 2396 549 2442; x_wconf 88' lang='lat' dir='ltr'>esse</span> <span class='ocrx_word' id='word_1_274' title='bbox 579 2382 826 2454; x_wconf 70' lang='lat' dir='ltr'>abiecta,</span> <span class='ocrx_word' id='word_1_275' title='bbox 859 2383 1012 2440; x_wconf 87' lang='lat' dir='ltr'>sicut</span> <span class='ocrx_word' id='word_1_276' title='bbox 1039 2382 1360 2452; x_wconf 83' lang='lat' dir='ltr'>Apostolus</span> <span class='ocrx_word' id='word_1_277' title='bbox 1387 2382 1529 2440; x_wconf 88' lang='lat' dir='ltr'>dicit</span> <span class='ocrx_word' id='word_1_278' title='bbox 1573 2383 1733 2455; x_wconf 86' lang='lat' dir='ltr'>quod</span> <span class='ocrx_word' id='word_1_279' title='bbox 1762 2383 2016 2441; x_wconf 84' lang='lat' dir='ltr'>traditus</span> <span class='ocrx_word' id='word_1_280' title='bbox 2045 2389 2137 2441; x_wconf 87' lang='lat' dir='ltr'>est</span> <span class='ocrx_word' id='word_1_281' title='bbox 2159 2388 2400 2456; x_wconf 79' lang='lat' dir='ltr'>propter</span> <span class='ocrx_word' id='word_1_282' title='bbox 2427 2383 2634 2438; x_wconf 69' lang='lat' dir='ltr'>delicta</span> <span class='ocrx_word' id='word_1_283' title='bbox 2658 2389 2852 2439; x_wconf 72' lang='lat' dir='ltr'>nostr-a</span> 
     </span>
     <span class='ocr_line' id='line_1_31' title="bbox 409 2452 2848 2527; baseline 0 -17"><span class='ocrx_word' id='word_1_284' title='bbox 409 2452 610 2524; x_wconf 67' lang='lat' dir='ltr'>(Rom,</span> <span class='ocrx_word' id='word_1_285' title='bbox 665 2464 748 2523; x_wconf 81' lang='grc' dir='ltr'>Π,</span> <span class='ocrx_word' id='word_1_286' title='bbox 797 2453 910 2527; x_wconf 79' lang='grc'>25),</span> <span class='ocrx_word' id='word_1_287' title='bbox 957 2457 1016 2509; x_wconf 85' lang='lat' dir='ltr'>et</span> <span class='ocrx_word' id='word_1_288' title='bbox 1055 2453 1311 2509; x_wconf 86' lang='lat' dir='ltr'>iterum:</span> <span class='ocrx_word' id='word_1_289' title='bbox 1364 2455 1589 2510; x_wconf 79' lang='lat' dir='ltr'>oblatus</span> <span class='ocrx_word' id='word_1_290' title='bbox 1626 2458 1707 2510; x_wconf 82' lang='lat' dir='ltr'>est</span> <span class='ocrx_word' id='word_1_291' title='bbox 1747 2454 1822 2509; x_wconf 78' lang='lat' dir='ltr'>ad</span> <span class='ocrx_word' id='word_1_292' title='bbox 1866 2455 2156 2511; x_wconf 74' lang='lat' dir='ltr'>multorum</span> <span class='ocrx_word' id='word_1_293' title='bbox 2200 2454 2583 2511; x_wconf 67' lang='lat' dir='ltr'>exhaurienda</span> <span class='ocrx_word' id='word_1_294' title='bbox 2616 2460 2848 2526; x_wconf 69' lang='lat' dir='ltr'>peccata</span> 
     </span>
     <span class='ocr_line' id='line_1_32' title="bbox 409 2522 2026 2596; baseline -0.001 -16"><span class='ocrx_word' id='word_1_295' title='bbox 409 2526 621 2595; x_wconf 65' lang='lat' dir='ltr'>(Helm,</span> <span class='ocrx_word' id='word_1_296' title='bbox 651 2536 736 2593; x_wconf 78' lang='lat' dir='ltr'>rx,</span> <span class='ocrx_word' id='word_1_297' title='bbox 764 2523 877 2596; x_wconf 81' lang='lat'>28),</span> <span class='ocrx_word' id='word_1_298' title='bbox 912 2537 1022 2581; x_wconf 88' lang='lat' dir='ltr'>nec</span> <span class='ocrx_word' id='word_1_299' title='bbox 1048 2523 1166 2580; x_wconf 87' lang='lat' dir='ltr'>hoc</span> <span class='ocrx_word' id='word_1_300' title='bbox 1194 2522 1425 2581; x_wconf 85' lang='lat' dir='ltr'>videtur</span> <span class='ocrx_word' id='word_1_301' title='bbox 1453 2539 1589 2592; x_wconf 81' lang='lat' dir='ltr'>esse</span> <span class='ocrx_word' id='word_1_302' title='bbox 1616 2525 1980 2583; x_wconf 86' lang='lat' dir='ltr'>conveniens</span> <span class='ocrx_word' id='word_1_303' title='bbox 2013 2542 2026 2579; x_wconf 72' lang='grc' dir='ltr'>ς</span> 
     </span>
    </p>

    <p class='ocr_par' dir='ltr' id='par_1_11' title="bbox 482 2594 2849 2720">
     <span class='ocr_line' id='line_1_33' title="bbox 482 2594 2849 2720; baseline 0.001 -71"><span class='ocrx_word' id='word_1_304' title='bbox 482 2595 681 2720; x_wconf 58' lang='lat' dir='ltr'>Pitimo</span> <span class='ocrx_word' id='word_1_305' title='bbox 724 2594 983 2666; x_wconf 88' lang='lat' dir='ltr'>quidem,</span> <span class='ocrx_word' id='word_1_306' title='bbox 1029 2595 1173 2667; x_wconf 86' lang='lat' dir='ltr'>quia</span> <span class='ocrx_word' id='word_1_307' title='bbox 1217 2608 1323 2666; x_wconf 88' lang='lat' dir='ltr'>per</span> <span class='ocrx_word' id='word_1_308' title='bbox 1367 2595 1559 2652; x_wconf 86' lang='lat' dir='ltr'>solam</span> <span class='ocrx_word' id='word_1_309' title='bbox 1609 2596 1710 2652; x_wconf 88' lang='lat' dir='ltr'>Dei</span> <span class='ocrx_word' id='word_1_310' title='bbox 1757 2597 2008 2669; x_wconf 81' lang='lat' dir='ltr'>gratiam</span> <span class='ocrx_word' id='word_1_311' title='bbox 2054 2595 2364 2654; x_wconf 88' lang='lat' dir='ltr'>hominum</span> <span class='ocrx_word' id='word_1_312' title='bbox 2406 2600 2656 2668; x_wconf 85' lang='lat' dir='ltr'>peccata</span> <span class='ocrx_word' id='word_1_313' title='bbox 2696 2609 2849 2667; x_wconf 86' lang='lat' dir='ltr'>pur-</span> 
     </span>
    </p>

    <p class='ocr_par' dir='ltr' id='par_1_12' title="bbox 407 2677 2847 2932">
     <span class='ocr_line' id='line_1_34' title="bbox 493 2678 674 2732; baseline 0.006 -12"><span class='ocrx_word' id='word_1_314' title='bbox 493 2679 530 2720; x_wconf 90' lang='lat' dir='ltr'>n</span> <span class='ocrx_word' id='word_1_315' title='bbox 559 2678 674 2732; x_wconf 80' lang='lat' dir='ltr'>ur3</span> 
     </span>
     <span class='ocr_line' id='line_1_35' title="bbox 410 2677 2847 2809; baseline 0.002 -20"><span class='ocrx_word' id='word_1_316' title='bbox 410 2677 727 2803; x_wconf 73' lang='lat' dir='ltr'>gaDeinde,</span> <span class='ocrx_word' id='word_1_317' title='bbox 762 2735 921 2807; x_wconf 90' lang='lat' dir='ltr'>quia,</span> <span class='ocrx_word' id='word_1_318' title='bbox 964 2733 1016 2792; x_wconf 84' lang='lat' dir='ltr'>si</span> <span class='ocrx_word' id='word_1_319' title='bbox 1055 2734 1258 2806; x_wconf 80' lang='lat' dir='ltr'>aliqua</span> <span class='ocrx_word' id='word_1_320' title='bbox 1286 2735 1612 2794; x_wconf 79' lang='lat' dir='ltr'>satisfactio</span> <span class='ocrx_word' id='word_1_321' title='bbox 1639 2735 2068 2809; x_wconf 80' lang='lat' dir='ltr'>requirebatur,</span> <span class='ocrx_word' id='word_1_322' title='bbox 2110 2736 2479 2794; x_wconf 88' lang='lat' dir='ltr'>conveniens</span> <span class='ocrx_word' id='word_1_323' title='bbox 2508 2735 2621 2793; x_wconf 75' lang='lat' dir='ltr'>suit</span> <span class='ocrx_word' id='word_1_324' title='bbox 2648 2736 2847 2795; x_wconf 76' lang='lat' dir='ltr'>utillo</span> 
     </span>
     <span class='ocr_line' id='line_1_36' title="bbox 409 2804 2845 2932; baseline 0.001 -70"><span class='ocrx_word' id='word_1_325' title='bbox 409 2804 794 2932; x_wconf 50' lang='lat' dir='ltr'>so,tissa{¹:e1¹;ett</span> <span class='ocrx_word' id='word_1_326' title='bbox 825 2804 1273 2930; x_wconf 50' lang='lat' dir='ltr'>quitpeocavit3</span> <span class='ocrx_word' id='word_1_327' title='bbox 1321 2806 1481 2879; x_wconf 87' lang='lat' dir='ltr'>quia,</span> <span class='ocrx_word' id='word_1_328' title='bbox 1527 2807 1591 2864; x_wconf 89' lang='lat' dir='ltr'>in</span> <span class='ocrx_word' id='word_1_329' title='bbox 1634 2807 1800 2878; x_wconf 86' lang='lat' dir='ltr'>justo</span> <span class='ocrx_word' id='word_1_330' title='bbox 1828 2807 1932 2864; x_wconf 91' lang='lat' dir='ltr'>Dei</span> <span class='ocrx_word' id='word_1_331' title='bbox 1950 2806 2199 2878; x_wconf 83' lang='lat' dir='ltr'>judicio,</span> <span class='ocrx_word' id='word_1_332' title='bbox 2231 2806 2655 2880; x_wconf 85' lang='lat' dir='ltr'>unusquisque</span> <span class='ocrx_word' id='word_1_333' title='bbox 2681 2818 2845 2865; x_wconf 83' lang='lat' dir='ltr'>onus</span> 
     </span>
     <span class='ocr_line' id='line_1_37' title="bbox 407 2887 1079 2932; baseline -0.001 0"><span class='ocrx_word' id='word_1_334' title='bbox 407 2887 590 2932; x_wconf 80' lang='lat' dir='ltr'>suum</span> <span class='ocrx_word' id='word_1_335' title='bbox 658 2888 691 2931; x_wconf 91' lang='lat' dir='ltr'>e</span> <span class='ocrx_word' id='word_1_336' title='bbox 735 2890 766 2932; x_wconf 92' lang='lat' dir='ltr'>e</span> <span class='ocrx_word' id='word_1_337' title='bbox 865 2888 899 2931; x_wconf 95' lang='grc'><strong>0</strong></span> <span class='ocrx_word' id='word_1_338' title='bbox 958 2888 1079 2932; x_wconf 87' lang='lat' dir='ltr'>are.</span> 
     </span>
    </p>

    <p class='ocr_par' dir='ltr' id='par_1_13' title="bbox 406 2889 2846 3214">
     <span class='ocr_line' id='line_1_38' title="bbox 477 2889 2843 3024; baseline 0.003 -24"><span class='ocrx_word' id='word_1_339' title='bbox 477 2947 632 3024; x_wconf 65' lang='lat' dir='ltr'>Item,</span> <span class='ocrx_word' id='word_1_340' title='bbox 661 2945 714 3002; x_wconf 88' lang='lat' dir='ltr'>si</span> <span class='ocrx_word' id='word_1_341' title='bbox 769 2889 1132 3003; x_wconf 51' lang='lat' dir='ltr'>cgnveniens</span> <span class='ocrx_word' id='word_1_342' title='bbox 1175 2946 1286 3004; x_wconf 87' lang='lat' dir='ltr'>suit</span> <span class='ocrx_word' id='word_1_343' title='bbox 1333 2953 1402 3005; x_wconf 90' lang='lat' dir='ltr'>ut</span> <span class='ocrx_word' id='word_1_344' title='bbox 1443 2946 1662 3019; x_wconf 86' lang='lat' dir='ltr'>aliquis</span> <span class='ocrx_word' id='word_1_345' title='bbox 1708 2946 1953 3005; x_wconf 89' lang='lat' dir='ltr'>homine</span> <span class='ocrx_word' id='word_1_346' title='bbox 2005 2960 2156 3020; x_wconf 89' lang='lat' dir='ltr'>puro</span> <span class='ocrx_word' id='word_1_347' title='bbox 2201 2947 2397 3019; x_wconf 84' lang='lat' dir='ltr'>major</span> <span class='ocrx_word' id='word_1_348' title='bbox 2437 2961 2549 3020; x_wconf 89' lang='lat' dir='ltr'>pro</span> <span class='ocrx_word' id='word_1_349' title='bbox 2596 2947 2843 3007; x_wconf 87' lang='lat' dir='ltr'>homine</span> 
     </span>
     <span class='ocr_line' id='line_1_39' title="bbox 408 3014 2845 3102; baseline 0 -26"><span class='ocrx_word' id='word_1_350' title='bbox 408 3016 776 3095; x_wconf 39' lang='lat' dir='ltr'>satis-faceret</span> <span class='ocrx_word' id='word_1_351' title='bbox 828 3014 1138 3095; x_wconf 71' lang='lat' dir='ltr'>sufficiens</span> <span class='ocrx_word' id='word_1_352' title='bbox 1165 3016 1395 3074; x_wconf 85' lang='lat' dir='ltr'>videtur</span> <span class='ocrx_word' id='word_1_353' title='bbox 1421 3016 1609 3075; x_wconf 83' lang='lat' dir='ltr'>fuisse</span> <span class='ocrx_word' id='word_1_354' title='bbox 1643 3017 1696 3075; x_wconf 91' lang='lat' dir='ltr'>si</span> <span class='ocrx_word' id='word_1_355' title='bbox 1737 3019 2012 3092; x_wconf 81' lang='lat' dir='ltr'>angeluS,</span> <span class='ocrx_word' id='word_1_356' title='bbox 2040 3032 2222 3076; x_wconf 85' lang='lat' dir='ltr'>carne</span> <span class='ocrx_word' id='word_1_357' title='bbox 2266 3023 2602 3102; x_wconf 86' lang='lat' dir='ltr'>assumpta,</span> <span class='ocrx_word' id='word_1_358' title='bbox 2631 3018 2845 3090; x_wconf 86' lang='lat' dir='ltr'>hujus-</span> 
     </span>
     <span class='ocr_line' id='line_1_40' title="bbox 406 3056 2846 3214; baseline 0.002 -73"><span class='ocrx_word' id='word_1_359' title='bbox 406 3056 1113 3214; x_wconf 53' lang='lat' dir='ltr'>ffiffinssatffifacnmem’</span> <span class='ocrx_word' id='word_1_360' title='bbox 1156 3085 1484 3159; x_wconf 88' lang='lat' dir='ltr'>implesset,</span> <span class='ocrx_word' id='word_1_361' title='bbox 1537 3100 1721 3160; x_wconf 90' lang='lat' dir='ltr'>quum</span> <span class='ocrx_word' id='word_1_362' title='bbox 1766 3089 2020 3162; x_wconf 87' lang='lat' dir='ltr'>angelus</span> <span class='ocrx_word' id='word_1_363' title='bbox 2066 3090 2414 3148; x_wconf 85' lang='lat' dir='ltr'>naturaliter</span> <span class='ocrx_word' id='word_1_364' title='bbox 2450 3094 2529 3148; x_wconf 90' lang='lat' dir='ltr'>s1t</span> <span class='ocrx_word' id='word_1_365' title='bbox 2571 3089 2846 3161; x_wconf 81' lang='lat' dir='ltr'>superior</span> 
     </span>
    </p>

    <p class='ocr_par' dir='ltr' id='par_1_14' title="bbox 402 3228 2845 3496">
     <span class='ocr_line' id='line_1_41' title="bbox 475 3228 2845 3307; baseline 0.003 -24"><span class='ocrx_word' id='word_1_366' title='bbox 475 3228 764 3288; x_wconf 71' lang='lat' dir='ltr'>Praeterea,</span> <span class='ocrx_word' id='word_1_367' title='bbox 796 3230 1104 3307; x_wconf 77' lang='lat' dir='ltr'>peccatum</span> <span class='ocrx_word' id='word_1_368' title='bbox 1133 3240 1255 3285; x_wconf 90' lang='lat' dir='ltr'>non</span> <span class='ocrx_word' id='word_1_369' title='bbox 1284 3228 1553 3298; x_wconf 82' lang='lat' dir='ltr'>expiatur</span> <span class='ocrx_word' id='word_1_370' title='bbox 1620 3232 1843 3298; x_wconf 76' lang='lat' dir='ltr'>eccam,</span> <span class='ocrx_word' id='word_1_371' title='bbox 1875 3230 1981 3287; x_wconf 91' lang='lat' dir='ltr'>sed</span> <span class='ocrx_word' id='word_1_372' title='bbox 2027 3230 2219 3302; x_wconf 85' lang='lat' dir='ltr'>magis</span> <span class='ocrx_word' id='word_1_373' title='bbox 2250 3233 2528 3304; x_wconf 84' lang='lat' dir='ltr'>augetur.</span> <span class='ocrx_word' id='word_1_374' title='bbox 2566 3230 2630 3288; x_wconf 88' lang='lat' dir='ltr'>Si</span> <span class='ocrx_word' id='word_1_375' title='bbox 2658 3231 2845 3302; x_wconf 80' lang='lat' dir='ltr'>igitur</span> 
     </span>
     <span class='ocr_line' id='line_1_42' title="bbox 404 3296 2840 3372; baseline 0.003 -20"><span class='ocrx_word' id='word_1_376' title='bbox 404 3306 515 3369; x_wconf 83' lang='lat' dir='ltr'>per</span> <span class='ocrx_word' id='word_1_377' title='bbox 537 3302 786 3353; x_wconf 87' lang='lat' dir='ltr'>mortem</span> <span class='ocrx_word' id='word_1_378' title='bbox 818 3296 1087 3354; x_wconf 85' lang='lat' dir='ltr'>Christus</span> <span class='ocrx_word' id='word_1_379' title='bbox 1116 3298 1458 3356; x_wconf 79' lang='lat' dir='ltr'>satisfacere</span> <span class='ocrx_word' id='word_1_380' title='bbox 1506 3298 1579 3355; x_wconf 90' lang='lat' dir='ltr'>de</span> <span class='ocrx_word' id='word_1_381' title='bbox 1625 3299 1728 3361; x_wconf 87' lang='lat' dir='ltr'>uit,</span> <span class='ocrx_word' id='word_1_382' title='bbox 1775 3298 1915 3358; x_wconf 89' lang='lat' dir='ltr'>talis</span> <span class='ocrx_word' id='word_1_383' title='bbox 1958 3300 2161 3358; x_wconf 88' lang='lat' dir='ltr'>debuit</span> <span class='ocrx_word' id='word_1_384' title='bbox 2199 3300 2331 3372; x_wconf 86' lang='lat' dir='ltr'>ejus</span> <span class='ocrx_word' id='word_1_385' title='bbox 2378 3313 2545 3359; x_wconf 89' lang='lat' dir='ltr'>mors</span> <span class='ocrx_word' id='word_1_386' title='bbox 2591 3314 2727 3359; x_wconf 87' lang='lat' dir='ltr'>esse</span> <span class='ocrx_word' id='word_1_387' title='bbox 2774 3302 2840 3360; x_wconf 88' lang='lat' dir='ltr'>in</span> 
     </span>
     <span class='ocr_line' id='line_1_43' title="bbox 402 3367 2836 3496; baseline 0.003 -73"><span class='ocrx_word' id='word_1_388' title='bbox 402 3367 759 3496; x_wconf 52' lang='lat' dir='ltr'>¹(ggiatnullus</span> <span class='ocrx_word' id='word_1_389' title='bbox 787 3370 1076 3438; x_wconf 84' lang='lat' dir='ltr'>peccaret,</span> <span class='ocrx_word' id='word_1_390' title='bbox 1109 3371 1175 3423; x_wconf 87' lang='lat' dir='ltr'>ut</span> <span class='ocrx_word' id='word_1_391' title='bbox 1204 3368 1431 3426; x_wconf 87' lang='lat' dir='ltr'>scilicet</span> <span class='ocrx_word' id='word_1_392' title='bbox 1470 3382 1597 3427; x_wconf 89' lang='lat' dir='ltr'>non</span> <span class='ocrx_word' id='word_1_393' title='bbox 1638 3370 1900 3427; x_wconf 80' lang='lat' dir='ltr'>violenta</span> <span class='ocrx_word' id='word_1_394' title='bbox 1942 3374 2155 3439; x_wconf 87' lang='lat' dir='ltr'>morte,</span> <span class='ocrx_word' id='word_1_395' title='bbox 2184 3370 2289 3429; x_wconf 92' lang='lat' dir='ltr'>sed</span> <span class='ocrx_word' id='word_1_396' title='bbox 2330 3371 2681 3429; x_wconf 83' lang='lat' dir='ltr'>naturaliter</span> <span class='ocrx_word' id='word_1_397' title='bbox 2706 3384 2836 3430; x_wconf 86' lang='lat' dir='ltr'>mo·</span> 
     </span>
    </p>

    <p class='ocr_par' dir='ltr' id='par_1_15' title="bbox 472 3450 656 3495">
     <span class='ocr_line' id='line_1_44' title="bbox 472 3450 656 3495; baseline 0.005 -1"><span class='ocrx_word' id='word_1_398' title='bbox 472 3451 536 3494; x_wconf 88' lang='lat' dir='ltr'>re</span> <span class='ocrx_word' id='word_1_399' title='bbox 563 3450 656 3495; x_wconf 88' lang='lat' dir='ltr'>ur.</span> 
     </span>
    </p>

    <p class='ocr_par' dir='ltr' id='par_1_16' title="bbox 404 3507 2839 3708">
     <span class='ocr_line' id='line_1_45' title="bbox 475 3507 2839 3587; baseline 0.004 -23"><span class='ocrx_word' id='word_1_400' title='bbox 475 3508 710 3574; x_wconf 71' lang='lat' dir='ltr'>Adhuc,</span> <span class='ocrx_word' id='word_1_401' title='bbox 775 3507 828 3566; x_wconf 85' lang='lat' dir='ltr'>si</span> <span class='ocrx_word' id='word_1_402' title='bbox 878 3519 986 3587; x_wconf 79' lang='lat' dir='ltr'>pro</span> <span class='ocrx_word' id='word_1_403' title='bbox 1039 3508 1298 3578; x_wconf 78' lang='lat' dir='ltr'>peccans</span> <span class='ocrx_word' id='word_1_404' title='bbox 1346 3509 1661 3568; x_wconf 88' lang='lat' dir='ltr'>hominum</span> <span class='ocrx_word' id='word_1_405' title='bbox 1717 3510 2017 3570; x_wconf 82' lang='lat' dir='ltr'>Christum</span> <span class='ocrx_word' id='word_1_406' title='bbox 2078 3511 2234 3570; x_wconf 88' lang='lat' dir='ltr'>mori</span> <span class='ocrx_word' id='word_1_407' title='bbox 2286 3512 2553 3584; x_wconf 86' lang='lat' dir='ltr'>oportuit</span> <span class='ocrx_word' id='word_1_408' title='bbox 2576 3555 2592 3583; x_wconf 94' lang='lat'>,</span> <span class='ocrx_word' id='word_1_409' title='bbox 2655 3524 2839 3586; x_wconf 80' lang='lat' dir='ltr'>quum</span> 
     </span>
     <span class='ocr_line' id='line_1_46' title="bbox 404 3574 2834 3708; baseline 0.003 -74"><span class='ocrx_word' id='word_1_410' title='bbox 404 3574 748 3708; x_wconf 48' lang='lat' dir='ltr'>affluenter</span> <span class='ocrx_word' id='word_1_411' title='bbox 819 3575 1098 3636; x_wconf 87' lang='lat' dir='ltr'>hommes</span> <span class='ocrx_word' id='word_1_412' title='bbox 1169 3586 1412 3650; x_wconf 81' lang='lat' dir='ltr'>peccent</span> <span class='ocrx_word' id='word_1_413' title='bbox 1433 3622 1452 3650; x_wconf 89' lang='lat'>,</span> <span class='ocrx_word' id='word_1_414' title='bbox 1526 3582 1891 3652; x_wconf 86' lang='lat' dir='ltr'>oportuisset</span> <span class='ocrx_word' id='word_1_415' title='bbox 1967 3595 2104 3639; x_wconf 91' lang='lat' dir='ltr'>eum</span> <span class='ocrx_word' id='word_1_416' title='bbox 2171 3579 2511 3655; x_wconf 80' lang='lat' dir='ltr'>frequenter</span> <span class='ocrx_word' id='word_1_417' title='bbox 2584 3590 2834 3641; x_wconf 64' lang='lat' dir='ltr'>mortem</span> 
     </span>
    </p>

    <p class='ocr_par' dir='ltr' id='par_1_17' title="bbox 526 3662 633 3707">
     <span class='ocr_line' id='line_1_47' title="bbox 526 3662 633 3707; baseline 0.028 -3"><span class='ocrx_word' id='word_1_418' title='bbox 526 3662 633 3707; x_wconf 80' lang='lat' dir='ltr'>ire.</span> 
     </span>
    </p>

    <p class='ocr_par' dir='ltr' id='par_1_18' title="bbox 402 3718 2837 3984">
     <span class='ocr_line' id='line_1_48' title="bbox 474 3718 2837 3804; baseline 0.002 -27"><span class='ocrx_word' id='word_1_419' title='bbox 474 3718 535 3777; x_wconf 91' lang='lat' dir='ltr'>Si</span> <span class='ocrx_word' id='word_1_420' title='bbox 609 3718 744 3799; x_wconf 77' lang='lat' dir='ltr'>quis</span> <span class='ocrx_word' id='word_1_421' title='bbox 808 3722 1005 3799; x_wconf 80' lang='lat' dir='ltr'>autem</span> <span class='ocrx_word' id='word_1_422' title='bbox 1065 3718 1220 3800; x_wconf 73' lang='lat' dir='ltr'>dicat</span> <span class='ocrx_word' id='word_1_423' title='bbox 1268 3721 1426 3792; x_wconf 89' lang='lat' dir='ltr'>quod</span> <span class='ocrx_word' id='word_1_424' title='bbox 1480 3721 1816 3804; x_wconf 83' lang='lat' dir='ltr'>specialiter</span> <span class='ocrx_word' id='word_1_425' title='bbox 1865 3725 2106 3795; x_wconf 79' lang='lat' dir='ltr'>propter</span> <span class='ocrx_word' id='word_1_426' title='bbox 2160 3729 2470 3795; x_wconf 85' lang='lat' dir='ltr'>peccatum</span> <span class='ocrx_word' id='word_1_427' title='bbox 2539 3724 2837 3797; x_wconf 74' lang='lat' dir='ltr'>originale</span> 
     </span>
     <span class='ocr_line' id='line_1_49' title="bbox 402 3787 2835 3870; baseline 0.003 -25"><span class='ocrx_word' id='word_1_428' title='bbox 402 3799 813 3848; x_wconf 76' lang='lat' dir='ltr'>necessarlum</span> <span class='ocrx_word' id='word_1_429' title='bbox 857 3789 980 3870; x_wconf 44' lang='lat' dir='ltr'>suit·</span> <span class='ocrx_word' id='word_1_430' title='bbox 1017 3787 1316 3848; x_wconf 79' lang='lat' dir='ltr'>Christum</span> <span class='ocrx_word' id='word_1_431' title='bbox 1378 3805 1545 3850; x_wconf 75' lang='lat' dir='ltr'>nasci</span> <span class='ocrx_word' id='word_1_432' title='bbox 1600 3798 1658 3850; x_wconf 88' lang='lat' dir='ltr'>et</span> <span class='ocrx_word' id='word_1_433' title='bbox 1700 3792 1818 3864; x_wconf 82' lang='lat' dir='ltr'>pati</span> <span class='ocrx_word' id='word_1_434' title='bbox 1850 3792 2056 3865; x_wconf 86' lang='lat' dir='ltr'>(quod</span> <span class='ocrx_word' id='word_1_435' title='bbox 2105 3793 2346 3866; x_wconf 90' lang='lat' dir='ltr'>quidem</span> <span class='ocrx_word' id='word_1_436' title='bbox 2411 3800 2602 3854; x_wconf 87' lang='lat' dir='ltr'>totam</span> <span class='ocrx_word' id='word_1_437' title='bbox 2666 3799 2835 3852; x_wconf 80' lang='lat' dir='ltr'>natu·</span> 
     </span>
     <span class='ocr_line' id='line_1_50' title="bbox 403 3859 2833 3984; baseline 0.003 -68"><span class='ocrx_word' id='word_1_438' title='bbox 403 3869 558 3984; x_wconf 37' lang='lat'>&amp;311</span> <span class='ocrx_word' id='word_1_439' title='bbox 591 3861 911 3917; x_wconf 78' lang='lat' dir='ltr'>humanam</span> <span class='ocrx_word' id='word_1_440' title='bbox 963 3859 1246 3918; x_wconf 78' lang='lat' dir='ltr'>infecerat</span> <span class='ocrx_word' id='word_1_441' title='bbox 1306 3861 1549 3920; x_wconf 87' lang='lat' dir='ltr'>homine</span> <span class='ocrx_word' id='word_1_442' title='bbox 1610 3863 1803 3935; x_wconf 90' lang='lat' dir='ltr'>primo</span> <span class='ocrx_word' id='word_1_443' title='bbox 1860 3862 2224 3937; x_wconf 81' lang='lat' dir='ltr'>peccante),</span> <span class='ocrx_word' id='word_1_444' title='bbox 2280 3864 2396 3925; x_wconf 85' lang='grc'><strong>1100</strong></span> <span class='ocrx_word' id='word_1_445' title='bbox 2455 3867 2833 3939; x_wconf 65' lang='lat' dir='ltr'>impossibile</span> 
     </span>
    </p>

    <p class='ocr_par' dir='ltr' id='par_1_19' title="bbox 505 3943 654 3985">
     <span class='ocr_line' id='line_1_51' title="bbox 505 3943 654 3985; baseline 0.013 -2"><span class='ocrx_word' id='word_1_446' title='bbox 505 3943 534 3983; x_wconf 90' lang='lat' dir='ltr'>e</span> <span class='ocrx_word' id='word_1_447' title='bbox 566 3943 654 3985; x_wconf 87' lang='lat' dir='ltr'>ur.</span> 
     </span>
    </p>

    <p class='ocr_par' dir='ltr' id='par_1_20' title="bbox 402 3997 2831 4275">
     <span class='ocr_line' id='line_1_52' title="bbox 445 3997 2831 4079; baseline 0.004 -26"><span class='ocrx_word' id='word_1_448' title='bbox 445 3997 534 4076; x_wconf 45' lang='lat' dir='ltr'>,Si</span> <span class='ocrx_word' id='word_1_449' title='bbox 584 4000 742 4058; x_wconf 89' lang='lat' dir='ltr'>enim</span> <span class='ocrx_word' id='word_1_450' title='bbox 792 4000 894 4057; x_wconf 88' lang='lat' dir='ltr'>alii</span> <span class='ocrx_word' id='word_1_451' title='bbox 935 3997 1211 4059; x_wconf 83' lang='lat' dir='ltr'>homines</span> <span class='ocrx_word' id='word_1_452' title='bbox 1256 4001 1330 4060; x_wconf 82' lang='lat' dir='ltr'>ad</span> <span class='ocrx_word' id='word_1_453' title='bbox 1377 4002 1865 4061; x_wconf 86' lang='lat' dir='ltr'>satisfaciendum</span> <span class='ocrx_word' id='word_1_454' title='bbox 1896 4016 2003 4075; x_wconf 88' lang='lat' dir='ltr'>pro</span> <span class='ocrx_word' id='word_1_455' title='bbox 2031 4008 2278 4074; x_wconf 82' lang='lat' dir='ltr'>peccato</span> <span class='ocrx_word' id='word_1_456' title='bbox 2328 4005 2615 4079; x_wconf 84' lang='lat' dir='ltr'>originali</span> <span class='ocrx_word' id='word_1_457' title='bbox 2665 4005 2831 4065; x_wconf 75' lang='lat' dir='ltr'>susti·</span> 
     </span>
     <span class='ocr_line' id='line_1_53' title="bbox 404 4072 2829 4150; baseline 0.004 -26"><span class='ocrx_word' id='word_1_458' title='bbox 404 4072 630 4147; x_wconf 76' lang='lat' dir='ltr'>mentes</span> <span class='ocrx_word' id='word_1_459' title='bbox 652 4084 781 4150; x_wconf 28' lang='lat' dir='ltr'>‘non</span> <span class='ocrx_word' id='word_1_460' title='bbox 812 4077 972 4139; x_wconf 90' lang='lat' dir='ltr'>sunt,</span> <span class='ocrx_word' id='word_1_461' title='bbox 1002 4085 1113 4129; x_wconf 89' lang='lat' dir='ltr'>nec</span> <span class='ocrx_word' id='word_1_462' title='bbox 1139 4085 1303 4130; x_wconf 89' lang='lat' dir='ltr'>mors</span> <span class='ocrx_word' id='word_1_463' title='bbox 1333 4072 1551 4130; x_wconf 87' lang='lat' dir='ltr'>Christi</span> <span class='ocrx_word' id='word_1_464' title='bbox 1577 4087 1682 4144; x_wconf 91' lang='lat' dir='ltr'>pro</span> <span class='ocrx_word' id='word_1_465' title='bbox 1751 4074 1969 4131; x_wconf 85' lang='lat' dir='ltr'>eccatis</span> <span class='ocrx_word' id='word_1_466' title='bbox 1998 4074 2247 4132; x_wconf 87' lang='lat' dir='ltr'>humani</span> <span class='ocrx_word' id='word_1_467' title='bbox 2278 4078 2527 4147; x_wconf 87' lang='lat' dir='ltr'>generis</span> <span class='ocrx_word' id='word_1_468' title='bbox 2558 4077 2829 4135; x_wconf 75' lang='lat' dir='ltr'>satisfac-</span> 
     </span>
     <span class='ocr_line' id='line_1_54' title="bbox 402 4137 2826 4223; baseline 0.005 -32"><span class='ocrx_word' id='word_1_469' title='bbox 402 4137 557 4193; x_wconf 85' lang='lat' dir='ltr'>tona</span> <span class='ocrx_word' id='word_1_470' title='bbox 583 4139 767 4197; x_wconf 83' lang='lat' dir='ltr'>fuisse</span> <span class='ocrx_word' id='word_1_471' title='bbox 797 4142 1047 4212; x_wconf 84' lang='lat' dir='ltr'>videtur,</span> <span class='ocrx_word' id='word_1_472' title='bbox 1078 4142 1220 4223; x_wconf 80' lang='lat' dir='ltr'>quia</span> <span class='ocrx_word' id='word_1_473' title='bbox 1246 4145 1304 4199; x_wconf 90' lang='lat' dir='ltr'>et</span> <span class='ocrx_word' id='word_1_474' title='bbox 1346 4157 1475 4215; x_wconf 81' lang='lat' dir='ltr'>ipse</span> <span class='ocrx_word' id='word_1_475' title='bbox 1518 4158 1700 4201; x_wconf 89' lang='lat' dir='ltr'>secun</span> <span class='ocrx_word' id='word_1_476' title='bbox 1752 4159 1851 4220; x_wconf 44' lang='lat' dir='ltr'>um¹</span> <span class='ocrx_word' id='word_1_477' title='bbox 1889 4144 2213 4203; x_wconf 86' lang='lat' dir='ltr'>humanam</span> <span class='ocrx_word' id='word_1_478' title='bbox 2242 4152 2521 4205; x_wconf 84' lang='lat' dir='ltr'>naturam</span> <span class='ocrx_word' id='word_1_479' title='bbox 2552 4152 2826 4208; x_wconf 86' lang='lat' dir='ltr'>mortuus</span> 
     </span>
     <span class='ocr_line' id='line_1_55' title="bbox 403 4210 1338 4275; baseline 0.005 -11"><span class='ocrx_word' id='word_1_480' title='bbox 403 4210 517 4275; x_wconf 88' lang='lat' dir='ltr'>est,</span> <span class='ocrx_word' id='word_1_481' title='bbox 550 4219 668 4264; x_wconf 88' lang='lat' dir='ltr'>non</span> <span class='ocrx_word' id='word_1_482' title='bbox 698 4211 1031 4269; x_wconf 88' lang='lat' dir='ltr'>secundum</span> <span class='ocrx_word' id='word_1_483' title='bbox 1057 4211 1338 4271; x_wconf 75' lang='lat' dir='ltr'>divinam.</span> 
     </span>
    </p>

    <p class='ocr_par' dir='ltr' id='par_1_21' title="bbox 402 4278 2823 4497">
     <span class='ocr_line' id='line_1_56' title="bbox 443 4278 2823 4359; baseline 0.004 -24"><span class='ocrx_word' id='word_1_484' title='bbox 443 4278 771 4359; x_wconf 43' lang='lat' dir='ltr'>‚Praei-ea,</span> <span class='ocrx_word' id='word_1_485' title='bbox 804 4281 856 4337; x_wconf 90' lang='lat' dir='ltr'>si</span> <span class='ocrx_word' id='word_1_486' title='bbox 902 4280 1171 4341; x_wconf 85' lang='lat' dir='ltr'>Christus</span> <span class='ocrx_word' id='word_1_487' title='bbox 1258 4297 1324 4341; x_wconf 91' lang='lat' dir='ltr'>ro</span> <span class='ocrx_word' id='word_1_488' title='bbox 1351 4285 1613 4355; x_wconf 80' lang='lat' dir='ltr'>peccatis</span> <span class='ocrx_word' id='word_1_489' title='bbox 1641 4284 1889 4343; x_wconf 85' lang='lat' dir='ltr'>humani</span> <span class='ocrx_word' id='word_1_490' title='bbox 1918 4285 2160 4359; x_wconf 86' lang='lat' dir='ltr'>generis</span> <span class='ocrx_word' id='word_1_491' title='bbox 2189 4285 2567 4346; x_wconf 81' lang='lat' dir='ltr'>sufficienter</span> <span class='ocrx_word' id='word_1_492' title='bbox 2596 4288 2823 4348; x_wconf 81' lang='lat' dir='ltr'>satisfe-</span> 
     </span>
     <span class='ocr_line' id='line_1_57' title="bbox 403 4352 2818 4436; baseline 0.004 -29"><span class='ocrx_word' id='word_1_493' title='bbox 403 4353 506 4419; x_wconf 79' lang='lat' dir='ltr'>cit,</span> <span class='ocrx_word' id='word_1_494' title='bbox 536 4356 820 4419; x_wconf 78' lang='lat' dir='ltr'>anustum</span> <span class='ocrx_word' id='word_1_495' title='bbox 849 4352 1081 4435; x_wconf 74' lang='lat' dir='ltr'>videtur</span> <span class='ocrx_word' id='word_1_496' title='bbox 1101 4353 1202 4425; x_wconf 86' lang='lat' dir='ltr'>qui</span> <span class='ocrx_word' id='word_1_497' title='bbox 1246 4368 1338 4412; x_wconf 89' lang='lat' dir='ltr'>em</span> <span class='ocrx_word' id='word_1_498' title='bbox 1372 4368 1508 4412; x_wconf 88' lang='lat' dir='ltr'>esse</span> <span class='ocrx_word' id='word_1_499' title='bbox 1535 4356 1695 4436; x_wconf 85' lang='lat' dir='ltr'>quod</span> <span class='ocrx_word' id='word_1_500' title='bbox 1726 4355 2004 4414; x_wconf 87' lang='lat' dir='ltr'>homines</span> <span class='ocrx_word' id='word_1_501' title='bbox 2032 4356 2226 4415; x_wconf 89' lang='lat' dir='ltr'>adhuc</span> <span class='ocrx_word' id='word_1_502' title='bbox 2255 4371 2469 4429; x_wconf 86' lang='lat' dir='ltr'>poenas</span> <span class='ocrx_word' id='word_1_503' title='bbox 2500 4360 2818 4436; x_wconf 84' lang='lat' dir='ltr'>patiantur,</span> 
     </span>
     <span class='ocr_line' id='line_1_58' title="bbox 402 4423 2468 4497; baseline 0.005 -19"><span class='ocrx_word' id='word_1_504' title='bbox 402 4432 554 4493; x_wconf 84' lang='lat' dir='ltr'>quas</span> <span class='ocrx_word' id='word_1_505' title='bbox 585 4433 692 4491; x_wconf 89' lang='lat' dir='ltr'>pro</span> <span class='ocrx_word' id='word_1_506' title='bbox 721 4427 965 4491; x_wconf 86' lang='lat' dir='ltr'>peccato</span> <span class='ocrx_word' id='word_1_507' title='bbox 995 4423 1194 4483; x_wconf 80' lang='lat' dir='ltr'>divina</span> <span class='ocrx_word' id='word_1_508' title='bbox 1218 4424 1518 4497; x_wconf 84' lang='lat' dir='ltr'>Scriptura</span> <span class='ocrx_word' id='word_1_509' title='bbox 1544 4427 1819 4485; x_wconf 81' lang='lat' dir='ltr'>inductas</span> <span class='ocrx_word' id='word_1_510' title='bbox 1846 4440 1987 4486; x_wconf 87' lang='lat' dir='ltr'>esse</span> <span class='ocrx_word' id='word_1_511' title='bbox 2008 4433 2468 4489; x_wconf 80' lang='lat' dir='ltr'>commemorat.</span> 
     </span>
    </p>
   </div>
   <div class='ocr_carea' id='block_1_3' title="bbox 3020 13 3037 4855">
    <p class='ocr_par' dir='ltr' id='par_1_22' title="bbox 3020 13 3037 4855">
     <span class='ocr_line' id='line_1_59' title="bbox 3020 13 3037 4855; baseline 0 0"><span class='ocrx_word' id='word_1_512' title='bbox 3020 13 3037 4855; x_wconf 95' lang='lat' dir='ltr'> </span> 
     </span>
    </p>
   </div>
  </div>
 </body>
</html>
