3076 5025
373 269 476 326 334
1270 265 1403 320 Lm.
1444 264 1541 324 111.
1583 264 1735 319 CAP.
1776 262 1905 318 th.

371 403 604 456 sumus,
634 388 841 448 omnia
857 387 1186 446 secundum
1217 390 1414 443 actum
1442 384 1738 442 videntur.
1779 387 1910 441 Non
1944 396 2086 458 ergo
2116 396 2300 443 unum
2334 382 2499 455 prius
2550 390 2608 441 et
2636 382 2799 443 aliud

415 461 696 520 osterius.

373 476 411 534 p
441 531 658 600 Adhuc,
684 543 1057 602 unaquaeque
1086 541 1204 596 reS‚
1237 540 1373 583 cum
1401 525 1732 596 pervenerit
1767 525 1839 582 ad
1870 538 2049 582 suum
2090 524 2364 584 ultimum
2390 524 2593 594 finem,
2624 526 2791 598 quie-

372 602 506 670 scit,
537 615 671 658 cum
699 601 898 659 omnis
941 603 1141 656 motus
1170 598 1249 654 sit
1276 597 1350 654 ad
1379 595 1808 669 acquirendum
1852 595 2051 653 finem.
2101 596 2356 653 Ultimus
2405 601 2603 652 autem
2652 594 2792 653 finis

370 673 711 732 intellectus
739 676 831 728 est
856 670 1011 727 visio
1038 668 1254 726 divinae
1282 666 1653 736 substantiae,
1694 672 1756 722 ut
1795 680 1977 737 supra
2003 664 2151 738 (cap.
2198 666 2290 738 25)
2322 671 2633 747 ostensum
2682 671 2795 747 est.

372 742 712 801 Intellectus
739 741 925 812 igitur
951 739 1212 797 divinam
1242 737 1639 796 substantiam
1665 736 1873 794 videns
1900 744 2019 794 non
2041 743 2311 794 movetur
2329 737 2400 793 de
2435 750 2553 794 uno
2583 738 2796 794 mtelli-

374 813 542 887 gibili
572 812 635 868 in
665 811 847 869 aliud.
882 809 1094 867 Omnia
1120 809 1305 882 igitur
1331 823 1464 882 quae
1486 822 1595 880 per
1622 807 1777 866 hanc
1791 807 2088 865 visionem
2105 807 2439 880 cognoscit,
2464 807 2797 866 simulacta

377 883 735 942 considerat.

443 954 716 1022 Amplius,
748 951 812 1008 in
841 950 1042 1008 divina
1070 950 1406 1012 substantia
1431 949 1769 1007 intellectus
1813 962 2023 1007 omnes
2064 963 2261 1006 rerum
2309 949 2542 1019 species
2580 962 2804 1021 cogno·

378 1023 512 1090 scit,
547 1028 609 1079 ut
637 1037 706 1079 ex
729 1021 905 1079 dictis
933 1020 1083 1093 (cap.
1118 1020 1206 1092 59)
1232 1025 1409 1092 patet.
1442 1019 1845 1089 Quorumdam
1873 1024 2067 1078 autem
2091 1033 2377 1093 generum
2403 1024 2545 1077 sunt
2573 1019 2807 1100 species

377 1092 649 1161 infinitae,
683 1093 840 1150 sicut
864 1104 1248 1149 numerorum
1278 1096 1337 1148 et
1369 1090 1695 1162 figurarum
1728 1095 1784 1146 et
1810 1088 2287 1170 proportionum.
2323 1090 2664 1171 Intellectus
2696 1104 2805 1162 igi-

376 1169 474 1222 tur
496 1163 558 1219 in
589 1163 790 1220 divina
817 1162 1156 1220 substantia
1179 1162 1341 1219 videt
1368 1161 1621 1219 infinita.
1651 1164 1787 1218 Non
1814 1168 2013 1218 autem
2033 1174 2238 1218 omnia
2276 1174 2346 1217 ea
2375 1159 2571 1217 videre
2603 1164 2811 1232 posset

378 1234 498 1294 nisi
528 1233 709 1291 simul
747 1233 1001 1302 videret,
1043 1232 1185 1305 quia
1217 1231 1454 1290 infinita
1501 1245 1625 1289 non
1663 1236 1756 1289 est
1799 1232 2076 1289 transire.
2128 1232 2369 1301 Oportet
2416 1231 2600 1305 igitur
2646 1231 2808 1304 quod

380 1305 584 1362 omnia
609 1316 742 1376 quae
772 1303 1109 1362 intellectus
1134 1304 1196 1359 in
1225 1302 1429 1360 divina
1454 1302 1795 1360 substantia
1819 1302 1998 1370 videt,
2026 1302 2205 1360 simul
2235 1301 2447 1359 videat.

448 1374 598 1432 Hinc
628 1379 718 1431 est
746 1374 904 1446 quod
932 1374 1302 1447 Augustinus
1331 1372 1475 1432 dicit
1502 1373 1565 1430 in
1587 1372 1969 1455 quindecimo
1990 1374 2066 1428 De
2088 1374 2240 1428 Trin.
2275 1370 2365 1443 (ca
2412 1415 2425 1428 .
2456 1371 2545 1444 16)
2576 1388 2590 1428 :
2621 1392 2651 1424 c<
2680 1374 2813 1431 Non

265 1433 271 1440 ”
382 1450 556 1502 erunt
581 1450 723 1502 tunc
748 1444 1043 1502 volubiles
1095 1449 1318 1502 nostrae
1365 1443 1784 1517 cogitationes,
1833 1443 1906 1501 ab
1948 1442 2085 1501 aliis
2129 1448 2187 1499 et
2228 1442 2291 1499 in
2339 1458 2374 1498 a
2401 1442 2457 1498 ia
2499 1448 2711 1500 euntes
2756 1447 2815 1500 et

381 1515 719 1573 redeuntes.
768 1515 882 1572 Sed
911 1528 1149 1573 omnem
1205 1513 1519 1571 scientiam
1571 1518 1840 1572 nostram
1889 1526 2010 1572 uno
2067 1512 2245 1571 simul
2289 1518 2614 1586 conspectu
2658 1513 2818 1571 vide·

381 1585 581 1644 bimus
610 1606 662 1642 n.
696 1583 741 1657 (1
776 1590 951 1658 part„
982 1599 1040 1658 q.
1071 1597 1175 1647 ΧΠ,
1208 1589 1317 1643 art.
1351 1583 1462 1656 10.)

1368 1734 1623 1800 CAPUT
1675 1733 1827 1799 LXI.

609 1911 760 1964 QUOD
797 1912 911 1958 PER
945 1910 1232 1959 vlslom
1262 1912 1362 1958 nm
1397 1911 1631 1964 motus
1660 1911 1755 1957 81¹1*
1778 1909 2091 1957 PARTIOEPS
2119 1912 2275 1959 VITAE
2304 1913 2589 1960 mmm.

459 2077 539 2133 Ex
561 2062 898 2132 hoc‘autem
929 2078 1170 2146 apparet
1211 2075 1370 2147 quod
1391 2088 1496 2145 per
1518 2075 1814 2133 visionem
1840 2073 2181 2146 praedictam
2209 2074 2549 2133 intellectus
2581 2080 2823 2136 creatus

387 2147 521 2204 vitae
550 2149 784 2203 aeternae
812 2143 880 2203 fit
946 2145 1221 2217 articepS.
1256 2148 1319 2202 ln
1351 2145 1465 2202 hoc
1494 2145 1654 2202 enim
1685 2146 1986 2203 aeternitas
2033 2159 2065 2202 a
2096 2150 2359 2217 tempore
2409 2146 2621 2216 differt,
2655 2147 2823 2219 quod

386 2224 621 2287 tempus
670 2216 732 2271 in
775 2229 894 2288 qua
936 2228 1032 2273 am
1076 2216 1463 2273 successione
1506 2215 1685 2274 habet
1736 2229 1871 2274 esse
1905 2234 1917 2271 :
1951 2216 2299 2273 aeternitatis
2353 2231 2494 2275 vero
2539 2230 2671 2274 esse
2722 2223 2825 2276 est

387 2292 575 2345 totum
609 2284 810 2343 simul.
841 2288 968 2342 Jam
998 2291 1193 2343 autem
1229 2287 1537 2344 ostensum
1566 2291 1659 2345 est
1687 2287 1837 2358 (cap.
1870 2284 1958 2412 60)
2002 2287 2159 2358 quod
2194 2288 2254 2343 in
2276 2287 2557 2358 praedicta
2583 2288 2823 2348 visione

389 2370 510 2415 non
541 2362 634 2414 est
662 2356 863 2428 aliqua
891 2358 1221 2425 successio,
1250 2357 1355 2414 sed
1379 2357 1584 2414 omnia
1608 2372 1741 2430 qnae
1765 2370 1869 2429 per
1888 2355 1932 2412 il
1963 2370 2057 2412 am
2086 2356 2381 2428 videntur,
2412 2356 2819 2418 simul'etuno

389 2427 607 2485 intuitu
637 2427 933 2484 videntur.
966 2426 1073 2484 Illa
1101 2440 1245 2499 ergo
1264 2427 1420 2485 visio
1448 2429 1509 2484 in
1541 2428 1796 2501 quadam
1832 2427 2179 2507 aeternitatis
2210 2428 2663 2500 participatione
2693 2444 2825 2500 per·

388 2497 602 2556 ficitur.
637 2499 738 2556 Est
764 2504 961 2556 autem
992 2497 1097 2555 illa
1114 2498 1270 2556 visio
1296 2498 1568 2570 quaedam
1602 2499 1740 2558 vita.
1773 2497 1939 2556 Actio
1969 2511 2126 2554 emm
2179 2498 2516 2557 intellectus
2565 2506 2657 2558 est
2696 2500 2825 2560 vita

389 2567 679 2695 quagdam.
712 2568 801 2626 Fit
828 2582 970 2641 ergo
1012 2583 1118 2640 per
1160 2569 1326 2627 illam
1382 2570 1680 2627 visionem
1725 2569 2066 2627 intellectus
2114 2577 2349 2627 creatus
2395 2571 2529 2629 vitae
2581 2575 2818 2629 aeternae

467 2654 494 2695 r
520 2653 609 2696 1ce
652 2650 704 2696 s.

387 2652 746 2780 pa1'tem,pper
771 2708 1000 2781 objecta
1021 2714 1189 2768 actus
1219 2709 1657 2782 specificantur.
1686 2710 1990 2783 objectum
2015 2716 2212 2768 autem
2240 2710 2497 2770 visionis
2519 2713 2818 2784 praedictae

390 2786 481 2837 est
509 2780 711 2837 divina
738 2780 1072 2838 substantia
1103 2781 1431 2838 secundum
1479 2781 1761 2852 seipsam,
1813 2794 1937 2839 non
1989 2781 2320 2839 secundum
2370 2784 2635 2855 aliquam
2687 2784 2817 2855 ejus

389 2849 843 2907 similitudinem
872 2856 1151 2919 creatam,
1182 2854 1247 2908 ut
1267 2864 1447 2922 supra
1465 2851 1614 2923 (cap.
1636 2852 1725 2925 51)
1745 2858 2057 2910 ostensum
2078 2856 2187 2910 est.
2208 2854 2351 2911 Esse
2377 2859 2575 2911 autem
2596 2854 2815 2914 divinae

391 2920 740 3000 substantias
770 2920 833 2976 in
863 2920 1186 2979 aeternitate
1216 2927 1326 2983 est,
1355 2924 1445 2980 vel
1477 2923 1670 2994 magis
1701 2928 1793 2980 est
1821 2923 1954 2994 ipsa
1980 2922 2469 2996 aeternitaS:ergo
2494 2925 2653 2983 visio
2671 2940 2819 2997 prae-

394 2990 549 3047 dicta
574 2991 639 3046 in
670 2991 1121 3062 participatione
1152 2992 1498 3050 aeternitatis
1528 2998 1639 3049 est.

458 3061 672 3138 adhuc,
709 3060 761 3118 si
791 3061 991 3134 aliqua
1028 3062 1183 3119 actio
1216 3061 1385 3120 sitin
1414 3068 1699 3135 tempore,
1743 3064 1858 3122 hoc
1888 3064 2000 3121 erit
2024 3062 2118 3122 vel
2160 3069 2403 3136 propter
2445 3065 2811 3138 principium

390 3131 665 3200 actionis,
695 3132 854 3202 quod
881 3137 972 3190 est
999 3132 1061 3188 in
1094 3137 1373 3203 tempore,
1405 3134 1561 3191 sicut
1589 3134 1857 3193 actiones
1886 3147 2085 3192 rerum
2113 3135 2475 3193 naturalium
2503 3141 2644 3194 sunt
2669 3141 2813 3195 tem-

430 3201 644 3269 oraleS,
666 3202 757 3258 vel
785 3209 1024 3274 propter
1051 3203 1416 3274 operationis
1446 3204 1786 3274 terminum,
1820 3205 1975 3263 sicut
2004 3205 2472 3263 substantiarum
2532 3207 2815 3278 spiritua-

414 3271 537 3328 ium
556 3286 688 3344 quae
717 3278 858 3330 sunt
888 3287 1071 3345 supra
1095 3279 1352 3345 tempuS,
1375 3288 1523 3346 quas
1546 3281 1821 3334 exercent
1842 3276 1904 3333 in
1932 3289 2029 3333 res
2048 3277 2300 3346 tempori
2330 3276 2621 3334 subditas.
2643 3278 2815 3335 visio

390 3348 586 3398 autem
616 3343 895 3413 praedicta
925 3357 1046 3401 non
1076 3344 1254 3401 estin
1280 3350 1542 3416 tempore
1575 3361 1647 3403 ex
1671 3353 1832 3417 parte
1864 3346 1992 3417 ejus
2022 3347 2182 3418 quod
2209 3346 2460 3417 videtur,
2510 3361 2650 3405 cum
2695 3348 2814 3405 hoc

390 3412 468 3468 sit
491 3413 826 3493 substantia
848 3418 1086 3482 aeterna,
1119 3427 1310 3487 neque
1342 3430 1414 3472 ex
1441 3421 1605 3488 parte
1647 3418 1777 3488 ejus
1824 3430 1943 3542 3⁰⁰
1984 3416 2236 3486 videtur,
2283 3417 2442 3489 quod
2490 3419 2668 3475 etiam
2719 3423 2815 3477 est
2854 3427 2885 3439 ··

390 3482 725 3562 substantia
751 3489 991 3552 aeterna,
1020 3497 1212 3557 neque
1236 3486 1412 3543 etiam
1441 3501 1514 3543 ex
1556 3493 1719 3557 parte
1764 3487 1819 3543 vi
1867 3487 2040 3550 entis.
2095 3487 2255 3560 quod
2308 3493 2399 3545 est
2443 3488 2811 3558 intellectuS,

389 3566 560 3624 quus
591 3566 724 3610 esse
758 3566 878 3610 non
908 3553 1174 3625 subjacet
1200 3557 1474 3627 tempori,
1505 3572 1641 3614 cum
1666 3558 1744 3614 sit
1770 3557 2260 3629 incorruptibilis,
2294 3562 2565 3629 utsupra
2594 3559 2847 3633 (lih.11‚-

389 3636 515 3703 capt.
545 3623 638 3695 79)
669 3623 979 3694 probatum
1009 3630 1119 3683 est.
1156 3628 1258 3684 Est
1283 3628 1466 3700 igitur
1493 3628 1646 3685 visio
1680 3627 1784 3686 illa
1822 3627 2155 3686 secundum
2192 3629 2540 3687 aeternitatis
2567 3630 2807 3701 partici-
2846 3690 2854 3700 ,

388 3699 711 3764 pauonem,
742 3699 945 3765 utpote
972 3696 1221 3754 omnino
1251 3698 1681 3756 transcendens
1708 3704 1963 3771 tempus.

458 3765 732 3847 Amplius,
764 3766 965 3824 anima
1010 3767 1370 3825 intellectiva
1414 3773 1503 3825 est
1544 3775 1743 3826 creata
1796 3771 1858 3826 in
1911 3770 2175 3827 confinio
2207 3771 2555 3830 aeternitatis
2578 3778 2638 3829 et
2664 3777 2813 3830 tem·

387 3846 574 3905 poris,
608 3841 671 3893 ut
713 3848 774 3892 m
805 3836 958 3895 libro
1003 3840 1082 3893 De
1109 3840 1288 3894 causis
1316 3836 1505 3910 (prop.
1536 3838 1592 3910 2)
1625 3839 1861 3908 dicitur,
1892 3846 1950 3897 et
1978 3857 2049 3898 ex
2077 3841 2407 3911 praemissis
2452 3847 2649 3913 potest
2676 3856 2815 3902 esse

389 3905 793 3975 manifestum,
847 3907 990 3979 quia
1034 3914 1127 3965 est
1181 3909 1390 3966 ultima
1435 3908 1499 3964 in
1558 3910 1766 3968 ordine
1823 3909 2262 3980 intellectuum;
2321 3917 2379 3970 et
2432 3917 2632 3969 tamen
2679 3914 2813 3986 ejus

390 3973 726 4054 substantia
763 3980 856 4034 est
910 3978 1137 4035 elevata
1178 3992 1358 4051 supra
1402 3981 1713 4038 materiam
1761 3982 2151 4055 corporalem,
2184 3995 2304 4040 non
2363 3982 2705 4055 dependens
2735 3982 2810 4042 ab

385 4058 538 4124 ipsa.
571 4047 682 4104 Sed
713 4047 869 4105 actio
908 4048 1058 4120 eine,
1087 4049 1417 4107 secundum
1449 4066 1630 4124 quam
1660 4052 2043 4124 conjungitur
2090 4052 2479 4111 inferioribus
2505 4067 2637 4128 quae
2667 4059 2814 4111 suut

386 4128 450 4171 1n
477 4120 760 4198 tempore,
786 4124 879 4177 est
916 4120 1281 4191 temporalis.
1314 4122 1466 4195 Ergo
1497 4124 1654 4181 actio
1682 4123 1811 4195 ejus
1859 4122 2189 4181 secundum
2219 4137 2398 4195 quam
2426 4124 2815 4197 conjungitur

390 4189 801 4257 supenoribus
830 4204 963 4264 quae
988 4195 1128 4248 sunt
1156 4204 1338 4263 supra
1365 4196 1622 4265 tempus,
1646 4192 2032 4251 aeternitatem
2060 4194 2393 4266 participat.
2421 4193 2578 4252 Talis
2607 4201 2811 4253 autem

389 4259 765 4337 estmaxime
789 4261 944 4319 visio
984 4276 1104 4343 qua
1152 4261 1413 4320 divinam
1468 4264 1864 4322 substantiam
1900 4262 2080 4321 videt.
2113 4266 2264 4337 Ergo
2310 4278 2415 4337 per
2461 4264 2808 4336 hujusmodi

388 4338 682 4408 visionem
725 4329 790 4386 in
817 4331 1268 4403 participatione
1316 4335 1665 4396 aeternitatis
1706 4333 1790 4408 fit,
1821 4338 1882 4395 et
1918 4334 2124 4399 eadem
2166 4335 2397 4399 ratione
2443 4336 2811 4410 quicumque

390 4395 545 4457 alius
570 4399 910 4463 intellectus
933 4408 1173 4463 creatus
1194 4406 1380 4467 Deum
1407 4405 1584 4467 videt.
