3076 5025
1071 273 1206 329 ΠΒ.
1246 273 1345 341 ΠΙ,
1385 273 1538 329 CAP.
1576 273 1738 330 xxn.
2515 278 2614 332 28¹

159 399 522 467 generatur,
564 392 692 451 acci
740 391 785 450 it
824 405 864 451 a
904 398 1232 467 generante
1269 394 1557 452 virtutem
1603 394 1973 464 nutritivam,
2019 395 2103 455 ita
2138 396 2319 454 etiam
2345 397 2626 458 virtutem

157 464 614 538 generativam.
737 469 905 521 ectus
933 464 1121 536 igitur
1147 464 1336 522 tendit
1366 464 1431 523 in
1456 463 1915 524 similitudinem
1943 466 2285 539 agentiS‚ut
2309 472 2627 528 ostensum

158 540 288 608 est,
317 547 448 593 non
475 533 676 594 solum
705 541 998 606 quantum
1024 533 1098 615 ad
1121 535 1391 607 speciem
1418 535 1639 606 ipsius,
1670 535 1790 618 sed·
1823 538 2005 618 eti-am
2049 543 2339 612 quantum
2386 538 2462 619 ad
2508 539 2636 602 hoc.

155 605 341 678 qnod
368 604 466 664 sit·
481 605 738 663 aliorum
768 618 975 664 causa.
1005 604 1104 663 Sic
1134 611 1334 663 autem
1362 605 1619 664 tendunt
1647 620 1747 665 res
1771 620 1838 665 m
1860 607 2319 667 similitudinem
2342 611 2447 667 Dei
2467 610 2625 668 sicut

157 674 434 734 aflectus
461 675 529 734 in
556 676 1019 734 similitudinem
1047 675 1304 749 agentis,
1336 676 1661 758 intendunt
1682 677 1869 751 igitur
1894 692 1995 736 res
2018 679 2371 738 naturaliter
2390 679 2629 738 assimi-

156 747 283 807 lari
317 748 445 805 Deo
473 747 541 805 in
568 746 686 806 hoc
715 746 878 820 quod
907 751 1050 805 sunt
1078 759 1278 806 causae
1307 747 1590 805 aliorum.

233 819 537 884 Praeterea,
566 822 711 875 tunc
738 817 998 876 maxime
1067 818 1354 876 erfectum
1376 821 1471 877 est
1496 817 1969 891 unumquodque
2202 833 2239 879 o
2265 825 2466 893 potest
2483 822 2628 881 alte-

157 893 310 948 rum
339 888 462 947 sihi
486 888 688 947 simile
716 888 942 958 facere;
973 888 1017 946 il
1045 887 1124 946 ud
1154 889 1318 946 enim
1343 889 1600 969 perfecte
1626 888 1786 947 lucet
1808 887 1971 970 quod
1997 903 2032 948 a
2058 890 2118 949 ia
2143 889 2488 952 illuminare
2516 906 2624 974 po·

159 965 314 1030 test.
349 958 835 1032 Unumquodque
863 965 1060 1017 autem
1090 960 1348 1040 tendens
1377 972 1444 1018 ιιι
1472 972 1647 1019 suam
1672 959 2107 1087 Serfecuonem
2142 961 2333 1043 tendit
2374 963 2436 1020 in
2480 962 2629 1045 divi-

161 1043 317 1089 nam
345 1029 830 1088 similitudinem.
859 1032 975 1088 Per
1002 1031 1117 1088 hoc
1143 1031 1329 1103 ignur
1359 1043 1668 1102 unumquo
1711 1043 1827 1102 que
1849 1030 2040 1088 tendit
2070 1044 2134 1089 ιιι
2155 1031 2419 1091 divinam
2453 1047 2624 1092 simi-

159 1100 493 1160 litudinem
523 1099 684 1173 quod
713 1100 971 1160 intendit
991 1101 1249 1159 aliorum
1277 1114 1464 1160 causa
1490 1114 1649 1160 esse.
1679 1100 1836 1169 Quia
1854 1114 1996 1158 vero
2014 1114 2222 1172 causa,
2242 1103 2307 1160 in
2328 1110 2623 1178 quantum

159 1171 549 1245 hujusmodi,
580 1171 861 1243 superior
883 1176 975 1229 est
1004 1179 1275 1237 causato,
1303 1172 1693 1253 manifestum
1717 1176 1813 1229 est
1830 1171 1993 1243 quo’d
2011 1172 2255 1231 tendere
2271 1174 2336 1255 in
2357 1174 2624 1233 divinam

157 1242 636 1371 similitudirzem
660 1256 768 1316 per
793 1242 957 1300 hunc
986 1242 1234 1301 modum
1261 1248 1331 1301 ut
1356 1247 1439 1301 sit
1463 1242 1720 1301 aliorum
1737 1255 1941 1312 causa,
1975 1247 2070 1301 est
2097 1255 2378 1314 superior
2394 1245 2625 1317 perfec·

156 1313 256 1371 tio
286 1313 360 1370 in
386 1314 509 1371 enti
559 1325 650 1371 us.

241 1386 405 1455 item,
437 1384 608 1457 prius
637 1389 732 1442 est
758 1382 1233 1457 unumquodque
1257 1382 1326 1441 in
1348 1397 1415 1441 se
1442 1382 1773 1463 perfectum
1800 1393 1980 1464 quam
2008 1384 2205 1465 possit
2218 1384 2473 1445 alterum
2489 1401 2627 1445 cau·

166 1470 335 1522 sare,
370 1461 440 1514 ut
463 1453 689 1513 dictum
714 1461 827 1511 est.
854 1456 992 1512 Haec
1025 1453 1212 1527 igitur
1237 1454 1525 1525 perfectio
1578 1453 1792 1513 ultimo
1847 1452 2066 1513 accidit
2122 1469 2209 1512 rei
2255 1460 2321 1514 ut
2365 1456 2627 1517 aliorum

162 1540 366 1594 causa
411 1526 653 1584 existat.
702 1525 899 1592 Quum
926 1524 1112 1598 igitur
1137 1538 1244 1597 per
1269 1525 1462 1583 multa
1485 1523 1693 1583 tendat
1718 1537 1818 1582 res
1844 1530 2046 1605 creata
2069 1524 2134 1583 in
2166 1524 2434 1585 divinam
2461 1527 2630 1586 simi·

165 1596 522 1666 litudinem,
549 1597 666 1654 hoc
688 1596 966 1653 ultimum
989 1595 1045 1652 ei
1074 1598 1263 1653 restat
1301 1601 1369 1653 ut
1413 1595 1679 1653 divinam
1727 1595 2183 1654 similitudmem
2238 1603 2467 1669 quaerat
2518 1612 2629 1670 per

164 1667 290 1727 hoc
314 1667 480 1741 quod
503 1665 583 1725 sit
611 1665 870 1726 aliorum
888 1678 1091 1724 causa.
1114 1666 1279 1723 Unde
1307 1665 1636 1739 Dionysius
1665 1665 1811 1723 dicit
1852 1665 1998 1739 (θαι.
2029 1666 2195 1736 hier„
2242 1683 2297 1724 c.
2347 1669 2400 1740 3)
2458 1667 2621 1749 quod

165 1741 414 1794 nmmum
439 1737 686 1794 divinius
707 1742 789 1796 est
806 1739 910 1793 Dei
933 1741 1328 1808 cooperatorem
1349 1739 1513 1808 fiet-2²5
1553 1736 1887 1795 secundum
1912 1736 2074 1810 quod
2091 1738 2419 1810 Apostolus
2443 1737 2623 1800 dicit:

165 1811 272 1867 Dei
293 1821 484 1866 smnus
510 1807 791 1879 adjtdores
819 1807 868 1880 (1
895 1808 1052 1872 Cor„
1081 1820 1172 1878 111,
1198 1806 1276 1881 9).

1150 2025 1407 2093 CAPUT
1440 2023 1634 2095 XXII.

514 2205 792 2261 0110ΠοΒο
826 2205 940 2254 RES
974 2206 1384 2255 mvnsntonn
1412 2207 1483 2255 m
1514 2209 1663 2257 SUOS
1694 2210 1868 2257 meus
1900 2211 2298 2264 onnnumvlt.

247 2371 331 2428 Ex
357 2367 695 2442 praemissis
722 2373 922 2427 autem
948 2370 1337 2431 manifestum
1364 2386 1504 2434 esse
1529 2378 1731 2445 potest
1781 2373 1947 2446 quod
1991 2375 2273 2435 ultimum
2368 2391 2434 2437 er
2459 2377 2624 2450 quod

175 2447 560 2515 unaquaeqne
579 2452 684 2521 ⁸res
714 2438 1028 2521 ordinatur
1054 2441 1131 2499 ad
1153 2440 1333 2501 finem
1361 2448 1456 2502 est
1479 2443 1616 2517 ejus
1643 2445 1936 2518 operatio,
1975 2445 2301 2506 diversimo
2346 2462 2379 2504 e
2420 2452 2627 2508 tamen

175 2509 515 2570 secundum
534 2510 938 2571 diversitatem
969 2514 1364 2583 operationis,

248 2584 394 2640 Nam
419 2580 700 2654 'quaedam
730 2582 997 2653 operatio
1024 2589 1116 2640 est
1156 2584 1348 2664 reiut
1386 2583 1555 2643 aliud
1596 2585 1921 2657 moventiS,
1974 2590 2137 2646 sicut
2179 2587 2511 2649 calefacere
2565 2595 2627 2649 et

177 2665 404 2711 secare.
435 2652 720 2720 Quaedam
744 2662 887 2711 vero
915 2657 1010 2711 est
1037 2661 1304 2725 operatio
1334 2655 1421 2713 rei
1455 2659 1525 2713 ut
1551 2654 1627 2714 ab
1655 2655 1778 2714 alio
1801 2663 2004 2726 motae,
2045 2658 2207 2718 sicut
2254 2656 2517 2718 calefieri
2562 2665 2624 2719 et

178 2723 394 2781 secari.
426 2723 710 2791 Quaedam
737 2736 881 2781 vero
911 2725 1179 2795 operatio
1211 2730 1304 2783 est
1329 2725 1618 2796 perfectio
1660 2726 1967 2797 operantis
2009 2734 2149 2787 actu
2185 2728 2525 2801 existentis,
2556 2730 2621 2789 in

179 2792 346 2852 aliud
369 2793 894 2853 transmutandum
925 2807 1048 2852 non
1075 2795 1352 2875 tendens,
1385 2808 1647 2868 quorum
1669 2796 1867 2868 primo
1909 2795 2111 2857 differt
2147 2811 2187 2858 a
2229 2798 2518 2870 passione
2565 2805 2629 2861 et

181 2869 370 2934 motu,
401 2862 671 2925 secundo
699 2876 841 2921 vero
869 2864 944 2923 ab
972 2870 1208 2923 actione
1237 2867 1698 2925 transmutativa
1722 2867 2040 2926 exterioris
2068 2869 2364 2938 materiem
2415 2869 2627 2929 hu‘us-

181 2934 342 2995 modi
366 2938 567 2993 autem
599 2935 869 3006 operatio
899 2942 991 2995 est
1019 2935 1177 2995 sicut
1198 2936 1390 2995 intelli
1437 2950 1559 3006 ere,
1593 2936 1820 2997 sentire
1848 2944 1909 2997 et
1932 2939 2102 2999 velle.
2135 2939 2304 3000 Unde
2331 2942 2496 3000 mani
2525 2954 2628 3001 es·

182 3008 431 3069 tum·est
455 3004 618 3078 quod
673 3016 745 3064 ea
790 3019 924 3079 quae
954 3008 1269 3067 moventur
1314 3018 1383 3066 ve
1461 3014 1786 3081 operantur
1809 3013 2065 3080 tantum,
2121 3010 2257 3068 sine
2303 3010 2422 3071 hoc
2463 3011 2628 3089 quod

183 3082 459 3134 moveant
479 3077 572 3134 vel
600 3076 844 3149 faciant,
872 3077 1128 3135 tendunt
1152 3078 1215 3137 in
1249 3077 1514 3138 divinam
1560 3079 2021 3139 similitudinem
2048 3088 2338 3155 quantum
2387 3081 2461 3142 ad
2508 3084 2627 3143 hoc

183 3144 341 3227 quod
365 3146 583 3205 sintin
607 3146 828 3216 seipsis
855 3148 1157 3229 perfecta;
1189 3163 1324 3229 qua}
1352 3154 1553 3230 autem
1583 3149 1813 3231 faciunt
1839 3155 1898 3209 et
1925 3157 2188 3216 movent,
2230 3152 2295 3233 in
2332 3160 2625 3225 quantum

186 3216 552 3291 hujusmodl,
573 3217 830 3275 tendunt
863 3232 928 3275 ιιι
963 3218 1226 3277 divinam
1268 3219 1731 3279 similitudinem
1775 3234 1840 3279 ιιι
1882 3221 2000 3283 hoc
2026 3221 2187 3295 quod
2220 3228 2346 3282 sint
2365 3224 2626 3285 aliorum

186 3298 412 3357 causae3
449 3300 583 3360 quae
610 3298 752 3345 vero
781 3302 888 3362 per
929 3289 1044 3349 hoc
1082 3289 1244 3362 quod
1281 3297 1601 3349 moventur
1642 3298 1907 3356 movent,
1952 3292 2210 3351 tendunt
2251 3292 2317 3350 ιιι
2359 3292 2629 3353 divinam

186 3358 639 3417 similitudinem
667 3364 955 3432 quantum
980 3360 1055 3419 ad
1085 3367 1426 3435 utrumque.
1642 3414 1649 3419 .

257 3428 522 3510 Corpora
547 3434 754 3487 autem‘
775 3430 1082 3500 inferiora,
1125 3432 1459 3490 secundum
1501 3430 1664 3505 quod
1701 3437 2020 3491 moventur
2044 3433 2311 3494 motibus
2336 3436 2630 3496 naturali·

188 3497 322 3568 bus,
350 3496 821 3558 considerantur
848 3506 915 3559 ut
935 3506 1100 3565 mota
1127 3507 1381 3571 tantum,
1411 3514 1535 3560 non
1569 3506 1767 3562 autem
1798 3508 1863 3563 ut
1888 3506 2212 3573 moventia,
2243 3505 2364 3565 nisi
2446 3520 2510 3565 er
2528 3521 2630 3566 ac·

188 3569 426 3651 cidens}
447 3570 669 3631 accidit
696 3571 856 3629 enim
885 3570 1265 3652 lapidi'quod
1294 3572 1672 3654 descendens
1699 3573 1943 3644 aliquod
1958 3573 2212 3635 obvians
2240 3576 2400 3647 impe
2427 3577 2539 3648 lat;
2568 3583 2628 3636 et

189 3640 471 3705 similiter
495 3644 589 3699 est
619 3640 680 3698 in
714 3641 1065 3703 alteratione
1096 3648 1154 3700 et
1176 3641 1313 3701 aliis
1342 3643 1629 3703 motibus,
1652 3644 1817 3702 Unde
1860 3642 2006 3704 finis
2042 3651 2245 3705 motus
2287 3661 2496 3707 eorum
2535 3650 2631 3708 est

190 3710 731 3791 utfconsequantur
760 3711 1023 3771 divinam
1051 3712 1511 3772 similitudinem
1545 3720 1837 3787 quantum
1883 3715 1958 3773 ad
2008 3715 2127 3789 hoc
2170 3717 2331 3790 quod
2389 3718 2515 3777 sint
2562 3717 2629 3776 ιιι

191 3782 409 3852 seipsis
429 3782 718 3854 perfecta,
750 3789 815 3840 ut
858 3788 955 3841 ote
981 3780 1264 3842 habentia
1280 3785 1585 3857 propriam
1613 3785 1867 3867 formam
1894 3790 1953 3845 et
1982 3787 2289 3859 proprium
2312 3788 2429 3846 ubi.
2452 3792 2458 3801 ’

256 3853 522 3926 Corpora
553 3858 692 3912 vero
722 3866 814 3913 cce
840 3853 994 3912 estia
1019 3859 1283 3923 movent,
1309 3860 1492 3913 mota.
1524 3855 1690 3915 Unde
1721 3855 1864 3915 fims
1886 3863 2089 3917 motus
2118 3871 2327 3918 eorum
2357 3863 2450 3918 est
2482 3869 2628 3918 con-

189 3923 353 3996 sequi
385 3918 651 3985 divinam
679 3922 1139 3985 similitudinem
1169 3930 1459 3998 quantum
1489 3926 1567 3985 ad
1592 3932 1935 4000 utrumque.
1959 3958 2031 3971 -
2059 3929 2361 3997 Quantum
2383 3928 2625 4002 quidem

190 3992 595 4066 ad'propriam
625 3994 1075 4065 perfectionem,
1106 3995 1169 4054 in
1199 4002 1491 4069 quantum
1513 4008 1735 4069 corpus
1761 3999 2005 4057 coeleste
2048 4000 2133 4058 'sit
2176 3999 2241 4058 in
2283 3999 2489 4073 aliquo
2531 4002 2632 4057 ubi

189 4062 251 4121 in
277 4068 435 4133 actu,
466 4065 682 4139 inquo
707 4066 876 4135 prius
904 4072 1033 4125 erat
1057 4066 1124 4127 in
1154 4067 1446 4138 potentia.
1479 4067 1602 4126 Nec
1639 4072 1882 4141 propter
1905 4070 2022 4128 hoc
2058 4068 2264 4129 minus
2292 4083 2466 4130 suam
2493 4085 2630 4143 per-

190 4132 507 4193 fectionem
536 4147 720 4192 conse
766 4136 950 4211 uitur2
976 4138 1251 4219 quamvis
1278 4136 1356 4199 ad
1395 4137 1494 4193 ubi
1530 4136 1597 4194 in
1639 4146 1761 4211 quo
1801 4137 1973 4210 prius
2000 4145 2124 4197 erat
2158 4145 2296 4200 actu
2326 4147 2632 4201 remaneat

188 4203 250 4262 in
275 4204 581 4290 poterium
613 4148 892 4288 simcilliter
920 4214 1081 4287 enim
1111 4213 1170 4266 et
1191 4206 1444 4269 materia
1466 4208 1662 4280 prima
1684 4209 1750 4267 in
1778 4221 1952 4291 suam
1980 4211 2410 4293 perfectionem
2438 4212 2632 4275 tendit

229 4284 293 4333 et·
318 4270 466 4335 hoc·
506 4274 625 4333 uod
655 4282 911 4347 acquirit
933 4289 997 4334 ιιι
1024 4278 1161 4337 actu
1198 4279 1454 4337 formam
1493 4291 1674 4350 quam
1702 4292 1875 4352 prius
1919 4278 2178 4339 habebat
2220 4296 2282 4340 ιιι
2335 4284 2627 4354 potentia,

211 4345 241 4426 i·
344 4352 410 4411 ,et
436 4288 619 4427 aziam
648 4344 868 4425 habere
898 4346 1136 4406 desinat
1158 4360 1346 4431 quam·
1366 4348 1537 4421 prius
1560 4353 1698 4408 actu
1730 4348 1984 4409 habebat
2007 4370 2021 4421 ;
2044 4352 2145 4427 ,sic
2190 4352 2349 4413 enim
2381 4365 2629 4434 succes·

189 4428 243 4475 ει
321 4423 594 4476 'materia
620 4429 835 4475 omnes
861 4416 1090 4476 formas
1109 4424 1375 4491 'suscipit
1403 4419 1478 4479 ad
1506 4432 1661 4495 quas
1687 4420 1873 4479 estin
1899 4425 2187 4495 potentia,
2215 4429 2283 4482 ut
2327 4429 2455 4483 tota
2494 4426 2630 4493 ejus
