3076 5025
417 279 530 337 ³50
1309 274 1443 329 ΗΒ.
1483 273 1581 341 111,
1622 273 1775 329 CAP.
1814 271 1986 330 LXXI.

427 403 480 462 ei
521 401 798 458 virtutem
844 399 908 456 in
939 412 1058 470 qua
1109 396 1254 470 agit,
1279 397 1438 454 sicut
1467 395 1629 467 ignis
1676 394 1948 452 calefacit
1972 408 2083 465 per
2135 392 2643 452 calorem.virtus
2671 396 2876 451 autem

431 470 739 531 inferioris
794 470 1032 543 agentis
1082 466 1376 548 dependet
1429 480 1464 523 a
1509 466 1728 524 virtute
1782 465 2115 536 superioris
2161 465 2419 537 agentis,
2458 464 2521 520 iu
2578 469 2873 536 quantum

427 542 708 614 superius
756 554 944 613 agens
971 540 1074 597 dat
1115 543 1394 595 virtutem
1427 537 1623 607 ipsam
1673 535 1942 593 inferiori
1996 536 2197 608 agenti
2237 549 2342 607 per
2367 548 2546 607 quam
2606 534 2752 606 agit,
2778 534 2876 592 vel

425 615 745 673 conservat
764 625 916 680 eam,
952 609 1254 667 autetiam
1277 607 1533 679 applicat
1557 621 1685 663 eam
1720 606 1794 664 ad
1823 607 2159 678 agendum;
2188 605 2345 663 sicut
2370 605 2579 662 artifex
2613 605 2877 675 applicat

430 688 898 741 instrumentum
927 681 1000 738 ad
1021 680 1325 751 proprium
1353 676 1650 745 effectum,
1673 677 1771 735 cui
1804 682 2000 734 tamen
2032 676 2328 734 interdum
2352 689 2474 733 non
2497 676 2596 732 dat
2618 676 2875 733 sormam

471 769 536 811 er
564 767 743 826 quam
779 753 905 824 agit
948 752 1434 817 instrumentum,
1479 761 1591 806 nec
1626 755 1963 816 conservat,
1993 747 2099 806 sed
2151 747 2252 804 dat
2279 747 2333 804 ei
2364 747 2563 804 solum
2618 752 2872 804 motum.

428 769 677 896 {portet
707 836 851 894 ergo
880 820 1041 894 quod
1067 820 1224 878 actio
1253 820 1560 877 inferioris
1593 819 1829 890 agentis
1860 831 1981 877 non
2010 818 2205 876 solum
2240 818 2320 877 sit
2341 818 2415 875 ab
2444 830 2516 874 eo
2554 829 2662 898 per
2688 817 2874 874 virtu-

429 901 548 955 tem
611 893 935 966 proprium,
968 892 1074 949 sed
1133 905 1238 962 per
1281 890 1559 947 virtutem
1619 890 1889 947 omnium
1941 890 2320 959 superiorum
2378 893 2708 961 agentium.
2738 886 2876 960 Agit

431 966 592 1026 enim
648 965 710 1020 in
742 963 955 1020 virtute
999 962 1293 1033 omnium,
1324 966 1383 1018 et
1407 961 1566 1020 sicut
1592 974 1780 1032 agens
1820 958 2091 1017 infimum
2132 959 2433 1016 invenitur
2461 958 2870 1016 immediatum

430 1036 713 1104 activum,
748 1033 832 1090 ita
875 1033 1063 1090 virtus
1093 1032 1268 1104 primi
1320 1032 1554 1103 agentis
1596 1030 1899 1087 invenitur
1929 1030 2275 1088 immediata
2313 1029 2386 1087 ad
2418 1029 2874 1101 producendum

430 1105 732 1165 effectum.
764 1105 912 1162 Nam
966 1103 1157 1161 virtus
1212 1100 1404 1159 inssrni
1464 1102 1700 1174 agentis
1742 1115 1863 1158 non
1912 1101 2092 1159 habet
2145 1100 2306 1173 quod
2357 1100 2649 1171 producat
2711 1100 2874 1157 huuc

433 1176 711 1234 effectum
765 1189 838 1231 ex
892 1186 981 1244 se,
1014 1174 1120 1232 sed
1162 1187 1232 1231 ex
1263 1174 1478 1230 virtute
1535 1173 1796 1244 proximi
1830 1171 2185 1243 superioriS,
2213 1177 2272 1228 et
2297 1171 2487 1228 virtus
2536 1171 2704 1227 illius
2760 1171 2872 1229 hoc

433 1247 615 1306 habet
643 1261 713 1303 ex
737 1245 955 1302 virtute
982 1243 1315 1317 superioris
1359 1250 1417 1301 et
1447 1243 1536 1301 sic
1583 1244 1773 1300 virtus
1814 1242 2077 1314 supremi
2111 1241 2347 1314 agentis
2378 1240 2679 1298 invenitur
2706 1255 2778 1297 ex
2805 1254 2872 1299 se

432 1318 781 1391 productiva
806 1314 1077 1383 effectus,
1110 1315 1282 1388 quasi
1316 1329 1502 1372 causa
1526 1314 1895 1381 immediata,
1928 1313 2087 1370 sieut
2133 1316 2295 1394 patet
2333 1312 2395 1368 in
2417 1310 2739 1394 principiis
2763 1309 2869 1367 de-

434 1388 965 1456 monstrationum,
996 1399 1251 1458 quorum
1296 1385 1555 1456 primum
1585 1391 1679 1442 est
1722 1384 2155 1441 immediatum.
2189 1384 2355 1440 Sicut
2415 1389 2599 1455 igitur
2628 1394 2749 1438 non
2780 1387 2873 1439 est

434 1458 889 1527 inconveniens,
936 1456 1095 1529 quod
1152 1469 1274 1513 una
1325 1456 1482 1513 actio
1535 1455 1903 1527 producatur
1968 1469 2043 1511 ex
2108 1453 2313 1526 aliquo
2367 1457 2580 1525 agente
2631 1458 2689 1508 et
2741 1451 2870 1524 ejus

432 1530 672 1598 virtute,
714 1529 793 1585 ita
851 1541 973 1584 non
1030 1532 1121 1585 est
1168 1526 1624 1596 inconveniens,
1656 1525 1815 1598 quod
1874 1526 2239 1597 producatur
2290 1523 2448 1582 idem
2498 1521 2749 1604 effectus
2798 1520 2871 1581 ab

435 1600 706 1657 inferiori
753 1603 967 1670 agente
1013 1604 1072 1654 et
1099 1612 1132 1654 a
1164 1600 1304 1666 Deo,
1336 1596 1410 1655 ab
1440 1603 1692 1668 utroque
1722 1596 2084 1663 immediate,
2117 1595 2258 1653 licet
2279 1594 2401 1653 alio
2430 1600 2489 1651 et
2515 1595 2636 1652 alio
2668 1592 2868 1651 modo.

508 1673 671 1726 Patet
702 1669 879 1726 etiam
911 1669 1093 1741 quod,
1126 1668 1179 1727 si
1209 1681 1306 1725 res
1337 1668 1629 1725 naturalis
1658 1667 1949 1738 producat
1980 1667 2283 1737 proprium
2309 1665 2610 1734 effectum,
2636 1677 2757 1722 non
2781 1669 2872 1743 est

435 1740 802 1810 superfluum
833 1738 992 1811 quod
1025 1741 1178 1797 Deus
1208 1738 1377 1795 illum
1406 1738 1714 1810 producat.
1747 1737 1900 1806 Quia
1940 1750 2038 1794 res
2086 1736 2375 1795 naturalis
2424 1749 2545 1794 non
2598 1734 2875 1807 productt

437 1811 658 1880 ipsum,
687 1809 804 1866 nisi
836 1810 898 1867 in
928 1809 1143 1867 virtute
1172 1808 1392 1866 divina.
1424 1812 1626 1881 Neque
1656 1814 1745 1865 est
1776 1806 2167 1878 superfluum,
2197 1808 2248 1866 si
2280 1810 2438 1864 Deus
2468 1821 2575 1878 per
2601 1806 2870 1877 seipsum

435 1886 638 1952 potest
661 1893 873 1937 omnes
903 1878 1150 1938 effectus
1177 1879 1481 1937 naturales
1511 1878 1861 1950 producere,
1893 1879 2051 1949 quod
2079 1891 2185 1948 per
2253 1878 2499 1935 uasdam
2534 1877 2683 1933 alias
2731 1889 2870 1933 cau·

439 1963 538 2009 sas
570 1951 993 2021 producantur.
1027 1953 1156 2007 Non
1188 1950 1345 2006 enim
1378 1949 1494 2008 hoc
1519 1954 1717 2007 estex
1744 1948 2173 2006 insufficientia
2210 1892 2427 2006 givinae
2472 1947 2736 2016 virtutiS,
2763 1944 2871 2005 sed

433 2035 509 2077 ex
539 2021 938 2079 immensitate
981 2020 1267 2078 bonitatis
1311 2020 1504 2091 ipsius
1557 2034 1665 2091 per
1717 2031 1898 2092 quam
1954 2032 2127 2077 suam
2180 2018 2635 2076 similitudinem
2693 2016 2872 2075 rebus

437 2091 890 2148 communicare
913 2091 1121 2159 voluit,
1153 2104 1276 2148 non
1306 2091 1504 2148 solum
1534 2095 1820 2163 quantum
1854 2088 1927 2146 ad
1961 2089 2073 2146 hoc
2101 2090 2262 2162 quod
2298 2095 2521 2150 essent,
2555 2087 2661 2147 sed
2691 2088 2873 2145 etiam

437 2161 834 2234 quantumad
864 2161 978 2218 hoc
1009 2162 1170 2234 quod
1222 2160 1475 2219 aliorum
1528 2174 1725 2217 causae
1759 2165 1981 2218 essent.
2015 2160 2119 2217 His
2162 2161 2323 2218 enim
2378 2160 2617 2217 duobus
2673 2158 2876 2217 modis

436 2235 724 2290 creaturae
770 2233 1167 2289 communiter
1221 2243 1432 2290 omnes
1483 2231 1746 2288 divinam
1799 2230 2253 2288 similitudinem
2304 2233 2780 2302 consequuntur,
2808 2232 2878 2287 ut

435 2314 621 2427 {upra
650 2303 800 2372 (cap.
831 2302 923 2374 21)
952 2307 1263 2361 ostensum
1294 2301 1406 2359 est.
1441 2303 1554 2358 Per
1581 2302 1694 2360 hoc
1722 2302 1900 2359 etiam
1930 2300 2111 2360 decor
2138 2301 2369 2359 ordinis
2399 2301 2464 2358 in
2492 2301 2673 2359 rebus
2709 2312 2875 2360 crea-

463 2387 519 2429 is
546 2383 807 2443 apparet.
2540 2426 2544 2431 ,

511 2445 678 2500 Patet
704 2445 906 2512 etiam,
928 2441 1089 2516 quod
1119 2456 1242 2500 non
1271 2442 1359 2500 sic
1389 2443 1549 2500 idem
1584 2441 1837 2500 effectus
1865 2456 2062 2500 causae
2092 2440 2349 2499 naturali
2392 2446 2452 2500 et
2494 2439 2710 2499 divinae
2759 2439 2876 2499 vir-

436 2515 548 2570 tuti
581 2514 939 2584 attribuitur,
971 2514 1387 2587 quasi.partim
1416 2529 1452 2571 a
1482 2517 1622 2584 De0,
1652 2514 1862 2586 partim
1893 2529 1929 2572 a
1952 2512 2208 2571 naturali
2227 2518 2439 2585 agente
2458 2510 2693 2582 fiat,sed
2709 2516 2877 2572 totus

439 2585 513 2641 ab
555 2590 805 2658 utroque
847 2586 1176 2644 secundum
1204 2584 1384 2643 alium
1431 2585 1696 2655 modum,
1740 2584 1899 2643 sicut
1935 2584 2091 2642 idem
2122 2582 2372 2643 effectus
2397 2588 2561 2643 totus
2609 2582 2878 2643 attribui-

439 2659 536 2712 tur
590 2656 1010 2727 instrumento,
1037 2661 1095 2714 et
1121 2655 1433 2728 principali
1461 2656 1663 2729 agenti
1690 2654 1871 2713 etiam
1896 2659 2080 2713 totus.

1394 2872 1648 2939 CAPUT
1696 2874 1904 2939 LXXI.

537 3050 688 3103 QUOD
731 3049 942 3095 DIVINA
977 3051 1377 3098 PROVIDENTIA
1411 3053 1530 3097 NON
1567 3053 1854 3110 EXGLUDIT
1890 3054 2214 3099 TOTALITER
2250 3055 2457 3100 MALUM
2493 3054 2533 3099 A
2566 3054 2772 3101 REBUS.

507 3216 589 3269 Ex
614 3214 711 3272 his
737 3218 936 3271 autem
967 3221 1207 3286 apparet
1239 3214 1397 3288 quod
1450 3214 1654 3272 divina
1680 3215 2074 3286 providentia,
2130 3212 2236 3274 'uae
2263 3230 2360 3275 res
2405 3216 2717 3290 gubernat,
2746 3231 2873 3277 non

436 3283 685 3364 impedit
714 3284 862 3357 quin
885 3286 1210 3356 corrupti0‚
1245 3292 1304 3343 et
1331 3286 1621 3355 desectus,
1653 3292 1712 3342 et
1739 3285 1963 3343 malum
1982 3286 2043 3342 in
2070 3300 2133 3343 re
2180 3299 2250 3344 us
2277 3286 2634 3345 inveniatur.
2659 3289 2877 3348 Divina

433 3369 598 3411 emm
625 3355 998 3427 gubernatiO,
1029 3370 1146 3428 qua
1176 3358 1334 3414 Deus
1363 3361 1642 3428 operatur
1668 3356 1728 3411 in
1778 3356 1977 3425 rebuS,
2005 3370 2127 3413 uon
2175 3357 2429 3415 excludit
2460 3359 2871 3430 operationem

436 3439 755 3483 causarum
786 3426 1206 3495 secundarum,
1239 3427 1395 3484 sicut
1414 3427 1536 3499 jam
1569 3432 1876 3484 ostensum
1910 3432 2003 3484 est
2027 3427 2175 3499 (cap.
2197 3428 2312 3499 70).
2336 3429 2639 3501 Contingit
2666 3435 2871 3488 autem

432 3498 748 3567 provenire
779 3495 1074 3553 defectum
1102 3497 1164 3553 in
1197 3496 1408 3555 effectu
1437 3503 1679 3577 propter
1711 3497 2003 3555 desectum
2050 3512 2248 3557 causae
2282 3500 2561 3557 secundae
2608 3501 2869 3567 agentis,

435 3566 508 3623 ab
591 3581 661 3623 ue
691 3581 762 3623 eo
788 3567 948 3638 quod
978 3567 1057 3625 sit
1086 3567 1351 3626 defectus
1381 3568 1440 3624 in
1471 3581 1664 3639 primo
1688 3582 1721 3624 a
1767 3573 1939 3638 eute;
1971 3568 2146 3638 sicut,
2179 3583 2311 3627 eum
2345 3569 2404 3626 in
2437 3569 2650 3627 effectu
2681 3570 2870 3628 artili-

434 3581 830 3694 cissffiabentis
856 3638 1116 3718 perfecte
1144 3645 1351 3719 artem,
1374 3638 1668 3719 contingit
1694 3582 1912 3719 affiwis
1937 3639 2204 3697 defectus
2223 3640 2670 3720 propterinstru
2681 3641 2871 3699 menti

434 3706 728 3765 defectum
748 3726 762 3775 ;
786 3711 841 3764 et
874 3713 1030 3766 sicut
1060 3709 1383 3778 hommem,
1412 3722 1584 3779 quus
1614 3723 1704 3766 vis
1731 3715 1952 3766 motiva
1980 3716 2071 3769 est
2100 3710 2292 3780 fortis,
2316 3710 2610 3783 contingit
2640 3711 2871 3769 claudi·

433 3788 567 3835 care
597 3792 715 3836 non
746 3784 986 3850 propter
1013 3778 1305 3836 defectum
1333 3779 1567 3836 virtutis
1596 3780 1854 3848 motivae,
1886 3780 1989 3839 sed
2020 3786 2261 3852 propter
2298 3781 2456 3839 tibiae
2491 3782 2867 3839 curvitatem.

434 3849 736 3922 Contingit
765 3850 947 3921 igitur
975 3851 1037 3906 in
1067 3849 1163 3907 his
1191 3864 1322 3932 quae
1349 3855 1610 3931 aguntur
1640 3856 1700 3907 et
1726 3851 2132 3922 gubernantur
2156 3865 2192 3909 a
2221 3854 2340 3909 Deo
2372 3853 2632 3925 aliquem
2664 3852 2867 3927 derce-3

432 3923 557 3999 tum
589 3926 647 3976 et
675 3920 917 3990 aliquod
949 3919 1172 3978 malum
1200 3920 1453 3977 inveniri
1485 3927 1727 3992 propter
1750 3922 2044 3980 desectum
2076 3923 2380 3994 agentium
2432 3922 2865 3994 secundorum,

429 3986 572 4046 hcet
599 3992 660 4045 in
687 3990 818 4061 ipso
842 3993 961 4047 Deo
993 3991 1196 4049 nullus
1226 3991 1305 4049 sit
1333 3991 1622 4048 desectus,

500 4063 609 4115 Am
652 4062 779 4129 lina,
810 4061 1069 4132 perfecta
1108 4061 1348 4120 bonitas
1403 4062 1466 4118 in
1518 4063 1699 4120 rebus
1727 4063 1943 4120 creatis
1972 4076 2091 4120 uon
2126 4062 2494 4121 inveniretur
2535 4063 2654 4120 nisi
2701 4068 2871 4122 esset

437 4130 586 4207 ordo
699 4132 904 4189 nitatis
932 4132 993 4188 in
1023 4132 1132 4201 eiS,
1163 4138 1228 4189 ut
1266 4132 1497 4190 scilicet
1545 4134 1816 4205 quaedam
1864 4134 1985 4190 sint
2033 4133 2170 4191 aliis
2216 4134 2483 4192 meliora.
2528 4136 2657 4191 Non
2699 4135 2866 4192 enim

431 4200 823 4270 lmplerentur
852 4216 1062 4261 omnes
1092 4203 1314 4276 gradus
1341 4204 1665 4275 possibiles
1694 4203 2000 4272 bonitatis,
2033 4217 2227 4284 neque
2257 4205 2432 4262 etiam
2464 4204 2666 4277 aliqua
2696 4218 2869 4263 crea-

425 4271 561 4326 tura
591 4273 711 4328 Deo
726 4273 1088 4331 similaretur
1111 4280 1397 4347 quantum
1429 4275 1500 4332 ad
1517 4273 1801 4346 hocquod
1834 4274 2002 4330 alteri
2027 4275 2666 4333 emineret.'1'olleretur
2679 4275 2867 4335 etiam

425 4350 703 4398 summus
733 4342 911 4400 decor
941 4359 977 4401 a
1005 4345 1182 4402 rebus
1209 4345 1260 4403 si
1289 4345 1362 4402 ab
1391 4345 1482 4402 eis
1523 4346 1670 4403 ordo
1715 4344 2129 4402 distinctorum
2185 4351 2243 4403 et
2266 4346 2592 4417 disparium
2622 4345 2865 4404 tollere-

428 4413 540 4480 tur,
573 4418 649 4479 et,
681 4413 842 4484 quod
868 4420 958 4469 est
984 4417 1262 4486 ampliuS,
1291 4415 1599 4474 tolleretur
1627 4414 1941 4472 multitudo
1965 4429 1999 4472 a
2026 4416 2226 4486 rebus,
2257 4416 2658 4489 inaequalitate
2679 4415 2869 4474 boni-
