<?xml version="1.0" encoding="UTF-8"?>
<!DOCTYPE html PUBLIC "-//W3C//DTD XHTML 1.0 Transitional//EN"
    "http://www.w3.org/TR/xhtml1/DTD/xhtml1-transitional.dtd">
<html xmlns="http://www.w3.org/1999/xhtml" xml:lang="en" lang="en">
 <head>
  <title>
</title>
<meta http-equiv="Content-Type" content="text/html;charset=utf-8" />
  <meta name='ocr-system' content='tesseract 3.04.00' />
  <meta name='ocr-capabilities' content='ocr_page ocr_carea ocr_par ocr_line ocrx_word'/>
</head>
<body>
  <div class='ocr_page' id='page_1' title='image "./deveritatecatho00rubegoog_0165.png"; bbox 0 0 3076 5025; ppageno 0'>
   <div class='ocr_carea' id='block_1_1' title="bbox 1089 290 2599 360">
    <p class='ocr_par' dir='ltr' id='par_1_1' title="bbox 1089 290 2599 360">
     <span class='ocr_line' id='line_1_1' title="bbox 1089 290 2599 360; baseline 0.002 -12"><span class='ocrx_word' id='word_1_1' title='bbox 1089 292 1225 348; x_wconf 74' lang='grc' dir='ltr'><strong>ΠΒ.</strong></span> <span class='ocrx_word' id='word_1_2' title='bbox 1261 290 1312 360; x_wconf 87' lang='lat'><strong>1,</strong></span> <span class='ocrx_word' id='word_1_3' title='bbox 1348 290 1504 347; x_wconf 79' lang='lat' dir='ltr'>CAP.</span> <span class='ocrx_word' id='word_1_4' title='bbox 1542 290 1691 347; x_wconf 83' lang='lat' dir='ltr'>XXV.</span> <span class='ocrx_word' id='word_1_5' title='bbox 2496 295 2599 353; x_wconf 77' lang='lat'><strong>129</strong></span> 
     </span>
    </p>
   </div>
   <div class='ocr_carea' id='block_1_2' title="bbox 134 412 2603 1196">
    <p class='ocr_par' dir='ltr' id='par_1_2' title="bbox 179 412 2592 567">
     <span class='ocr_line' id='line_1_2' title="bbox 242 412 2592 490; baseline -0 -14"><span class='ocrx_word' id='word_1_6' title='bbox 242 418 457 482; x_wconf 69' lang='lat' dir='ltr'><strong>Adhuc,</strong></span> <span class='ocrx_word' id='word_1_7' title='bbox 489 429 627 475; x_wconf 89' lang='lat' dir='ltr'><strong>cum</strong></span> <span class='ocrx_word' id='word_1_8' title='bbox 661 413 932 488; x_wconf 82' lang='lat' dir='ltr'><strong>fatigatio</strong></span> <span class='ocrx_word' id='word_1_9' title='bbox 961 414 1044 473; x_wconf 89' lang='lat' dir='ltr'><strong>sit</strong></span> <span class='ocrx_word' id='word_1_10' title='bbox 1107 427 1174 473; x_wconf 86' lang='lat' dir='ltr'><strong>er</strong></span> <span class='ocrx_word' id='word_1_11' title='bbox 1198 413 1496 472; x_wconf 80' lang='lat' dir='ltr'><strong>derectum</strong></span> <span class='ocrx_word' id='word_1_12' title='bbox 1522 412 1782 482; x_wconf 87' lang='lat' dir='ltr'><strong>virtutis,</strong></span> <span class='ocrx_word' id='word_1_13' title='bbox 1831 413 2061 474; x_wconf 81' lang='lat' dir='ltr'><strong>oblivio</strong></span> <span class='ocrx_word' id='word_1_14' title='bbox 2112 418 2312 475; x_wconf 88' lang='lat' dir='ltr'><strong>autem</strong></span> <span class='ocrx_word' id='word_1_15' title='bbox 2356 429 2465 490; x_wconf 84' lang='lat' dir='ltr'><strong>per</strong></span> <span class='ocrx_word' id='word_1_16' title='bbox 2490 418 2592 475; x_wconf 91' lang='lat' dir='ltr'><strong>de-</strong></span> 
     </span>
     <span class='ocr_line' id='line_1_3' title="bbox 179 428 2386 567; baseline -0.003 -17"><span class='ocrx_word' id='word_1_17' title='bbox 179 490 390 552; x_wconf 80' lang='lat' dir='ltr'><strong>fectum</strong></span> <span class='ocrx_word' id='word_1_18' title='bbox 422 486 713 556; x_wconf 79' lang='lat' dir='ltr'><strong>scientiae,</strong></span> <span class='ocrx_word' id='word_1_19' title='bbox 742 428 1104 567; x_wconf 41' lang='lat' dir='ltr'><strong>patet-quod³</strong></span> <span class='ocrx_word' id='word_1_20' title='bbox 1118 497 1312 566; x_wconf 79' lang='lat' dir='ltr'><strong>neque</strong></span> <span class='ocrx_word' id='word_1_21' title='bbox 1339 482 1601 565; x_wconf 65' lang='lat' dir='ltr'><strong>fatigari,</strong></span> <span class='ocrx_word' id='word_1_22' title='bbox 1624 497 1817 557; x_wconf 83' lang='lat' dir='ltr'><strong>neque</strong></span> <span class='ocrx_word' id='word_1_23' title='bbox 1844 484 2120 567; x_wconf 66' lang='lat' dir='ltr'><strong>oblivisci</strong></span> <span class='ocrx_word' id='word_1_24' title='bbox 2168 490 2386 557; x_wconf 85' lang='lat' dir='ltr'><strong>potest.</strong></span> 
     </span>
    </p>

    <p class='ocr_par' dir='ltr' id='par_1_3' title="bbox 181 555 2600 707">
     <span class='ocr_line' id='line_1_4' title="bbox 243 555 2600 631; baseline 0 -14"><span class='ocrx_word' id='word_1_25' title='bbox 243 560 520 630; x_wconf 79' lang='lat' dir='ltr'><strong>Amplius,</strong></span> <span class='ocrx_word' id='word_1_26' title='bbox 553 570 745 630; x_wconf 87' lang='lat' dir='ltr'><strong>neque</strong></span> <span class='ocrx_word' id='word_1_27' title='bbox 772 569 954 626; x_wconf 89' lang='lat' dir='ltr'><strong>vinci,</strong></span> <span class='ocrx_word' id='word_1_28' title='bbox 982 560 1088 615; x_wconf 91' lang='lat' dir='ltr'><strong>aut</strong></span> <span class='ocrx_word' id='word_1_29' title='bbox 1105 556 1455 614; x_wconf 85' lang='lat' dir='ltr'><strong>violentiam</strong></span> <span class='ocrx_word' id='word_1_30' title='bbox 1477 560 1601 626; x_wconf 89' lang='lat' dir='ltr'><strong>pati</strong></span> <span class='ocrx_word' id='word_1_31' title='bbox 1632 572 1648 611; x_wconf 89' lang='lat'>:</span> <span class='ocrx_word' id='word_1_32' title='bbox 1676 555 1805 613; x_wconf 87' lang='lat' dir='ltr'><strong>haec</strong></span> <span class='ocrx_word' id='word_1_33' title='bbox 1826 568 1990 614; x_wconf 87' lang='lat' dir='ltr'><strong>enim</strong></span> <span class='ocrx_word' id='word_1_34' title='bbox 2015 569 2139 615; x_wconf 91' lang='lat' dir='ltr'><strong>nou</strong></span> <span class='ocrx_word' id='word_1_35' title='bbox 2158 562 2303 616; x_wconf 87' lang='lat' dir='ltr'><strong>sunt</strong></span> <span class='ocrx_word' id='word_1_36' title='bbox 2323 556 2445 616; x_wconf 87' lang='lat' dir='ltr'><strong>nisi</strong></span> <span class='ocrx_word' id='word_1_37' title='bbox 2468 558 2600 631; x_wconf 88' lang='lat' dir='ltr'><strong>ejus</strong></span> 
     </span>
     <span class='ocr_line' id='line_1_5' title="bbox 181 626 955 707; baseline -0.009 -17"><span class='ocrx_word' id='word_1_38' title='bbox 181 630 333 707; x_wconf 89' lang='lat' dir='ltr'><strong>quod</strong></span> <span class='ocrx_word' id='word_1_39' title='bbox 350 634 558 687; x_wconf 89' lang='lat' dir='ltr'><strong>natum</strong></span> <span class='ocrx_word' id='word_1_40' title='bbox 590 632 682 685; x_wconf 89' lang='lat' dir='ltr'><strong>est</strong></span> <span class='ocrx_word' id='word_1_41' title='bbox 707 626 955 684; x_wconf 84' lang='lat' dir='ltr'><strong>moveri.</strong></span> 
     </span>
    </p>

    <p class='ocr_par' dir='ltr' id='par_1_4' title="bbox 177 695 2602 840">
     <span class='ocr_line' id='line_1_6' title="bbox 177 695 2602 780; baseline -0 -19"><span class='ocrx_word' id='word_1_42' title='bbox 177 749 188 760; x_wconf 93' lang='lat'><strong>.</strong></span> <span class='ocrx_word' id='word_1_43' title='bbox 246 698 533 760; x_wconf 85' lang='lat' dir='ltr'><strong>Similiter</strong></span> <span class='ocrx_word' id='word_1_44' title='bbox 561 702 758 780; x_wconf 76' lang='lat' dir='ltr'><strong>autem</strong></span> <span class='ocrx_word' id='word_1_45' title='bbox 787 711 982 779; x_wconf 83' lang='lat' dir='ltr'><strong>neque</strong></span> <span class='ocrx_word' id='word_1_46' title='bbox 1009 695 1298 769; x_wconf 86' lang='lat' dir='ltr'><strong>poenitere</strong></span> <span class='ocrx_word' id='word_1_47' title='bbox 1334 700 1557 777; x_wconf 86' lang='lat' dir='ltr'><strong>potest,</strong></span> <span class='ocrx_word' id='word_1_48' title='bbox 1588 710 1664 755; x_wconf 86' lang='lat' dir='ltr'><strong>ne</strong></span> <span class='ocrx_word' id='word_1_49' title='bbox 1706 709 1781 754; x_wconf 86' lang='lat' dir='ltr'><strong>ue</strong></span> <span class='ocrx_word' id='word_1_50' title='bbox 1825 696 2028 766; x_wconf 81' lang='lat' dir='ltr'>irasci,</span> <span class='ocrx_word' id='word_1_51' title='bbox 2076 703 2182 756; x_wconf 89' lang='lat' dir='ltr'><strong>aut</strong></span> <span class='ocrx_word' id='word_1_52' title='bbox 2197 696 2602 771; x_wconf 82' lang='lat' dir='ltr'><strong>tristari,cum</strong></span> 
     </span>
     <span class='ocr_line' id='line_1_7' title="bbox 179 767 2228 840; baseline -0.002 -7"><span class='ocrx_word' id='word_1_53' title='bbox 179 773 302 833; x_wconf 81' lang='lat' dir='ltr'><strong>liaec</strong></span> <span class='ocrx_word' id='word_1_54' title='bbox 326 769 535 829; x_wconf 91' lang='lat' dir='ltr'><strong>omnia</strong></span> <span class='ocrx_word' id='word_1_55' title='bbox 559 767 1071 840; x_wconf 84' lang='lat' dir='ltr'><strong>imperfectionem</strong></span> <span class='ocrx_word' id='word_1_56' title='bbox 1100 772 1161 824; x_wconf 90' lang='grc' dir='ltr'><strong>ει</strong></span> <span class='ocrx_word' id='word_1_57' title='bbox 1185 779 1553 838; x_wconf 86' lang='lat' dir='ltr'><strong>passionem,</strong></span> <span class='ocrx_word' id='word_1_58' title='bbox 1587 772 1646 825; x_wconf 92' lang='lat' dir='ltr'><strong>et</strong></span> <span class='ocrx_word' id='word_1_59' title='bbox 1706 767 1960 826; x_wconf 80' lang='lat' dir='ltr'><strong>erectum</strong></span> <span class='ocrx_word' id='word_1_60' title='bbox 1988 774 2228 828; x_wconf 90' lang='lat' dir='ltr'><strong>sonent.</strong></span> 
     </span>
    </p>

    <p class='ocr_par' dir='ltr' id='par_1_5' title="bbox 134 835 2603 1196">
     <span class='ocr_line' id='line_1_8' title="bbox 242 835 2602 921; baseline 0.001 -23"><span class='ocrx_word' id='word_1_61' title='bbox 242 844 474 908; x_wconf 79' lang='lat' dir='ltr'><strong><em>Rursus,</em></strong></span> <span class='ocrx_word' id='word_1_62' title='bbox 537 841 682 912; x_wconf 86' lang='lat' dir='ltr'><strong>quia</strong></span> <span class='ocrx_word' id='word_1_63' title='bbox 737 839 1019 910; x_wconf 71' lang='lat' dir='ltr'><strong>potentiae</strong></span> <span class='ocrx_word' id='word_1_64' title='bbox 1065 836 1272 921; x_wconf 70' lang='lat' dir='ltr'><strong>activae</strong></span> <span class='ocrx_word' id='word_1_65' title='bbox 1313 836 1618 910; x_wconf 75' lang='lat' dir='ltr'><strong>obJectunl</strong></span> <span class='ocrx_word' id='word_1_66' title='bbox 1658 842 1742 919; x_wconf 37' lang='grc' dir='ltr'><strong>ει.</strong></span> <span class='ocrx_word' id='word_1_67' title='bbox 1766 835 2015 898; x_wconf 83' lang='lat' dir='ltr'><strong>effectus</strong></span> <span class='ocrx_word' id='word_1_68' title='bbox 2063 846 2156 898; x_wconf 90' lang='grc' dir='ltr'><strong>εει</strong></span> <span class='ocrx_word' id='word_1_69' title='bbox 2212 853 2323 900; x_wconf 86' lang='lat' dir='ltr'><strong>ens</strong></span> <span class='ocrx_word' id='word_1_70' title='bbox 2377 841 2602 901; x_wconf 88' lang='lat' dir='ltr'><strong>factum</strong></span> 
     </span>
     <span class='ocr_line' id='line_1_9' title="bbox 170 907 2603 984; baseline 0 -14"><span class='ocrx_word' id='word_1_71' title='bbox 170 912 368 984; x_wconf 79' lang='lat' dir='ltr'><strong>(nulla</strong></span> <span class='ocrx_word' id='word_1_72' title='bbox 409 916 607 969; x_wconf 90' lang='lat' dir='ltr'><strong>autem</strong></span> <span class='ocrx_word' id='word_1_73' title='bbox 654 910 920 981; x_wconf 88' lang='lat' dir='ltr'><strong>potentia</strong></span> <span class='ocrx_word' id='word_1_74' title='bbox 966 913 1373 980; x_wconf 89' lang='lat' dir='ltr'><strong>operationem</strong></span> <span class='ocrx_word' id='word_1_75' title='bbox 1420 908 1602 966; x_wconf 89' lang='lat' dir='ltr'><strong>habet</strong></span> <span class='ocrx_word' id='word_1_76' title='bbox 1642 907 1746 966; x_wconf 90' lang='lat' dir='ltr'><strong>ubi</strong></span> <span class='ocrx_word' id='word_1_77' title='bbox 1789 908 1992 967; x_wconf 83' lang='lat' dir='ltr'><strong>deficit</strong></span> <span class='ocrx_word' id='word_1_78' title='bbox 2033 910 2187 968; x_wconf 89' lang='lat' dir='ltr'><strong>ratio</strong></span> <span class='ocrx_word' id='word_1_79' title='bbox 2227 912 2326 970; x_wconf 87' lang='lat' dir='ltr'><strong>sui</strong></span> <span class='ocrx_word' id='word_1_80' title='bbox 2359 912 2603 983; x_wconf 88' lang='lat' dir='ltr'><strong>objecti,</strong></span> 
     </span>
     <span class='ocr_line' id='line_1_10' title="bbox 180 977 2602 1061; baseline 0 -18"><span class='ocrx_word' id='word_1_81' title='bbox 180 984 332 1043; x_wconf 87' lang='lat' dir='ltr'><strong>sicut</strong></span> <span class='ocrx_word' id='word_1_82' title='bbox 359 983 530 1039; x_wconf 89' lang='lat' dir='ltr'><strong>visus</strong></span> <span class='ocrx_word' id='word_1_83' title='bbox 556 994 679 1039; x_wconf 91' lang='lat' dir='ltr'><strong>non</strong></span> <span class='ocrx_word' id='word_1_84' title='bbox 703 978 862 1038; x_wconf 84' lang='lat' dir='ltr'><strong>videt</strong></span> <span class='ocrx_word' id='word_1_85' title='bbox 887 979 1200 1038; x_wconf 87' lang='lat' dir='ltr'><strong>deficiente</strong></span> <span class='ocrx_word' id='word_1_86' title='bbox 1223 977 1448 1037; x_wconf 80' lang='lat' dir='ltr'><strong>visibili</strong></span> <span class='ocrx_word' id='word_1_87' title='bbox 1479 978 1542 1035; x_wconf 89' lang='lat' dir='ltr'><strong>in</strong></span> <span class='ocrx_word' id='word_1_88' title='bbox 1571 977 1752 1049; x_wconf 87' lang='lat' dir='ltr'><strong>actu),</strong></span> <span class='ocrx_word' id='word_1_89' title='bbox 1781 984 2017 1061; x_wconf 83' lang='lat' dir='ltr'>oportet</span> <span class='ocrx_word' id='word_1_90' title='bbox 2050 979 2212 1052; x_wconf 84' lang='lat' dir='ltr'><strong>quod</strong></span> <span class='ocrx_word' id='word_1_91' title='bbox 2254 983 2415 1042; x_wconf 85' lang='lat' dir='ltr'><strong>Deus</strong></span> <span class='ocrx_word' id='word_1_92' title='bbox 2440 983 2602 1042; x_wconf 84' lang='lat' dir='ltr'><strong>dica-</strong></span> 
     </span>
     <span class='ocr_line' id='line_1_11' title="bbox 180 1047 2602 1133; baseline 0 -21"><span class='ocrx_word' id='word_1_93' title='bbox 180 1062 274 1112; x_wconf 88' lang='lat' dir='ltr'><strong>tur</strong></span> <span class='ocrx_word' id='word_1_94' title='bbox 297 1066 424 1112; x_wconf 91' lang='lat' dir='ltr'><strong>non</strong></span> <span class='ocrx_word' id='word_1_95' title='bbox 452 1064 637 1133; x_wconf 87' lang='lat' dir='ltr'><strong>posse</strong></span> <span class='ocrx_word' id='word_1_96' title='bbox 664 1049 949 1123; x_wconf 80' lang='lat' dir='ltr'><strong>quicquid</strong></span> <span class='ocrx_word' id='word_1_97' title='bbox 978 1055 1071 1109; x_wconf 89' lang='grc' dir='ltr'><strong>εει</strong></span> <span class='ocrx_word' id='word_1_98' title='bbox 1090 1054 1299 1109; x_wconf 88' lang='lat' dir='ltr'><strong>contra</strong></span> <span class='ocrx_word' id='word_1_99' title='bbox 1323 1048 1619 1110; x_wconf 86' lang='lat' dir='ltr'><strong>rationem</strong></span> <span class='ocrx_word' id='word_1_100' title='bbox 1647 1047 1806 1108; x_wconf 87' lang='lat' dir='ltr'><strong>entis</strong></span> <span class='ocrx_word' id='word_1_101' title='bbox 1830 1063 1892 1107; x_wconf 90' lang='lat' dir='ltr'><strong>in</strong></span> <span class='ocrx_word' id='word_1_102' title='bbox 1916 1056 2206 1124; x_wconf 85' lang='lat' dir='ltr'><strong>quantum</strong></span> <span class='ocrx_word' id='word_1_103' title='bbox 2240 1058 2335 1111; x_wconf 86' lang='lat' dir='ltr'><strong>est</strong></span> <span class='ocrx_word' id='word_1_104' title='bbox 2351 1066 2486 1123; x_wconf 78' lang='lat' dir='ltr'><strong>enS,</strong></span> <span class='ocrx_word' id='word_1_105' title='bbox 2504 1053 2602 1112; x_wconf 88' lang='lat' dir='ltr'><strong>vel</strong></span> 
     </span>
     <span class='ocr_line' id='line_1_12' title="bbox 134 1121 1826 1196; baseline -0.004 -11"><span class='ocrx_word' id='word_1_106' title='bbox 134 1177 141 1186; x_wconf 85' lang='lat'><em>.</em></span> <span class='ocrx_word' id='word_1_107' title='bbox 186 1124 322 1184; x_wconf 82' lang='lat' dir='ltr'><strong>facti</strong></span> <span class='ocrx_word' id='word_1_108' title='bbox 352 1127 512 1181; x_wconf 86' lang='lat' dir='ltr'><strong>entis</strong></span> <span class='ocrx_word' id='word_1_109' title='bbox 544 1122 606 1179; x_wconf 93' lang='lat' dir='ltr'><strong>in</strong></span> <span class='ocrx_word' id='word_1_110' title='bbox 639 1127 926 1196; x_wconf 87' lang='lat' dir='ltr'><strong>quantum</strong></span> <span class='ocrx_word' id='word_1_111' title='bbox 957 1121 1317 1181; x_wconf 78' lang='lat' dir='ltr'><strong>estfactum.</strong></span> <span class='ocrx_word' id='word_1_112' title='bbox 1816 1137 1826 1148; x_wconf 95' lang='lat'><strong>·</strong></span> 
     </span>
    </p>
   </div>
   <div class='ocr_carea' id='block_1_3' title="bbox 38 1189 2607 1267">
    <p class='ocr_par' dir='ltr' id='par_1_6' title="bbox 38 1189 2607 1267">
     <span class='ocr_line' id='line_1_13' title="bbox 38 1189 2607 1267; baseline 0 -14"><span class='ocrx_word' id='word_1_113' title='bbox 38 1203 39 1214; x_wconf 59' lang='lat'>¹</span> <span class='ocrx_word' id='word_1_114' title='bbox 124 1203 135 1220; x_wconf 67' lang='lat'><em>²</em></span> <span class='ocrx_word' id='word_1_115' title='bbox 247 1196 392 1264; x_wconf 79' lang='lat' dir='ltr'><strong>Quae</strong></span> <span class='ocrx_word' id='word_1_116' title='bbox 437 1198 637 1251; x_wconf 88' lang='lat' dir='ltr'><strong>autem</strong></span> <span class='ocrx_word' id='word_1_117' title='bbox 682 1192 807 1250; x_wconf 87' lang='lat' dir='ltr'><strong>sint</strong></span> <span class='ocrx_word' id='word_1_118' title='bbox 848 1190 1216 1264; x_wconf 81' lang='lat' dir='ltr'><strong>hujusmodi,</strong></span> <span class='ocrx_word' id='word_1_119' title='bbox 1257 1189 1683 1263; x_wconf 87' lang='lat' dir='ltr'><strong>inquirendum</strong></span> <span class='ocrx_word' id='word_1_120' title='bbox 1729 1195 1842 1249; x_wconf 90' lang='lat' dir='ltr'><strong>est.</strong></span> <span class='ocrx_word' id='word_1_121' title='bbox 1887 1190 2087 1250; x_wconf 88' lang='lat' dir='ltr'><strong>Primo</strong></span> <span class='ocrx_word' id='word_1_122' title='bbox 2131 1192 2374 1265; x_wconf 82' lang='lat' dir='ltr'><strong>quidem</strong></span> <span class='ocrx_word' id='word_1_123' title='bbox 2417 1194 2607 1267; x_wconf 79' lang='lat' dir='ltr'><strong>igitur</strong></span> 
     </span>
    </p>
   </div>
   <div class='ocr_carea' id='block_1_4' title="bbox 38 737 39 1374">
    <p class='ocr_par' dir='ltr' id='par_1_7' title="bbox 38 737 39 1374">
     <span class='ocr_line' id='line_1_14' title="bbox 38 737 39 1374; baseline 0 0"><span class='ocrx_word' id='word_1_124' title='bbox 38 737 39 1374; x_wconf 95' lang='lat' dir='ltr'><strong> </strong></span> 
     </span>
    </p>
   </div>
   <div class='ocr_carea' id='block_1_5' title="bbox 174 1260 2653 4517">
    <p class='ocr_par' dir='ltr' id='par_1_8' title="bbox 182 1260 2608 1607">
     <span class='ocr_line' id='line_1_15' title="bbox 182 1260 2606 1341; baseline 0 -17"><span class='ocrx_word' id='word_1_125' title='bbox 182 1270 389 1325; x_wconf 91' lang='lat' dir='ltr'><strong>contra</strong></span> <span class='ocrx_word' id='word_1_126' title='bbox 410 1263 707 1322; x_wconf 89' lang='lat' dir='ltr'><strong>rationem</strong></span> <span class='ocrx_word' id='word_1_127' title='bbox 736 1262 894 1322; x_wconf 89' lang='lat' dir='ltr'><strong>entis</strong></span> <span class='ocrx_word' id='word_1_128' title='bbox 924 1268 1016 1321; x_wconf 90' lang='lat' dir='ltr'><strong>est</strong></span> <span class='ocrx_word' id='word_1_129' title='bbox 1038 1262 1198 1336; x_wconf 87' lang='lat' dir='ltr'><strong>quod</strong></span> <span class='ocrx_word' id='word_1_130' title='bbox 1223 1261 1700 1341; x_wconf 70' lang='lat' dir='ltr'><strong>entisrationem</strong></span> <span class='ocrx_word' id='word_1_131' title='bbox 1725 1260 1903 1320; x_wconf 89' lang='lat' dir='ltr'><strong>tollit.</strong></span> <span class='ocrx_word' id='word_1_132' title='bbox 1932 1262 2186 1322; x_wconf 75' lang='lat' dir='ltr'><strong>Tollitur</strong></span> <span class='ocrx_word' id='word_1_133' title='bbox 2222 1269 2421 1323; x_wconf 87' lang='lat' dir='ltr'><strong>autem</strong></span> <span class='ocrx_word' id='word_1_134' title='bbox 2450 1265 2606 1324; x_wconf 88' lang='lat' dir='ltr'><strong>ratio</strong></span> 
     </span>
     <span class='ocr_line' id='line_1_16' title="bbox 183 1330 2608 1415; baseline -0.001 -19"><span class='ocrx_word' id='word_1_135' title='bbox 183 1336 337 1396; x_wconf 88' lang='lat' dir='ltr'><strong>entis</strong></span> <span class='ocrx_word' id='word_1_136' title='bbox 362 1348 471 1407; x_wconf 88' lang='lat' dir='ltr'><strong>per</strong></span> <span class='ocrx_word' id='word_1_137' title='bbox 497 1347 676 1392; x_wconf 89' lang='lat' dir='ltr'><strong>suum</strong></span> <span class='ocrx_word' id='word_1_138' title='bbox 705 1333 1070 1415; x_wconf 84' lang='lat' dir='ltr'><strong>oppositum,</strong></span> <span class='ocrx_word' id='word_1_139' title='bbox 1096 1333 1255 1392; x_wconf 89' lang='lat' dir='ltr'><strong>sicut</strong></span> <span class='ocrx_word' id='word_1_140' title='bbox 1295 1337 1450 1390; x_wconf 89' lang='lat' dir='ltr'><strong>ratio</strong></span> <span class='ocrx_word' id='word_1_141' title='bbox 1500 1330 1767 1411; x_wconf 83' lang='lat' dir='ltr'><strong>hominis</strong></span> <span class='ocrx_word' id='word_1_142' title='bbox 1805 1345 1913 1403; x_wconf 89' lang='lat' dir='ltr'><strong>per</strong></span> <span class='ocrx_word' id='word_1_143' title='bbox 1957 1333 2300 1405; x_wconf 87' lang='lat' dir='ltr'><strong>oppositum</strong></span> <span class='ocrx_word' id='word_1_144' title='bbox 2328 1334 2461 1406; x_wconf 87' lang='lat' dir='ltr'><strong>ejus</strong></span> <span class='ocrx_word' id='word_1_145' title='bbox 2512 1336 2608 1394; x_wconf 85' lang='lat' dir='ltr'><strong>vel</strong></span> 
     </span>
     <span class='ocr_line' id='line_1_17' title="bbox 182 1404 2608 1486; baseline 0 -21"><span class='ocrx_word' id='word_1_146' title='bbox 182 1404 626 1480; x_wconf 77' lang='lat' dir='ltr'><strong>particularium</strong></span> <span class='ocrx_word' id='word_1_147' title='bbox 657 1405 673 1461; x_wconf 93' lang='lat' dir='ltr'><strong>i</strong></span> <span class='ocrx_word' id='word_1_148' title='bbox 719 1417 872 1463; x_wconf 77' lang='lat' dir='ltr'><strong>sius,</strong></span> <span class='ocrx_word' id='word_1_149' title='bbox 894 1404 1245 1486; x_wconf 89' lang='lat' dir='ltr'><strong>Oppositum</strong></span> <span class='ocrx_word' id='word_1_150' title='bbox 1275 1408 1473 1462; x_wconf 91' lang='lat' dir='ltr'><strong>autem</strong></span> <span class='ocrx_word' id='word_1_151' title='bbox 1501 1407 1661 1460; x_wconf 90' lang='lat' dir='ltr'><strong>entis</strong></span> <span class='ocrx_word' id='word_1_152' title='bbox 1675 1406 1905 1462; x_wconf 86' lang='lat' dir='ltr'><strong>estnon</strong></span> <span class='ocrx_word' id='word_1_153' title='bbox 1931 1416 2065 1462; x_wconf 87' lang='lat' dir='ltr'><strong>ens.</strong></span> <span class='ocrx_word' id='word_1_154' title='bbox 2093 1405 2218 1463; x_wconf 83' lang='lat' dir='ltr'><strong>Hoc</strong></span> <span class='ocrx_word' id='word_1_155' title='bbox 2244 1404 2429 1480; x_wconf 77' lang='lat' dir='ltr'><strong>igitur</strong></span> <span class='ocrx_word' id='word_1_156' title='bbox 2445 1408 2608 1465; x_wconf 88' lang='lat' dir='ltr'><strong>Deus</strong></span> 
     </span>
     <span class='ocr_line' id='line_1_18' title="bbox 183 1471 2607 1551; baseline -0 -16"><span class='ocrx_word' id='word_1_157' title='bbox 183 1490 303 1536; x_wconf 90' lang='lat' dir='ltr'><strong>non</strong></span> <span class='ocrx_word' id='word_1_158' title='bbox 349 1480 552 1548; x_wconf 88' lang='lat' dir='ltr'><strong>potest</strong></span> <span class='ocrx_word' id='word_1_159' title='bbox 585 1481 651 1533; x_wconf 92' lang='lat' dir='ltr'><strong>ut</strong></span> <span class='ocrx_word' id='word_1_160' title='bbox 701 1475 858 1533; x_wconf 88' lang='lat' dir='ltr'><strong>aciat</strong></span> <span class='ocrx_word' id='word_1_161' title='bbox 902 1475 1086 1533; x_wconf 87' lang='lat' dir='ltr'><strong>simul</strong></span> <span class='ocrx_word' id='word_1_162' title='bbox 1133 1486 1323 1532; x_wconf 90' lang='lat' dir='ltr'><strong>unum</strong></span> <span class='ocrx_word' id='word_1_163' title='bbox 1372 1477 1432 1531; x_wconf 91' lang='lat' dir='ltr'><strong>et</strong></span> <span class='ocrx_word' id='word_1_164' title='bbox 1455 1471 1621 1531; x_wconf 92' lang='lat' dir='ltr'><strong>idem</strong></span> <span class='ocrx_word' id='word_1_165' title='bbox 1654 1484 1792 1532; x_wconf 90' lang='lat' dir='ltr'><strong>esse</strong></span> <span class='ocrx_word' id='word_1_166' title='bbox 1846 1477 1907 1531; x_wconf 89' lang='lat' dir='ltr'><strong>et</strong></span> <span class='ocrx_word' id='word_1_167' title='bbox 1950 1486 2076 1533; x_wconf 91' lang='lat' dir='ltr'><strong>non</strong></span> <span class='ocrx_word' id='word_1_168' title='bbox 2117 1488 2280 1548; x_wconf 87' lang='lat' dir='ltr'><strong>esse,</strong></span> <span class='ocrx_word' id='word_1_169' title='bbox 2321 1475 2485 1551; x_wconf 86' lang='lat' dir='ltr'><strong>quod</strong></span> <span class='ocrx_word' id='word_1_170' title='bbox 2510 1480 2607 1536; x_wconf 89' lang='lat' dir='ltr'><strong>est</strong></span> 
     </span>
     <span class='ocr_line' id='line_1_19' title="bbox 189 1545 2606 1607; baseline -0.001 0"><span class='ocrx_word' id='word_1_171' title='bbox 189 1546 654 1607; x_wconf 86' lang='lat' dir='ltr'><strong>contradictoria</strong></span> <span class='ocrx_word' id='word_1_172' title='bbox 678 1558 817 1604; x_wconf 90' lang='lat' dir='ltr'><strong>esse</strong></span> <span class='ocrx_word' id='word_1_173' title='bbox 840 1545 1044 1605; x_wconf 88' lang='lat' dir='ltr'><strong>simul.</strong></span> <span class='ocrx_word' id='word_1_174' title='bbox 2596 1579 2606 1594; x_wconf 53' lang='grc' dir='ltr'><strong>ι</strong></span> 
     </span>
    </p>

    <p class='ocr_par' dir='ltr' id='par_1_9' title="bbox 185 1612 2610 1961">
     <span class='ocr_line' id='line_1_20' title="bbox 250 1612 2609 1688; baseline 0.001 -12"><span class='ocrx_word' id='word_1_175' title='bbox 250 1617 473 1685; x_wconf 74' lang='lat' dir='ltr'><strong>Adhuc,</strong></span> <span class='ocrx_word' id='word_1_176' title='bbox 502 1615 896 1675; x_wconf 84' lang='lat' dir='ltr'><strong>contradictio</strong></span> <span class='ocrx_word' id='word_1_177' title='bbox 924 1615 989 1673; x_wconf 92' lang='lat' dir='ltr'><strong>in</strong></span> <span class='ocrx_word' id='word_1_178' title='bbox 1015 1613 1335 1675; x_wconf 80' lang='lat' dir='ltr'><strong>contrariis</strong></span> <span class='ocrx_word' id='word_1_179' title='bbox 1361 1618 1422 1673; x_wconf 90' lang='lat' dir='ltr'><strong>et</strong></span> <span class='ocrx_word' id='word_1_180' title='bbox 1456 1612 1743 1685; x_wconf 85' lang='lat' dir='ltr'><strong>privative</strong></span> <span class='ocrx_word' id='word_1_181' title='bbox 1783 1614 2081 1688; x_wconf 87' lang='lat' dir='ltr'><strong>oppositis</strong></span> <span class='ocrx_word' id='word_1_182' title='bbox 2122 1616 2471 1677; x_wconf 83' lang='lat' dir='ltr'><strong>includitur.</strong></span> <span class='ocrx_word' id='word_1_183' title='bbox 2503 1619 2609 1679; x_wconf 85' lang='lat' dir='ltr'><strong>Sc-</strong></span> 
     </span>
     <span class='ocr_line' id='line_1_21' title="bbox 186 1683 2608 1763; baseline -0.001 -13"><span class='ocrx_word' id='word_1_184' title='bbox 186 1690 387 1763; x_wconf 82' lang='lat' dir='ltr'><strong>quitur</strong></span> <span class='ocrx_word' id='word_1_185' title='bbox 414 1687 576 1746; x_wconf 90' lang='lat' dir='ltr'><strong>enim</strong></span> <span class='ocrx_word' id='word_1_186' title='bbox 604 1689 658 1746; x_wconf 91' lang='lat' dir='ltr'><strong>si</strong></span> <span class='ocrx_word' id='word_1_187' title='bbox 687 1691 782 1745; x_wconf 89' lang='lat' dir='ltr'><strong>cst</strong></span> <span class='ocrx_word' id='word_1_188' title='bbox 806 1686 1008 1745; x_wconf 85' lang='lat' dir='ltr'><strong>album</strong></span> <span class='ocrx_word' id='word_1_189' title='bbox 1035 1692 1098 1743; x_wconf 89' lang='grc' dir='ltr'><strong>ει</strong></span> <span class='ocrx_word' id='word_1_190' title='bbox 1124 1685 1389 1758; x_wconf 85' lang='lat' dir='ltr'><strong>nigrum,</strong></span> <span class='ocrx_word' id='word_1_191' title='bbox 1418 1684 1581 1757; x_wconf 87' lang='lat' dir='ltr'><strong>quod</strong></span> <span class='ocrx_word' id='word_1_192' title='bbox 1609 1683 1692 1743; x_wconf 88' lang='lat' dir='ltr'><strong>sit</strong></span> <span class='ocrx_word' id='word_1_193' title='bbox 1718 1684 1922 1746; x_wconf 86' lang='lat' dir='ltr'><strong>album</strong></span> <span class='ocrx_word' id='word_1_194' title='bbox 1948 1692 2010 1744; x_wconf 91' lang='lat' dir='ltr'><strong>ct</strong></span> <span class='ocrx_word' id='word_1_195' title='bbox 2036 1699 2158 1745; x_wconf 88' lang='lat' dir='ltr'><strong>non</strong></span> <span class='ocrx_word' id='word_1_196' title='bbox 2187 1687 2412 1758; x_wconf 88' lang='lat' dir='ltr'><strong>album,</strong></span> <span class='ocrx_word' id='word_1_197' title='bbox 2442 1694 2521 1758; x_wconf 89' lang='lat' dir='ltr'><strong>et,</strong></span> <span class='ocrx_word' id='word_1_198' title='bbox 2551 1688 2608 1748; x_wconf 87' lang='lat' dir='ltr'><strong>si</strong></span> 
     </span>
     <span class='ocr_line' id='line_1_22' title="bbox 185 1755 2610 1830; baseline -0.001 -11"><span class='ocrx_word' id='word_1_199' title='bbox 185 1765 276 1819; x_wconf 84' lang='lat' dir='ltr'><strong>est</strong></span> <span class='ocrx_word' id='word_1_200' title='bbox 298 1758 515 1817; x_wconf 86' lang='lat' dir='ltr'><strong>videns</strong></span> <span class='ocrx_word' id='word_1_201' title='bbox 543 1764 602 1816; x_wconf 90' lang='lat' dir='ltr'><strong>et</strong></span> <span class='ocrx_word' id='word_1_202' title='bbox 627 1770 875 1827; x_wconf 85' lang='lat' dir='ltr'><strong>caecum,</strong></span> <span class='ocrx_word' id='word_1_203' title='bbox 904 1756 1065 1830; x_wconf 88' lang='lat' dir='ltr'><strong>quod</strong></span> <span class='ocrx_word' id='word_1_204' title='bbox 1094 1757 1176 1815; x_wconf 88' lang='lat' dir='ltr'><strong>sit</strong></span> <span class='ocrx_word' id='word_1_205' title='bbox 1204 1755 1419 1813; x_wconf 90' lang='lat' dir='ltr'><strong>videns</strong></span> <span class='ocrx_word' id='word_1_206' title='bbox 1455 1759 1517 1811; x_wconf 89' lang='lat' dir='ltr'><strong>et</strong></span> <span class='ocrx_word' id='word_1_207' title='bbox 1542 1767 1666 1813; x_wconf 90' lang='lat' dir='ltr'><strong>non</strong></span> <span class='ocrx_word' id='word_1_208' title='bbox 1713 1755 1957 1826; x_wconf 89' lang='lat' dir='ltr'><strong>videns;</strong></span> <span class='ocrx_word' id='word_1_209' title='bbox 2012 1758 2172 1816; x_wconf 89' lang='lat' dir='ltr'><strong>unde</strong></span> <span class='ocrx_word' id='word_1_210' title='bbox 2221 1756 2490 1830; x_wconf 81' lang='lat' dir='ltr'><strong>ejusdem</strong></span> <span class='ocrx_word' id='word_1_211' title='bbox 2520 1773 2610 1817; x_wconf 86' lang='lat' dir='ltr'><strong>ra·</strong></span> 
     </span>
     <span class='ocr_line' id='line_1_23' title="bbox 187 1825 2606 1957; baseline -0 -68"><span class='ocrx_word' id='word_1_212' title='bbox 187 1830 495 1957; x_wconf 73' lang='lat' dir='ltr'><strong>tionisdest</strong></span> <span class='ocrx_word' id='word_1_213' title='bbox 538 1828 700 1957; x_wconf 60' lang='lat' dir='ltr'><strong>qgod</strong></span> <span class='ocrx_word' id='word_1_214' title='bbox 754 1831 913 1887; x_wconf 88' lang='lat' dir='ltr'><strong>Deus</strong></span> <span class='ocrx_word' id='word_1_215' title='bbox 958 1839 1082 1886; x_wconf 93' lang='lat' dir='ltr'><strong>non</strong></span> <span class='ocrx_word' id='word_1_216' title='bbox 1128 1825 1324 1901; x_wconf 81' lang='lat' dir='ltr'><strong>possit</strong></span> <span class='ocrx_word' id='word_1_217' title='bbox 1367 1826 1563 1884; x_wconf 84' lang='lat' dir='ltr'><strong>facere</strong></span> <span class='ocrx_word' id='word_1_218' title='bbox 1609 1827 1890 1899; x_wconf 85' lang='lat' dir='ltr'><strong>opposita</strong></span> <span class='ocrx_word' id='word_1_219' title='bbox 1932 1826 2117 1886; x_wconf 87' lang='lat' dir='ltr'><strong>simul</strong></span> <span class='ocrx_word' id='word_1_220' title='bbox 2163 1827 2368 1889; x_wconf 87' lang='lat' dir='ltr'><strong>inesse</strong></span> <span class='ocrx_word' id='word_1_221' title='bbox 2410 1828 2606 1888; x_wconf 87' lang='lat' dir='ltr'><strong>eidem</strong></span> 
     </span>
     <span class='ocr_line' id='line_1_24' title="bbox 187 1912 732 1961; baseline -0.011 0"><span class='ocrx_word' id='word_1_222' title='bbox 187 1913 370 1961; x_wconf 84' lang='lat' dir='ltr'><strong>secun</strong></span> <span class='ocrx_word' id='word_1_223' title='bbox 419 1912 519 1957; x_wconf 89' lang='lat' dir='ltr'><strong>um</strong></span> <span class='ocrx_word' id='word_1_224' title='bbox 552 1914 571 1956; x_wconf 91' lang='lat' dir='ltr'><strong>i</strong></span> <span class='ocrx_word' id='word_1_225' title='bbox 615 1912 732 1956; x_wconf 87' lang='lat' dir='ltr'><strong>em.</strong></span> 
     </span>
    </p>

    <p class='ocr_par' dir='ltr' id='par_1_10' title="bbox 188 1966 2613 2252">
     <span class='ocr_line' id='line_1_25' title="bbox 253 1966 2613 2051; baseline 0.001 -23"><span class='ocrx_word' id='word_1_226' title='bbox 253 1970 534 2040; x_wconf 79' lang='lat' dir='ltr'><strong>Amplius,</strong></span> <span class='ocrx_word' id='word_1_227' title='bbox 566 1969 640 2027; x_wconf 89' lang='lat' dir='ltr'><strong>ad</strong></span> <span class='ocrx_word' id='word_1_228' title='bbox 669 1968 1063 2051; x_wconf 72' lang='lat' dir='ltr'><strong>remotionem</strong></span> <span class='ocrx_word' id='word_1_229' title='bbox 1092 1966 1412 2042; x_wconf 86' lang='lat' dir='ltr'><strong>cujuslibet</strong></span> <span class='ocrx_word' id='word_1_230' title='bbox 1437 1967 1716 2041; x_wconf 88' lang='lat' dir='ltr'><strong>principii</strong></span> <span class='ocrx_word' id='word_1_231' title='bbox 1743 1968 2089 2030; x_wconf 85' lang='lat' dir='ltr'><strong>essentialis</strong></span> <span class='ocrx_word' id='word_1_232' title='bbox 2116 1969 2391 2046; x_wconf 87' lang='lat' dir='ltr'><strong>sequitur</strong></span> <span class='ocrx_word' id='word_1_233' title='bbox 2421 1985 2613 2031; x_wconf 87' lang='lat' dir='ltr'><strong>remo-</strong></span> 
     </span>
     <span class='ocr_line' id='line_1_26' title="bbox 188 2040 2613 2113; baseline 0 -13"><span class='ocrx_word' id='word_1_234' title='bbox 188 2041 272 2101; x_wconf 91' lang='lat' dir='ltr'><strong>tio</strong></span> <span class='ocrx_word' id='word_1_235' title='bbox 297 2041 499 2113; x_wconf 87' lang='lat' dir='ltr'><strong>ipsius</strong></span> <span class='ocrx_word' id='word_1_236' title='bbox 526 2040 634 2098; x_wconf 90' lang='lat' dir='ltr'><strong>rei.</strong></span> <span class='ocrx_word' id='word_1_237' title='bbox 666 2040 727 2098; x_wconf 88' lang='lat' dir='ltr'><strong>Si</strong></span> <span class='ocrx_word' id='word_1_238' title='bbox 759 2046 941 2112; x_wconf 80' lang='lat' dir='ltr'><strong>igitur</strong></span> <span class='ocrx_word' id='word_1_239' title='bbox 984 2042 1142 2099; x_wconf 87' lang='lat' dir='ltr'><strong>Deus</strong></span> <span class='ocrx_word' id='word_1_240' title='bbox 1184 2052 1307 2098; x_wconf 90' lang='lat' dir='ltr'><strong>non</strong></span> <span class='ocrx_word' id='word_1_241' title='bbox 1353 2043 1553 2109; x_wconf 90' lang='lat' dir='ltr'><strong>potest</strong></span> <span class='ocrx_word' id='word_1_242' title='bbox 1589 2040 1785 2098; x_wconf 74' lang='lat' dir='ltr'><strong>iacere</strong></span> <span class='ocrx_word' id='word_1_243' title='bbox 1828 2053 1952 2100; x_wconf 90' lang='lat' dir='ltr'><strong>rem</strong></span> <span class='ocrx_word' id='word_1_244' title='bbox 1992 2040 2175 2100; x_wconf 90' lang='lat' dir='ltr'><strong>simul</strong></span> <span class='ocrx_word' id='word_1_245' title='bbox 2218 2055 2356 2102; x_wconf 90' lang='lat' dir='ltr'><strong>esse</strong></span> <span class='ocrx_word' id='word_1_246' title='bbox 2386 2047 2447 2100; x_wconf 83' lang='lat' dir='ltr'><strong>et</strong></span> <span class='ocrx_word' id='word_1_247' title='bbox 2486 2056 2613 2102; x_wconf 91' lang='lat' dir='ltr'><strong>non</strong></span> 
     </span>
     <span class='ocr_line' id='line_1_27' title="bbox 190 2109 2612 2185; baseline -0 -12"><span class='ocrx_word' id='word_1_248' title='bbox 190 2124 345 2181; x_wconf 81' lang='lat' dir='ltr'><strong>esse,</strong></span> <span class='ocrx_word' id='word_1_249' title='bbox 368 2125 482 2169; x_wconf 90' lang='lat' dir='ltr'><strong>nec</strong></span> <span class='ocrx_word' id='word_1_250' title='bbox 497 2111 675 2169; x_wconf 86' lang='lat' dir='ltr'><strong>etiam</strong></span> <span class='ocrx_word' id='word_1_251' title='bbox 703 2117 904 2180; x_wconf 87' lang='lat' dir='ltr'><strong>potest</strong></span> <span class='ocrx_word' id='word_1_252' title='bbox 926 2111 1121 2169; x_wconf 81' lang='lat' dir='ltr'><strong>facere</strong></span> <span class='ocrx_word' id='word_1_253' title='bbox 1148 2110 1305 2184; x_wconf 87' lang='lat' dir='ltr'><strong>quod</strong></span> <span class='ocrx_word' id='word_1_254' title='bbox 1338 2109 1423 2167; x_wconf 91' lang='lat' dir='ltr'><strong>rei</strong></span> <span class='ocrx_word' id='word_1_255' title='bbox 1452 2109 1610 2168; x_wconf 84' lang='lat' dir='ltr'><strong>desit</strong></span> <span class='ocrx_word' id='word_1_256' title='bbox 1634 2109 1863 2184; x_wconf 85' lang='lat' dir='ltr'><strong>aliquid</strong></span> <span class='ocrx_word' id='word_1_257' title='bbox 1890 2125 2142 2171; x_wconf 88' lang='lat' dir='ltr'><strong>suorum</strong></span> <span class='ocrx_word' id='word_1_258' title='bbox 2177 2112 2612 2185; x_wconf 83' lang='lat' dir='ltr'><strong>principiorum</strong></span> 
     </span>
     <span class='ocr_line' id='line_1_28' title="bbox 190 2180 2442 2252; baseline 0 -10"><span class='ocrx_word' id='word_1_259' title='bbox 190 2181 628 2251; x_wconf 78' lang='lat' dir='ltr'><strong>essentialium,</strong></span> <span class='ocrx_word' id='word_1_260' title='bbox 658 2181 792 2251; x_wconf 87' lang='lat' dir='ltr'><strong>ipsa</strong></span> <span class='ocrx_word' id='word_1_261' title='bbox 818 2186 1136 2251; x_wconf 89' lang='lat' dir='ltr'><strong>manente;</strong></span> <span class='ocrx_word' id='word_1_262' title='bbox 1167 2181 1325 2239; x_wconf 88' lang='lat' dir='ltr'><strong>sicut</strong></span> <span class='ocrx_word' id='word_1_263' title='bbox 1351 2180 1513 2252; x_wconf 74' lang='lat' dir='ltr'><strong>quoti</strong></span> <span class='ocrx_word' id='word_1_264' title='bbox 1542 2181 1724 2239; x_wconf 86' lang='lat' dir='ltr'><strong>homo</strong></span> <span class='ocrx_word' id='word_1_265' title='bbox 1754 2193 1876 2241; x_wconf 93' lang='lat' dir='ltr'><strong>non</strong></span> <span class='ocrx_word' id='word_1_266' title='bbox 1904 2182 2118 2241; x_wconf 87' lang='lat' dir='ltr'><strong>habeat</strong></span> <span class='ocrx_word' id='word_1_267' title='bbox 2156 2183 2442 2243; x_wconf 87' lang='lat' dir='ltr'><strong>animam.</strong></span> 
     </span>
    </p>

    <p class='ocr_par' dir='ltr' id='par_1_11' title="bbox 185 2249 2617 2737">
     <span class='ocr_line' id='line_1_29' title="bbox 251 2249 2613 2328; baseline 0.002 -17"><span class='ocrx_word' id='word_1_268' title='bbox 251 2256 542 2317; x_wconf 74' lang='lat' dir='ltr'><strong>Praeterea,</strong></span> <span class='ocrx_word' id='word_1_269' title='bbox 575 2266 710 2311; x_wconf 90' lang='lat' dir='ltr'><strong>cum</strong></span> <span class='ocrx_word' id='word_1_270' title='bbox 739 2252 1034 2324; x_wconf 87' lang='lat' dir='ltr'><strong>principia</strong></span> <span class='ocrx_word' id='word_1_271' title='bbox 1059 2249 1456 2325; x_wconf 88' lang='lat' dir='ltr'><strong>quarumdam</strong></span> <span class='ocrx_word' id='word_1_272' title='bbox 1483 2252 1872 2310; x_wconf 88' lang='lat' dir='ltr'><strong>scientiarum</strong></span> <span class='ocrx_word' id='word_1_273' title='bbox 1901 2259 1969 2310; x_wconf 86' lang='lat' dir='ltr'><strong>ut</strong></span> <span class='ocrx_word' id='word_1_274' title='bbox 1983 2253 2218 2327; x_wconf 78' lang='lat' dir='ltr'><strong>logicae,</strong></span> <span class='ocrx_word' id='word_1_275' title='bbox 2247 2256 2613 2328; x_wconf 63' lang='lat' dir='ltr'><strong>geometriae,</strong></span> 
     </span>
     <span class='ocr_line' id='line_1_30' title="bbox 185 2321 2614 2406; baseline 0.002 -23"><span class='ocrx_word' id='word_1_276' title='bbox 185 2323 595 2394; x_wconf 60' lang='lat' dir='ltr'><strong>arithmeticae,</strong></span> <span class='ocrx_word' id='word_1_277' title='bbox 625 2328 941 2381; x_wconf 87' lang='lat' dir='ltr'><strong>sumantur</strong></span> <span class='ocrx_word' id='word_1_278' title='bbox 965 2338 1038 2381; x_wconf 89' lang='lat' dir='ltr'><strong>ex</strong></span> <span class='ocrx_word' id='word_1_279' title='bbox 1087 2321 1237 2381; x_wconf 88' lang='lat' dir='ltr'><strong>solis</strong></span> <span class='ocrx_word' id='word_1_280' title='bbox 1280 2321 1594 2394; x_wconf 85' lang='lat' dir='ltr'><strong>principiis</strong></span> <span class='ocrx_word' id='word_1_281' title='bbox 1626 2321 1979 2382; x_wconf 80' lang='lat' dir='ltr'><strong>formalibus</strong></span> <span class='ocrx_word' id='word_1_282' title='bbox 2022 2337 2245 2406; x_wconf 63' lang='lat' dir='ltr'><strong>rerum,</strong></span> <span class='ocrx_word' id='word_1_283' title='bbox 2271 2339 2344 2382; x_wconf 86' lang='lat' dir='ltr'><strong>ex</strong></span> <span class='ocrx_word' id='word_1_284' title='bbox 2388 2325 2614 2400; x_wconf 83' lang='lat' dir='ltr'><strong>quibus</strong></span> 
     </span>
     <span class='ocr_line' id='line_1_31' title="bbox 189 2392 2613 2467; baseline 0.002 -15"><span class='ocrx_word' id='word_1_285' title='bbox 189 2395 453 2454; x_wconf 84' lang='lat' dir='ltr'><strong>essentia</strong></span> <span class='ocrx_word' id='word_1_286' title='bbox 479 2394 564 2453; x_wconf 88' lang='lat' dir='ltr'><strong>rei</strong></span> <span class='ocrx_word' id='word_1_287' title='bbox 598 2392 910 2465; x_wconf 85' lang='lat' dir='ltr'><strong>dependet,</strong></span> <span class='ocrx_word' id='word_1_288' title='bbox 939 2392 1211 2467; x_wconf 87' lang='lat' dir='ltr'><strong>sequitur</strong></span> <span class='ocrx_word' id='word_1_289' title='bbox 1235 2392 1396 2466; x_wconf 84' lang='lat' dir='ltr'><strong>quod</strong></span> <span class='ocrx_word' id='word_1_290' title='bbox 1428 2392 1730 2451; x_wconf 86' lang='lat' dir='ltr'><strong>contraria</strong></span> <span class='ocrx_word' id='word_1_291' title='bbox 1756 2393 1971 2452; x_wconf 89' lang='lat' dir='ltr'><strong>horum</strong></span> <span class='ocrx_word' id='word_1_292' title='bbox 1993 2394 2423 2466; x_wconf 76' lang='lat' dir='ltr'><strong>principiorum</strong></span> <span class='ocrx_word' id='word_1_293' title='bbox 2451 2399 2613 2456; x_wconf 86' lang='lat' dir='ltr'><strong>Deus</strong></span> 
     </span>
     <span class='ocr_line' id='line_1_32' title="bbox 188 2463 2612 2546; baseline 0.001 -22"><span class='ocrx_word' id='word_1_294' title='bbox 188 2466 382 2526; x_wconf 83' lang='lat' dir='ltr'><strong>facere</strong></span> <span class='ocrx_word' id='word_1_295' title='bbox 413 2478 537 2525; x_wconf 90' lang='lat' dir='ltr'><strong>non</strong></span> <span class='ocrx_word' id='word_1_296' title='bbox 565 2464 780 2538; x_wconf 85' lang='lat' dir='ltr'><strong>possit,</strong></span> <span class='ocrx_word' id='word_1_297' title='bbox 814 2464 973 2523; x_wconf 86' lang='lat' dir='ltr'><strong>sicut</strong></span> <span class='ocrx_word' id='word_1_298' title='bbox 1016 2463 1177 2538; x_wconf 82' lang='lat' dir='ltr'><strong>quod</strong></span> <span class='ocrx_word' id='word_1_299' title='bbox 1217 2476 1413 2545; x_wconf 79' lang='lat' dir='ltr'><strong>genus</strong></span> <span class='ocrx_word' id='word_1_300' title='bbox 1442 2475 1568 2522; x_wconf 89' lang='lat' dir='ltr'><strong>non</strong></span> <span class='ocrx_word' id='word_1_301' title='bbox 1596 2464 1677 2523; x_wconf 89' lang='lat' dir='ltr'><strong>sit</strong></span> <span class='ocrx_word' id='word_1_302' title='bbox 1698 2463 2100 2546; x_wconf 48' lang='lat' dir='ltr'><strong>‚praedicabile</strong></span> <span class='ocrx_word' id='word_1_303' title='bbox 2145 2463 2220 2523; x_wconf 86' lang='lat' dir='ltr'><strong>de</strong></span> <span class='ocrx_word' id='word_1_304' title='bbox 2263 2465 2485 2538; x_wconf 90' lang='lat' dir='ltr'><strong>specie,</strong></span> <span class='ocrx_word' id='word_1_305' title='bbox 2514 2468 2612 2526; x_wconf 83' lang='lat' dir='ltr'><strong>vel</strong></span> 
     </span>
     <span class='ocr_line' id='line_1_33' title="bbox 189 2533 2617 2610; baseline 0.001 -15"><span class='ocrx_word' id='word_1_306' title='bbox 189 2537 345 2610; x_wconf 80' lang='lat' dir='ltr'><strong>quod</strong></span> <span class='ocrx_word' id='word_1_307' title='bbox 375 2536 553 2595; x_wconf 84' lang='lat' dir='ltr'><strong>lineae</strong></span> <span class='ocrx_word' id='word_1_308' title='bbox 584 2537 774 2595; x_wconf 78' lang='lat' dir='ltr'><strong>ductae</strong></span> <span class='ocrx_word' id='word_1_309' title='bbox 820 2549 859 2593; x_wconf 89' lang='lat' dir='ltr'><strong>a</strong></span> <span class='ocrx_word' id='word_1_310' title='bbox 898 2540 1102 2594; x_wconf 89' lang='lat' dir='ltr'><strong>centro</strong></span> <span class='ocrx_word' id='word_1_311' title='bbox 1153 2533 1228 2593; x_wconf 89' lang='lat' dir='ltr'><strong>ad</strong></span> <span class='ocrx_word' id='word_1_312' title='bbox 1270 2534 1813 2593; x_wconf 78' lang='lat' dir='ltr'><strong>circumferentiam</strong></span> <span class='ocrx_word' id='word_1_313' title='bbox 1859 2548 1985 2593; x_wconf 92' lang='lat' dir='ltr'><strong>non</strong></span> <span class='ocrx_word' id='word_1_314' title='bbox 2027 2535 2150 2594; x_wconf 86' lang='lat' dir='ltr'><strong>sint</strong></span> <span class='ocrx_word' id='word_1_315' title='bbox 2179 2548 2229 2594; x_wconf 82' lang='lat' dir='ltr'>ae</span> <span class='ocrx_word' id='word_1_316' title='bbox 2272 2538 2462 2603; x_wconf 86' lang='lat' dir='ltr'><strong>uales,</strong></span> <span class='ocrx_word' id='word_1_317' title='bbox 2511 2543 2617 2598; x_wconf 89' lang='lat' dir='ltr'><strong>aut</strong></span> 
     </span>
     <span class='ocr_line' id='line_1_34' title="bbox 188 2604 2613 2735; baseline 0.001 -69"><span class='ocrx_word' id='word_1_318' title='bbox 188 2608 344 2735; x_wconf 56' lang='lat' dir='ltr'><strong>quod</strong></span> <span class='ocrx_word' id='word_1_319' title='bbox 383 2607 727 2680; x_wconf 84' lang='lat' dir='ltr'><strong>triangulus</strong></span> <span class='ocrx_word' id='word_1_320' title='bbox 769 2606 1119 2665; x_wconf 87' lang='lat' dir='ltr'><strong>rectilineus</strong></span> <span class='ocrx_word' id='word_1_321' title='bbox 1166 2616 1289 2663; x_wconf 89' lang='lat' dir='ltr'><strong>non</strong></span> <span class='ocrx_word' id='word_1_322' title='bbox 1335 2604 1553 2664; x_wconf 85' lang='lat' dir='ltr'><strong>habeat</strong></span> <span class='ocrx_word' id='word_1_323' title='bbox 1596 2608 1720 2664; x_wconf 86' lang='lat' dir='ltr'><strong>tres</strong></span> <span class='ocrx_word' id='word_1_324' title='bbox 1763 2605 2019 2678; x_wconf 80' lang='lat' dir='ltr'><strong>angulos</strong></span> <span class='ocrx_word' id='word_1_325' title='bbox 2065 2619 2237 2679; x_wconf 82' lang='lat' dir='ltr'><strong>aequa</strong></span> <span class='ocrx_word' id='word_1_326' title='bbox 2261 2620 2329 2666; x_wconf 89' lang='lat' dir='ltr'><strong>es</strong></span> <span class='ocrx_word' id='word_1_327' title='bbox 2373 2607 2613 2669; x_wconf 85' lang='lat' dir='ltr'><strong>duobus</strong></span> 
     </span>
     <span class='ocr_line' id='line_1_35' title="bbox 187 2692 389 2737; baseline -0.005 -1"><span class='ocrx_word' id='word_1_328' title='bbox 187 2692 284 2737; x_wconf 87' lang='lat' dir='ltr'><strong>rec</strong></span> <span class='ocrx_word' id='word_1_329' title='bbox 310 2692 389 2736; x_wconf 87' lang='lat' dir='ltr'><strong>is.</strong></span> 
     </span>
    </p>

    <p class='ocr_par' dir='ltr' id='par_1_12' title="bbox 187 2746 2618 2963">
     <span class='ocr_line' id='line_1_36' title="bbox 254 2746 2614 2821; baseline 0 -15"><span class='ocrx_word' id='word_1_330' title='bbox 254 2750 409 2807; x_wconf 84' lang='lat' dir='ltr'><strong>Hinc</strong></span> <span class='ocrx_word' id='word_1_331' title='bbox 436 2748 617 2806; x_wconf 86' lang='lat' dir='ltr'><strong>etiam</strong></span> <span class='ocrx_word' id='word_1_332' title='bbox 654 2752 817 2819; x_wconf 89' lang='lat' dir='ltr'><strong>patet</strong></span> <span class='ocrx_word' id='word_1_333' title='bbox 856 2747 1018 2821; x_wconf 85' lang='lat' dir='ltr'><strong>quod</strong></span> <span class='ocrx_word' id='word_1_334' title='bbox 1056 2751 1217 2806; x_wconf 87' lang='lat' dir='ltr'><strong>Deus</strong></span> <span class='ocrx_word' id='word_1_335' title='bbox 1253 2758 1376 2805; x_wconf 91' lang='lat' dir='ltr'><strong>non</strong></span> <span class='ocrx_word' id='word_1_336' title='bbox 1403 2749 1603 2818; x_wconf 89' lang='lat' dir='ltr'><strong>potest</strong></span> <span class='ocrx_word' id='word_1_337' title='bbox 1629 2746 1821 2803; x_wconf 81' lang='lat' dir='ltr'><strong>facere</strong></span> <span class='ocrx_word' id='word_1_338' title='bbox 1870 2746 2031 2820; x_wconf 85' lang='lat' dir='ltr'><strong>quod</strong></span> <span class='ocrx_word' id='word_1_339' title='bbox 2077 2746 2440 2818; x_wconf 66' lang='lat' dir='ltr'><strong>praeteritum</strong></span> <span class='ocrx_word' id='word_1_340' title='bbox 2487 2760 2614 2807; x_wconf 89' lang='lat' dir='ltr'><strong>non</strong></span> 
     </span>
     <span class='ocr_line' id='line_1_37' title="bbox 188 2816 2618 2898; baseline -0 -21"><span class='ocrx_word' id='word_1_341' title='bbox 188 2820 405 2885; x_wconf 77' lang='lat' dir='ltr'><strong>fuerit:</strong></span> <span class='ocrx_word' id='word_1_342' title='bbox 433 2832 572 2877; x_wconf 87' lang='lat' dir='ltr'><strong>nam</strong></span> <span class='ocrx_word' id='word_1_343' title='bbox 601 2818 717 2877; x_wconf 85' lang='lat' dir='ltr'><strong>hoc</strong></span> <span class='ocrx_word' id='word_1_344' title='bbox 745 2818 925 2877; x_wconf 87' lang='lat' dir='ltr'><strong>etiam</strong></span> <span class='ocrx_word' id='word_1_345' title='bbox 944 2817 1478 2877; x_wconf 85' lang='lat' dir='ltr'><strong>contradictionem</strong></span> <span class='ocrx_word' id='word_1_346' title='bbox 1506 2816 1760 2898; x_wconf 71' lang='lat' dir='ltr'><strong>includit</strong></span> <span class='ocrx_word' id='word_1_347' title='bbox 1789 2835 1806 2874; x_wconf 89' lang='lat'>:</span> <span class='ocrx_word' id='word_1_348' title='bbox 1836 2817 2103 2889; x_wconf 88' lang='lat' dir='ltr'><strong>ejusdem</strong></span> <span class='ocrx_word' id='word_1_349' title='bbox 2131 2830 2390 2893; x_wconf 88' lang='lat' dir='ltr'><strong>namque</strong></span> <span class='ocrx_word' id='word_1_350' title='bbox 2414 2830 2618 2877; x_wconf 87' lang='lat' dir='ltr'><strong>neces-</strong></span> 
     </span>
     <span class='ocr_line' id='line_1_38' title="bbox 187 2887 2117 2963; baseline -0.002 -15"><span class='ocrx_word' id='word_1_351' title='bbox 187 2890 386 2948; x_wconf 89' lang='lat' dir='ltr'><strong>sitatis</strong></span> <span class='ocrx_word' id='word_1_352' title='bbox 417 2896 512 2948; x_wconf 87' lang='lat' dir='ltr'><strong>est</strong></span> <span class='ocrx_word' id='word_1_353' title='bbox 532 2889 758 2963; x_wconf 87' lang='lat' dir='ltr'><strong>aliquid</strong></span> <span class='ocrx_word' id='word_1_354' title='bbox 785 2902 924 2947; x_wconf 88' lang='lat' dir='ltr'><strong>esse</strong></span> <span class='ocrx_word' id='word_1_355' title='bbox 952 2889 1095 2947; x_wconf 90' lang='lat' dir='ltr'><strong>dum</strong></span> <span class='ocrx_word' id='word_1_356' title='bbox 1122 2892 1237 2957; x_wconf 90' lang='lat' dir='ltr'><strong>est,</strong></span> <span class='ocrx_word' id='word_1_357' title='bbox 1263 2893 1324 2945; x_wconf 90' lang='lat' dir='ltr'><strong>et</strong></span> <span class='ocrx_word' id='word_1_358' title='bbox 1349 2887 1578 2960; x_wconf 87' lang='lat' dir='ltr'><strong>aliquid</strong></span> <span class='ocrx_word' id='word_1_359' title='bbox 1607 2888 1797 2946; x_wconf 87' lang='lat' dir='ltr'><strong>fuisse</strong></span> <span class='ocrx_word' id='word_1_360' title='bbox 1821 2887 1963 2945; x_wconf 90' lang='lat' dir='ltr'><strong>dum</strong></span> <span class='ocrx_word' id='word_1_361' title='bbox 1985 2888 2117 2945; x_wconf 78' lang='lat' dir='ltr'><strong>ruit.</strong></span> 
     </span>
    </p>

    <p class='ocr_par' dir='ltr' id='par_1_13' title="bbox 188 2956 2617 3174">
     <span class='ocr_line' id='line_1_39' title="bbox 252 2956 2616 3034; baseline -0 -14"><span class='ocrx_word' id='word_1_362' title='bbox 252 2964 407 3020; x_wconf 89' lang='lat' dir='ltr'><strong>Sunt</strong></span> <span class='ocrx_word' id='word_1_363' title='bbox 432 2959 610 3018; x_wconf 85' lang='lat' dir='ltr'><strong>etiam</strong></span> <span class='ocrx_word' id='word_1_364' title='bbox 651 2960 923 3033; x_wconf 76' lang='lat' dir='ltr'><strong>quaedam</strong></span> <span class='ocrx_word' id='word_1_365' title='bbox 1010 2973 1100 3018; x_wconf 83' lang='lat' dir='ltr'><strong>uae</strong></span> <span class='ocrx_word' id='word_1_366' title='bbox 1149 2960 1487 3031; x_wconf 83' lang='lat' dir='ltr'><strong>repugnant</strong></span> <span class='ocrx_word' id='word_1_367' title='bbox 1528 2956 1747 3015; x_wconf 90' lang='lat' dir='ltr'><strong>rationi</strong></span> <span class='ocrx_word' id='word_1_368' title='bbox 1795 2957 1953 3016; x_wconf 85' lang='lat' dir='ltr'><strong>entis</strong></span> <span class='ocrx_word' id='word_1_369' title='bbox 1999 2957 2160 3028; x_wconf 85' lang='lat' dir='ltr'><strong>facti,</strong></span> <span class='ocrx_word' id='word_1_370' title='bbox 2208 2957 2274 3018; x_wconf 89' lang='lat' dir='ltr'><strong>in</strong></span> <span class='ocrx_word' id='word_1_371' title='bbox 2321 2965 2616 3034; x_wconf 85' lang='lat' dir='ltr'><strong>quantum</strong></span> 
     </span>
     <span class='ocr_line' id='line_1_40' title="bbox 188 2974 2617 3105; baseline 0 -15"><span class='ocrx_word' id='word_1_372' title='bbox 188 3030 558 3104; x_wconf 88' lang='lat' dir='ltr'><strong>hujusmodi,</strong></span> <span class='ocrx_word' id='word_1_373' title='bbox 593 3045 727 3103; x_wconf 72' lang='lat' dir='ltr'><strong>quie</strong></span> <span class='ocrx_word' id='word_1_374' title='bbox 754 3031 933 3090; x_wconf 88' lang='lat' dir='ltr'><strong>etiam</strong></span> <span class='ocrx_word' id='word_1_375' title='bbox 962 2974 1122 3089; x_wconf 63' lang='lat' dir='ltr'><strong>fleus</strong></span> <span class='ocrx_word' id='word_1_376' title='bbox 1168 3030 1363 3088; x_wconf 83' lang='lat' dir='ltr'><strong>facere</strong></span> <span class='ocrx_word' id='word_1_377' title='bbox 1408 3039 1533 3086; x_wconf 92' lang='lat' dir='ltr'><strong>non</strong></span> <span class='ocrx_word' id='word_1_378' title='bbox 1584 3031 1819 3101; x_wconf 89' lang='lat' dir='ltr'><strong>potest;</strong></span> <span class='ocrx_word' id='word_1_379' title='bbox 1871 3041 2010 3087; x_wconf 87' lang='lat' dir='ltr'><strong>nam</strong></span> <span class='ocrx_word' id='word_1_380' title='bbox 2057 3041 2238 3088; x_wconf 88' lang='lat' dir='ltr'><strong>omne</strong></span> <span class='ocrx_word' id='word_1_381' title='bbox 2268 3031 2431 3105; x_wconf 84' lang='lat' dir='ltr'><strong>quod</strong></span> <span class='ocrx_word' id='word_1_382' title='bbox 2472 3031 2617 3090; x_wconf 84' lang='lat' dir='ltr'><strong>facit</strong></span> 
     </span>
     <span class='ocr_line' id='line_1_41' title="bbox 188 3102 1981 3174; baseline -0.001 -13"><span class='ocrx_word' id='word_1_383' title='bbox 188 3104 367 3167; x_wconf 81' lang='lat' dir='ltr'><strong>Deus,</strong></span> <span class='ocrx_word' id='word_1_384' title='bbox 397 3107 632 3174; x_wconf 89' lang='lat' dir='ltr'><strong>oportet</strong></span> <span class='ocrx_word' id='word_1_385' title='bbox 654 3115 790 3160; x_wconf 88' lang='lat' dir='ltr'><strong>esse</strong></span> <span class='ocrx_word' id='word_1_386' title='bbox 816 3102 1062 3159; x_wconf 83' lang='lat' dir='ltr'><strong>factum.</strong></span> <span class='ocrx_word' id='word_1_387' title='bbox 1965 3143 1981 3159; x_wconf 83' lang='lat'><strong>.</strong></span> 
     </span>
    </p>

    <p class='ocr_par' dir='ltr' id='par_1_14' title="bbox 186 3170 2616 3386">
     <span class='ocr_line' id='line_1_42' title="bbox 255 3170 2616 3245; baseline -0 -14"><span class='ocrx_word' id='word_1_388' title='bbox 255 3175 339 3231; x_wconf 77' lang='lat' dir='ltr'><strong>Ex</strong></span> <span class='ocrx_word' id='word_1_389' title='bbox 366 3173 487 3231; x_wconf 88' lang='lat' dir='ltr'><strong>hoc</strong></span> <span class='ocrx_word' id='word_1_390' title='bbox 514 3176 711 3230; x_wconf 87' lang='lat' dir='ltr'><strong>autem</strong></span> <span class='ocrx_word' id='word_1_391' title='bbox 741 3176 899 3245; x_wconf 89' lang='lat' dir='ltr'><strong>patet</strong></span> <span class='ocrx_word' id='word_1_392' title='bbox 929 3170 1088 3244; x_wconf 89' lang='lat' dir='ltr'><strong>quod</strong></span> <span class='ocrx_word' id='word_1_393' title='bbox 1119 3172 1277 3229; x_wconf 88' lang='lat' dir='ltr'><strong>Deus</strong></span> <span class='ocrx_word' id='word_1_394' title='bbox 1305 3182 1430 3228; x_wconf 89' lang='lat' dir='ltr'><strong>non</strong></span> <span class='ocrx_word' id='word_1_395' title='bbox 1454 3173 1656 3243; x_wconf 88' lang='lat' dir='ltr'><strong>potest</strong></span> <span class='ocrx_word' id='word_1_396' title='bbox 1681 3170 1875 3228; x_wconf 83' lang='lat' dir='ltr'><strong>facere</strong></span> <span class='ocrx_word' id='word_1_397' title='bbox 1894 3172 2103 3230; x_wconf 87' lang='lat' dir='ltr'><strong>Deum.</strong></span> <span class='ocrx_word' id='word_1_398' title='bbox 2124 3173 2271 3230; x_wconf 87' lang='lat' dir='ltr'><strong>Nam</strong></span> <span class='ocrx_word' id='word_1_399' title='bbox 2291 3171 2365 3231; x_wconf 86' lang='lat' dir='ltr'><strong>de</strong></span> <span class='ocrx_word' id='word_1_400' title='bbox 2380 3172 2616 3231; x_wconf 86' lang='lat' dir='ltr'><strong>ratione</strong></span> 
     </span>
     <span class='ocr_line' id='line_1_43' title="bbox 188 3234 2613 3315; baseline 0 -13"><span class='ocrx_word' id='word_1_401' title='bbox 188 3245 343 3302; x_wconf 86' lang='lat' dir='ltr'><strong>entis</strong></span> <span class='ocrx_word' id='word_1_402' title='bbox 372 3234 516 3301; x_wconf 73' lang='lat' dir='ltr'><strong>facti</strong></span> <span class='ocrx_word' id='word_1_403' title='bbox 547 3248 641 3301; x_wconf 90' lang='grc' dir='ltr'><strong>εει</strong></span> <span class='ocrx_word' id='word_1_404' title='bbox 667 3243 829 3315; x_wconf 83' lang='lat' dir='ltr'><strong>quod</strong></span> <span class='ocrx_word' id='word_1_405' title='bbox 856 3255 993 3301; x_wconf 87' lang='lat' dir='ltr'><strong>esse</strong></span> <span class='ocrx_word' id='word_1_406' title='bbox 1022 3255 1201 3300; x_wconf 90' lang='lat' dir='ltr'><strong>suum</strong></span> <span class='ocrx_word' id='word_1_407' title='bbox 1231 3255 1306 3299; x_wconf 82' lang='lat' dir='ltr'><strong>ex</strong></span> <span class='ocrx_word' id='word_1_408' title='bbox 1332 3240 1454 3299; x_wconf 86' lang='lat' dir='ltr'><strong>alia</strong></span> <span class='ocrx_word' id='word_1_409' title='bbox 1475 3254 1662 3300; x_wconf 89' lang='lat' dir='ltr'><strong>causa</strong></span> <span class='ocrx_word' id='word_1_410' title='bbox 1686 3240 2038 3314; x_wconf 89' lang='lat' dir='ltr'><strong>dependeat,</strong></span> <span class='ocrx_word' id='word_1_411' title='bbox 2068 3242 2230 3315; x_wconf 88' lang='lat' dir='ltr'><strong>quod</strong></span> <span class='ocrx_word' id='word_1_412' title='bbox 2259 3247 2352 3301; x_wconf 90' lang='lat' dir='ltr'><strong>est</strong></span> <span class='ocrx_word' id='word_1_413' title='bbox 2400 3247 2613 3302; x_wconf 88' lang='lat' dir='ltr'><strong>contra</strong></span> 
     </span>
     <span class='ocr_line' id='line_1_44' title="bbox 186 3311 2503 3386; baseline -0.001 -14"><span class='ocrx_word' id='word_1_414' title='bbox 186 3315 485 3373; x_wconf 84' lang='lat' dir='ltr'><strong>rationem</strong></span> <span class='ocrx_word' id='word_1_415' title='bbox 513 3313 645 3385; x_wconf 86' lang='lat' dir='ltr'><strong>ejus</strong></span> <span class='ocrx_word' id='word_1_416' title='bbox 669 3313 829 3385; x_wconf 87' lang='lat' dir='ltr'><strong>quod</strong></span> <span class='ocrx_word' id='word_1_417' title='bbox 858 3312 1078 3370; x_wconf 88' lang='lat' dir='ltr'><strong>dicitur</strong></span> <span class='ocrx_word' id='word_1_418' title='bbox 1104 3314 1284 3381; x_wconf 89' lang='lat' dir='ltr'><strong>Deus,</strong></span> <span class='ocrx_word' id='word_1_419' title='bbox 1312 3316 1381 3369; x_wconf 90' lang='lat' dir='ltr'><strong>ut</strong></span> <span class='ocrx_word' id='word_1_420' title='bbox 1406 3325 1481 3369; x_wconf 84' lang='lat' dir='ltr'><strong>ex</strong></span> <span class='ocrx_word' id='word_1_421' title='bbox 1507 3311 1922 3383; x_wconf 84' lang='lat' dir='ltr'><strong>superioribus</strong></span> <span class='ocrx_word' id='word_1_422' title='bbox 1952 3312 2015 3385; x_wconf 93' lang='lat' dir='ltr'><strong>(l.</strong></span> <span class='ocrx_word' id='word_1_423' title='bbox 2044 3325 2088 3370; x_wconf 90' lang='lat'><strong>1.</strong></span> <span class='ocrx_word' id='word_1_424' title='bbox 2118 3326 2173 3372; x_wconf 89' lang='lat' dir='ltr'><strong>c.</strong></span> <span class='ocrx_word' id='word_1_425' title='bbox 2206 3311 2296 3386; x_wconf 76' lang='lat'><strong>¹3)</strong></span> <span class='ocrx_word' id='word_1_426' title='bbox 2323 3316 2503 3384; x_wconf 90' lang='lat' dir='ltr'><strong>patet.</strong></span> 
     </span>
    </p>

    <p class='ocr_par' dir='ltr' id='par_1_15' title="bbox 186 3380 2617 3607">
     <span class='ocr_line' id='line_1_45' title="bbox 254 3380 2617 3455; baseline -0 -13"><span class='ocrx_word' id='word_1_427' title='bbox 254 3385 476 3443; x_wconf 85' lang='lat' dir='ltr'><strong>Eadem</strong></span> <span class='ocrx_word' id='word_1_428' title='bbox 502 3384 735 3442; x_wconf 86' lang='lat' dir='ltr'><strong>ratione</strong></span> <span class='ocrx_word' id='word_1_429' title='bbox 764 3397 887 3443; x_wconf 90' lang='lat' dir='ltr'><strong>non</strong></span> <span class='ocrx_word' id='word_1_430' title='bbox 914 3388 1111 3454; x_wconf 88' lang='lat' dir='ltr'><strong>potest</strong></span> <span class='ocrx_word' id='word_1_431' title='bbox 1138 3384 1297 3440; x_wconf 87' lang='lat' dir='ltr'><strong>Deus</strong></span> <span class='ocrx_word' id='word_1_432' title='bbox 1340 3381 1535 3440; x_wconf 82' lang='lat' dir='ltr'><strong>facere</strong></span> <span class='ocrx_word' id='word_1_433' title='bbox 1576 3382 1805 3455; x_wconf 88' lang='lat' dir='ltr'><strong>aliquid</strong></span> <span class='ocrx_word' id='word_1_434' title='bbox 1850 3382 2080 3455; x_wconf 71' lang='lat' dir='ltr'><strong>aequale</strong></span> <span class='ocrx_word' id='word_1_435' title='bbox 2136 3381 2253 3441; x_wconf 87' lang='lat' dir='ltr'><strong>sibi</strong></span> <span class='ocrx_word' id='word_1_436' title='bbox 2300 3399 2316 3439; x_wconf 74' lang='grc' dir='ltr'><strong>ε</strong></span> <span class='ocrx_word' id='word_1_437' title='bbox 2364 3395 2505 3441; x_wconf 91' lang='lat' dir='ltr'><strong>nam</strong></span> <span class='ocrx_word' id='word_1_438' title='bbox 2551 3380 2617 3442; x_wconf 83' lang='lat' dir='ltr'><strong>id</strong></span> 
     </span>
     <span class='ocr_line' id='line_1_46' title="bbox 186 3451 2616 3528; baseline -0.001 -14"><span class='ocrx_word' id='word_1_439' title='bbox 186 3457 361 3528; x_wconf 87' lang='lat' dir='ltr'><strong>cnjus</strong></span> <span class='ocrx_word' id='word_1_440' title='bbox 390 3467 529 3514; x_wconf 88' lang='lat' dir='ltr'><strong>esse</strong></span> <span class='ocrx_word' id='word_1_441' title='bbox 554 3454 630 3512; x_wconf 87' lang='lat' dir='ltr'><strong>ab</strong></span> <span class='ocrx_word' id='word_1_442' title='bbox 657 3454 780 3512; x_wconf 87' lang='lat' dir='ltr'><strong>alio</strong></span> <span class='ocrx_word' id='word_1_443' title='bbox 804 3453 1116 3527; x_wconf 86' lang='lat' dir='ltr'><strong>dependet,</strong></span> <span class='ocrx_word' id='word_1_444' title='bbox 1150 3453 1319 3524; x_wconf 86' lang='lat' dir='ltr'><strong>prius</strong></span> <span class='ocrx_word' id='word_1_445' title='bbox 1342 3457 1455 3522; x_wconf 87' lang='lat' dir='ltr'><strong>est,</strong></span> <span class='ocrx_word' id='word_1_446' title='bbox 1486 3451 1551 3510; x_wconf 92' lang='lat' dir='ltr'><strong>in</strong></span> <span class='ocrx_word' id='word_1_447' title='bbox 1572 3452 1833 3511; x_wconf 91' lang='lat' dir='ltr'><strong>essendo</strong></span> <span class='ocrx_word' id='word_1_448' title='bbox 1859 3457 1921 3510; x_wconf 88' lang='lat' dir='ltr'><strong>et</strong></span> <span class='ocrx_word' id='word_1_449' title='bbox 1947 3453 2011 3511; x_wconf 91' lang='lat' dir='ltr'><strong>in</strong></span> <span class='ocrx_word' id='word_1_450' title='bbox 2037 3452 2254 3512; x_wconf 87' lang='lat' dir='ltr'><strong>ceteris</strong></span> <span class='ocrx_word' id='word_1_451' title='bbox 2301 3452 2616 3527; x_wconf 81' lang='lat' dir='ltr'><strong>dignitati-</strong></span> 
     </span>
     <span class='ocr_line' id='line_1_47' title="bbox 186 3522 2472 3607; baseline -0.002 -22"><span class='ocrx_word' id='word_1_452' title='bbox 186 3526 324 3607; x_wconf 76' lang='lat' dir='ltr'><strong>buS,</strong></span> <span class='ocrx_word' id='word_1_453' title='bbox 353 3539 430 3584; x_wconf 90' lang='lat' dir='ltr'><strong>eo</strong></span> <span class='ocrx_word' id='word_1_454' title='bbox 453 3525 614 3598; x_wconf 85' lang='lat' dir='ltr'><strong>quod</strong></span> <span class='ocrx_word' id='word_1_455' title='bbox 646 3525 722 3582; x_wconf 85' lang='lat' dir='ltr'><strong>ab</strong></span> <span class='ocrx_word' id='word_1_456' title='bbox 748 3524 870 3583; x_wconf 83' lang='lat' dir='ltr'><strong>alio</strong></span> <span class='ocrx_word' id='word_1_457' title='bbox 900 3524 1209 3597; x_wconf 89' lang='lat' dir='ltr'><strong>dependet,</strong></span> <span class='ocrx_word' id='word_1_458' title='bbox 1233 3524 1393 3596; x_wconf 85' lang='lat' dir='ltr'><strong>quod</strong></span> <span class='ocrx_word' id='word_1_459' title='bbox 1422 3522 1497 3581; x_wconf 88' lang='lat' dir='ltr'><strong>ad</strong></span> <span class='ocrx_word' id='word_1_460' title='bbox 1527 3522 1821 3581; x_wconf 89' lang='lat' dir='ltr'><strong>rationem</strong></span> <span class='ocrx_word' id='word_1_461' title='bbox 1844 3524 2001 3582; x_wconf 89' lang='lat' dir='ltr'><strong>entis</strong></span> <span class='ocrx_word' id='word_1_462' title='bbox 2030 3523 2169 3583; x_wconf 82' lang='lat' dir='ltr'><strong>facti</strong></span> <span class='ocrx_word' id='word_1_463' title='bbox 2196 3522 2472 3595; x_wconf 88' lang='lat' dir='ltr'><strong>pertinet.</strong></span> 
     </span>
    </p>

    <p class='ocr_par' dir='ltr' id='par_1_16' title="bbox 179 3591 2653 4305">
     <span class='ocr_line' id='line_1_48' title="bbox 254 3591 2617 3668; baseline -0.001 -13"><span class='ocrx_word' id='word_1_464' title='bbox 254 3595 548 3655; x_wconf 88' lang='lat' dir='ltr'><strong>Similiter</strong></span> <span class='ocrx_word' id='word_1_465' title='bbox 576 3598 735 3654; x_wconf 86' lang='lat' dir='ltr'><strong>Deus</strong></span> <span class='ocrx_word' id='word_1_466' title='bbox 761 3596 955 3653; x_wconf 75' lang='lat' dir='ltr'><strong>iacere</strong></span> <span class='ocrx_word' id='word_1_467' title='bbox 983 3607 1105 3652; x_wconf 91' lang='lat' dir='ltr'><strong>non</strong></span> <span class='ocrx_word' id='word_1_468' title='bbox 1134 3597 1331 3665; x_wconf 88' lang='lat' dir='ltr'><strong>potest</strong></span> <span class='ocrx_word' id='word_1_469' title='bbox 1357 3591 1518 3667; x_wconf 86' lang='lat' dir='ltr'><strong>quod</strong></span> <span class='ocrx_word' id='word_1_470' title='bbox 1540 3593 1768 3668; x_wconf 87' lang='lat' dir='ltr'><strong>aliquid</strong></span> <span class='ocrx_word' id='word_1_471' title='bbox 1796 3599 2185 3653; x_wconf 85' lang='lat' dir='ltr'><strong>conservetur</strong></span> <span class='ocrx_word' id='word_1_472' title='bbox 2209 3593 2274 3653; x_wconf 88' lang='lat' dir='ltr'><strong>in</strong></span> <span class='ocrx_word' id='word_1_473' title='bbox 2303 3607 2439 3653; x_wconf 89' lang='lat' dir='ltr'><strong>esse</strong></span> <span class='ocrx_word' id='word_1_474' title='bbox 2481 3594 2617 3653; x_wconf 88' lang='lat' dir='ltr'><strong>sine</strong></span> 
     </span>
     <span class='ocr_line' id='line_1_49' title="bbox 186 3663 2618 3739; baseline 0 -16"><span class='ocrx_word' id='word_1_475' title='bbox 186 3665 344 3739; x_wconf 88' lang='lat' dir='ltr'><strong>ipso.</strong></span> <span class='ocrx_word' id='word_1_476' title='bbox 372 3669 522 3726; x_wconf 84' lang='lat' dir='ltr'><strong>Nam</strong></span> <span class='ocrx_word' id='word_1_477' title='bbox 548 3665 926 3724; x_wconf 86' lang='lat' dir='ltr'><strong>conservatio</strong></span> <span class='ocrx_word' id='word_1_478' title='bbox 976 3677 1111 3724; x_wconf 86' lang='lat' dir='ltr'><strong>esse</strong></span> <span class='ocrx_word' id='word_1_479' title='bbox 1157 3663 1634 3736; x_wconf 86' lang='lat' dir='ltr'><strong>uniuscujusque</strong></span> <span class='ocrx_word' id='word_1_480' title='bbox 1674 3663 1966 3735; x_wconf 88' lang='lat' dir='ltr'><strong>dependet</strong></span> <span class='ocrx_word' id='word_1_481' title='bbox 2020 3679 2056 3723; x_wconf 86' lang='lat' dir='ltr'><strong>a</strong></span> <span class='ocrx_word' id='word_1_482' title='bbox 2081 3677 2266 3724; x_wconf 89' lang='lat' dir='ltr'><strong>causa</strong></span> <span class='ocrx_word' id='word_1_483' title='bbox 2292 3678 2426 3734; x_wconf 87' lang='lat' dir='ltr'><strong>sua,</strong></span> <span class='ocrx_word' id='word_1_484' title='bbox 2457 3663 2618 3723; x_wconf 89' lang='lat' dir='ltr'><strong>unde</strong></span> 
     </span>
     <span class='ocr_line' id='line_1_50' title="bbox 186 3732 2622 3817; baseline -0 -22"><span class='ocrx_word' id='word_1_485' title='bbox 186 3741 424 3809; x_wconf 88' lang='lat' dir='ltr'><strong>oportet</strong></span> <span class='ocrx_word' id='word_1_486' title='bbox 469 3736 654 3809; x_wconf 88' lang='lat' dir='ltr'><strong>quod,</strong></span> <span class='ocrx_word' id='word_1_487' title='bbox 703 3741 935 3796; x_wconf 86' lang='lat' dir='ltr'><strong>remota</strong></span> <span class='ocrx_word' id='word_1_488' title='bbox 976 3747 1183 3805; x_wconf 88' lang='lat' dir='ltr'><strong>causa,</strong></span> <span class='ocrx_word' id='word_1_489' title='bbox 1240 3738 1614 3794; x_wconf 86' lang='lat' dir='ltr'><strong>removeatur</strong></span> <span class='ocrx_word' id='word_1_490' title='bbox 1660 3732 1928 3817; x_wconf 65' lang='lat' dir='ltr'><strong>effectus.</strong></span> <span class='ocrx_word' id='word_1_491' title='bbox 1972 3735 2034 3793; x_wconf 89' lang='lat' dir='ltr'><strong>Si</strong></span> <span class='ocrx_word' id='word_1_492' title='bbox 2064 3734 2249 3807; x_wconf 79' lang='lat' dir='ltr'><strong>igitui-</strong></span> <span class='ocrx_word' id='word_1_493' title='bbox 2282 3747 2382 3794; x_wconf 89' lang='lat' dir='ltr'><strong>res</strong></span> <span class='ocrx_word' id='word_1_494' title='bbox 2418 3734 2622 3809; x_wconf 84' lang='lat' dir='ltr'><strong>aliqua</strong></span> 
     </span>
     <span class='ocr_line' id='line_1_51' title="bbox 184 3803 2618 3888; baseline -0.002 -20"><span class='ocrx_word' id='word_1_495' title='bbox 184 3808 385 3888; x_wconf 75' lang='lat' dir='ltr'><strong>ppssit</strong></span> <span class='ocrx_word' id='word_1_496' title='bbox 410 3819 550 3866; x_wconf 87' lang='grc'><strong>6666</strong></span> <span class='ocrx_word' id='word_1_497' title='bbox 595 3820 731 3881; x_wconf 82' lang='lat' dir='ltr'><strong>quae</strong></span> <span class='ocrx_word' id='word_1_498' title='bbox 775 3821 815 3865; x_wconf 86' lang='lat' dir='ltr'><strong>a</strong></span> <span class='ocrx_word' id='word_1_499' title='bbox 861 3808 984 3864; x_wconf 88' lang='lat' dir='ltr'><strong>Deo</strong></span> <span class='ocrx_word' id='word_1_500' title='bbox 1029 3818 1152 3864; x_wconf 91' lang='lat' dir='ltr'><strong>non</strong></span> <span class='ocrx_word' id='word_1_501' title='bbox 1195 3809 1653 3864; x_wconf 86' lang='lat' dir='ltr'><strong>conservaretur</strong></span> <span class='ocrx_word' id='word_1_502' title='bbox 1690 3817 1759 3862; x_wconf 91' lang='lat' dir='ltr'><strong>in</strong></span> <span class='ocrx_word' id='word_1_503' title='bbox 1803 3817 1962 3875; x_wconf 90' lang='lat' dir='ltr'><strong>esse,</strong></span> <span class='ocrx_word' id='word_1_504' title='bbox 2011 3817 2136 3863; x_wconf 91' lang='lat' dir='ltr'><strong>non</strong></span> <span class='ocrx_word' id='word_1_505' title='bbox 2167 3810 2329 3865; x_wconf 88' lang='lat' dir='ltr'><strong>esset</strong></span> <span class='ocrx_word' id='word_1_506' title='bbox 2366 3803 2618 3864; x_wconf 85' lang='lat' dir='ltr'><strong>effectus</strong></span> 
     </span>
     <span class='ocr_line' id='line_1_52' title="bbox 187 3890 2619 4022; baseline -0 -13"><span class='ocrx_word' id='word_1_507' title='bbox 187 3890 489 4014; x_wconf 50' lang='lat' dir='ltr'><strong>‘alim-sus,</strong></span> <span class='ocrx_word' id='word_1_508' title='bbox 520 3949 667 4022; x_wconf 85' lang='lat' dir='ltr'><strong>quia</strong></span> <span class='ocrx_word' id='word_1_509' title='bbox 690 3947 709 4007; x_wconf 90' lang='lat' dir='ltr'><strong>i</strong></span> <span class='ocrx_word' id='word_1_510' title='bbox 755 3963 822 4009; x_wconf 88' lang='grc'><strong>66</strong></span> <span class='ocrx_word' id='word_1_511' title='bbox 850 3953 943 4008; x_wconf 81' lang='grc' dir='ltr'><strong>εει</strong></span> <span class='ocrx_word' id='word_1_512' title='bbox 968 3961 1077 4021; x_wconf 88' lang='lat' dir='ltr'><strong>per</strong></span> <span class='ocrx_word' id='word_1_513' title='bbox 1099 3945 1469 4005; x_wconf 87' lang='lat' dir='ltr'><strong>voluntatem</strong></span> <span class='ocrx_word' id='word_1_514' title='bbox 1493 3957 1704 4020; x_wconf 79' lang='lat' dir='ltr'><strong>agens,</strong></span> <span class='ocrx_word' id='word_1_515' title='bbox 1733 3944 1840 4004; x_wconf 89' lang='lat' dir='ltr'><strong>illa</strong></span> <span class='ocrx_word' id='word_1_516' title='bbox 1865 3959 1989 4005; x_wconf 89' lang='lat' dir='ltr'><strong>non</strong></span> <span class='ocrx_word' id='word_1_517' title='bbox 2015 3949 2213 4018; x_wconf 86' lang='lat' dir='ltr'><strong>potest</strong></span> <span class='ocrx_word' id='word_1_518' title='bbox 2240 3947 2437 4007; x_wconf 78' lang='lat' dir='ltr'><strong>facere</strong></span> <span class='ocrx_word' id='word_1_519' title='bbox 2484 3961 2619 4021; x_wconf 77' lang='lat' dir='ltr'><strong>quoe</strong></span> 
     </span>
     <span class='ocr_line' id='line_1_53' title="bbox 183 4015 2619 4103; baseline -0.001 -24"><span class='ocrx_word' id='word_1_520' title='bbox 183 4030 308 4079; x_wconf 86' lang='lat' dir='ltr'><strong>non</strong></span> <span class='ocrx_word' id='word_1_521' title='bbox 360 4025 565 4103; x_wconf 86' lang='lat' dir='ltr'><strong>potest</strong></span> <span class='ocrx_word' id='word_1_522' title='bbox 611 4020 705 4078; x_wconf 88' lang='lat' dir='ltr'><strong>vel</strong></span> <span class='ocrx_word' id='word_1_523' title='bbox 732 4034 785 4078; x_wconf 94' lang='grc'><strong>6.</strong></span> <span class='ocrx_word' id='word_1_524' title='bbox 821 4021 966 4089; x_wconf 78' lang='lat' dir='ltr'><strong>Quae</strong></span> <span class='ocrx_word' id='word_1_525' title='bbox 1012 4023 1212 4077; x_wconf 89' lang='lat' dir='ltr'><strong>autem</strong></span> <span class='ocrx_word' id='word_1_526' title='bbox 1254 4016 1408 4074; x_wconf 85' lang='lat' dir='ltr'><strong>velle</strong></span> <span class='ocrx_word' id='word_1_527' title='bbox 1450 4029 1573 4075; x_wconf 91' lang='lat' dir='ltr'><strong>non</strong></span> <span class='ocrx_word' id='word_1_528' title='bbox 1624 4015 1841 4098; x_wconf 82' lang='lat' dir='ltr'><strong>possit,</strong></span> <span class='ocrx_word' id='word_1_529' title='bbox 1891 4015 2260 4075; x_wconf 88' lang='lat' dir='ltr'><strong>considerari</strong></span> <span class='ocrx_word' id='word_1_530' title='bbox 2313 4023 2531 4089; x_wconf 86' lang='lat' dir='ltr'><strong>potest,</strong></span> <span class='ocrx_word' id='word_1_531' title='bbox 2563 4019 2619 4078; x_wconf 91' lang='lat' dir='ltr'><strong>si</strong></span> 
     </span>
     <span class='ocr_line' id='line_1_54' title="bbox 183 4085 2622 4164; baseline -0.001 -15"><span class='ocrx_word' id='word_1_532' title='bbox 183 4090 560 4162; x_wconf 77' lang='lat' dir='ltr'><strong>accipiamus</strong></span> <span class='ocrx_word' id='word_1_533' title='bbox 587 4090 843 4164; x_wconf 85' lang='lat' dir='ltr'><strong>qualiter</strong></span> <span class='ocrx_word' id='word_1_534' title='bbox 872 4090 937 4146; x_wconf 88' lang='lat' dir='ltr'><strong>in</strong></span> <span class='ocrx_word' id='word_1_535' title='bbox 966 4088 1170 4148; x_wconf 87' lang='lat' dir='ltr'><strong>divina</strong></span> <span class='ocrx_word' id='word_1_536' title='bbox 1195 4085 1501 4145; x_wconf 86' lang='lat' dir='ltr'><strong>voluntate</strong></span> <span class='ocrx_word' id='word_1_537' title='bbox 1528 4092 1862 4146; x_wconf 79' lang='lat' dir='ltr'><strong>necessitas</strong></span> <span class='ocrx_word' id='word_1_538' title='bbox 1881 4099 2017 4145; x_wconf 87' lang='lat' dir='ltr'><strong>esse</strong></span> <span class='ocrx_word' id='word_1_539' title='bbox 2038 4087 2261 4159; x_wconf 88' lang='lat' dir='ltr'><strong>possit·</strong></span> <span class='ocrx_word' id='word_1_540' title='bbox 2287 4101 2427 4147; x_wconf 88' lang='lat' dir='ltr'><strong>nam</strong></span> <span class='ocrx_word' id='word_1_541' title='bbox 2458 4089 2622 4161; x_wconf 87' lang='lat' dir='ltr'><strong>quod</strong></span> 
     </span>
     <span class='ocr_line' id='line_1_55' title="bbox 182 4130 2262 4232; baseline -0.002 -13"><span class='ocrx_word' id='word_1_542' title='bbox 182 4172 442 4221; x_wconf 87' lang='lat' dir='ltr'><strong>necesse</strong></span> <span class='ocrx_word' id='word_1_543' title='bbox 473 4165 569 4220; x_wconf 87' lang='lat' dir='ltr'><strong>est</strong></span> <span class='ocrx_word' id='word_1_544' title='bbox 593 4174 751 4231; x_wconf 85' lang='lat' dir='ltr'><strong>esse,</strong></span> <span class='ocrx_word' id='word_1_545' title='bbox 780 4159 1162 4232; x_wconf 87' lang='lat' dir='ltr'><strong>impossihile</strong></span> <span class='ocrx_word' id='word_1_546' title='bbox 1191 4163 1432 4217; x_wconf 89' lang='lat' dir='ltr'><strong>estnon</strong></span> <span class='ocrx_word' id='word_1_547' title='bbox 1458 4170 1619 4228; x_wconf 89' lang='lat' dir='ltr'><strong>esse,</strong></span> <span class='ocrx_word' id='word_1_548' title='bbox 1648 4162 1710 4216; x_wconf 90' lang='lat' dir='ltr'><strong>et</strong></span> <span class='ocrx_word' id='word_1_549' title='bbox 1733 4156 1894 4230; x_wconf 88' lang='lat' dir='ltr'><strong>quod</strong></span> <span class='ocrx_word' id='word_1_550' title='bbox 1919 4130 2262 4230; x_wconf 74' lang='lat' dir='ltr'><strong>impossihil</strong></span> 
     </span>
     <span class='ocr_line' id='line_1_56' title="bbox 179 4241 2653 4305; baseline 0 -16"><span class='ocrx_word' id='word_1_551' title='bbox 179 4241 442 4291; x_wconf 87' lang='lat' dir='ltr'><strong>necesse</strong></span> <span class='ocrx_word' id='word_1_552' title='bbox 464 4241 559 4290; x_wconf 85' lang='lat' dir='ltr'><strong>est</strong></span> <span class='ocrx_word' id='word_1_553' title='bbox 585 4245 709 4291; x_wconf 90' lang='lat' dir='ltr'><strong>non</strong></span> <span class='ocrx_word' id='word_1_554' title='bbox 737 4244 893 4290; x_wconf 87' lang='lat' dir='ltr'><strong>esse.</strong></span> <span class='ocrx_word' id='word_1_555' title='bbox 2646 4293 2653 4305; x_wconf 65' lang='grc'><strong>,</strong></span> 
     </span>
    </p>

    <p class='ocr_par' dir='ltr' id='par_1_17' title="bbox 174 4297 2624 4517">
     <span class='ocr_line' id='line_1_57' title="bbox 252 4297 2623 4379; baseline -0.002 -19"><span class='ocrx_word' id='word_1_556' title='bbox 252 4304 433 4361; x_wconf 87' lang='lat' dir='ltr'><strong>Patet</strong></span> <span class='ocrx_word' id='word_1_557' title='bbox 459 4305 662 4360; x_wconf 85' lang='lat' dir='ltr'><strong>autern</strong></span> <span class='ocrx_word' id='word_1_558' title='bbox 693 4316 769 4361; x_wconf 86' lang='lat' dir='ltr'><strong>ex</strong></span> <span class='ocrx_word' id='word_1_559' title='bbox 796 4301 914 4360; x_wconf 89' lang='lat' dir='ltr'><strong>hoc</strong></span> <span class='ocrx_word' id='word_1_560' title='bbox 943 4299 1105 4375; x_wconf 86' lang='lat' dir='ltr'><strong>quod</strong></span> <span class='ocrx_word' id='word_1_561' title='bbox 1132 4311 1258 4358; x_wconf 91' lang='lat' dir='ltr'><strong>non</strong></span> <span class='ocrx_word' id='word_1_562' title='bbox 1284 4300 1482 4371; x_wconf 88' lang='lat' dir='ltr'><strong>potest</strong></span> <span class='ocrx_word' id='word_1_563' title='bbox 1508 4299 1670 4379; x_wconf 73' lang='lat' dir='ltr'><strong>Deus</strong></span> <span class='ocrx_word' id='word_1_564' title='bbox 1696 4297 1892 4357; x_wconf 85' lang='lat' dir='ltr'><strong>facere</strong></span> <span class='ocrx_word' id='word_1_565' title='bbox 1918 4309 1987 4356; x_wconf 87' lang='lat' dir='ltr'><strong>se</strong></span> <span class='ocrx_word' id='word_1_566' title='bbox 2013 4309 2138 4357; x_wconf 92' lang='lat' dir='ltr'><strong>non</strong></span> <span class='ocrx_word' id='word_1_567' title='bbox 2176 4312 2334 4371; x_wconf 87' lang='lat' dir='ltr'><strong>esse,</strong></span> <span class='ocrx_word' id='word_1_568' title='bbox 2355 4300 2453 4359; x_wconf 78' lang='lat' dir='ltr'><strong>vel</strong></span> <span class='ocrx_word' id='word_1_569' title='bbox 2497 4312 2623 4359; x_wconf 89' lang='lat' dir='ltr'><strong>non</strong></span> 
     </span>
     <span class='ocr_line' id='line_1_58' title="bbox 178 4366 2624 4443; baseline -0.002 -13"><span class='ocrx_word' id='word_1_570' title='bbox 178 4383 325 4431; x_wconf 83' lang='lat' dir='ltr'><strong>esse</strong></span> <span class='ocrx_word' id='word_1_571' title='bbox 353 4373 586 4431; x_wconf 89' lang='lat' dir='ltr'><strong>honum</strong></span> <span class='ocrx_word' id='word_1_572' title='bbox 614 4377 717 4431; x_wconf 87' lang='lat' dir='ltr'><strong>aut</strong></span> <span class='ocrx_word' id='word_1_573' title='bbox 743 4373 983 4430; x_wconf 83' lang='lat' dir='ltr'><strong>beatum</strong></span> <span class='ocrx_word' id='word_1_574' title='bbox 1006 4388 1023 4439; x_wconf 90' lang='lat'>;</span> <span class='ocrx_word' id='word_1_575' title='bbox 1053 4370 1198 4443; x_wconf 83' lang='lat' dir='ltr'><strong>quia</strong></span> <span class='ocrx_word' id='word_1_576' title='bbox 1223 4368 1297 4427; x_wconf 86' lang='lat' dir='ltr'><strong>de</strong></span> <span class='ocrx_word' id='word_1_577' title='bbox 1330 4372 1690 4426; x_wconf 88' lang='lat' dir='ltr'><strong>necessitate</strong></span> <span class='ocrx_word' id='word_1_578' title='bbox 1715 4366 1843 4426; x_wconf 89' lang='lat' dir='ltr'><strong>vult</strong></span> <span class='ocrx_word' id='word_1_579' title='bbox 1863 4379 1930 4427; x_wconf 86' lang='grc'><strong>66</strong></span> <span class='ocrx_word' id='word_1_580' title='bbox 1956 4380 2114 4441; x_wconf 87' lang='lat' dir='ltr'><strong>esse,</strong></span> <span class='ocrx_word' id='word_1_581' title='bbox 2143 4368 2371 4431; x_wconf 86' lang='lat' dir='ltr'><strong>honum</strong></span> <span class='ocrx_word' id='word_1_582' title='bbox 2399 4381 2535 4429; x_wconf 87' lang='lat' dir='ltr'><strong>esse</strong></span> <span class='ocrx_word' id='word_1_583' title='bbox 2564 4374 2624 4426; x_wconf 89' lang='lat' dir='ltr'><strong>et</strong></span> 
     </span>
     <span class='ocr_line' id='line_1_59' title="bbox 174 4439 2556 4517; baseline -0.004 -14"><span class='ocrx_word' id='word_1_584' title='bbox 174 4439 454 4514; x_wconf 83' lang='lat' dir='ltr'><strong>beatum,</strong></span> <span class='ocrx_word' id='word_1_585' title='bbox 484 4448 553 4503; x_wconf 87' lang='lat' dir='ltr'><strong>ut</strong></span> <span class='ocrx_word' id='word_1_586' title='bbox 579 4441 644 4517; x_wconf 80' lang='lat' dir='ltr'><strong>(l.</strong></span> <span class='ocrx_word' id='word_1_587' title='bbox 673 4454 719 4515; x_wconf 88' lang='lat'><strong>1,</strong></span> <span class='ocrx_word' id='word_1_588' title='bbox 742 4456 798 4502; x_wconf 90' lang='lat' dir='ltr'><strong>c.</strong></span> <span class='ocrx_word' id='word_1_589' title='bbox 826 4440 921 4517; x_wconf 84' lang='lat'><strong>80)</strong></span> <span class='ocrx_word' id='word_1_590' title='bbox 948 4444 1262 4500; x_wconf 87' lang='lat' dir='ltr'><strong>ostensum</strong></span> <span class='ocrx_word' id='word_1_591' title='bbox 1287 4442 1402 4497; x_wconf 90' lang='lat' dir='ltr'><strong>est.</strong></span> <span class='ocrx_word' id='word_1_592' title='bbox 2553 4444 2556 4447; x_wconf 72' lang='grc'>’</span> 
     </span>
    </p>
   </div>
   <div class='ocr_carea' id='block_1_6' title="bbox 2264 4162 2656 4249">
    <p class='ocr_par' dir='ltr' id='par_1_18' title="bbox 2264 4162 2656 4249">
     <span class='ocr_line' id='line_1_60' title="bbox 2264 4162 2656 4249; baseline 0.005 -33"><span class='ocrx_word' id='word_1_593' title='bbox 2264 4171 2297 4216; x_wconf 79' lang='grc' dir='ltr'><strong>Θ</strong></span> <span class='ocrx_word' id='word_1_594' title='bbox 2323 4162 2420 4218; x_wconf 70' lang='grc' dir='ltr'><strong>θΒῒ</strong></span> <span class='ocrx_word' id='word_1_595' title='bbox 2460 4172 2619 4225; x_wconf 71' lang='grc'><strong>8888,</strong></span> <span class='ocrx_word' id='word_1_596' title='bbox 2643 4232 2656 4249; x_wconf 45' lang='lat'>¹</span> 
     </span>
    </p>
   </div>
   <div class='ocr_carea' id='block_1_7' title="bbox 3036 444 3039 1028">
    <p class='ocr_par' dir='ltr' id='par_1_19' title="bbox 3036 444 3039 1028">
     <span class='ocr_line' id='line_1_61' title="bbox 3036 444 3039 1028; baseline 0 0"><span class='ocrx_word' id='word_1_597' title='bbox 3036 444 3039 1028; x_wconf 95' lang='lat' dir='ltr'><strong> </strong></span> 
     </span>
    </p>
   </div>
  </div>
 </body>
</html>
