3076 5025
1147 316 1281 372 LIB.
1321 316 1410 384 lv,
1451 315 1606 375 CAP.
1646 316 1776 374 th.
2570 322 2677 378 395

246 434 549 518 beatitudo
572 440 828 518 aeterna3
853 441 913 494 et
938 442 1178 510 propter
1222 438 1340 518 tioc
1386 438 1689 509 baptizati,
1739 438 1793 497 si
1843 437 2152 519 decedant²
2183 437 2382 518 statim
2426 439 2492 499 in
2539 439 2675 502 bea·

246 506 494 586 titudine
542 511 942 578 recipiuntur;
982 508 1140 567 unde
1182 508 1399 569 dicitur
1424 509 1585 582 quod
1617 509 1952 580 Baptismus
1991 511 2180 580 aperit
2219 522 2465 581 ianuam
2508 512 2667 571 coeli.

316 576 822 636 considerandum
860 583 955 637 est
998 579 1177 638 etiam
1217 579 1378 652 quod
1425 580 1607 637 unius
1647 580 1731 637 rei
1776 585 1872 638 est
1915 576 2144 638 tantum
2176 592 2296 638 una
2322 581 2627 654 generatio
2651 601 2666 614 ·

246 648 423 717 unde,
471 648 1023 730 quumsaptismus
1068 649 1150 730 sit
1189 649 1518 720 spiritualis
1558 651 2101 732 generatimpnus,
2140 650 2324 708 homo
2351 657 2445 710 est
2484 626 2671 711 semei

243 723 476 801 tantum
523 718 933 800 baptizandus.
970 719 1344 779 Manifestum
1372 726 1463 779 est
1492 726 1673 778 etiam
1712 720 1874 794 quod
1900 720 2165 790 infectio,
2196 734 2328 793 quae
2356 735 2463 793 per
2486 722 2671 782 Adam

243 790 626 870 inmundum
672 794 932 860 intravit,
979 790 1166 849 semel
1211 796 1441 850 tantum
1470 791 1778 849 hominem
1804 792 2116 864 inquinat;
2147 790 2305 850 unde
2348 797 2408 849 et
2441 794 2669 863 Baptis-

242 873 401 928 mus,
432 875 536 932 qui
561 865 769 919 contra
795 873 928 918 eam
955 860 1361 933 principaliter
1388 862 1716 926 ordinatur,
1743 863 1944 921 iterari
1962 875 2087 921 non
2112 860 2305 920 dehet.
2337 863 2461 921 Hoc
2494 863 2670 924 etiam

242 944 565 989 commune
597 934 689 1012 est
732 930 915 1002 quod,
962 946 1037 990 ex
1078 946 1201 1005 quo
1246 946 1344 991 res
1390 933 1594 1006 aliqua
1621 933 1806 992 semel
1850 937 2200 992 consecrata
2226 935 2338 1003 est,
2383 934 2668 1014 quamdiu

243 1007 466 1069 manet,
514 1001 765 1059 ulterius
809 1003 1152 1062 consecrari
1176 1016 1298 1061 non
1328 1002 1523 1073 debet,
1552 1017 1627 1061 ne
1653 1004 2029 1062 consecratio
2054 1001 2333 1060 inefficax
2358 1002 2667 1073 videatur;

242 1072 423 1151 unde,
487 1085 630 1129 uum
657 1073 997 1153 Baptismus
1016 1073 1094 1132 sit
1114 1073 1384 1145 quaedam
1416 1074 1793 1154 consecratio
1821 1073 2084 1133 hominis
2109 1073 2381 1145 baptizati·
2434 1087 2554 1132 non
2579 1079 2677 1134 est

240 1087 580 1223 iteranogum
611 1145 933 1213 Baptisma.
962 1146 1074 1201 Per
1098 1144 1260 1215 quod
1283 1144 1620 1205 excluditur
1649 1158 1816 1204 error
1839 1146 2283 1205 Donatistarum
2316 1116 2410 1203 vel
2447 1144 2673 1219 Rebap-

241 1217 575 1273 tizantium.
607 1213 708 1285 (111
733 1219 912 1286 part„
934 1228 994 1288 q.
1022 1214 1210 1287 axvi.)
2171 1244 2187 1275 ι

1250 1432 1506 1499 CAPUT
1544 1434 1669 1500 Lx.

1150 1614 1230 1660 ΒΕ
1279 1612 1770 1662 (ΞΟΝΒῙΒΜΑΤΙΟΝΕ.

312 1776 607 1837 Perfectio
637 1781 835 1837 autem
864 1776 1196 1849 spiritualis
1225 1776 1463 1837 roboris
1498 1779 1564 1836 in
1589 1778 1707 1836 hoc
1727 1779 1965 1850 proprie
1994 1779 2274 1839 consistit
2299 1780 2459 1855 quod
2489 1781 2676 1841 homo

241 1846 425 1907 fidem
453 1848 669 1906 Christi
721 1846 989 1906 confiteri
1019 1848 1229 1905 audeat
1260 1860 1462 1906 coram
1490 1848 1987 1922 quibuscumque,
2015 1863 2126 1908 nec
2155 1851 2295 1909 inde
2336 1852 2674 1911 retrahatur

239 1924 489 1992 propter
515 1918 933 1977 confusionem
963 1917 1220 1989 aliquam
1264 1918 1356 1976 vel
1396 1923 1716 1991 terrorem;
1765 1919 2047 1979 fortitudo
2081 1921 2235 1979 enim
2263 1922 2670 1982 inordinatum

239 1991 524 2048 timorem
571 1989 823 2060 repellit.
872 1989 1316 2047 Sacramentum
1362 1988 1546 2061 igitur
1578 2002 1700 2061 quo
1744 1989 2051 2060 spirituale
2089 1991 2274 2049 robur
2317 1998 2670 2064 regenerato

240 2061 555 2119 confertur
581 2073 718 2118 eum
754 2058 1192 2131 quodammodo
1219 2059 1489 2117 instituit·
1502 2073 1609 2130 pro
1638 2058 1752 2117 fide
1778 2059 1990 2118 Christi
2019 2074 2206 2132 propu
2257 2067 2544 2119 natorem.
2578 2065 2664 2134 Et,

241 2130 390 2211 quia
414 2138 754 2211 pugnantes
782 2130 898 2188 sub
924 2129 1122 2203 aliquo
1147 2129 1412 2211 principe
1441 2129 1573 2211 ejus
1596 2130 2183 2213 insignia-deserunt,
2256 2131 2277 2189 i
2321 2132 2425 2205 qui
2455 2132 2672 2212 Confir-

244 2206 536 2261 mat-ionis
574 2205 1013 2260 sacramentum
1055 2206 1394 2272 suscipiunt
1437 2214 1490 2259 si
1541 2213 1619 2259 no
1665 2201 1882 2260 Christi
1924 2206 2359 2275 insigniuntur,
2396 2203 2675 2262 videlicet

245 2272 430 2345 signo
472 2272 692 2342 crucis,
734 2285 855 2345 quo
900 2271 1183 2343 pugnavit
1219 2277 1280 2328 et
1306 2271 1483 2341 vicit;
1556 2284 1629 2330 oc
1667 2278 1865 2330 autem
1898 2272 2142 2352 signum
2172 2272 2237 2329 in
2264 2272 2459 2331 fronte
2490 2274 2676 2332 susci·

241 2342 420 2424 piunt
446 2341 511 2399 in
541 2343 784 2413 signum
803 2341 963 2415 quod
990 2342 1224 2412 publice
1252 2340 1428 2400 fidem
1459 2341 1675 2399 Christi
1702 2341 1975 2399 confiteri
1994 2353 2113 2400 non
2142 2342 2516 2401 erubescant.
2539 2346 2674 2403 Haec

239 2413 564 2494 insignitio
613 2412 678 2469 fit
708 2427 782 2472 ex
825 2412 1200 2470 confectione
1229 2412 1346 2469 olei
1375 2417 1435 2469 et
1465 2411 1744 2480 balsami,
1788 2424 1921 2483 quae
1964 2412 2204 2468 chrisma
2230 2418 2499 2482 vocatur,
2546 2427 2670 2472 non

241 2482 752 2543 irrationabiliter.
800 2484 946 2541 Nam
982 2495 1089 2563 per
1133 2481 1334 2541 oleum
1366 2480 1619 2562 Spiritus
1666 2481 1858 2562 sancti
1908 2481 2095 2563 virtus
2128 2481 2505 2563 designatur,
2548 2497 2671 2556 quo

246 2554 524 2613 Christus
572 2560 789 2612 unctus
835 2557 1218 2621 nominatur;
1255 2558 1324 2611 ut
1362 2565 1453 2610 sic
1499 2566 1536 2610 a
1564 2551 2142 2610 Christo‘christiani
2172 2553 2465 2622 dicantur,
2495 2555 2671 2626 quasi

242 2625 361 2684 sub
386 2626 521 2698 ipso
547 2624 911 2683 militantes:
940 2623 1004 2682 in
1033 2622 1304 2682 balsamo
1335 2627 1532 2681 autem
1569 2628 1808 2703 propter
1835 2622 2081 2681 odorem
2106 2624 2266 2682 bona
2295 2624 2452 2682 sama
2470 2631 2669 2683 ostem

242 2695 428 2765 ditur,
502 2708 638 2753 uam
667 2708 913 2754 necesse
942 2698 1035 2752 est
1063 2694 1281 2752 hahere
1305 2706 1414 2753 eos
1442 2693 1542 2765 qui
1570 2698 1728 2751 inter
1751 2694 2089 2754 mundanos
2117 2699 2568 2765 conversantur,
2592 2695 2668 2755 ad

239 2767 425 2824 fidem
543 2766 671 2825 risli
743 2765 936 2824 ublice
961 2763 1385 2845 confitendam,
1416 2764 1592 2845 quasi
1614 2764 1679 2821 in
1704 2776 1981 2845 campum
2008 2765 2354 2824 certaminis
2385 2764 2458 2822 de
2481 2779 2669 2825 secre-

239 2837 325 2895 tis
372 2837 652 2896 Ecclesiae
742 2837 920 2894 nibus
1006 2834 1259 2893 roducti.
1308 2836 1740 2893 convenienter
1789 2842 1968 2894 etiam
2019 2835 2135 2894 hoc
2164 2842 2603 2895 sacramentum
2633 2851 2668 2895 a

241 2907 401 2989 solis
417 2906 820 2987 ,Pontificibus
848 2849 1173 2974 conPertun
1200 2905 1304 2978 qui
1332 2910 1476 2986 sunt
1503 2905 2154 2986 quodammodo-duces
2177 2907 2479 2988 exercitus
2508 2907 2664 2964 chri-

241 2985 467 3046 stiani;
510 2992 648 3036 nam
694 2983 753 3035 et
785 2976 942 3048 apud
970 2975 1320 3035 saecularem
1348 2976 1625 3034 militiam
1653 2976 1729 3034 ad
1757 2976 1969 3035 ducem
1997 2982 2293 3037 exercitus
2318 2982 2572 3049 pertinet
2597 2976 2671 3036 ad

241 3048 523 3129 militiam
550 3048 830 3129 eligendo
851 3047 1155 3174 quosdam·
1174 3046 1547 3128 adscribere;
1574 3052 1640 3104 ut
1680 3046 1771 3105 sic
1799 3047 1902 3129 qui
1931 3048 2048 3106 hoc
2074 3053 2510 3129 sacramentum
2543 3061 2676 3106 sus·

241 3120 477 3190 cipiunt
515 3119 589 3177 ad
621 3124 871 3190 spiritua
896 3131 990 3176 em
1030 3117 1298 3197 militiam
1340 3116 1783 3189 quodammodo
1825 3117 2134 3175 videantur
2160 3117 2441 3190 adscripti
2468 3137 2483 3187 ;
2514 3132 2596 3175 un

241 3196 303 3248 et
333 3191 425 3247 eis
457 3202 672 3247 manus
701 3189 1027 3259 imponitur
1050 3187 1124 3246 ad
1154 3187 1279 3246 desi
1327 3187 1587 3268 pandam
1612 3187 2036 3249 derivationem
2063 3188 2301 3249 virtutis
2333 3202 2372 3248 a
2409 3189 2666 3248 Christo.

239 3259 346 3332 (111
376 3266 552 3332 part„
577 3275 637 3333 q.
661 3271 856 3328 txxiu
885 3264 946 3317 et
968 3259 1056 3317 IV
1079 3259 1253 3324 Sem„
1322 3261 1422 3318 ist.
1445 3258 1582 3332 vil.)

1240 3478 1498 3544 CAPUT
1531 3476 1689 3546 th.

1185 3655 1266 3707 mr.
1311 3645 1729 3708 :uenamsrm

315 3821 482 3903 Sicut
511 3824 708 3904 autem
746 3820 1075 3895 corporalis
1101 3822 1224 3881 vita
1251 3822 1542 3903 materiali
1581 3821 1865 3881 alimento
1903 3821 2153 3906 indiget,
2198 3834 2319 3882 non
2353 3821 2551 3881 solum
2592 3821 2670 3882 ad

243 3898 600 3967 quantitatis
628 3900 1036 3967 augmentum,
1064 3892 1172 3952 sed
1200 3897 1373 3950 etiam
1405 3895 1478 3950 ad
1509 3897 1783 3952 naturam
1811 3907 2079 3967 corporis
2101 3892 2571 3963 sustentandam,
2593 3908 2669 3952 ne

239 3969 488 4037 propter
537 3964 942 4023 resolutiones
988 3964 1306 4023 continuas
1356 3962 1723 4021 dissolvatur
1766 3968 1826 4022 et
1867 3965 2000 4037 ejus
2025 3963 2213 4022 virtus
2252 3963 2547 4034 depereat,
2585 3965 2670 4024 ita

239 4034 652 4093 necessarium
675 4034 783 4092 suit
806 4035 866 4092 in
888 4033 1180 4106 spirituali
1194 4033 1318 4092 vita
1337 4033 1646 4105 spirituale
1667 4034 2013 4094 alimentum
2033 4034 2271 4103 hahere,
2292 4048 2412 4106 quo
2431 4048 2674 4108 regene-

241 4104 358 4164 rati
384 4105 527 4163 etin
553 4105 872 4163 virtutibus
898 4109 1329 4164 conserventur
1353 4110 1414 4162 et
1437 4110 1730 4162 crescant.
1762 4108 1828 4163 Et
1853 4106 1993 4178 quia
2036 4104 2377 4176 spirituales
2422 4104 2670 4164 effectus

242 4173 358 4234 sub
387 4175 778 4234 similitudine
808 4175 1128 4234 visibilium
1161 4175 1332 4240 fiunt,
1363 4187 1696 4247 congruum
1741 4175 1852 4233 fuit
1896 4175 2073 4233 nobis
2113 4174 2285 4244 tradi,
2334 4179 2403 4232 ut
2446 4175 2670 4234 dictum

243 4251 359 4314 est,
386 4245 734 4318 hujusmodi
757 4246 1063 4327 spirituale
1093 4246 1438 4304 alimentum
1463 4244 1577 4303 sub
1610 4246 1925 4315 speciebus
1951 4245 2187 4303 illarum
2227 4258 2423 4303 rerum
2453 4247 2669 4320 quibus

245 4315 527 4375 homines
556 4329 940 4376 communius
965 4315 1039 4374 ad
1064 4315 1372 4387 corporale
1401 4314 1751 4373 alimentum
1779 4320 2044 4373 utuntur.
2077 4316 2426 4388 Hujusmodi
2470 4321 2667 4373 autem
2771 4376 2775 4382 ,

240 4392 387 4517 {gut
419 4386 593 4514 pannis
622 4393 683 4514 {iti
707 4387 913 4449 vinum
937 4404 954 4456 ;
982 4392 1044 4443 et
1072 4386 1210 4448 ideo
1252 4385 1368 4445 sub
1412 4385 1728 4457 speciebus
1771 4384 1949 4457 panis
1986 4390 2046 4445 et
2088 4387 2212 4447 vini
2258 4386 2375 4446 hoc
2416 4383 2669 4443 traditur

315 4473 513 4518 oraine
590 4474 620 4515 u
692 4500 709 4514 .
