3076 5025
617 253 720 308 too
1505 248 1641 303 un.
1680 248 1727 317 1,
1766 202 1922 303 ias».
1958 245 2137 302 xciv.

611 376 675 430 ut
715 371 944 428 reddam
968 372 1068 426 ei?
1092 372 1205 427 Per
1255 368 1712 428 similitudinem
1767 374 1967 426 tamen
2003 368 2263 440 aliquam
2321 370 2443 425 Deo
2484 367 2623 426 dare
2651 368 2855 435 dicimur,

613 448 898 515 quantum
926 446 1131 497 nostra
1150 439 1288 497 data
1316 442 1472 497 Deus
1499 444 1784 510 acceptat.
1802 442 1931 496 Non
1958 439 2142 511 igitur
2158 439 2273 496 sibi
2297 441 2581 509 competit
2605 453 2798 496 commu
2826 441 2863 486 .·'

607 512 864 587 justitia,
894 511 1002 569 sed
1047 509 1245 568 solum
1275 509 1670 568 distributiva.
1712 508 1873 566 Unde
1922 508 2247 582 Dionysius
2287 508 2453 578 dicit,
2482 523 2612 580 cap.
2641 512 2671 566 8
2695 512 2753 566 De
2792 513 2859 556 ’ν

613 583 942 647 nominibus,
967 581 1126 653 quod
1155 580 1428 653 «justitia
1451 579 1725 637 laudatur
1750 581 1926 646 Deus,
1944 579 2101 637 sicut
2116 578 2397 637 omnibus
2425 579 2734 637 secuudum
2753 580 2861 650 digni

615 658 731 711 tem
762 651 1128 709 distribuens
1155 670 1212 719 ιο,
1237 649 1568 709 secundum
1598 649 1748 708 illud
1779 650 2003 718 nauh„
2024 662 2172 719 xxv,
2200 654 2306 707 ¹5:
2335 649 2496 706 Dedit
2520 652 2777 720 mentique
2828 679 2854 694 --

613 724 746 779 dum
765 725 1052 804 propriam
1076 723 1353 780 vinnam.

685 795 847 852 Scire
876 799 1072 850 autem
1102 798 1333 864 oportet
1363 790 1522 864 quod
1566 790 1836 848 actiones
1859 791 2022 848 circa
2046 804 2199 863 quas
2243 796 2386 848 sunt
2454 790 2700 848 raedictae
2736 790 2781 846 vi
2831 811 2868 838 ··=

615 862 942 922 secundum
972 876 1117 920 suas
1155 862 1417 920 rationes
1440 877 1513 919 ex
1545 860 1725 919 rebus
1754 860 2035 918 humanis
2061 873 2183 918 nou
2211 860 2400 932 depen
2444 866 2563 918 ent.
2596 864 2713 919 Nou
2738 861 2844 916 enim

614 933 864 1006 agendis
903 933 1193 1005 jndicare,
1221 938 1324 990 aut
1376 932 1455 989 ali
1503 931 1605 988 uid
1650 931 1812 999 dare,
1838 932 1925 988 vel
1971 930 2327 989 distribuere
2352 932 2563 989 »solius
2608 931 2821 989 hominis
2851 952 2864 978 ÷

615 1004 718 1061 sed
749 1004 1069 1075 quuslibet
1095 1003 1459 1061 intellectum
1524 1001 1757 1059 abentis
1788 1019 1803 1057 :
1832 1001 2165 1059 secundum
2195 1007 2392 1059 tamen
2413 1001 2572 1074 quod
2601 1001 2670 1058 ad
2699 1014 2774 1058 res
2793 1001 2865 1057 hw-

613 1088 724 1132 nas
752 1074 1206 1142 contrahuntur,
1234 1088 1306 1130 ex
1337 1072 1434 1131 his
1509 1072 1907 1130 uodammodo
1926 1072 2186 1143 speciem
2212 1079 2477 1140 sumunt,
2508 1073 2659 1129 sicut
2685 1084 2856 1128 curvum

612 1157 765 1202 naso
813 1144 954 1201 facit
1000 1145 1260 1215 speciem
1290 1142 1451 1201 simi.
1524 1142 1736 1201 irtutes
1764 1142 1948 1215 igitur
1976 1142 2292 1213 praedictae,
2320 1143 2647 1201 secuudum
2676 1141 2867 1214 quodo

611 1220 759 1272 nant
787 1215 1105 1271 humanam
1135 1215 1316 1271 vitam
1348 1213 1622 1274 activam.
1645 1213 1717 1270 ad
1774 1213 1883 1270 bas
1911 1213 2181 1271 actiones
2223 1213 2596 1279 ordinantur,
2632 1211 2841 1285 proutad

612 1285 911 1342 humanas
960 1285 1415 1353 contrahuntur,
1443 1282 1519 1342 ab
1548 1284 1638 1340 eis
1666 1283 1925 1355 speciem
1980 1288 2309 1352 sumentes,
2340 1283 2666 1341 secundum
2694 1296 2863 1359 quemy

611 1354 750 1413 dum
782 1357 904 1412 Deo
931 1355 1250 1413 convenire
1279 1367 1402 1413 nou
1431 1360 1707 1425 possunt.
1739 1353 2075 1411 Secundum
2103 1367 2246 1412 vero
2269 1352 2427 1427 quod
2448 1354 2708 1411 actiones
2722 1351 2866 1423 praedl

613 1425 675 1482 in
717 1439 829 1482 sua
883 1425 1310 1482 communitate
1346 1425 1740 1495 accipiuntur,
1789 1429 2041 1494 possunt
2088 1424 2264 1481 etiam
2313 1423 2492 1482 rebus
2546 1425 2746 1481 divinis
2782 1438 2804 1478 a

610 1494 776 1576 Sicut
803 1495 960 1552 enim
995 1496 1176 1552 bomo
1198 1507 1394 1575 rerum
1424 1494 1841 1575 humanarum,
1869 1499 1935 1576 ut
1955 1495 2242 1566 pecuniae,
2264 1495 2356 1552 vel
2384 1495 2654 1562 honoris,
2677 1437 2866 1572 distrissul

611 1571 828 1631 cst,1ta
851 1570 911 1622 et
938 1567 1095 1622 Deus
1124 1578 1393 1622 omnium
1419 1564 1747 1621 bonitatum
1781 1565 2062 1623 universi.
2085 1566 2236 1621 Sunt
2255 1565 2439 1638 igitur
2457 1565 2735 1636 praedictae
2756 1568 2868 1642 nitu

610 1635 677 1691 in
711 1638 834 1691 Deo
882 1635 1334 1693 universalioris
1362 1636 1735 1693 extensionis
1826 1649 1961 1692 uam
2008 1636 2069 1691 iu
2100 1635 2364 1693 bomine.
2396 1637 2565 1704 Nam,
2593 1636 2735 1693 sieut
2764 1637 2870 1704 jusu

615 1704 885 1763 hominis
918 1718 985 1762 se
1016 1705 1194 1764 habet
1238 1704 1314 1763 ad
1375 1705 1670 1763 civitatem
1727 1719 1798 1763 ve
1867 1706 2131 1775 domum,
2160 1706 2242 1763 ita
2263 1705 2499 1776 justitia
2521 1707 2620 1762 Dei
2654 1719 2713 1763 se
2735 1703 2868 1781 habu·

611 1780 806 1832 totum
839 1776 1204 1834 universum.
1236 1775 1399 1839 Unde
1428 1781 1486 1832 et
1529 1776 1746 1834 diviuae
1770 1776 2020 1833 virtutes
2064 1781 2405 1834 nostrarum
2435 1778 2771 1846 exemplares
2787 1772 2868 1829 u»-

609 1851 729 1903 tur.
764 1848 907 1903 Nam
939 1860 1073 1919 quae
1104 1853 1244 1905 sunt
1270 1851 1573 1904 contracta
1603 1853 1661 1904 et
1689 1847 2041 1917 particulata
2084 1846 2513 1904 similitudines
2553 1847 2786 1918 quaedam

608 1915 869 1973 lutorum
902 1917 1130 1974 entium
1158 1922 1319 1986 sunt,
1338 1917 1495 1975 sicut
1527 1917 1728 1974 lumen
1758 1916 2021 1974 candelae
2050 1930 2116 1975 se
2147 1916 2323 1975 habet
2349 1916 2423 1975 ad
2458 1918 2652 1974 lumen
2680 1916 2810 1973 solis

606 2000 750 2044 vero
771 1986 1019 2044 virtutes
1051 2001 1184 2060 quae
1217 1989 1335 2045 Deo
1365 1988 1600 2058 proprie
1653 2001 1774 2045 non
1805 1986 2189 2057 conveniunt,
2218 2000 2338 2046 nou
2372 1987 2592 2045 habent
2619 1984 2848 2055 exemplat

607 2056 811 2137 diuina
840 2062 1070 2124 natura,
1099 2057 1206 2115 sed
1235 2058 1432 2115 solum
1462 2059 1522 2114 in
1571 2057 1773 2115 divina
1800 2058 2115 2129 sapientia,
2146 2071 2279 2129 qnae
2307 2059 2576 2115 omnium
2608 2059 2795 2114 entium
2839 2074 2854 2098 ¹-

606 2139 773 2197 prlas
801 2127 1217 2198 complectitur
1245 2128 1530 2195 rationes,
1561 2128 1720 2185 sicut
1744 2128 1897 2186 etde
1924 2127 2064 2186 aliis
2091 2128 2505 2200 corporalibus
2533 2128 2721 2186 rebus.
2746 2126 2781 2198 (1
2818 2145 2843 2170 ι-

605 2210 665 2267 q.
685 2207 811 2266 xxi,
840 2202 951 2254 art.
983 2202 1009 2255 ί
1037 2203 1096 2255 et
1119 2201 1185 2265 23
1213 2212 1275 2269 q.
1298 2209 1416 2268 ιιι,
1445 2202 1557 2256 art.
1586 2196 1665 2269 5.)

1555 2416 1809 2481 CAPUT
1866 2415 2075 2481 xclv.

1061 2598 1216 2651 Quot)
1250 2597 1316 2644 m
1366 2597 1484 2644 DBO
1517 2597 1671 2644 sum·
1713 2596 2002 2643 vntw'rsss
2037 2595 2562 2644 communit&

675 2765 759 2821 De
786 2762 1264 2834 contemplativis
1289 2766 1487 2820 autem
1528 2761 1851 2820 virtutibus
1879 2760 2123 2819 dubium
2157 2774 2293 2820 esse
2322 2774 2444 2819 non
2473 2763 2684 2839 potest,
2705 2755 2814 2837 quin
2845 2760 2852 2798 1

600 2833 857 2890 maxime
917 2834 1294 2893 conveniant.
1347 2833 1407 2890 Si
1472 2833 1632 2890 euim
1704 2833 1997 2913 sapientia
2052 2831 2115 2889 in
2181 2832 2527 2903 cognitione
2591 2831 2866 2899 alus-‚sin¹

600 2915 917 2961 causarum
965 2903 1263 2973 consistit,
1312 2902 1641 2961 secundum
1678 2902 2106 2973 Philosophum
2147 2901 2207 2958 in
2307 2902 2559 2973 rincipio
2607 2895 2868 2976 netupha·-

601 2977 796 3030 autem
819 2974 973 3029 Deus
991 2974 1282 3043 praecipue
1299 2973 1565 3044 seipsum
1589 2973 2044 3045 cognoscit,nec
2061 2972 2241 3044 aliqui
2300 2973 2614 3043 cognoscit
2633 2971 2861 3040 nisicogv·

603 3041 795 3098 cendo
832 3042 1120 3112 seipsum,
1152 3049 1216 3101 ut
1249 3043 1561 3113 probatum
1589 3049 1702 3110 est,
1728 3043 1829 3114 qui
1876 3049 1969 3100 est
1996 3044 2264 3101 omnium
2292 3042 2486 3123 prima
2508 3056 2700 3107 causa,
2720 3046 2808 3095 man
2847 3049 2853 3057 ’

600 3115 725 3167 tum
765 3112 1041 3184 estquod
1079 3112 1193 3169 sibi
1227 3114 1538 3183 potissime
1567 3113 1862 3183 sapientia
1897 3113 2067 3170 debet
2112 3112 2390 3171 adscribi.
2432 3113 2592 3170 Unde
2636 3109 2739 3174 iob.
2759 3100 2863 3166 ΗΛ

598 3180 829 3251 Sapiens
855 3182 1013 3237 corde
1055 3187 1161 3248 est;
1188 3191 1243 3240 et
1275 3184 1473 3252 Eccli.,
1516 3196 1559 3254 1,
1590 3189 1612 3241 1
1650 3201 1664 3239 t
1696 3184 1882 3241 Omuis
1910 3185 2184 3254 sapientia
2209 3199 2246 3238 α
2271 3186 2498 3239 Domino
2535 3187 2640 3240 Deo
2664 3183 2740 3243 est.
2762 3187 2795 3228 ἔ

597 3252 694 3306 illo
716 3254 828 3332 [uit
851 3266 1076 3323 semper.
1109 3253 1510 3327 Philosophus
1541 3253 1718 3311 etiam
1748 3253 1889 3311 dicit
1918 3254 1976 3310 in
2009 3253 2301 3325 principio
2328 3254 2569 3325 Metapa.
2601 3255 2728 3325 (cap.
2750 3245 2866 3316 2qu

599 3320 938 3404 (sapientia)
968 3329 1060 3404 est
1086 3322 1286 3403 divina
1310 3325 1642 3396 possessio,
1674 3337 1795 3381 nou
1827 3324 2108 3382 humana.

663 3394 894 3473 Itenust
947 3399 1199 3450 scientia
1258 3396 1466 3454 estrei
1514 3394 1782 3466 cognitio
1836 3408 1941 3465 per
1988 3393 2284 3466 propriam
2335 3407 2600 3462 causam,
2634 3393 2739 3463 ipsc
2759 3396 2866 3468 ,1111

598 3473 865 3520 omnium
899 3477 1210 3522 causarum
1244 3472 1303 3522 et
1333 3465 1651 3524 effectuum
1680 3465 1950 3522 ordinem
1981 3465 2314 3536 cognoscit,
2354 3469 2413 3522 et
2460 3479 2564 3535 per
2613 3464 2711 3520 boc
2730 3467 2884 3517 ειη-,1.

595 3546 726 3589 rum
759 3534 1032 3604 proprius
1060 3548 1275 3592 causas
1322 3537 1506 3603 novit,
1540 3542 1603 3591 ut
1644 3548 1826 3616 supra
1855 3536 2006 3606 (cap.
2037 3539 2104 3592 65
2134 3541 2188 3592 et
2218 3536 2308 3606 67)
2340 3541 2645 3592 ostensum
2664 3536 2755 3594 cst,
2778 3536 2867 3581 ¹1⁸³

596 3603 811 3684 festum
845 3604 1108 3676 estquod
1134 3604 1195 3661 in
1223 3606 1355 3677 ipso
1386 3606 1621 3677 proprie
1647 3606 1897 3664 scientia
1926 3611 2056 3675 est;
2087 3617 2207 3662 nou
2236 3611 2434 3662 tamen
2465 3620 2594 3678 quae
2615 3605 2680 3660 sit
2700 3595 2865 3672 petrau

594 3679 957 3731 cinationem
1014 3681 1279 3742 causata,
1308 3677 1462 3735 sicut
1493 3675 1749 3733 scientia
1781 3681 1984 3733 nostra
2034 3690 2109 3733 ex
2151 3675 2655 3733 demonstratione
2692 3676 2829 3728 causti
2856 3678 2868 3703 ’¹

596 3743 796 3799 unde!
830 3746 994 3816 Regu,
1025 3758 1089 3813 11,
1110 3748 1143 3802 3
1167 3763 1181 3801 ε
1212 3748 1354 3803 Deus
1372 3750 1728 3803 scientiarum
1747 3748 2008 3802 Dominus
2034 3751 2132 3804 est.
2842 3796 2852 3806 .

662 3813 880 3879 Adhuc,
902 3815 953 3872 si
1003 3816 1414 3875 immaterialis
1462 3817 1730 3889 cognitio
1760 3817 2095 3888 aliquarum
2142 3830 2339 3874 rerum
2363 3815 2587 3888 absque
2610 3812 2830 3871 discursu
2865 3817 2868 3839 ³

593 3881 868 3941 tellectus
897 3890 1007 3950 est,
1039 3886 1196 3944 Deus
1247 3893 1443 3944 autem
1477 3886 1819 3956 hujusmodi
1864 3887 2269 3959 cognitionem
2301 3886 2374 3944 de
2407 3886 2675 3946 omnibus
2701 3875 2847 3938 habet,

594 3956 1726 4095 {gggtacffilaegusst{altklitqqeir‘z'tsigrggitur
1751 3963 1841 4015 est
1868 3956 2226 4015 intellectus.
2263 3955 2423 4014 Unde
2448 3957 2575 4025 iob,
2601 3966 2694 4019 ιιι,
2721 3950 2772 4005 ¹3
2798 3960 2811 3998 ³
2845 3962 2864 3987 ‘¹'

1311 4044 1330 4081 2
1574 4067 1587 4081 .

591 4090 812 4230 imgae}
831 4093 1009 4218 etti-am
1035 4094 1283 4154 virtutes
1311 4096 1375 4154 in
1395 4098 1517 4154 Deo
1544 4100 1687 4154 sunt
1713 4096 2083 4170 exemplares
2110 4101 2476 4167 nostrarum,
2492 4094 2641 4156 sicut
2665 4084 2866 4163 perfectu

718 4175 781 4216 er
807 4175 874 4219 ec
901 4177 941 4219 1.
