3076 5025
1092 411 1225 468 Lm.
1265 411 1355 480 IV,
1397 410 1550 468 CAP.
1586 410 1774 467 xxlll.
2523 410 2629 467 533

173 532 418 591 notitiae
445 545 565 604 qua
595 533 753 589 Deus
780 530 1096 606 cognoscit
1122 531 1413 603 seipsum,
1439 537 1499 589 et
1525 531 1782 602 Spiritus
1821 534 2069 590 sanctus
2095 530 2364 602 procedit
2394 545 2430 588 a
2454 533 2628 590 Patre

173 608 235 661 et
260 601 423 660 Filio
453 615 560 674 per
587 602 831 660 niodum
858 602 1086 661 amoris
1114 615 1234 676 quo
1265 604 1423 660 Deus
1453 607 1612 660 amat
1645 602 1950 673 seipsum3
1983 601 2163 670 unde,
2195 601 2353 659 sicut
2396 600 2627 660 dictum

170 678 294 742 est,
325 686 520 745 quum
549 673 627 730 ali
674 672 913 754 uisnper
956 673 1240 754 Spiritum
1287 678 1563 754 sanctum
1604 679 1836 730 amator
1882 672 1986 730 Dei
2040 672 2319 753 esti—citur,
2364 671 2627 753 Spiritus

172 747 438 803 sanctus
467 748 560 801 est
590 744 651 800 in
699 743 953 802 abitator
979 743 1205 814 ipsius;
1237 749 1294 802 et
1321 757 1412 801 sic
1481 742 1700 800 uodam
1727 755 1885 801 novo
1915 742 2094 801 modo
2129 756 2194 799 in
2235 742 2479 800 homine
2511 746 2604 801 est

173 814 428 873 scilicet
454 813 787 896 secundum
816 825 1037 896 novum
1080 815 1448 896 proprium-e
1498 818 1693 871 ectum
1722 813 1921 885 ipsum
1970 812 2336 895 inhabitans.
2369 814 2437 869 Et
2465 785 2629 894 quoii

174 885 350 944 hunc
375 882 655 942 effectum
684 897 748 942 in
778 884 1020 942 bomine
1045 883 1225 943 faciat
1250 885 1505 957 Spiritus
1534 888 1803 953 sanctuS,
1836 890 1929 942 est
1971 899 2027 941 ei
2068 898 2105 942 a
2145 887 2314 942 Patre
2344 888 2403 940 et
2438 883 2625 953 Filio;

174 959 239 1014 et
261 958 515 1027 propter
542 954 656 1012 boc
685 969 721 1013 a
743 958 912 1013 Patre
940 960 1000 1013 et
1027 955 1175 1014 Filio
1224 954 1608 1013 invisibiliter
1653 954 1873 1013 dicitur
1901 953 2092 1022 mitti;
2123 960 2182 1012 et
2273 954 2357 1011 ari
2390 952 2626 1013 ratione

175 1026 246 1084 in
288 1028 494 1083 mente
524 1025 790 1106 hominis
818 1026 1006 1084 Filius
1049 1026 1266 1084 dicitur
1309 1025 1919 1106 minim-visibiliter,
1961 1039 2146 1106 quum
2193 968 2414 1097 afiquis
2444 1024 2624 1082 sicin

176 1096 400 1177 divina
422 1097 771 1177 cognitione
801 1096 1188 1156 constituitur
1212 1095 1372 1170 quod
1396 1111 1469 1154 ex
1495 1094 1601 1154 tali
1635 1096 1982 1169 cognitione
2012 1094 2631 1177 timemur-procedat

176 1181 247 1224 in
283 1166 556 1225 homine.
589 1166 754 1224 Unde
780 1171 939 1239 patet
970 1167 1130 1239 quod
1169 1180 1279 1225 nec
1325 1167 1440 1225 iste
1487 1168 1666 1225 etiam
1708 1167 1926 1225 modus
1969 1179 2285 1225 missionis
2315 1180 2377 1223 in
2410 1165 2561 1224 Filio
2591 1178 2631 1223 a

175 1238 416 1309 Spiritu
447 1242 659 1296 sancto
683 1236 1145 1296 minorationem
1174 1237 1425 1307 inducit,
1457 1237 1563 1297 sed
1593 1237 1790 1296 solum
1821 1238 2272 1309 processionem
2299 1235 2372 1294 ab
2411 1236 2552 1294 alio.

253 1307 552 1365 Similiter
577 1309 779 1378 etiam,
809 1322 921 1366 nec
944 1308 1227 1381 Spiritum
1253 1313 1529 1367 sanctum
1558 1323 1596 1367 a
1620 1307 1928 1366 divinitate
1972 1307 2234 1366 excludit
2259 1307 2421 1388 quod
2454 1309 2633 1365 Pater

178 1383 245 1437 et
275 1378 471 1436 Filius
501 1378 800 1437 interdum
830 1385 1357 1448 connumerantur,
1378 1392 1500 1438 non
1534 1378 1690 1437 sacta
1705 1379 2011 1437 mentione
2041 1378 2113 1435 de
2142 1378 2363 1450 Spiritu
2393 1383 2626 1447 sanctu,

180 1449 351 1507 sicut
384 1462 496 1519 nec
521 1449 737 1507 Filium
766 1464 804 1508 a
829 1449 1138 1509 divinitate
1168 1449 1427 1508 excludit
1455 1450 1617 1523 quod
1657 1450 1956 1508 interdum
1984 1448 2051 1507 fit
2076 1449 2303 1508 mentio
2332 1448 2403 1506 de
2432 1451 2605 1506 Patre

181 1532 316 1577 non
343 1519 502 1600 facta
529 1519 835 1601 mentione
864 1520 937 1578 de
967 1519 1150 1589 Fi1i03
1180 1534 1287 1592 per
1313 1520 1430 1579 hoc
1457 1521 1620 1579 enim
1645 1520 1824 1579 tacite
1844 1521 2148 1591 Scriptura
2175 1520 2445 1578 insinuat
2463 1490 2628 1592 quod

185 1588 484 1671 quidquid
517 1590 591 1648 ad
619 1590 991 1651 divinitatem
1020 1591 1326 1662 pertinens
1355 1591 1428 1649 de
1462 1604 1586 1649 uno
1614 1592 1795 1650 trium
1840 1591 2059 1649 dicitur
2102 1590 2176 1648 de
2225 1590 2508 1648 omnibus
2535 1594 2632 1648 est

181 1659 672 1733 intelligendum,
704 1674 776 1718 eo
806 1661 964 1734 quod
1005 1665 1150 1720 sunt
1197 1674 1358 1720 tinus
1399 1663 1579 1721 Deus.
1612 1664 1731 1720 Nec
1780 1662 1959 1720 etiam
2007 1666 2206 1733 potest
2248 1663 2408 1720 Deus
2453 1662 2631 1719 Pater

182 1731 327 1791 sine
353 1730 538 1789 verbo
570 1737 629 1788 et
655 1745 862 1790 amore
884 1731 1163 1805 intelligi,
1187 1746 1298 1790 nec
1316 1747 1350 1790 e
1366 1746 1659 1790 converso
1680 1752 1695 1800 ;
1719 1737 1779 1790 et
1805 1736 2046 1815 propter
2065 1732 2181 1790 hoc
2210 1732 2273 1789 in
2302 1745 2425 1790 uno
2445 1731 2629 1790 trium

186 1815 410 1860 omnes
434 1806 557 1860 tres
583 1802 1031 1877 intelliguntur;
1061 1802 1218 1860 unde
1249 1808 1309 1860 et
1333 1803 1635 1868 interdum
1654 1802 1720 1860 fit
1746 1807 1972 1862 mentio
2001 1802 2074 1861 de
2103 1803 2235 1861 solo
2268 1802 2438 1869 Filio,
2465 1802 2529 1859 in
2555 1815 2630 1860 eo

231 1872 354 1930 uod
385 1885 706 1930 commune
734 1879 827 1931 est
855 1873 1068 1943 tribuS,
1101 1873 1260 1931 sicut
1303 1877 1396 1932 est
1423 1873 1573 1933 illud
1606 1875 1834 1944 :Neque
1872 1876 2091 1930 Patrem
2133 1876 2256 1944 quis
2298 1876 2470 1942 novit,
2516 1874 2634 1929 nisi

240 1945 368 1999 'lius
397 1942 642 2014 (Matth.‚
677 1955 765 2013 xi,
793 1942 908 2019 27),
944 1958 1129 2017 quum
1157 1947 1359 2002 tamen
1389 1949 1446 2002 et
1489 1947 1662 2002 Pater
1701 1951 1759 2002 et
1803 1944 2058 2016 Spiritus
2101 1950 2348 2002 sanctus
2396 1947 2631 2002 Patrem

186 2018 598 2086 cognoscant;
629 2013 907 2072 similiter
939 2014 1115 2073 etiam
1147 2013 1220 2072 de
1247 2015 1468 2086 Spiritu
1496 2019 1705 2074 sancto
1734 2014 1954 2073 dicitur
1988 2033 2002 2071 :
2036 2015 2165 2083 Quae
2186 2017 2451 2079 Deisunt,
2476 2029 2634 2071 nemo

187 2085 1064 2227 attractatam&
1085 2085 1479 2229 53‘33333232'1:
1499 2100 1694 2214 33⁰1}ss
1717 2085 2326 2215 ἓῖῗέἒθὲἓῖἓὲῖωῗὲ
2368 2084 2527 2158 ‘¹³⁰³
2554 2083 2633 2142 ‘²¹‘

266 2228 440 2282 Patet
468 2225 646 2282 etiam
675 2225 835 2298 quod
865 2238 987 2284 non
1016 2232 1214 2298 potest
1242 2227 1476 2286 ostendi
1505 2173 1762 2300 spiritus
1792 2233 2039 2286 sanctus
2065 2241 2200 2286 esse
2227 2233 2500 2285 creatura
2526 2240 2638 2298 per

189 2296 311 2354 hoc
341 2295 505 2368 quod
531 2296 602 2353 de
633 2296 766 2368 ipso
793 2296 857 2354 in
886 2297 1190 2369 Scriptura
1221 2311 1394 2356 sacra
1422 2297 1625 2370 aliqua
1667 2298 1741 2356 ad
1790 2303 2019 2356 motum
2072 2297 2428 2368 pertinentia
2469 2296 2634 2355 dicta

196 2365 623 2435 inveniuntur;
674 2373 818 2425 sunt
861 2366 1020 2425 enim
1061 2367 1409 2438 accipienda
1448 2367 1882 2439 metaphorice3
1914 2370 2005 2425 sic
2033 2368 2195 2425 enim
2245 2372 2303 2423 et
2350 2368 2474 2424 Deo
2521 2367 2635 2424 ali-

191 2435 445 2510 quando
474 2437 776 2509 Scriptura
825 2450 998 2495 sacra
1047 2442 1278 2495 motum
1307 2436 1597 2508 attribuit,
1643 2440 1709 2494 ut
1754 2443 1846 2496 est
1872 2437 2023 2494 illud
2050 2455 2068 2493 ε
2122 2439 2299 2506 Quum
2349 2437 2636 2493 audissent

189 2523 376 2564 vocem
401 2510 623 2565 Domini
655 2510 757 2564 Dei
794 2507 1192 2566 deambulantis
1218 2509 1280 2564 in
1297 2508 1564 2578 paradiso
1594 2506 1770 2580 (em,
1800 2522 1892 2576 111,
1920 2506 2013 2580 8);
2048 2512 2109 2566 et
2136 2526 2152 2565 ε
2180 2508 2531 2578 Descendam,
2579 2510 2636 2564 et

189 2579 388 2635 videbo
411 2583 599 2635 utrum
624 2581 974 2636 clamorem...
1022 2593 1179 2649 opere
1219 2579 1620 2650 complevmnt.
1651 2578 1830 2651 (ἅρπη
1875 2591 2049 2648 xvm,
2097 2578 2214 2651 21.)
2267 2577 2439 2647 Quod
2485 2591 2634 2652 ergo

193 2649 420 2708 dicitur
448 2667 463 2705 :
494 2650 536 2707 S
575 2652 739 2707 iritus
763 2651 982 2706 Domini
1013 2649 1297 2717 ferebatur
1333 2664 1497 2729 super
1543 2664 1717 2719 aquas
1761 2647 1936 2720 (69ηυ
1966 2664 2010 2717 1,
2038 2648 2116 2721 2),
2170 2648 2635 2722 intelligendum

195 2724 292 2780 est
317 2732 394 2778 eo
425 2733 527 2778 mo
571 2734 609 2778 o
636 2734 756 2793 quo
784 2719 1009 2778 dictum
1039 2726 1151 2790 est,
1179 2719 1338 2778 sicut
1365 2719 1584 2777 dicitur
1610 2719 1770 2792 quod
1788 2719 2064 2778 voluntas
2078 2719 2264 2778 fertur
2285 2719 2350 2777 in
2375 2719 2633 2779 volitum

198 2796 261 2849 et
284 2803 457 2849 amor
483 2791 547 2848 in
578 2796 870 2861 amatum;
901 2791 1174 2873 quamvis
1206 2794 1266 2849 et
1291 2790 1407 2848 hoc
1433 2789 1679 2863 quidam
1718 2804 1840 2849 non
1882 2789 1956 2848 de
2001 2789 2225 2862 Spiritu
2257 2796 2490 2861 sanctu,
2522 2790 2634 2850 sed

194 2860 272 2919 de
300 2874 439 2919 aere
465 2861 801 2942 intelligere
829 2861 1034 2930 velint,
1062 2862 1164 2935 qui
1192 2860 1369 2920 habet
1398 2861 1729 2920 naturalem
1747 2860 1945 2919 locum
1972 2875 2044 2919 su
2090 2875 2154 2918 er
2166 2875 2414 2934 aquam;
2447 2861 2608 2921 unde

193 2929 274 2989 ad
323 2931 458 3003 ejus
507 2932 896 2990 multimodas
952 2931 1484 3013 transmutationes
1531 2931 1985 3005 significandas,
2081 2932 2264 2989 ictum
2318 2936 2413 2990 est
2467 2903 2633 3005 quod

191 3002 479 3072 serebatur
500 3016 665 3073 super
689 3017 884 3074 aquas.
914 3002 1087 3071 Quod
1111 3007 1290 3061 etiam
1320 3002 1537 3060 dicitur
1565 3021 1578 3059 :
1612 3003 1914 3073 Effundam
1958 3005 2215 3073 spiritum
2242 3019 2417 3059 meum
2464 3019 2634 3074 super

194 3087 408 3154 omitem
435 3087 652 3129 carnem
684 3073 859 3145 (ὅσοι,
889 3085 956 3143 11,
981 3073 1096 3146 28),
1124 3087 1199 3154 ea
1223 3072 1454 3154 ratione
1492 3072 1717 3131 dictum
1760 3086 1896 3131 esse
1945 3077 2179 3155 oportet
2223 3073 2480 3148 intelligi
2509 3088 2633 3147 qua

195 3142 461 3214 Spiritus
489 3149 736 3203 sanctus
762 3143 982 3202 dicitur
1008 3145 1162 3201 mitti
1193 3143 1544 3202 bominibus
1573 3157 1611 3202 a
1629 3146 1798 3201 Patre
1836 3143 1929 3201 vel
1951 3144 2122 3225 Filio,
2152 3149 2219 3201 ut
2246 3145 2471 3203 dictum
2500 3150 2629 3214 est;

195 3213 387 3271 verbo
416 3219 613 3272 autem
644 3214 925 3296 effusionis
953 3213 1317 3273 abundantia
1354 3213 1603 3272 effectus
1639 3215 1895 3295 Spiritus
1924 3219 2116 3295 sancti
2169 3214 2543 3297 intelligitur,
2573 3219 2637 3273 et

195 3283 988 3437 attignasstttetvtte
1014 3284 2633 3437 {ignitaeltshitzefflfltt’otptttiltisssffiatttffl·

269 3425 560 3483 Similiter
587 3429 811 3495 autem,
850 3397 1011 3507 quod
1053 3424 1271 3484 dicitur
1306 3444 1322 3483 ε
1368 3426 1644 3507 {luseram
1692 3425 1759 3481 de
1804 3428 2009 3496 spiritu
2060 3431 2152 3508 τμρ
2199 3426 2525 3509 tradamque
2551 3428 2631 3483 eis

198 3494 417 3568 (Num,
448 3507 532 3565 xi,
565 3496 677 3568 ¹7),
707 3508 832 3553 non
859 3495 977 3554 adi
1024 3509 1153 3555 sam
1173 3502 1497 3554 essentiam
1518 3510 1627 3555 seu
1649 3509 1964 3568 personam
1993 3496 2030 3554 S
2075 3500 2249 3556 iritus
2272 3503 2464 3555 sancti
2484 3497 2636 3555 refe-

194 3565 458 3646 rendum
503 3570 627 3649 est,
706 3580 848 3648 uum
896 3510 1283 3649 indivisibilis
1325 3566 1427 3648 sit,
1470 3566 1578 3626 sed
1620 3566 1694 3625 ad
1741 3566 1934 3639 ipsius
1976 3581 2009 3625 e
2058 3572 2246 3633 ectus,
2299 3567 2634 3649 secundum

200 3649 364 3710 quos
393 3648 458 3693 in
488 3636 666 3696 nobis
734 3636 918 3696 abitat
968 3651 1071 3710 qui
1115 3649 1178 3694 in
1223 3637 1468 3696 homine
1513 3643 1773 3710 possunt
1820 3638 2026 3712 augeri
2055 3644 2115 3696 et
2142 3638 2366 3709 minu13
2392 3651 2516 3697 non
2541 3644 2633 3697 ta·

196 3718 345 3788 men
376 3706 462 3788 ita
487 3707 647 3781 quod
688 3707 749 3765 id
780 3679 941 3780 quod
974 3707 1353 3789 „subtrahitur
1381 3707 1507 3776 uni,
1549 3708 1707 3766 idem
1751 3721 2003 3789 numero
2047 3708 2218 3768 alteri
2266 3709 2632 3780 conferatur,

197 3783 365 3836 sicut
392 3789 471 3858 in,
484 3777 665 3837 rebus
693 3790 799 3836 cor
841 3776 1107 3837 oralibus
1132 3777 1371 3848 accidit,
1400 3777 1508 3837 sed
1535 3778 1678 3852 quia
1695 3778 1921 3860 aliquid
1951 3779 2150 3838 simile
2178 3784 2378 3851 potest
2404 3793 2635 3838 accres-

197 3860 339 3907 cere
367 3860 472 3905 uni
527 3849 588 3906 in
620 3859 741 3921 quo
767 3863 804 3907 a
829 3848 872 3906 ii
900 3847 1211 3907 decresciti
1242 3850 1362 3907 Nec
1407 3853 1610 3907 tamen
1649 3852 1966 3922 requiritur
1991 3849 2067 3908 ad
2095 3849 2212 3909 hoc
2240 3856 2306 3908 ut
2329 3855 2636 3910 accrescat

198 3918 310 3977 uni
339 3890 504 3999 quod
542 3918 712 4001 alteri
759 3917 1352 4001 subtrahatur,·quia
1401 3932 1509 4000 res·
1545 3919 1878 4001 spiritualis
1923 3925 2123 3992 potest
2167 3921 2372 3986 simul,
2402 3921 2636 3996 absque

196 3988 563 4048 detrimento
590 3989 930 4072 cujuslibet,
960 4003 997 4048 a
1083 3987 1318 4048 turibus
1345 3990 1664 4061 possideri.
1704 3990 1868 4049 Unde
1905 4004 2018 4067 nec
2053 3991 2512 4067 intelligendum
2539 3998 2638 4053 est

199 4058 368 4133 quod
413 4060 497 4141 de·
527 4059 707 4119 donis
753 4058 1047 4132 spirituali
1093 4074 1165 4119 us
1208 4061 1540 4133 oportuerit
1578 4061 1804 4134 aliquid
1850 4061 2122 4120 subtrahi
2168 4063 2357 4136 Moysi
2407 4063 2482 4123 ad
2515 4062 2636 4124 hoc

198 4129 368 4203 quod
396 4130 537 4190 aliis
564 4130 954 4200 conferretur,
991 4129 1099 4190 sed
1124 4130 1197 4190 ad
1246 4137 1465 4201 actum,
1495 4131 1623 4190 sive
1668 4130 1742 4190 ad
1785 4131 2051 4191 officium
2092 4132 2471 4194 referendum
2518 4140 2634 4206 est,

199 4200 351 4274 quia
377 4200 539 4274 quod
566 4201 818 4273 spiritus
841 4206 1089 4260 sanctus
1115 4202 1286 4275 prius
1312 4216 1419 4275 per
1445 4202 1645 4260 solum
1684 4203 1930 4275 Moysen
1967 4201 2264 4275 effecerat,
2288 4211 2501 4277 postea
2527 4218 2639 4278 per

198 4270 410 4344 plures
434 4271 516 4330 im
561 4273 719 4331 levit.
749 4271 844 4331 Sic
867 4272 1043 4332 etiam
1073 4286 1184 4333 nec
1211 4272 1455 4331 Elisaeus
1476 4272 1642 4344 petiit
1660 4279 1726 4330 ut
1744 4272 1997 4345 Spiritus
2022 4274 2215 4332 sancti
2238 4276 2502 4334 essentia
2521 4288 2637 4335 eeu

199 4354 468 4414 persona
536 4341 793 4415 uplicata
817 4348 1157 4416 augeretur,
1188 4342 1295 4402 sed
1323 4349 1391 4401 ut
1417 4342 1537 4401 duo
1569 4341 1817 4401 effectus
1844 4343 2098 4415 Spiritus
2147 4351 2341 4404 sancti
2379 4346 2481 4418 qui
2510 4345 2640 4403 fue·

201 4417 344 4493 rant
367 4413 432 4471 in
462 4412 604 4484 Elia,
634 4413 866 4471 scilicet
892 4413 1208 4486 prophetia
1231 4418 1289 4472 et
1312 4415 1581 4485 operatio
1618 4413 2065 4485 miraculorum,
2116 4420 2321 4474 essent
2358 4415 2538 4473 etiam
2564 4412 2633 4472 in

202 4495 371 4555 ipso·
447 4482 677 4543 uam'vis
722 4483 900 4542 etiam
925 4496 1049 4542 non
1079 4483 1159 4542 sit
1181 4483 1614 4543 inconveniens
1639 4484 1800 4557 quod
1828 4483 2138 4544 effectibus
2163 4485 2412 4557 Spiritus
2440 4482 2640 4541 sancti

203 4527 373 4615 uniis'
452 4552 514 4613 io
540 4552 945 4615 abundantius
974 4553 1302 4629 participet,
1331 4553 1665 4618 secundum
1690 4554 1932 4629 duplam
1957 4556 2052 4616 vel
2089 4560 2640 4630 quantamcumque
