3076 5025
1154 318 1289 375 ΜΒ.
1325 318 1427 386 111,
1467 317 1621 374 GAP.
1659 317 1839 375 xcvi.
2622 323 2747 378 389⁵

271 439 376 500 tiae
400 438 724 511 dispositio
748 438 1094 499 immutetur
1121 439 1259 512 (hoc
1287 439 1448 504 enim
1478 439 1859 518 impossibile
1892 439 2027 510 est),
2057 439 2163 499 sed
2207 444 2274 497 ut
2316 440 2539 514 aliquis
2567 441 2747 503 illud·

269 509 439 585 quod
470 510 772 592 desiderat
795 516 1152 583 assequatur
1178 525 1214 568 a
1239 512 1384 592 Deo.
1414 510 1543 568 Piis
1572 510 1733 568 enim
1754 509 2073 592 desideriis
2094 510 2410 569 rationalis
2432 518 2724 574 creaturae

270 594 647 640 conveniens
670 585 762 638 est
791 585 857 638 ut
887 584 1044 639 Deus
1073 585 1385 649 assentiat,
1417 593 1543 639 non
1565 587 1868 654 tamquam
1898 580 2196 639 deslderia
2218 588 2427 640 nostra
2442 590 2725 642 moveant

270 651 756 710 immobilitatem
786 651 928 721 Dei3
961 650 1066 710 sed
1097 666 1169 709 ex
1198 665 1313 710 sua
1338 651 1606 710 bonitate
1635 652 1905 724 procedit
1930 657 1997 710 ut
2038 653 2465 711 convenienter
2494 654 2725 713 deside·

269 727 406 781 rata
443 721 731 794 perficiat.
764 723 908 781 Cum
938 722 1101 780 enim
1127 722 1332 780 omnia
1359 722 1712 780 naturaliter
1757 723 1983 780 bonum
2032 723 2397 793 desiderent,
2430 730 2495 782 ut
2539 738 2724 797 supra

270 792 429 868 (cap.
459 792 553 865 24)
581 792 896 865 probatum
933 798 1045 862 est,
1077 792 1151 851 ad
1179 792 1751 865 supereminentiam
1781 799 1983 852 autem
2014 793 2232 852 divinae
2259 793 2550 853 bonitatis
2578 809 2722 867 per-

269 864 466 923 tineat
497 863 659 937 quod
687 876 823 922 esse
851 868 910 921 et
933 862 1089 922 bene
1117 876 1254 922 esse
1285 862 1495 921 ordine
1525 864 1787 936 quodam
1840 863 2177 933 distribuat,
2221 878 2603 937 consequens
2631 871 2726 926 est

258 939 681 1064 {dperlsuf'm
716 933 1048 993 bonitatem
1101 933 1398 993 desideria
1447 934 1570 1006 pia,
1601 948 1735 1007 quae
1788 948 1896 1006 per
1937 935 2272 993 orationem
2327 936 2721 1007 explicantur,

358 1019 439 1062 im
508 1020 576 1064 ea
610 1048 625 1063 .

350 1075 446 1132 Aa
483 1091 566 1139 uc,
597 1076 1038 1134 admoventem
1056 1074 1312 1152 pertinet
1335 1078 1402 1132 ut
1426 1072 1575 1131 illud
1604 1073 1764 1147 quod
1793 1079 2068 1133 movetur
2104 1075 2391 1147 perducat
2417 1076 2492 1135 ad
2513 1076 2717 1135 finem.

278 1145 448 1203 Unde
476 1151 536 1203 et
575 1161 681 1219 per
720 1146 990 1205 eamdem
1020 1152 1294 1204 naturam
1323 1144 1552 1217 aliquid
1583 1151 1857 1203 movetur
1902 1145 1978 1203 ad
2023 1145 2227 1216 finem,
2259 1151 2318 1203 et
2332 1147 2727 1221 consequitur

275 1215 483 1280 finem,
513 1216 656 1274 etin
688 1231 761 1276 eo
791 1216 1068 1291 quiescit.
1102 1218 1289 1274 Omne
1319 1220 1518 1275 autem
1538 1215 1904 1274 desiderium
1934 1222 2027 1275 est
2046 1216 2290 1289 quidam
2317 1222 2516 1276 motus
2538 1218 2611 1275 ad
2623 1216 2726 1277 bo-

277 1288 564 1360 num,qui
581 1287 820 1361 quidem
852 1301 975 1345 non
1044 1291 1202 1346 otest
1227 1286 1408 1345 rebus
1435 1286 1639 1345 inesse
1667 1287 1787 1345 nisi
1812 1302 1848 1345 a
1868 1288 2118 1359 Deo‚qui
2149 1292 2243 1346 est
2271 1301 2379 1359 per
2394 1288 2721 1347 essentiam

278 1369 456 1416 suam
504 1356 705 1417 bonus
735 1363 792 1417 et
833 1358 973 1416 fons
1059 1357 1306 1417 onitatis
1336 1375 1352 1414 ε
1384 1370 1635 1416 movens
1689 1358 1850 1416 enim
1904 1371 2084 1417 omne
2132 1364 2331 1416 movet
2373 1358 2448 1416 ad
2495 1359 2725 1432 aliquid

277 1427 481 1486 simile
509 1428 648 1487 sibi.
685 1428 771 1487 Ad
816 1432 1005 1487 Deum
1051 1428 1236 1502 igitur
1277 1428 1536 1499 pertinet
1582 1428 1915 1486 secundum
1956 1442 2129 1486 suam
2174 1428 2503 1488 bonitatem
2561 1430 2723 1502 quod

279 1497 582 1627 desideria
605 1499 1040 1628 cogvenientia,
1066 1513 1201 1573 quae
1243 1512 1350 1570 per
1377 1499 1713 1557 orationem
1743 1499 2137 1572 explicantur,
2165 1499 2240 1558 ad
2269 1497 2547 1558 effectum
2579 1513 2723 1557 con·

276 1582 423 1628 men
451 1584 546 1628 em
614 1585 678 1628 er
721 1585 833 1629 uca
861 1613 877 1629 .
2722 1593 2726 1600 ·

349 1642 505 1710 Item,
532 1583 757 1715 qganto
787 1642 990 1714 aliqua
1017 1646 1160 1700 sunt
1184 1640 1620 1713 propinquiora
1645 1640 1930 1710 moventi,
1957 1644 2125 1698 tanto
2147 1638 2456 1699 efficacius
2477 1641 2725 1712 impres-

280 1710 518 1769 sionem
548 1712 847 1770 moventis
870 1717 1295 1784 assequuntur.
1327 1713 1474 1769 Nam
1505 1719 1565 1770 et
1586 1726 1717 1785 quae
1736 1711 2169 1784 propinquiora
2193 1717 2336 1768 sunt
2354 1711 2504 1784 igni,
2526 1712 2724 1785 magis

279 1782 358 1840 ab
385 1782 519 1853 ipso
568 1782 868 1841 calefiunt.
915 1781 1274 1842 substantiae
1316 1786 1515 1840 autem
1569 1781 2007 1841 intellectuales
2058 1782 2521 1854 propinquiores
2580 1787 2727 1840 sunt

279 1853 407 1910 Deo
434 1866 615 1926 quam
646 1853 996 1912 substantiae
1018 1852 1324 1911 naturales
1351 1852 1717 1912 inanimatae.
1745 1851 2055 1910 Efficacior
2079 1857 2174 1910 est
2193 1852 2377 1925 igitur
2401 1853 2723 1933 impressio

280 1921 500 1982 divinae
528 1923 816 1982 motionis
844 1923 907 1980 in
935 1923 1291 1982 substantiis
1322 1922 1832 1983 intellectualibus
1861 1936 2040 1995 quam
2070 1922 2132 1980 in
2179 1922 2537 1981 substantiis
2583 1923 2723 1981 aliis

278 1994 680 2052 naturalibus.
711 1995 972 2065 Corpora
1009 1998 1206 2052 autem
1253 1995 1553 2053 naturalia
1577 1996 1642 2052 in
1671 1999 1899 2053 tantum
1931 1993 2288 2065 participant
2334 1993 2408 2051 de
2454 1993 2723 2052 motione

280 2063 507 2133 divina,
537 2064 700 2137 quod
726 2064 1057 2123 naturalem
1078 2064 1222 2123 boni
1251 2065 1575 2137 appetitum
1597 2069 2052 2138 consequuntur
2068 2078 2141 2121 ex
2160 2078 2251 2134 ea,
2271 2068 2330 2121 et
2351 2064 2530 2121 etiam
2545 2078 2724 2137 appe-

278 2134 431 2193 titus
458 2134 892 2207 impletionem,
920 2134 1081 2217 quod
1108 2134 1350 2209 quidem
1394 2134 1480 2204 fit,
1522 2135 1666 2194 dum
1713 2149 1822 2209 pro
1866 2134 1992 2192 rios
2038 2133 2190 2192 fines
2245 2139 2719 2207 consequuntur.

278 2205 468 2264 Multo
497 2206 683 2287 igitur
704 2206 900 2333 magis
944 2205 1378 2287 1ntellectuales
1406 2206 1761 2265 substantiae
1850 2205 2245 2263 esideriorum
2283 2217 2555 2276 suorum,
2589 2218 2723 2278 quae

277 2289 389 2348 per
421 2282 755 2335 orationem
836 2289 909 2334 eo
938 2275 1290 2346 offeruntur,
1320 2276 1732 2348 impletionem
1762 2290 1948 2334 conse
1992 2280 2238 2333 uuntur.

353 2346 629 2418 Amplius,
661 2347 735 2405 de
763 2346 995 2405 ratione
1023 2347 1300 2405 amicitiae
1325 2353 1418 2405 est
1446 2346 1607 2420 quod
1635 2360 1847 2405 amans
1888 2360 1959 2403 ve
1986 2347 2033 2403 it
2072 2344 2307 2417 impleri
2355 2344 2720 2404 desiderium

280 2418 488 2487 amati,
517 2418 581 2475 in
610 2422 899 2490 quantum
928 2417 1053 2476 vult
1081 2417 1213 2499 ejus
1245 2417 1471 2474 bonum
1501 2423 1558 2475 et
1588 2416 2050 2490 perfectionem3
2080 2421 2321 2487 propter
2361 2415 2523 2488 quod
2573 2415 2721 2473 dici-

279 2494 383 2548 tur
410 2487 573 2562 quod
612 2488 944 2547 amicorum
973 2493 1066 2562 est
1110 2488 1269 2546 1dem
1312 2486 1484 2546 velle.
1532 2489 1855 2547 ostensum
1901 2491 1993 2546 est
2040 2490 2237 2545 autem
2286 2498 2469 2559 supra
2496 2485 2622 2560 (lib.
2652 2497 2719 2556 11,

279 2572 415 2631 cap.
443 2558 532 2634 91)
604 2559 724 2617 uod
747 2562 909 2617 Deus
941 2571 1114 2618 suam
1138 2563 1470 2616 creaturam
1500 2564 1682 2629 amat,
1705 2564 1763 2616 et
1780 2562 1947 2616 tanto
1971 2557 2190 2638 magis·
2208 2570 2718 2636 unamquamque,

326 2635 508 2688 uanto
533 2645 571 2702 p
597 2644 669 2688 us
698 2631 771 2688 de
799 2629 1064 2689 bonitate
1093 2628 1426 2701 participat,
1454 2642 1593 2701 quae
1622 2633 1714 2686 est
1740 2628 2000 2700 primum
2025 2632 2084 2683 et
2101 2627 2432 2698 prrnc1pale
2455 2633 2719 2687 amatum

282 2700 753 2829 &dista-‘22¹5
803 2697 2727 2842 Rssissffiffleffasstisstssiiiifflss⁰3z¹tffm2f⁰3ssssffitat⁰³⁹sufflefiiffi

279 2840 563 2900 voluntas
591 2848 684 2900 est
711 2841 983 2900 effectiva
1010 2854 1209 2899 rerum
1237 2858 1252 2896 ε
1286 2846 1380 2899 est
1407 2839 1566 2897 enim
1595 2852 1780 2898 causa
1797 2852 1994 2897 rerum
2011 2852 2117 2910 per
2133 2851 2306 2896 suam
2328 2838 2719 2908 voluntatem,

278 2917 559 2984 utsupra
595 2911 688 2985 (ca
733 2956 748 2970 .
778 2911 870 2987 24)
900 2915 1213 2971 ostensum
1237 2912 1349 2969 est.
1378 2910 1462 2968 Ad
1492 2910 1819 2969 bonitatem
1844 2909 2028 2983 igitur
2055 2908 2317 2968 divinam
2358 2909 2614 2981 pertinet
2656 2914 2723 2967 ut

279 2982 366 3040 im
411 2982 532 3040 leat
558 2926 857 3041 desigeria
884 2981 1199 3040 rationalis
1227 2986 1512 3063 creaturae
1542 2980 1658 3039 sibi
1688 2995 1795 3054 per
1822 2980 2154 3062 orationem
2182 2978 2511 3062 propositat
2542 3049 2557 3062 ·
2675 3050 2686 3061 ,

429 3058 640 3118 aeterea,
671 3052 898 3111 bonum
925 3059 1211 3111 creaturae
1239 3051 1570 3111 derivatum
1611 3058 1704 3111 est
1748 3050 2081 3111 secundum
2128 3066 2145 3107 1
2192 3063 2322 3109 sam
2371 3048 2719 3109 simrlrtudr—

280 3136 424 3183 nem
455 3138 492 3182 a
514 3124 781 3183 bonitate
808 3124 1027 3182 divina.
1056 3125 1179 3181 Hoc
1207 3127 1405 3181 autem
1435 3122 1694 3181 maxime
1737 3120 2153 3181 commendahi
2181 3135 2213 3178 e
2257 3120 2322 3178 in
2369 3120 2720 3180 hominibus

285 3200 554 3266 apparet,
582 3201 647 3252 ut
668 3195 829 3267 juste
857 3193 1198 3266 petentibus
1227 3206 1546 3252 assensum
1575 3208 1697 3252 non
1724 3193 2021 3266 denegent
2051 3210 2064 3247 ε
2098 3206 2169 3250 ex
2192 3190 2310 3250 hoc
2329 3192 2487 3249 enim
2509 3204 2724 3250 vocan-

279 3269 384 3324 tur
414 3264 712 3335 liberales,
743 3264 1089 3335 clementes,
1120 3264 1544 3346 misericordes
1573 3270 1632 3322 et
1657 3265 1761 3337 pii.
1796 3263 2046 3346 Marime
2075 3262 2260 3336 igitur
2286 3262 2402 3320 hoc
2449 3262 2527 3321 ad
2570 3261 2721 3321 divi-

278 3348 422 3394 nam
448 3334 774 3395 bonitatem
803 3335 1080 3408 pertinet,
1110 3341 1176 3393 ut
1201 3336 1335 3408 pias
1364 3340 1672 3394 oratlones
1703 3334 2002 3393 exaudlat.

354 3406 505 3464 Hinc
530 3412 623 3465 est
650 3405 808 3480 quod
836 3405 1057 3464 dicitur
1082 3406 1146 3463 in
1162 3408 1261 3465 ΡΒ.
1291 3418 1484 3470 (lxm,
1520 3410 1588 3464 19
1618 3424 1633 3463 z
1668 3407 2014 3465 Voluntatem
2039 3406 2345 3461 timentium
2368 3420 2426 3460 se
2451 3404 2649 3485 faciet,
2669 3409 2723 3461 et

277 3479 552 3535 orationes
578 3492 763 3534 eorum
786 3477 1062 3541 exaudiet,
1097 3480 1151 3534 et
1168 3478 1349 3534 salvos
1374 3477 1546 3546 faciet
1568 3492 1672 3534 eos.
1704 3479 1772 3533 Et
1794 3476 2021 3544 matth„
2038 3489 2151 3544 vn,
2165 3475 2514 3545 8,Dominus
2535 3474 2718 3534 dicit:

281 3547 472 3607 Omnis
498 3550 599 3621 qui
614 3548 780 3620 petit,
806 3549 1030 3621 accipit,
1051 3551 1106 3605 et
1129 3550 1231 3620 qm·
1249 3549 1467 3619 qim-it,
1496 3549 1726 3611 invenit,
1753 3549 1808 3604 et
1821 3547 2079 3620 pulsanti
2101 3547 2400 3620 aperietur.
2481 3572 2489 3592 κ

1252 3790 1508 3858 CAPUT
1547 3790 1755 3858 xcvi.

793 3997 947 4051 ouon
979 3997 1132 4044 nnus
1165 3996 1288 4045 nou
1324 3996 1522 4043 oum
1557 3996 1888 4055 nummus
1919 3997 2206 4047 nuum-r.

354 4176 493 4236 Non
517 4179 614 4233 est
631 4181 836 4234 autem
888 4176 1345 4248 inconveniens,
1391 4175 1450 4235 si
1485 4176 1849 4251 quandoque
1892 4176 2212 4250 petitiones
2249 4176 2551 4238 orantium
2594 4188 2723 4239 non

275 4244 684 4308 admittuntur
708 4260 745 4303 a
773 4249 917 4304 Deo.
944 4248 1028 4305 Ea
1051 4247 1213 4306 enim
1262 4248 1495 4307 ratione
1542 4251 1856 4306 ostensum
1904 4252 1998 4306 est
2032 4247 2124 4321 (ca
2167 4290 2184 4306 .
2213 4245 2304 4321 95)
2346 4248 2510 4322 quod
2560 4249 2723 4307 Deus

278 4317 590 4378 desideria
624 4315 939 4375 rationalis
978 4322 1264 4376 creaturae
1292 4316 1450 4375 adim
1495 4316 1597 4388 let,
1651 4318 1714 4375 in
1769 4324 2055 4390 quantum
2153 4317 2414 4378 esiderat
2467 4319 2718 4377 bonum.

281 4388 658 4462 Quandoque
682 4393 881 4448 autem
914 4387 1208 4463 contingit
1275 4387 1396 4447 uod
1422 4389 1445 4445 i
1517 4387 1681 4462 quod
1707 4388 1930 4460 petitur
1954 4402 2077 4447 non
2104 4395 2195 4448 est
2216 4403 2425 4449 verum
2465 4389 2714 4450 honum,

285 4459 395 4520 sed
422 4470 740 4533 apparens,
771 4456 1126 4533 simpliciter
1166 4471 1243 4519 au
1271 4471 1365 4517 em
1407 4459 1654 4519 malum.
1697 4461 1833 4518 Non
1866 4466 1962 4519 est
1988 4460 2170 4533 igitur
2207 4460 2349 4521 talis
2376 4458 2569 4518 oratio
2593 4459 2718 4516 Deo
