<?xml version="1.0" encoding="UTF-8"?>
<!DOCTYPE html PUBLIC "-//W3C//DTD XHTML 1.0 Transitional//EN"
    "http://www.w3.org/TR/xhtml1/DTD/xhtml1-transitional.dtd">
<html xmlns="http://www.w3.org/1999/xhtml" xml:lang="en" lang="en">
 <head>
  <title>
</title>
<meta http-equiv="Content-Type" content="text/html;charset=utf-8" />
  <meta name='ocr-system' content='tesseract 3.04.00' />
  <meta name='ocr-capabilities' content='ocr_page ocr_carea ocr_par ocr_line ocrx_word'/>
</head>
<body>
  <div class='ocr_page' id='page_1' title='image "./deveritatecatho00rubegoog_0482.png"; bbox 0 0 3076 5025; ppageno 0'>
   <div class='ocr_carea' id='block_1_1' title="bbox 448 273 3033 368">
    <p class='ocr_par' dir='ltr' id='par_1_1' title="bbox 448 273 3033 368">
     <span class='ocr_line' id='line_1_1' title="bbox 448 273 3033 368; baseline -0.012 -22"><span class='ocrx_word' id='word_1_1' title='bbox 448 288 554 347; x_wconf 75' lang='lat'><strong>448</strong></span> <span class='ocrx_word' id='word_1_2' title='bbox 1298 276 1432 333; x_wconf 72' lang='grc' dir='ltr'><strong>ΠΒ.</strong></span> <span class='ocrx_word' id='word_1_3' title='bbox 1472 276 1570 337; x_wconf 88' lang='lat'><strong>111,</strong></span> <span class='ocrx_word' id='word_1_4' title='bbox 1611 274 1764 331; x_wconf 75' lang='lat' dir='ltr'><strong>GAP.</strong></span> <span class='ocrx_word' id='word_1_5' title='bbox 1806 273 2040 330; x_wconf 84' lang='lat' dir='ltr'>CXXXV.</span> <span class='ocrx_word' id='word_1_6' title='bbox 3030 315 3033 368; x_wconf 43' lang='grc'><strong>1</strong></span> 
     </span>
    </p>
   </div>
   <div class='ocr_carea' id='block_1_2' title="bbox 450 373 3033 1528">
    <p class='ocr_par' dir='ltr' id='par_1_2' title="bbox 450 373 3033 1528">
     <span class='ocr_line' id='line_1_2' title="bbox 450 373 3033 480; baseline -0.007 -14"><span class='ocrx_word' id='word_1_7' title='bbox 450 405 720 480; x_wconf 82' lang='lat' dir='ltr'><strong>regutam</strong></span> <span class='ocrx_word' id='word_1_8' title='bbox 747 401 998 461; x_wconf 80' lang='lat' dir='ltr'><strong>rationis</strong></span> <span class='ocrx_word' id='word_1_9' title='bbox 1032 398 1232 458; x_wconf 86' lang='lat' dir='ltr'><strong>:unde</strong></span> <span class='ocrx_word' id='word_1_10' title='bbox 1279 396 1640 471; x_wconf 82' lang='lat' dir='ltr'><strong>quandoque</strong></span> <span class='ocrx_word' id='word_1_11' title='bbox 1662 393 1961 467; x_wconf 80' lang='lat' dir='ltr'><strong>contingit</strong></span> <span class='ocrx_word' id='word_1_12' title='bbox 1986 390 2148 466; x_wconf 88' lang='lat' dir='ltr'><strong>quod</strong></span> <span class='ocrx_word' id='word_1_13' title='bbox 2175 391 2323 452; x_wconf 90' lang='lat' dir='ltr'><strong>illud</strong></span> <span class='ocrx_word' id='word_1_14' title='bbox 2407 389 2528 450; x_wconf 87' lang='lat' dir='ltr'><strong>uod</strong></span> <span class='ocrx_word' id='word_1_15' title='bbox 2576 393 2675 471; x_wconf 76' lang='lat' dir='ltr'><strong>est</strong></span> <span class='ocrx_word' id='word_1_16' title='bbox 2703 393 2887 471; x_wconf 73' lang='lat' dir='ltr'><strong>extre-</strong></span> <span class='ocrx_word' id='word_1_17' title='bbox 3030 373 3033 448; x_wconf 64' lang='lat' dir='ltr'><strong>l</strong></span> 
     </span>
     <span class='ocr_line' id='line_1_3' title="bbox 454 463 2896 545; baseline -0.008 -8"><span class='ocrx_word' id='word_1_18' title='bbox 454 492 617 537; x_wconf 86' lang='lat' dir='ltr'><strong>mum</strong></span> <span class='ocrx_word' id='word_1_19' title='bbox 646 472 976 532; x_wconf 91' lang='lat' dir='ltr'><strong>secundum</strong></span> <span class='ocrx_word' id='word_1_20' title='bbox 995 469 1384 545; x_wconf 80' lang='lat' dir='ltr'><strong>quantitatem</strong></span> <span class='ocrx_word' id='word_1_21' title='bbox 1407 469 1489 524; x_wconf 89' lang='lat' dir='ltr'><strong>rei</strong></span> <span class='ocrx_word' id='word_1_22' title='bbox 1509 466 1843 534; x_wconf 80' lang='lat' dir='ltr'><strong>exterioris,</strong></span> <span class='ocrx_word' id='word_1_23' title='bbox 1868 463 2203 523; x_wconf 88' lang='lat' dir='ltr'><strong>secundum</strong></span> <span class='ocrx_word' id='word_1_24' title='bbox 2224 476 2371 536; x_wconf 81' lang='lat' dir='ltr'><strong>regu</strong></span> <span class='ocrx_word' id='word_1_25' title='bbox 2396 475 2493 519; x_wconf 89' lang='lat' dir='ltr'><strong>am</strong></span> <span class='ocrx_word' id='word_1_26' title='bbox 2518 467 2783 542; x_wconf 78' lang='lat' dir='ltr'><strong>rationis</strong></span> <span class='ocrx_word' id='word_1_27' title='bbox 2800 464 2896 519; x_wconf 80' lang='lat' dir='ltr'><strong>est</strong></span> 
     </span>
     <span class='ocr_line' id='line_1_4' title="bbox 456 533 2889 617; baseline -0.008 -12"><span class='ocrx_word' id='word_1_28' title='bbox 456 547 739 606; x_wconf 85' lang='lat' dir='ltr'><strong>medium.</strong></span> <span class='ocrx_word' id='word_1_29' title='bbox 773 547 972 616; x_wconf 88' lang='lat' dir='ltr'><strong>Neque</strong></span> <span class='ocrx_word' id='word_1_30' title='bbox 993 541 1152 598; x_wconf 91' lang='lat' dir='ltr'><strong>enim</strong></span> <span class='ocrx_word' id='word_1_31' title='bbox 1170 539 1350 598; x_wconf 87' lang='lat' dir='ltr'><strong>estali</strong></span> <span class='ocrx_word' id='word_1_32' title='bbox 1402 538 1494 596; x_wconf 87' lang='lat' dir='ltr'><strong>uis</strong></span> <span class='ocrx_word' id='word_1_33' title='bbox 1516 537 1617 609; x_wconf 86' lang='lat' dir='ltr'><strong>qui</strong></span> <span class='ocrx_word' id='word_1_34' title='bbox 1645 537 1717 595; x_wconf 87' lang='lat' dir='ltr'><strong>ad</strong></span> <span class='ocrx_word' id='word_1_35' title='bbox 1743 535 1969 617; x_wconf 77' lang='lat' dir='ltr'><strong>majora</strong></span> <span class='ocrx_word' id='word_1_36' title='bbox 1994 533 2198 592; x_wconf 89' lang='lat' dir='ltr'><strong>tendat</strong></span> <span class='ocrx_word' id='word_1_37' title='bbox 2226 545 2405 605; x_wconf 89' lang='lat' dir='ltr'><strong>quam</strong></span> <span class='ocrx_word' id='word_1_38' title='bbox 2433 542 2889 615; x_wconf 81' lang='lat' dir='ltr'><strong>magnanimus,</strong></span> 
     </span>
     <span class='ocr_line' id='line_1_5' title="bbox 455 603 2891 689; baseline -0.007 -14"><span class='ocrx_word' id='word_1_39' title='bbox 455 621 548 675; x_wconf 83' lang='lat' dir='ltr'><strong>vet</strong></span> <span class='ocrx_word' id='word_1_40' title='bbox 579 617 677 689; x_wconf 88' lang='lat' dir='ltr'><strong>qui</strong></span> <span class='ocrx_word' id='word_1_41' title='bbox 709 615 770 671; x_wconf 90' lang='lat' dir='ltr'><strong>in</strong></span> <span class='ocrx_word' id='word_1_42' title='bbox 801 612 1139 684; x_wconf 86' lang='lat' dir='ltr'><strong>sumptibus</strong></span> <span class='ocrx_word' id='word_1_43' title='bbox 1165 611 1363 684; x_wconf 83' lang='lat' dir='ltr'><strong>magni</strong></span> <span class='ocrx_word' id='word_1_44' title='bbox 1412 623 1550 667; x_wconf 90' lang='lat' dir='ltr'><strong>cum</strong></span> <span class='ocrx_word' id='word_1_45' title='bbox 1581 607 1992 688; x_wconf 69' lang='lat' dir='ltr'><strong>magnitudine</strong></span> <span class='ocrx_word' id='word_1_46' title='bbox 2021 609 2280 685; x_wconf 80' lang='lat' dir='ltr'><strong>superet.</strong></span> <span class='ocrx_word' id='word_1_47' title='bbox 2300 603 2566 684; x_wconf 30' lang='lat' dir='ltr'><strong>&#39;Medium</strong></span> <span class='ocrx_word' id='word_1_48' title='bbox 2600 615 2749 682; x_wconf 63' lang='lat' dir='ltr'><strong>ergo</strong></span> <span class='ocrx_word' id='word_1_49' title='bbox 2773 607 2891 659; x_wconf 87' lang='lat' dir='ltr'><strong>tet-</strong></span> 
     </span>
     <span class='ocr_line' id='line_1_6' title="bbox 458 672 2889 756; baseline -0.007 -9"><span class='ocrx_word' id='word_1_50' title='bbox 458 689 723 747; x_wconf 89' lang='lat' dir='ltr'><strong>minatur</strong></span> <span class='ocrx_word' id='word_1_51' title='bbox 752 698 869 743; x_wconf 90' lang='lat' dir='ltr'><strong>non</strong></span> <span class='ocrx_word' id='word_1_52' title='bbox 943 681 1228 741; x_wconf 88' lang='lat' dir='ltr'><strong>uantitate</strong></span> <span class='ocrx_word' id='word_1_53' title='bbox 1248 685 1545 750; x_wconf 90' lang='lat' dir='ltr'><strong>sumptus,</strong></span> <span class='ocrx_word' id='word_1_54' title='bbox 1564 684 1668 737; x_wconf 88' lang='lat' dir='ltr'><strong>aut</strong></span> <span class='ocrx_word' id='word_1_55' title='bbox 1686 679 1942 749; x_wconf 68' lang='lat' dir='ltr'><strong>alicuius</strong></span> <span class='ocrx_word' id='word_1_56' title='bbox 1971 676 2007 733; x_wconf 87' lang='lat' dir='ltr'><strong>li</strong></span> <span class='ocrx_word' id='word_1_57' title='bbox 2079 673 2337 756; x_wconf 81' lang='lat' dir='ltr'><strong>usmodi,</strong></span> <span class='ocrx_word' id='word_1_58' title='bbox 2369 672 2476 733; x_wconf 89' lang='lat' dir='ltr'><strong>sed</strong></span> <span class='ocrx_word' id='word_1_59' title='bbox 2496 686 2563 754; x_wconf 79' lang='lat'><strong>‚¹¹²</strong></span> <span class='ocrx_word' id='word_1_60' title='bbox 2598 677 2889 745; x_wconf 88' lang='lat' dir='ltr'><strong>quantum</strong></span> 
     </span>
     <span class='ocr_line' id='line_1_7' title="bbox 460 742 2898 872; baseline -0.006 -55"><span class='ocrx_word' id='word_1_61' title='bbox 460 772 580 816; x_wconf 90' lang='lat' dir='ltr'><strong>non</strong></span> <span class='ocrx_word' id='word_1_62' title='bbox 616 763 891 812; x_wconf 84' lang='lat' dir='ltr'><strong>transcen</strong></span> <span class='ocrx_word' id='word_1_63' title='bbox 936 754 981 810; x_wconf 91' lang='lat' dir='ltr'><strong>it</strong></span> <span class='ocrx_word' id='word_1_64' title='bbox 1009 752 1272 825; x_wconf 81' lang='lat' dir='ltr'><strong>regulam</strong></span> <span class='ocrx_word' id='word_1_65' title='bbox 1318 748 1591 818; x_wconf 88' lang='lat' dir='ltr'><strong>rationis,</strong></span> <span class='ocrx_word' id='word_1_66' title='bbox 1609 762 1733 830; x_wconf 36' lang='lat' dir='ltr'><strong>‚nec</strong></span> <span class='ocrx_word' id='word_1_67' title='bbox 1763 748 1837 825; x_wconf 84' lang='lat' dir='ltr'><strong>ab</strong></span> <span class='ocrx_word' id='word_1_68' title='bbox 1864 761 1939 805; x_wconf 87' lang='lat' dir='ltr'><strong>ea</strong></span> <span class='ocrx_word' id='word_1_69' title='bbox 1968 746 2039 803; x_wconf 88' lang='lat' dir='ltr'><strong>de</strong></span> <span class='ocrx_word' id='word_1_70' title='bbox 2086 750 2209 814; x_wconf 87' lang='lat' dir='ltr'><strong>c1t;</strong></span> <span class='ocrx_word' id='word_1_71' title='bbox 2247 757 2379 826; x_wconf 82' lang='lat' dir='ltr'><strong>quae</strong></span> <span class='ocrx_word' id='word_1_72' title='bbox 2409 742 2663 872; x_wconf 49' lang='lat' dir='ltr'><strong>flumem·</strong></span> <span class='ocrx_word' id='word_1_73' title='bbox 2690 742 2898 823; x_wconf 77' lang='lat' dir='ltr'><strong>regula</strong></span> 
     </span>
     <span class='ocr_line' id='line_1_8' title="bbox 462 813 2899 902; baseline -0.008 -15"><span class='ocrx_word' id='word_1_74' title='bbox 462 842 585 888; x_wconf 90' lang='lat' dir='ltr'><strong>non</strong></span> <span class='ocrx_word' id='word_1_75' title='bbox 611 826 808 884; x_wconf 90' lang='lat' dir='ltr'><strong>solum</strong></span> <span class='ocrx_word' id='word_1_76' title='bbox 837 823 1077 882; x_wconf 89' lang='lat' dir='ltr'><strong>metitur</strong></span> <span class='ocrx_word' id='word_1_77' title='bbox 1117 822 1506 902; x_wconf 70' lang='lat' dir='ltr'><strong>quantitatem</strong></span> <span class='ocrx_word' id='word_1_78' title='bbox 1538 833 1622 876; x_wconf 93' lang='lat' dir='ltr'><strong>rei</strong></span> <span class='ocrx_word' id='word_1_79' title='bbox 1649 833 1781 891; x_wconf 79' lang='lat' dir='ltr'><strong>quie</strong></span> <span class='ocrx_word' id='word_1_80' title='bbox 1813 831 1884 899; x_wconf 37' lang='lat' dir='ltr'><strong>‚in</strong></span> <span class='ocrx_word' id='word_1_81' title='bbox 1927 829 2104 875; x_wconf 89' lang='lat' dir='ltr'><strong>usum</strong></span> <span class='ocrx_word' id='word_1_82' title='bbox 2131 821 2315 898; x_wconf 53' lang='lat' dir='ltr'><strong>yenit,</strong></span> <span class='ocrx_word' id='word_1_83' title='bbox 2345 828 2411 872; x_wconf 87' lang='lat' dir='ltr'><strong>se</strong></span> <span class='ocrx_word' id='word_1_84' title='bbox 2481 813 2799 896; x_wconf 75' lang='lat' dir='ltr'><strong>condition</strong></span> <span class='ocrx_word' id='word_1_85' title='bbox 2839 825 2899 893; x_wconf 71' lang='lat' dir='ltr'><strong>in</strong></span> 
     </span>
     <span class='ocr_line' id='line_1_9' title="bbox 506 888 2900 976; baseline -0.005 -22"><span class='ocrx_word' id='word_1_86' title='bbox 506 910 757 966; x_wconf 79' lang='lat' dir='ltr'><strong>ersonae,</strong></span> <span class='ocrx_word' id='word_1_87' title='bbox 785 900 841 976; x_wconf 80' lang='lat' dir='ltr'><strong>et</strong></span> <span class='ocrx_word' id='word_1_88' title='bbox 870 893 1262 975; x_wconf 77' lang='lat' dir='ltr'><strong>intentionem</strong></span> <span class='ocrx_word' id='word_1_89' title='bbox 1308 903 1460 971; x_wconf 68' lang='lat' dir='ltr'><strong>eius,</strong></span> <span class='ocrx_word' id='word_1_90' title='bbox 1508 892 2011 969; x_wconf 79' lang='lat' dir='ltr'><strong>opportunitatem</strong></span> <span class='ocrx_word' id='word_1_91' title='bbox 2053 888 2168 945; x_wconf 83' lang='lat' dir='ltr'><strong>loci</strong></span> <span class='ocrx_word' id='word_1_92' title='bbox 2210 890 2271 943; x_wconf 92' lang='lat' dir='ltr'><strong>et</strong></span> <span class='ocrx_word' id='word_1_93' title='bbox 2308 891 2622 965; x_wconf 62' lang='lat' dir='ltr'><strong>temporis,</strong></span> <span class='ocrx_word' id='word_1_94' title='bbox 2670 889 2731 964; x_wconf 79' lang='lat' dir='ltr'><strong>et</strong></span> <span class='ocrx_word' id='word_1_95' title='bbox 2841 896 2900 941; x_wconf 79' lang='lat' dir='ltr'><strong>ia</strong></span> 
     </span>
     <span class='ocr_line' id='line_1_10' title="bbox 463 954 2902 1115; baseline -0.005 -21"><span class='ocrx_word' id='word_1_96' title='bbox 463 954 2632 1115; x_wconf 47' lang='lat' dir='ltr'><strong>,gliiffli&#39;imq‘iiuttriiit&#39;affi33iiiii&amp;Jssqitiiiffftissssiiggffiz13:¹¹,</strong></span> <span class='ocrx_word' id='word_1_97' title='bbox 2668 966 2902 1106; x_wconf 54' lang='lat' dir='ltr'><strong>titia?</strong></span> 
     </span>
     <span class='ocr_line' id='line_1_11' title="bbox 465 1093 2895 1179; baseline -0.006 -12"><span class='ocrx_word' id='word_1_98' title='bbox 465 1111 586 1167; x_wconf 82' lang='lat' dir='ltr'><strong>Nee</strong></span> <span class='ocrx_word' id='word_1_99' title='bbox 619 1108 730 1164; x_wconf 86' lang='lat' dir='ltr'><strong>hoc</strong></span> <span class='ocrx_word' id='word_1_100' title='bbox 758 1105 1142 1177; x_wconf 73' lang='lat' dir='ltr'><strong>prodigaliter</strong></span> <span class='ocrx_word' id='word_1_101' title='bbox 1161 1104 1323 1172; x_wconf 89' lang='lat' dir='ltr'><strong>facit,</strong></span> <span class='ocrx_word' id='word_1_102' title='bbox 1347 1115 1483 1159; x_wconf 90' lang='lat' dir='ltr'><strong>cum</strong></span> <span class='ocrx_word' id='word_1_103' title='bbox 1508 1101 1622 1158; x_wconf 85' lang='lat' dir='ltr'><strong>hoc</strong></span> <span class='ocrx_word' id='word_1_104' title='bbox 1644 1100 1822 1158; x_wconf 83' lang='lat' dir='ltr'><strong>faciat</strong></span> <span class='ocrx_word' id='word_1_105' title='bbox 1849 1097 2051 1156; x_wconf 88' lang='lat' dir='ltr'><strong>debito</strong></span> <span class='ocrx_word' id='word_1_106' title='bbox 2109 1110 2220 1179; x_wconf 70' lang='lat' dir='ltr'><strong>ne,</strong></span> <span class='ocrx_word' id='word_1_107' title='bbox 2250 1101 2308 1154; x_wconf 93' lang='lat' dir='ltr'><strong>et</strong></span> <span class='ocrx_word' id='word_1_108' title='bbox 2333 1095 2472 1153; x_wconf 92' lang='lat' dir='ltr'><strong>aliis</strong></span> <span class='ocrx_word' id='word_1_109' title='bbox 2497 1093 2722 1152; x_wconf 88' lang='lat' dir='ltr'><strong>debitis</strong></span> <span class='ocrx_word' id='word_1_110' title='bbox 2750 1107 2895 1153; x_wconf 89' lang='lat' dir='ltr'><strong>con·</strong></span> 
     </span>
     <span class='ocr_line' id='line_1_12' title="bbox 467 1164 2897 1249; baseline -0.005 -14"><span class='ocrx_word' id='word_1_111' title='bbox 467 1177 799 1236; x_wconf 86' lang='lat' dir='ltr'><strong>ditionibus</strong></span> <span class='ocrx_word' id='word_1_112' title='bbox 829 1174 1099 1234; x_wconf 85' lang='lat' dir='ltr'><strong>servatis.</strong></span> <span class='ocrx_word' id='word_1_113' title='bbox 1135 1175 1277 1232; x_wconf 87' lang='lat' dir='ltr'><strong>Plus</strong></span> <span class='ocrx_word' id='word_1_114' title='bbox 1322 1172 1480 1230; x_wconf 91' lang='lat' dir='ltr'><strong>euim</strong></span> <span class='ocrx_word' id='word_1_115' title='bbox 1511 1177 1606 1230; x_wconf 89' lang='lat' dir='ltr'><strong>est</strong></span> <span class='ocrx_word' id='word_1_116' title='bbox 1631 1170 1896 1243; x_wconf 89' lang='lat' dir='ltr'><strong>seipsum</strong></span> <span class='ocrx_word' id='word_1_117' title='bbox 1947 1173 2119 1249; x_wconf 77' lang='lat' dir='ltr'><strong>morti</strong></span> <span class='ocrx_word' id='word_1_118' title='bbox 2153 1179 2471 1248; x_wconf 80' lang='lat' dir='ltr'><strong>exponere,</strong></span> <span class='ocrx_word' id='word_1_119' title='bbox 2503 1164 2670 1247; x_wconf 82' lang='lat' dir='ltr'><strong>quod</strong></span> <span class='ocrx_word' id='word_1_120' title='bbox 2700 1170 2897 1223; x_wconf 88' lang='lat' dir='ltr'><strong>tamen</strong></span> 
     </span>
     <span class='ocr_line' id='line_1_13' title="bbox 468 1238 2899 1320; baseline -0.006 -13"><span class='ocrx_word' id='word_1_121' title='bbox 468 1247 690 1320; x_wconf 88' lang='lat' dir='ltr'><strong>aliquis</strong></span> <span class='ocrx_word' id='word_1_122' title='bbox 713 1260 814 1317; x_wconf 92' lang='lat' dir='ltr'><strong>per</strong></span> <span class='ocrx_word' id='word_1_123' title='bbox 832 1245 1108 1303; x_wconf 86' lang='lat' dir='ltr'><strong>virtutem</strong></span> <span class='ocrx_word' id='word_1_124' title='bbox 1131 1242 1500 1302; x_wconf 87' lang='lat' dir='ltr'><strong>fortitudinis</strong></span> <span class='ocrx_word' id='word_1_125' title='bbox 1521 1245 1821 1314; x_wconf 86' lang='lat' dir='ltr'><strong>operatur,</strong></span> <span class='ocrx_word' id='word_1_126' title='bbox 1852 1238 2086 1320; x_wconf 81' lang='lat' dir='ltr'><strong>debitas</strong></span> <span class='ocrx_word' id='word_1_127' title='bbox 2117 1241 2607 1319; x_wconf 60' lang='lat' dir='ltr'><strong>circumstantias</strong></span> <span class='ocrx_word' id='word_1_128' title='bbox 2630 1247 2899 1304; x_wconf 80' lang='lat' dir='ltr'><strong>servans,</strong></span> 
     </span>
     <span class='ocr_line' id='line_1_14' title="bbox 470 1307 2866 1393; baseline -0.006 -18"><span class='ocrx_word' id='word_1_129' title='bbox 470 1331 646 1393; x_wconf 82' lang='lat' dir='ltr'><strong>quam</strong></span> <span class='ocrx_word' id='word_1_130' title='bbox 678 1317 883 1375; x_wconf 89' lang='lat' dir='ltr'><strong>omnia</strong></span> <span class='ocrx_word' id='word_1_131' title='bbox 910 1329 1023 1374; x_wconf 89' lang='lat' dir='ltr'><strong>sua</strong></span> <span class='ocrx_word' id='word_1_132' title='bbox 1046 1315 1381 1387; x_wconf 87' lang='lat' dir='ltr'><strong>relinquere</strong></span> <span class='ocrx_word' id='word_1_133' title='bbox 1410 1312 1610 1370; x_wconf 88' lang='lat' dir='ltr'><strong>debito</strong></span> <span class='ocrx_word' id='word_1_134' title='bbox 1639 1310 1779 1369; x_wconf 85' lang='lat' dir='ltr'><strong>fine.</strong></span> <span class='ocrx_word' id='word_1_135' title='bbox 1820 1312 1886 1391; x_wconf 70' lang='lat' dir='ltr'><strong>Et</strong></span> <span class='ocrx_word' id='word_1_136' title='bbox 1912 1322 2001 1367; x_wconf 90' lang='lat' dir='ltr'><strong>sic</strong></span> <span class='ocrx_word' id='word_1_137' title='bbox 2029 1307 2281 1366; x_wconf 86' lang='lat' dir='ltr'><strong>solvitur</strong></span> <span class='ocrx_word' id='word_1_138' title='bbox 2307 1311 2460 1365; x_wconf 88' lang='lat' dir='ltr'><strong>ratio</strong></span> <span class='ocrx_word' id='word_1_139' title='bbox 2494 1310 2691 1387; x_wconf 73' lang='lat' dir='ltr'><strong>sexta.</strong></span> <span class='ocrx_word' id='word_1_140' title='bbox 2853 1374 2866 1385; x_wconf 38' lang='lat'>⁸</span> 
     </span>
     <span class='ocr_line' id='line_1_15' title="bbox 544 1377 2895 1456; baseline -0.006 -11"><span class='ocrx_word' id='word_1_141' title='bbox 544 1388 712 1456; x_wconf 86' lang='lat' dir='ltr'><strong>Quod</strong></span> <span class='ocrx_word' id='word_1_142' title='bbox 737 1393 932 1444; x_wconf 88' lang='lat' dir='ltr'><strong>autem</strong></span> <span class='ocrx_word' id='word_1_143' title='bbox 964 1400 1037 1443; x_wconf 85' lang='lat' dir='ltr'><strong>ex</strong></span> <span class='ocrx_word' id='word_1_144' title='bbox 1061 1384 1260 1443; x_wconf 81' lang='lat' dir='ltr'><strong>verbis</strong></span> <span class='ocrx_word' id='word_1_145' title='bbox 1286 1383 1627 1441; x_wconf 89' lang='lat' dir='ltr'><strong>Salomonis</strong></span> <span class='ocrx_word' id='word_1_146' title='bbox 1665 1382 1989 1447; x_wconf 88' lang='lat' dir='ltr'><strong>inducitur,</strong></span> <span class='ocrx_word' id='word_1_147' title='bbox 2020 1390 2145 1436; x_wconf 89' lang='lat' dir='ltr'><strong>non</strong></span> <span class='ocrx_word' id='word_1_148' title='bbox 2173 1382 2266 1435; x_wconf 90' lang='lat' dir='ltr'><strong>est</strong></span> <span class='ocrx_word' id='word_1_149' title='bbox 2289 1382 2684 1434; x_wconf 89' lang='lat' dir='ltr'><strong>contrarium.</strong></span> <span class='ocrx_word' id='word_1_150' title='bbox 2711 1377 2895 1455; x_wconf 41' lang='lat' dir='ltr'><strong>Ham·-</strong></span> 
     </span>
     <span class='ocr_line' id='line_1_16' title="bbox 471 1444 2897 1528; baseline -0.005 -9"><span class='ocrx_word' id='word_1_151' title='bbox 471 1457 689 1519; x_wconf 81' lang='lat' dir='ltr'><strong>festum</strong></span> <span class='ocrx_word' id='word_1_152' title='bbox 719 1464 809 1515; x_wconf 91' lang='lat' dir='ltr'><strong>est</strong></span> <span class='ocrx_word' id='word_1_153' title='bbox 828 1457 987 1514; x_wconf 90' lang='lat' dir='ltr'><strong>enim</strong></span> <span class='ocrx_word' id='word_1_154' title='bbox 1009 1455 1172 1528; x_wconf 90' lang='lat' dir='ltr'><strong>quod</strong></span> <span class='ocrx_word' id='word_1_155' title='bbox 1193 1454 1475 1514; x_wconf 88' lang='lat' dir='ltr'><strong>Salomon</strong></span> <span class='ocrx_word' id='word_1_156' title='bbox 1504 1452 1769 1526; x_wconf 87' lang='lat' dir='ltr'><strong>loquitur</strong></span> <span class='ocrx_word' id='word_1_157' title='bbox 1791 1452 1864 1510; x_wconf 90' lang='lat' dir='ltr'><strong>de</strong></span> <span class='ocrx_word' id='word_1_158' title='bbox 1884 1454 2090 1509; x_wconf 82' lang='lat' dir='ltr'><strong>coacta</strong></span> <span class='ocrx_word' id='word_1_159' title='bbox 2107 1452 2477 1522; x_wconf 85' lang='lat' dir='ltr'><strong>paupertate,</strong></span> <span class='ocrx_word' id='word_1_160' title='bbox 2501 1459 2641 1521; x_wconf 82' lang='lat' dir='ltr'><strong>quae</strong></span> <span class='ocrx_word' id='word_1_161' title='bbox 2660 1444 2897 1506; x_wconf 83' lang='lat' dir='ltr'><strong>furandi</strong></span> 
     </span>
    </p>
   </div>
   <div class='ocr_carea' id='block_1_3' title="bbox 473 1527 1086 1622">
    <p class='ocr_par' dir='ltr' id='par_1_3' title="bbox 473 1527 1086 1622">
     <span class='ocr_line' id='line_1_17' title="bbox 473 1527 1086 1622; baseline -0.002 -32"><span class='ocrx_word' id='word_1_162' title='bbox 473 1530 632 1590; x_wconf 81' lang='lat' dir='ltr'><strong>solet</strong></span> <span class='ocrx_word' id='word_1_163' title='bbox 655 1541 795 1622; x_wconf 69' lang='lat' dir='ltr'><strong>esse</strong></span> <span class='ocrx_word' id='word_1_164' title='bbox 823 1527 1086 1589; x_wconf 80' lang='lat' dir='ltr'><strong>occasiO.</strong></span> 
     </span>
    </p>
   </div>
   <div class='ocr_carea' id='block_1_4' title="bbox 1399 1721 1976 1792">
    <p class='ocr_par' dir='ltr' id='par_1_4' title="bbox 1399 1721 1976 1792">
     <span class='ocr_line' id='line_1_18' title="bbox 1399 1721 1976 1792; baseline -0.012 0"><span class='ocrx_word' id='word_1_165' title='bbox 1399 1727 1653 1792; x_wconf 85' lang='lat' dir='ltr'>CAPUT</span> <span class='ocrx_word' id='word_1_166' title='bbox 1693 1721 1976 1789; x_wconf 83' lang='lat' dir='ltr'>CXXXV.</span> 
     </span>
    </p>
   </div>
   <div class='ocr_carea' id='block_1_5' title="bbox 575 1898 2809 2042">
    <p class='ocr_par' dir='ltr' id='par_1_5' title="bbox 575 1898 2809 2042">
     <span class='ocr_line' id='line_1_19' title="bbox 575 1898 2809 1956; baseline -0.002 -5"><span class='ocrx_word' id='word_1_167' title='bbox 575 1903 813 1952; x_wconf 68' lang='lat' dir='ltr'><strong>sonmo</strong></span> <span class='ocrx_word' id='word_1_168' title='bbox 847 1903 1047 1950; x_wconf 70' lang='lat' dir='ltr'><strong>nomm</strong></span> <span class='ocrx_word' id='word_1_169' title='bbox 1080 1903 1214 1956; x_wconf 62' lang='grc' dir='ltr'><strong>ΟΠΞ</strong></span> <span class='ocrx_word' id='word_1_170' title='bbox 1248 1902 1701 1949; x_wconf 67' lang='grc' dir='ltr'><strong>ΟΒῙῙΟΙΕΒΑΝἸὋΒ</strong></span> <span class='ocrx_word' id='word_1_171' title='bbox 1734 1902 1962 1948; x_wconf 76' lang='lat' dir='ltr'>CONTRA</span> <span class='ocrx_word' id='word_1_172' title='bbox 1996 1901 2284 1947; x_wconf 68' lang='lat' dir='ltr'><strong>mvsasos</strong></span> <span class='ocrx_word' id='word_1_173' title='bbox 2317 1899 2511 1946; x_wconf 74' lang='lat' dir='ltr'>MODOS</span> <span class='ocrx_word' id='word_1_174' title='bbox 2548 1898 2809 1947; x_wconf 70' lang='lat' dir='ltr'><strong>wmm</strong></span> 
     </span>
     <span class='ocr_line' id='line_1_20' title="bbox 880 1987 2496 2042; baseline -0.002 -7"><span class='ocrx_word' id='word_1_175' title='bbox 880 1990 1082 2035; x_wconf 73' lang='lat' dir='ltr'>EORUM</span> <span class='ocrx_word' id='word_1_176' title='bbox 1115 1990 1215 2042; x_wconf 79' lang='lat' dir='ltr'><strong>QUI</strong></span> <span class='ocrx_word' id='word_1_177' title='bbox 1250 1990 1559 2035; x_wconf 62' lang='lat' dir='ltr'><strong>assultum·</strong></span> <span class='ocrx_word' id='word_1_178' title='bbox 1594 1989 2015 2036; x_wconf 70' lang='lat' dir='ltr'><strong>VOLUNTARIAM</strong></span> <span class='ocrx_word' id='word_1_179' title='bbox 2049 1987 2496 2034; x_wconf 66' lang='lat' dir='ltr'><strong>mmmmm.</strong></span> 
     </span>
    </p>
   </div>
   <div class='ocr_carea' id='block_1_6' title="bbox 387 2150 2909 4404">
    <p class='ocr_par' dir='ltr' id='par_1_6' title="bbox 481 2150 2909 2928">
     <span class='ocr_line' id='line_1_21' title="bbox 553 2150 2899 2225; baseline -0.001 -13"><span class='ocrx_word' id='word_1_180' title='bbox 553 2156 692 2214; x_wconf 86' lang='lat' dir='ltr'><strong>Post</strong></span> <span class='ocrx_word' id='word_1_181' title='bbox 718 2152 847 2212; x_wconf 83' lang='lat' dir='ltr'><strong>haec</strong></span> <span class='ocrx_word' id='word_1_182' title='bbox 875 2157 1069 2212; x_wconf 89' lang='lat' dir='ltr'><strong>autem</strong></span> <span class='ocrx_word' id='word_1_183' title='bbox 1090 2151 1591 2212; x_wconf 86' lang='lat' dir='ltr'><strong>considerandum</strong></span> <span class='ocrx_word' id='word_1_184' title='bbox 1621 2157 1713 2210; x_wconf 92' lang='lat' dir='ltr'><strong>est</strong></span> <span class='ocrx_word' id='word_1_185' title='bbox 1741 2151 1813 2209; x_wconf 93' lang='lat' dir='ltr'><strong>de</strong></span> <span class='ocrx_word' id='word_1_186' title='bbox 1841 2151 2037 2210; x_wconf 89' lang='lat' dir='ltr'><strong>modis</strong></span> <span class='ocrx_word' id='word_1_187' title='bbox 2066 2151 2286 2225; x_wconf 89' lang='lat' dir='ltr'><strong>quibus</strong></span> <span class='ocrx_word' id='word_1_188' title='bbox 2315 2156 2553 2223; x_wconf 88' lang='lat' dir='ltr'><strong>oportet</strong></span> <span class='ocrx_word' id='word_1_189' title='bbox 2575 2150 2899 2210; x_wconf 79' lang='lat' dir='ltr'><strong>vivereeos</strong></span> 
     </span>
     <span class='ocr_line' id='line_1_22' title="bbox 484 2220 2899 2300; baseline -0.002 -18"><span class='ocrx_word' id='word_1_190' title='bbox 484 2227 585 2300; x_wconf 84' lang='lat' dir='ltr'><strong>qui</strong></span> <span class='ocrx_word' id='word_1_191' title='bbox 620 2239 731 2297; x_wconf 87' lang='lat' dir='ltr'><strong>pau</strong></span> <span class='ocrx_word' id='word_1_192' title='bbox 779 2229 1021 2281; x_wconf 89' lang='lat' dir='ltr'><strong>ertatem</strong></span> <span class='ocrx_word' id='word_1_193' title='bbox 1050 2222 1444 2280; x_wconf 84' lang='lat' dir='ltr'><strong>voluntariam</strong></span> <span class='ocrx_word' id='word_1_194' title='bbox 1491 2227 1815 2279; x_wconf 90' lang='lat' dir='ltr'><strong>sectantur.</strong></span> <span class='ocrx_word' id='word_1_195' title='bbox 1848 2224 1914 2279; x_wconf 83' lang='lat' dir='ltr'><strong>Et</strong></span> <span class='ocrx_word' id='word_1_196' title='bbox 1940 2222 2179 2293; x_wconf 90' lang='lat' dir='ltr'><strong>quidem</strong></span> <span class='ocrx_word' id='word_1_197' title='bbox 2207 2222 2437 2294; x_wconf 89' lang='lat' dir='ltr'><strong>primus</strong></span> <span class='ocrx_word' id='word_1_198' title='bbox 2463 2220 2708 2290; x_wconf 87' lang='lat' dir='ltr'><strong>modus,</strong></span> <span class='ocrx_word' id='word_1_199' title='bbox 2741 2221 2899 2280; x_wconf 87' lang='lat' dir='ltr'><strong>scili·</strong></span> 
     </span>
     <span class='ocr_line' id='line_1_23' title="bbox 483 2292 2902 2366; baseline -0.002 -13"><span class='ocrx_word' id='word_1_200' title='bbox 483 2303 577 2355; x_wconf 92' lang='lat' dir='ltr'><strong>cet</strong></span> <span class='ocrx_word' id='word_1_201' title='bbox 605 2308 723 2366; x_wconf 92' lang='lat' dir='ltr'><strong>quo</strong></span> <span class='ocrx_word' id='word_1_202' title='bbox 763 2293 864 2350; x_wconf 70' lang='lat' dir='ltr'><strong>‘de</strong></span> <span class='ocrx_word' id='word_1_203' title='bbox 896 2294 1084 2365; x_wconf 89' lang='lat' dir='ltr'><strong>pretio</strong></span> <span class='ocrx_word' id='word_1_204' title='bbox 1113 2293 1570 2364; x_wconf 88' lang='lat' dir='ltr'><strong>possessionum</strong></span> <span class='ocrx_word' id='word_1_205' title='bbox 1616 2292 1987 2349; x_wconf 86' lang='lat' dir='ltr'><strong>venditarum</strong></span> <span class='ocrx_word' id='word_1_206' title='bbox 2018 2305 2231 2350; x_wconf 89' lang='lat' dir='ltr'><strong>omnes</strong></span> <span class='ocrx_word' id='word_1_207' title='bbox 2258 2292 2661 2351; x_wconf 89' lang='lat' dir='ltr'><strong>communiter</strong></span> <span class='ocrx_word' id='word_1_208' title='bbox 2688 2292 2902 2360; x_wconf 79' lang='lat' dir='ltr'><strong>vivant,</strong></span> 
     </span>
     <span class='ocr_line' id='line_1_24' title="bbox 484 2362 2903 2443; baseline -0.001 -20"><span class='ocrx_word' id='word_1_209' title='bbox 484 2363 794 2424; x_wconf 79' lang='lat' dir='ltr'><strong>sufficiens</strong></span> <span class='ocrx_word' id='word_1_210' title='bbox 830 2369 940 2431; x_wconf 92' lang='lat' dir='ltr'><strong>est,</strong></span> <span class='ocrx_word' id='word_1_211' title='bbox 969 2376 1090 2421; x_wconf 86' lang='lat' dir='ltr'><strong>non</strong></span> <span class='ocrx_word' id='word_1_212' title='bbox 1123 2369 1314 2420; x_wconf 69' lang='lat' dir='ltr'><strong>tamon</strong></span> <span class='ocrx_word' id='word_1_213' title='bbox 1337 2363 1431 2420; x_wconf 81' lang='lat' dir='ltr'><strong>&#39;ad</strong></span> <span class='ocrx_word' id='word_1_214' title='bbox 1459 2364 1558 2420; x_wconf 92' lang='lat' dir='ltr'><strong>lon</strong></span> <span class='ocrx_word' id='word_1_215' title='bbox 1608 2377 1703 2419; x_wconf 88' lang='lat' dir='ltr'><strong>uni</strong></span> <span class='ocrx_word' id='word_1_216' title='bbox 1738 2370 1998 2443; x_wconf 87' lang='lat' dir='ltr'><strong>tempus;</strong></span> <span class='ocrx_word' id='word_1_217' title='bbox 2033 2368 2093 2420; x_wconf 93' lang='lat' dir='ltr'><strong>et</strong></span> <span class='ocrx_word' id='word_1_218' title='bbox 2120 2363 2255 2419; x_wconf 89' lang='lat' dir='ltr'><strong>ideo</strong></span> <span class='ocrx_word' id='word_1_219' title='bbox 2284 2362 2540 2434; x_wconf 91' lang='lat' dir='ltr'><strong>apostoli</strong></span> <span class='ocrx_word' id='word_1_220' title='bbox 2591 2362 2756 2420; x_wconf 88' lang='lat' dir='ltr'><strong>bunc</strong></span> <span class='ocrx_word' id='word_1_221' title='bbox 2783 2375 2903 2420; x_wconf 89' lang='lat' dir='ltr'><strong>mo·</strong></span> 
     </span>
     <span class='ocr_line' id='line_1_25' title="bbox 485 2430 2904 2562; baseline -0.002 -68"><span class='ocrx_word' id='word_1_222' title='bbox 485 2436 624 2494; x_wconf 89' lang='lat' dir='ltr'><strong>dum</strong></span> <span class='ocrx_word' id='word_1_223' title='bbox 674 2434 905 2492; x_wconf 87' lang='lat' dir='ltr'><strong>vivendi</strong></span> <span class='ocrx_word' id='word_1_224' title='bbox 944 2432 1220 2491; x_wconf 79' lang='lat' dir='ltr'><strong>fidelibus</strong></span> <span class='ocrx_word' id='word_1_225' title='bbox 1260 2433 1319 2489; x_wconf 89' lang='lat' dir='ltr'><strong>in</strong></span> <span class='ocrx_word' id='word_1_226' title='bbox 1363 2436 1573 2490; x_wconf 78' lang='lat' dir='ltr'><strong>Jerusa</strong></span> <span class='ocrx_word' id='word_1_227' title='bbox 1599 2447 1693 2490; x_wconf 89' lang='lat' dir='ltr'><strong>em</strong></span> <span class='ocrx_word' id='word_1_228' title='bbox 1742 2433 2150 2500; x_wconf 80' lang='lat' dir='ltr'><strong>instituebant,</strong></span> <span class='ocrx_word' id='word_1_229' title='bbox 2186 2433 2329 2506; x_wconf 87' lang='lat' dir='ltr'><strong>quia</strong></span> <span class='ocrx_word' id='word_1_230' title='bbox 2371 2430 2777 2504; x_wconf 64' lang='lat' dir='ltr'><strong>praevidebant</strong></span> <span class='ocrx_word' id='word_1_231' title='bbox 2804 2445 2904 2562; x_wconf 38' lang='grc' dir='ltr'><em>ᾖ</em></span> 
     </span>
     <span class='ocr_line' id='line_1_26' title="bbox 481 2502 2811 2578; baseline -0.002 -12"><span class='ocrx_word' id='word_1_232' title='bbox 481 2505 763 2578; x_wconf 86' lang='lat' dir='ltr'><strong>Spiritum</strong></span> <span class='ocrx_word' id='word_1_233' title='bbox 793 2510 1065 2563; x_wconf 89' lang='lat' dir='ltr'><strong>sanctum</strong></span> <span class='ocrx_word' id='word_1_234' title='bbox 1096 2503 1253 2577; x_wconf 89' lang='lat' dir='ltr'><strong>quod</strong></span> <span class='ocrx_word' id='word_1_235' title='bbox 1307 2519 1427 2561; x_wconf 89' lang='lat' dir='ltr'><strong>non</strong></span> <span class='ocrx_word' id='word_1_236' title='bbox 1469 2504 1571 2562; x_wconf 89' lang='lat' dir='ltr'><strong>diu</strong></span> <span class='ocrx_word' id='word_1_237' title='bbox 1615 2504 1676 2561; x_wconf 90' lang='lat' dir='ltr'><strong>in</strong></span> <span class='ocrx_word' id='word_1_238' title='bbox 1721 2505 2048 2563; x_wconf 80' lang='lat' dir='ltr'><strong>Jerusalem</strong></span> <span class='ocrx_word' id='word_1_239' title='bbox 2096 2503 2277 2562; x_wconf 91' lang='lat' dir='ltr'><strong>simul</strong></span> <span class='ocrx_word' id='word_1_240' title='bbox 2321 2503 2686 2562; x_wconf 87' lang='lat' dir='ltr'><strong>commorari</strong></span> <span class='ocrx_word' id='word_1_241' title='bbox 2738 2502 2811 2562; x_wconf 87' lang='lat' dir='ltr'><strong>de</strong></span> 
     </span>
     <span class='ocr_line' id='line_1_27' title="bbox 483 2574 2902 2648; baseline -0.001 -14"><span class='ocrx_word' id='word_1_242' title='bbox 483 2582 638 2645; x_wconf 87' lang='lat' dir='ltr'><strong>rent,</strong></span> <span class='ocrx_word' id='word_1_243' title='bbox 669 2582 792 2633; x_wconf 91' lang='lat' dir='ltr'><strong>tum</strong></span> <span class='ocrx_word' id='word_1_244' title='bbox 825 2581 1063 2648; x_wconf 89' lang='lat' dir='ltr'><strong>propter</strong></span> <span class='ocrx_word' id='word_1_245' title='bbox 1086 2576 1532 2646; x_wconf 83' lang='lat' dir='ltr'><strong>persecutiones</strong></span> <span class='ocrx_word' id='word_1_246' title='bbox 1564 2581 1620 2632; x_wconf 91' lang='lat' dir='ltr'><strong>et</strong></span> <span class='ocrx_word' id='word_1_247' title='bbox 1667 2574 1917 2645; x_wconf 89' lang='lat' dir='ltr'><strong>injurias</strong></span> <span class='ocrx_word' id='word_1_248' title='bbox 1947 2576 2036 2632; x_wconf 89' lang='lat' dir='ltr'><strong>eis</strong></span> <span class='ocrx_word' id='word_1_249' title='bbox 2066 2574 2408 2632; x_wconf 88' lang='lat' dir='ltr'><strong>inferendas</strong></span> <span class='ocrx_word' id='word_1_250' title='bbox 2437 2588 2474 2632; x_wconf 85' lang='lat' dir='ltr'><strong>a</strong></span> <span class='ocrx_word' id='word_1_251' title='bbox 2498 2574 2750 2644; x_wconf 80' lang='lat' dir='ltr'><strong>Judaeis,</strong></span> <span class='ocrx_word' id='word_1_252' title='bbox 2785 2580 2902 2633; x_wconf 89' lang='lat' dir='ltr'><strong>tuin</strong></span> 
     </span>
     <span class='ocr_line' id='line_1_28' title="bbox 488 2643 2909 2718; baseline -0.002 -13"><span class='ocrx_word' id='word_1_253' title='bbox 488 2648 663 2705; x_wconf 89' lang='lat' dir='ltr'><strong>etiam</strong></span> <span class='ocrx_word' id='word_1_254' title='bbox 693 2652 931 2718; x_wconf 90' lang='lat' dir='ltr'><strong>propter</strong></span> <span class='ocrx_word' id='word_1_255' title='bbox 959 2646 1276 2703; x_wconf 87' lang='lat' dir='ltr'><strong>instantem</strong></span> <span class='ocrx_word' id='word_1_256' title='bbox 1308 2646 1772 2704; x_wconf 87' lang='lat' dir='ltr'><strong>destructionem</strong></span> <span class='ocrx_word' id='word_1_257' title='bbox 1818 2644 2076 2703; x_wconf 88' lang='lat' dir='ltr'><strong>civitatis</strong></span> <span class='ocrx_word' id='word_1_258' title='bbox 2105 2650 2164 2702; x_wconf 88' lang='lat' dir='ltr'><strong>et</strong></span> <span class='ocrx_word' id='word_1_259' title='bbox 2201 2645 2419 2717; x_wconf 82' lang='lat' dir='ltr'><strong>gentis.</strong></span> <span class='ocrx_word' id='word_1_260' title='bbox 2453 2643 2618 2702; x_wconf 88' lang='lat' dir='ltr'><strong>Unde</strong></span> <span class='ocrx_word' id='word_1_261' title='bbox 2647 2658 2773 2703; x_wconf 90' lang='lat' dir='ltr'><strong>non</strong></span> <span class='ocrx_word' id='word_1_262' title='bbox 2804 2644 2909 2705; x_wconf 85' lang='lat' dir='ltr'><strong>fuit</strong></span> 
     </span>
     <span class='ocr_line' id='line_1_29' title="bbox 487 2715 2905 2787; baseline -0 -13"><span class='ocrx_word' id='word_1_263' title='bbox 487 2717 895 2774; x_wconf 88' lang='lat' dir='ltr'><strong>necessarium</strong></span> <span class='ocrx_word' id='word_1_264' title='bbox 926 2716 1043 2773; x_wconf 90' lang='lat' dir='ltr'><strong>nisi</strong></span> <span class='ocrx_word' id='word_1_265' title='bbox 1075 2716 1148 2774; x_wconf 89' lang='lat' dir='ltr'><strong>ad</strong></span> <span class='ocrx_word' id='word_1_266' title='bbox 1178 2716 1478 2774; x_wconf 90' lang='lat' dir='ltr'><strong>modicum</strong></span> <span class='ocrx_word' id='word_1_267' title='bbox 1506 2722 1620 2772; x_wconf 92' lang='lat' dir='ltr'><strong>tem</strong></span> <span class='ocrx_word' id='word_1_268' title='bbox 1670 2730 1739 2774; x_wconf 92' lang='lat' dir='ltr'><strong>us</strong></span> <span class='ocrx_word' id='word_1_269' title='bbox 1768 2715 2044 2773; x_wconf 84' lang='lat' dir='ltr'><strong>fidelibus</strong></span> <span class='ocrx_word' id='word_1_270' title='bbox 2074 2715 2403 2787; x_wconf 89' lang='lat' dir='ltr'><strong>providere.</strong></span> <span class='ocrx_word' id='word_1_271' title='bbox 2434 2717 2503 2772; x_wconf 84' lang='lat' dir='ltr'><strong>Et</strong></span> <span class='ocrx_word' id='word_1_272' title='bbox 2530 2722 2781 2786; x_wconf 87' lang='lat' dir='ltr'><strong>propter</strong></span> <span class='ocrx_word' id='word_1_273' title='bbox 2802 2716 2905 2774; x_wconf 82' lang='lat' dir='ltr'><strong>hoc</strong></span> 
     </span>
     <span class='ocr_line' id='line_1_30' title="bbox 486 2785 2904 2858; baseline 0 -15"><span class='ocrx_word' id='word_1_274' title='bbox 486 2791 868 2844; x_wconf 87' lang='lat' dir='ltr'><strong>transeuntes</strong></span> <span class='ocrx_word' id='word_1_275' title='bbox 897 2786 971 2844; x_wconf 90' lang='lat' dir='ltr'><strong>ad</strong></span> <span class='ocrx_word' id='word_1_276' title='bbox 1001 2792 1231 2857; x_wconf 83' lang='lat' dir='ltr'><strong>gentes,</strong></span> <span class='ocrx_word' id='word_1_277' title='bbox 1263 2786 1326 2842; x_wconf 91' lang='lat' dir='ltr'><strong>in</strong></span> <span class='ocrx_word' id='word_1_278' title='bbox 1366 2787 1586 2858; x_wconf 90' lang='lat' dir='ltr'><strong>quibus</strong></span> <span class='ocrx_word' id='word_1_279' title='bbox 1660 2786 1906 2843; x_wconf 88' lang='lat' dir='ltr'><strong>rmanda</strong></span> <span class='ocrx_word' id='word_1_280' title='bbox 1929 2791 1985 2842; x_wconf 88' lang='lat' dir='ltr'><strong>et</strong></span> <span class='ocrx_word' id='word_1_281' title='bbox 2015 2785 2401 2857; x_wconf 82' lang='lat' dir='ltr'><strong>perduratura</strong></span> <span class='ocrx_word' id='word_1_282' title='bbox 2444 2791 2571 2843; x_wconf 90' lang='lat' dir='ltr'><strong>erat</strong></span> <span class='ocrx_word' id='word_1_283' title='bbox 2620 2787 2904 2855; x_wconf 82' lang='lat' dir='ltr'><strong>Ecclesia,</strong></span> 
     </span>
     <span class='ocr_line' id='line_1_31' title="bbox 486 2855 2032 2928; baseline -0.001 -14"><span class='ocrx_word' id='word_1_284' title='bbox 486 2856 650 2915; x_wconf 84' lang='lat' dir='ltr'><strong>hunc</strong></span> <span class='ocrx_word' id='word_1_285' title='bbox 673 2856 916 2914; x_wconf 90' lang='lat' dir='ltr'><strong>modum</strong></span> <span class='ocrx_word' id='word_1_286' title='bbox 941 2855 1173 2913; x_wconf 83' lang='lat' dir='ltr'><strong>vivendi</strong></span> <span class='ocrx_word' id='word_1_287' title='bbox 1205 2869 1328 2913; x_wconf 90' lang='lat' dir='ltr'><strong>non</strong></span> <span class='ocrx_word' id='word_1_288' title='bbox 1370 2858 1648 2928; x_wconf 83' lang='lat' dir='ltr'><strong>leguntur</strong></span> <span class='ocrx_word' id='word_1_289' title='bbox 1675 2857 2032 2914; x_wconf 86' lang='lat' dir='ltr'><strong>instituisse.</strong></span> 
     </span>
    </p>

    <p class='ocr_par' dir='ltr' id='par_1_7' title="bbox 387 2925 2909 3421">
     <span class='ocr_line' id='line_1_32' title="bbox 558 2925 2905 3000; baseline 0.001 -17"><span class='ocrx_word' id='word_1_290' title='bbox 558 2930 686 2984; x_wconf 86' lang='lat' dir='ltr'><strong>Non</strong></span> <span class='ocrx_word' id='word_1_291' title='bbox 719 2933 811 2985; x_wconf 91' lang='lat' dir='ltr'><strong>est</strong></span> <span class='ocrx_word' id='word_1_292' title='bbox 838 2932 1034 2984; x_wconf 86' lang='lat' dir='ltr'><strong>autem</strong></span> <span class='ocrx_word' id='word_1_293' title='bbox 1069 2931 1276 2984; x_wconf 88' lang='lat' dir='ltr'><strong>contra</strong></span> <span class='ocrx_word' id='word_1_294' title='bbox 1323 2926 1481 2984; x_wconf 86' lang='lat' dir='ltr'><strong>bunc</strong></span> <span class='ocrx_word' id='word_1_295' title='bbox 1522 2926 1762 2984; x_wconf 80' lang='lat' dir='ltr'><strong>modum</strong></span> <span class='ocrx_word' id='word_1_296' title='bbox 1808 2926 2042 2984; x_wconf 87' lang='lat' dir='ltr'><strong>vivendi</strong></span> <span class='ocrx_word' id='word_1_297' title='bbox 2069 2925 2234 2983; x_wconf 88' lang='lat' dir='ltr'><strong>fraus</strong></span> <span class='ocrx_word' id='word_1_298' title='bbox 2264 2939 2397 3000; x_wconf 83' lang='lat' dir='ltr'><strong>quae</strong></span> <span class='ocrx_word' id='word_1_299' title='bbox 2427 2930 2626 2997; x_wconf 89' lang='lat' dir='ltr'><strong>potest</strong></span> <span class='ocrx_word' id='word_1_300' title='bbox 2654 2941 2768 2998; x_wconf 87' lang='lat' dir='ltr'><strong>per</strong></span> <span class='ocrx_word' id='word_1_301' title='bbox 2794 2927 2905 2987; x_wconf 85' lang='lat' dir='ltr'><strong>dis·</strong></span> 
     </span>
     <span class='ocr_line' id='line_1_33' title="bbox 486 2996 2909 3070; baseline 0 -16"><span class='ocrx_word' id='word_1_302' title='bbox 486 3002 839 3070; x_wconf 84' lang='lat' dir='ltr'><strong>pensatores</strong></span> <span class='ocrx_word' id='word_1_303' title='bbox 868 2996 1155 3054; x_wconf 88' lang='lat' dir='ltr'><strong>committi</strong></span> <span class='ocrx_word' id='word_1_304' title='bbox 1186 3014 1200 3052; x_wconf 91' lang='lat'><strong>:</strong></span> <span class='ocrx_word' id='word_1_305' title='bbox 1234 2997 1346 3053; x_wconf 88' lang='lat' dir='ltr'><strong>hoc</strong></span> <span class='ocrx_word' id='word_1_306' title='bbox 1401 2997 1559 3053; x_wconf 88' lang='lat' dir='ltr'><strong>enim</strong></span> <span class='ocrx_word' id='word_1_307' title='bbox 1591 3004 1683 3055; x_wconf 90' lang='lat' dir='ltr'><strong>est</strong></span> <span class='ocrx_word' id='word_1_308' title='bbox 1717 3010 2032 3054; x_wconf 90' lang='lat' dir='ltr'><strong>commune</strong></span> <span class='ocrx_word' id='word_1_309' title='bbox 2060 2997 2123 3052; x_wconf 91' lang='lat' dir='ltr'><strong>in</strong></span> <span class='ocrx_word' id='word_1_310' title='bbox 2154 2997 2317 3053; x_wconf 88' lang='lat' dir='ltr'><strong>omni</strong></span> <span class='ocrx_word' id='word_1_311' title='bbox 2350 2996 2527 3053; x_wconf 88' lang='lat' dir='ltr'><strong>modo</strong></span> <span class='ocrx_word' id='word_1_312' title='bbox 2557 2997 2826 3067; x_wconf 85' lang='lat' dir='ltr'><strong>vivendi,</strong></span> <span class='ocrx_word' id='word_1_313' title='bbox 2852 2997 2909 3055; x_wconf 85' lang='lat' dir='ltr'><strong>iii</strong></span> 
     </span>
     <span class='ocr_line' id='line_1_34' title="bbox 530 3066 2907 3140; baseline 0 -16"><span class='ocrx_word' id='word_1_314' title='bbox 530 3067 708 3124; x_wconf 90' lang='lat' dir='ltr'><strong>uibus</strong></span> <span class='ocrx_word' id='word_1_315' title='bbox 733 3067 916 3139; x_wconf 85' lang='lat' dir='ltr'><strong>aliqui</strong></span> <span class='ocrx_word' id='word_1_316' title='bbox 948 3067 1021 3124; x_wconf 90' lang='lat' dir='ltr'><strong>ad</strong></span> <span class='ocrx_word' id='word_1_317' title='bbox 1052 3066 1303 3124; x_wconf 91' lang='lat' dir='ltr'><strong>invicem</strong></span> <span class='ocrx_word' id='word_1_318' title='bbox 1333 3067 1682 3136; x_wconf 80' lang='lat' dir='ltr'><strong>convivunt3</strong></span> <span class='ocrx_word' id='word_1_319' title='bbox 1731 3067 1793 3123; x_wconf 89' lang='lat' dir='ltr'><strong>in</strong></span> <span class='ocrx_word' id='word_1_320' title='bbox 1825 3068 1938 3124; x_wconf 85' lang='lat' dir='ltr'><strong>hoc</strong></span> <span class='ocrx_word' id='word_1_321' title='bbox 1967 3072 2162 3124; x_wconf 89' lang='lat' dir='ltr'><strong>autem</strong></span> <span class='ocrx_word' id='word_1_322' title='bbox 2217 3072 2380 3124; x_wconf 90' lang='lat' dir='ltr'><strong>tanto</strong></span> <span class='ocrx_word' id='word_1_323' title='bbox 2428 3067 2656 3135; x_wconf 91' lang='lat' dir='ltr'><strong>minus,</strong></span> <span class='ocrx_word' id='word_1_324' title='bbox 2688 3072 2907 3140; x_wconf 87' lang='lat' dir='ltr'><strong>quanto</strong></span> 
     </span>
     <span class='ocr_line' id='line_1_35' title="bbox 535 3136 2905 3209; baseline 0.001 -16"><span class='ocrx_word' id='word_1_325' title='bbox 535 3136 794 3194; x_wconf 85' lang='lat' dir='ltr'><strong>&#39;fsscilius</strong></span> <span class='ocrx_word' id='word_1_326' title='bbox 824 3138 1169 3207; x_wconf 74' lang='lat' dir='ltr'><strong>contingere</strong></span> <span class='ocrx_word' id='word_1_327' title='bbox 1199 3137 1429 3194; x_wconf 86' lang='lat' dir='ltr'><strong>videtur</strong></span> <span class='ocrx_word' id='word_1_328' title='bbox 1456 3137 1613 3209; x_wconf 91' lang='lat' dir='ltr'><strong>quod</strong></span> <span class='ocrx_word' id='word_1_329' title='bbox 1655 3138 2077 3208; x_wconf 81' lang='lat' dir='ltr'><strong>perfectionem</strong></span> <span class='ocrx_word' id='word_1_330' title='bbox 2116 3137 2250 3193; x_wconf 73' lang='lat' dir='ltr'><strong>vitae</strong></span> <span class='ocrx_word' id='word_1_331' title='bbox 2295 3142 2594 3194; x_wconf 89' lang='lat' dir='ltr'><strong>sectantes</strong></span> <span class='ocrx_word' id='word_1_332' title='bbox 2643 3138 2905 3196; x_wconf 84' lang='lat' dir='ltr'><strong>fraudem</strong></span> 
     </span>
     <span class='ocr_line' id='line_1_36' title="bbox 490 3206 2907 3277; baseline 0 -11"><span class='ocrx_word' id='word_1_333' title='bbox 490 3207 881 3266; x_wconf 88' lang='lat' dir='ltr'><strong>committant.</strong></span> <span class='ocrx_word' id='word_1_334' title='bbox 909 3207 1235 3265; x_wconf 80' lang='lat' dir='ltr'><strong>Adhibetur</strong></span> <span class='ocrx_word' id='word_1_335' title='bbox 1282 3208 1457 3264; x_wconf 89' lang='lat' dir='ltr'><strong>etiam</strong></span> <span class='ocrx_word' id='word_1_336' title='bbox 1502 3214 1709 3265; x_wconf 87' lang='lat' dir='ltr'><strong>contra</strong></span> <span class='ocrx_word' id='word_1_337' title='bbox 1761 3208 1873 3264; x_wconf 89' lang='lat' dir='ltr'><strong>hoc</strong></span> <span class='ocrx_word' id='word_1_338' title='bbox 1916 3207 2241 3264; x_wconf 89' lang='lat' dir='ltr'><strong>remedium</strong></span> <span class='ocrx_word' id='word_1_339' title='bbox 2283 3221 2387 3277; x_wconf 88' lang='lat' dir='ltr'><strong>per</strong></span> <span class='ocrx_word' id='word_1_340' title='bbox 2473 3206 2747 3265; x_wconf 84' lang='lat' dir='ltr'><strong>rovidam</strong></span> <span class='ocrx_word' id='word_1_341' title='bbox 2778 3208 2907 3266; x_wconf 80' lang='lat' dir='ltr'><strong>fide-</strong></span> 
     </span>
     <span class='ocr_line' id='line_1_37' title="bbox 387 3277 2906 3351; baseline 0 -16"><span class='ocrx_word' id='word_1_342' title='bbox 387 3342 392 3351; x_wconf 27' lang='lat'><strong>(</strong></span> <span class='ocrx_word' id='word_1_343' title='bbox 488 3278 634 3335; x_wconf 90' lang='lat' dir='ltr'><strong>lium</strong></span> <span class='ocrx_word' id='word_1_344' title='bbox 662 3277 1142 3349; x_wconf 87' lang='lat' dir='ltr'><strong>dispensatorum</strong></span> <span class='ocrx_word' id='word_1_345' title='bbox 1190 3278 1627 3335; x_wconf 87' lang='lat' dir='ltr'><strong>institutionem</strong></span> <span class='ocrx_word' id='word_1_346' title='bbox 1661 3295 1676 3334; x_wconf 70' lang='grc' dir='ltr'><em>ι</em></span> <span class='ocrx_word' id='word_1_347' title='bbox 1711 3278 1866 3335; x_wconf 91' lang='lat' dir='ltr'><strong>unde</strong></span> <span class='ocrx_word' id='word_1_348' title='bbox 1896 3277 2010 3335; x_wconf 91' lang='lat' dir='ltr'><strong>sub</strong></span> <span class='ocrx_word' id='word_1_349' title='bbox 2056 3292 2091 3334; x_wconf 92' lang='lat' dir='ltr'><strong>a</strong></span> <span class='ocrx_word' id='word_1_350' title='bbox 2132 3278 2348 3336; x_wconf 89' lang='lat' dir='ltr'><strong>ostolis</strong></span> <span class='ocrx_word' id='word_1_351' title='bbox 2391 3291 2424 3334; x_wconf 89' lang='lat' dir='ltr'><strong>e</strong></span> <span class='ocrx_word' id='word_1_352' title='bbox 2448 3277 2564 3335; x_wconf 91' lang='lat' dir='ltr'><strong>ecti</strong></span> <span class='ocrx_word' id='word_1_353' title='bbox 2610 3284 2764 3335; x_wconf 88' lang='lat' dir='ltr'><strong>sunt</strong></span> <span class='ocrx_word' id='word_1_354' title='bbox 2799 3280 2906 3336; x_wconf 84' lang='lat' dir='ltr'><strong>Ste-</strong></span> 
     </span>
     <span class='ocr_line' id='line_1_38' title="bbox 487 3347 2330 3421; baseline -0.001 -15"><span class='ocrx_word' id='word_1_355' title='bbox 487 3348 747 3420; x_wconf 82' lang='lat' dir='ltr'><strong>phanus,</strong></span> <span class='ocrx_word' id='word_1_356' title='bbox 774 3348 959 3405; x_wconf 86' lang='lat' dir='ltr'><strong>etalii</strong></span> <span class='ocrx_word' id='word_1_357' title='bbox 988 3348 1088 3421; x_wconf 90' lang='lat' dir='ltr'><strong>qui</strong></span> <span class='ocrx_word' id='word_1_358' title='bbox 1120 3348 1193 3406; x_wconf 90' lang='lat' dir='ltr'><strong>ad</strong></span> <span class='ocrx_word' id='word_1_359' title='bbox 1221 3348 1335 3405; x_wconf 89' lang='lat' dir='ltr'><strong>boc</strong></span> <span class='ocrx_word' id='word_1_360' title='bbox 1359 3347 1624 3406; x_wconf 83' lang='lat' dir='ltr'><strong>officium</strong></span> <span class='ocrx_word' id='word_1_361' title='bbox 1652 3347 1852 3405; x_wconf 90' lang='lat' dir='ltr'><strong>idonei</strong></span> <span class='ocrx_word' id='word_1_362' title='bbox 1884 3353 2052 3418; x_wconf 84' lang='lat' dir='ltr'><strong>repul</strong></span> <span class='ocrx_word' id='word_1_363' title='bbox 2135 3353 2330 3405; x_wconf 89' lang='lat' dir='ltr'><strong>antur.</strong></span> 
     </span>
    </p>

    <p class='ocr_par' dir='ltr' id='par_1_8' title="bbox 485 3417 2907 4125">
     <span class='ocr_line' id='line_1_39' title="bbox 562 3417 2907 3488; baseline 0 -14"><span class='ocrx_word' id='word_1_364' title='bbox 562 3420 659 3476; x_wconf 86' lang='lat' dir='ltr'><strong>Est</strong></span> <span class='ocrx_word' id='word_1_365' title='bbox 683 3424 878 3475; x_wconf 82' lang='lat' dir='ltr'><strong>autem</strong></span> <span class='ocrx_word' id='word_1_366' title='bbox 912 3423 969 3474; x_wconf 89' lang='lat' dir='ltr'><strong>et</strong></span> <span class='ocrx_word' id='word_1_367' title='bbox 998 3417 1300 3476; x_wconf 89' lang='lat' dir='ltr'><strong>secundus</strong></span> <span class='ocrx_word' id='word_1_368' title='bbox 1328 3419 1544 3476; x_wconf 89' lang='lat' dir='ltr'><strong>modus</strong></span> <span class='ocrx_word' id='word_1_369' title='bbox 1585 3419 1817 3476; x_wconf 87' lang='lat' dir='ltr'><strong>vivendi</strong></span> <span class='ocrx_word' id='word_1_370' title='bbox 1868 3418 2233 3476; x_wconf 85' lang='lat' dir='ltr'><strong>conveniens</strong></span> <span class='ocrx_word' id='word_1_371' title='bbox 2260 3422 2669 3488; x_wconf 85' lang='lat' dir='ltr'><strong>paupertatem</strong></span> <span class='ocrx_word' id='word_1_372' title='bbox 2702 3419 2907 3477; x_wconf 79' lang='lat' dir='ltr'><strong>volun·</strong></span> 
     </span>
     <span class='ocr_line' id='line_1_40' title="bbox 486 3488 2901 3560; baseline -0.001 -14"><span class='ocrx_word' id='word_1_373' title='bbox 486 3489 698 3546; x_wconf 88' lang='lat' dir='ltr'><strong>tariam</strong></span> <span class='ocrx_word' id='word_1_374' title='bbox 724 3489 1191 3557; x_wconf 86' lang='lat' dir='ltr'><strong>assumentibus,</strong></span> <span class='ocrx_word' id='word_1_375' title='bbox 1221 3494 1285 3547; x_wconf 90' lang='lat' dir='ltr'><strong>ut</strong></span> <span class='ocrx_word' id='word_1_376' title='bbox 1326 3489 1557 3547; x_wconf 89' lang='lat' dir='ltr'><strong>scilicet</strong></span> <span class='ocrx_word' id='word_1_377' title='bbox 1604 3488 1675 3545; x_wconf 88' lang='lat' dir='ltr'><strong>de</strong></span> <span class='ocrx_word' id='word_1_378' title='bbox 1715 3489 2206 3560; x_wconf 85' lang='lat' dir='ltr'><strong>possessionibus</strong></span> <span class='ocrx_word' id='word_1_379' title='bbox 2230 3488 2658 3546; x_wconf 88' lang='lat' dir='ltr'><strong>communibus</strong></span> <span class='ocrx_word' id='word_1_380' title='bbox 2688 3490 2901 3547; x_wconf 80' lang='lat' dir='ltr'><strong>vivant.</strong></span> 
     </span>
     <span class='ocr_line' id='line_1_41' title="bbox 486 3558 2907 3640; baseline -0 -22"><span class='ocrx_word' id='word_1_381' title='bbox 486 3559 607 3618; x_wconf 87' lang='lat' dir='ltr'><strong>Nec</strong></span> <span class='ocrx_word' id='word_1_382' title='bbox 637 3573 739 3630; x_wconf 92' lang='lat' dir='ltr'><strong>per</strong></span> <span class='ocrx_word' id='word_1_383' title='bbox 768 3559 925 3616; x_wconf 87' lang='lat' dir='ltr'><strong>hunc</strong></span> <span class='ocrx_word' id='word_1_384' title='bbox 955 3559 1195 3617; x_wconf 89' lang='lat' dir='ltr'><strong>modum</strong></span> <span class='ocrx_word' id='word_1_385' title='bbox 1241 3559 1465 3631; x_wconf 87' lang='lat' dir='ltr'><strong>aliquid</strong></span> <span class='ocrx_word' id='word_1_386' title='bbox 1495 3559 1722 3630; x_wconf 89' lang='lat' dir='ltr'><strong>deperit</strong></span> <span class='ocrx_word' id='word_1_387' title='bbox 1766 3559 2149 3640; x_wconf 79' lang='lat' dir='ltr'><strong>perfectionis</strong></span> <span class='ocrx_word' id='word_1_388' title='bbox 2180 3558 2252 3616; x_wconf 91' lang='lat' dir='ltr'><strong>ad</strong></span> <span class='ocrx_word' id='word_1_389' title='bbox 2283 3572 2459 3630; x_wconf 88' lang='lat' dir='ltr'><strong>quam</strong></span> <span class='ocrx_word' id='word_1_390' title='bbox 2492 3558 2754 3616; x_wconf 90' lang='lat' dir='ltr'><strong>tendunt</strong></span> <span class='ocrx_word' id='word_1_391' title='bbox 2781 3571 2907 3630; x_wconf 85' lang='lat' dir='ltr'><strong>pau·</strong></span> 
     </span>
     <span class='ocr_line' id='line_1_42' title="bbox 486 3629 2902 3711; baseline 0 -25"><span class='ocrx_word' id='word_1_392' title='bbox 486 3635 772 3702; x_wconf 78' lang='lat' dir='ltr'><strong>pei-tatem</strong></span> <span class='ocrx_word' id='word_1_393' title='bbox 801 3635 1200 3687; x_wconf 88' lang='lat' dir='ltr'><strong>assumentes.</strong></span> <span class='ocrx_word' id='word_1_394' title='bbox 1231 3630 1432 3687; x_wconf 86' lang='lat' dir='ltr'><strong>Potest</strong></span> <span class='ocrx_word' id='word_1_395' title='bbox 1455 3630 1613 3687; x_wconf 90' lang='lat' dir='ltr'><strong>enim</strong></span> <span class='ocrx_word' id='word_1_396' title='bbox 1663 3629 1787 3688; x_wconf 81' lang='lat' dir='ltr'><strong>fleri</strong></span> <span class='ocrx_word' id='word_1_397' title='bbox 1821 3645 1923 3711; x_wconf 87' lang='lat' dir='ltr'><strong>per</strong></span> <span class='ocrx_word' id='word_1_398' title='bbox 1967 3629 2148 3689; x_wconf 91' lang='lat' dir='ltr'><strong>unius</strong></span> <span class='ocrx_word' id='word_1_399' title='bbox 2192 3642 2423 3698; x_wconf 89' lang='lat' dir='ltr'><strong>eorum,</strong></span> <span class='ocrx_word' id='word_1_400' title='bbox 2456 3629 2547 3686; x_wconf 85' lang='lat' dir='ltr'><strong>vel</strong></span> <span class='ocrx_word' id='word_1_401' title='bbox 2580 3640 2902 3701; x_wconf 85' lang='lat' dir='ltr'><strong>paucorum</strong></span> 
     </span>
     <span class='ocr_line' id='line_1_43' title="bbox 488 3699 2906 3781; baseline 0 -23"><span class='ocrx_word' id='word_1_402' title='bbox 488 3699 954 3758; x_wconf 86' lang='lat' dir='ltr'><strong>sollicitudinem</strong></span> <span class='ocrx_word' id='word_1_403' title='bbox 976 3706 1040 3756; x_wconf 90' lang='lat' dir='ltr'><strong>ut</strong></span> <span class='ocrx_word' id='word_1_404' title='bbox 1062 3699 1483 3781; x_wconf 83' lang='lat' dir='ltr'><strong>possessiones</strong></span> <span class='ocrx_word' id='word_1_405' title='bbox 1508 3701 1687 3758; x_wconf 90' lang='lat' dir='ltr'><strong>modo</strong></span> <span class='ocrx_word' id='word_1_406' title='bbox 1704 3700 1904 3758; x_wconf 90' lang='lat' dir='ltr'><strong>debito</strong></span> <span class='ocrx_word' id='word_1_407' title='bbox 1934 3705 2354 3772; x_wconf 70' lang='lat' dir='ltr'><strong>procurentur-3</strong></span> <span class='ocrx_word' id='word_1_408' title='bbox 2372 3707 2429 3757; x_wconf 93' lang='lat' dir='ltr'><strong>et</strong></span> <span class='ocrx_word' id='word_1_409' title='bbox 2446 3699 2536 3758; x_wconf 90' lang='lat' dir='ltr'><strong>sic</strong></span> <span class='ocrx_word' id='word_1_410' title='bbox 2557 3700 2663 3758; x_wconf 83' lang='lat' dir='ltr'><strong>alii</strong></span> <span class='ocrx_word' id='word_1_411' title='bbox 2688 3700 2906 3773; x_wconf 82' lang='lat' dir='ltr'><strong>absque</strong></span> 
     </span>
     <span class='ocr_line' id='line_1_44' title="bbox 485 3769 2902 3841; baseline 0 -14"><span class='ocrx_word' id='word_1_412' title='bbox 485 3769 901 3840; x_wconf 87' lang='lat' dir='ltr'><strong>temporalium</strong></span> <span class='ocrx_word' id='word_1_413' title='bbox 946 3770 1351 3828; x_wconf 89' lang='lat' dir='ltr'><strong>sollicitudine</strong></span> <span class='ocrx_word' id='word_1_414' title='bbox 1402 3777 1796 3839; x_wconf 87' lang='lat' dir='ltr'><strong>remanentes,</strong></span> <span class='ocrx_word' id='word_1_415' title='bbox 1831 3772 2011 3829; x_wconf 85' lang='lat' dir='ltr'><strong>libere</strong></span> <span class='ocrx_word' id='word_1_416' title='bbox 2059 3776 2315 3841; x_wconf 85' lang='lat' dir='ltr'><strong>possunt</strong></span> <span class='ocrx_word' id='word_1_417' title='bbox 2356 3770 2784 3840; x_wconf 87' lang='lat' dir='ltr'><strong>spiritualibus</strong></span> <span class='ocrx_word' id='word_1_418' title='bbox 2814 3783 2902 3827; x_wconf 81' lang='lat' dir='ltr'><strong>va-</strong></span> 
     </span>
     <span class='ocr_line' id='line_1_45' title="bbox 487 3839 2906 3913; baseline 0 -16"><span class='ocrx_word' id='word_1_419' title='bbox 487 3851 646 3909; x_wconf 85' lang='lat' dir='ltr'><strong>care,</strong></span> <span class='ocrx_word' id='word_1_420' title='bbox 674 3840 833 3912; x_wconf 89' lang='lat' dir='ltr'><strong>quod</strong></span> <span class='ocrx_word' id='word_1_421' title='bbox 857 3846 947 3898; x_wconf 82' lang='lat' dir='ltr'><strong>est</strong></span> <span class='ocrx_word' id='word_1_422' title='bbox 978 3840 1206 3898; x_wconf 84' lang='lat' dir='ltr'><strong>fructus</strong></span> <span class='ocrx_word' id='word_1_423' title='bbox 1237 3842 1585 3899; x_wconf 76' lang='lat' dir='ltr'><strong>voluntariae</strong></span> <span class='ocrx_word' id='word_1_424' title='bbox 1608 3842 1989 3913; x_wconf 83' lang='lat' dir='ltr'><strong>paupertatis.</strong></span> <span class='ocrx_word' id='word_1_425' title='bbox 2023 3843 2140 3898; x_wconf 87' lang='lat' dir='ltr'><strong>Nec</strong></span> <span class='ocrx_word' id='word_1_426' title='bbox 2170 3841 2349 3898; x_wconf 87' lang='lat' dir='ltr'><strong>etlam</strong></span> <span class='ocrx_word' id='word_1_427' title='bbox 2379 3840 2502 3898; x_wconf 87' lang='lat' dir='ltr'><strong>iilis</strong></span> <span class='ocrx_word' id='word_1_428' title='bbox 2533 3839 2769 3911; x_wconf 87' lang='lat' dir='ltr'><strong>deperit</strong></span> <span class='ocrx_word' id='word_1_429' title='bbox 2811 3839 2906 3898; x_wconf 84' lang='lat' dir='ltr'><strong>ali·</strong></span> 
     </span>
     <span class='ocr_line' id='line_1_46' title="bbox 488 3910 2904 3991; baseline -0.001 -24"><span class='ocrx_word' id='word_1_430' title='bbox 488 3910 630 3983; x_wconf 84' lang='lat' dir='ltr'><strong>quid</strong></span> <span class='ocrx_word' id='word_1_431' title='bbox 663 3910 733 3968; x_wconf 90' lang='lat' dir='ltr'><strong>de</strong></span> <span class='ocrx_word' id='word_1_432' title='bbox 761 3912 1126 3991; x_wconf 81' lang='lat' dir='ltr'><strong>perfectione</strong></span> <span class='ocrx_word' id='word_1_433' title='bbox 1169 3911 1302 3969; x_wconf 81' lang='lat' dir='ltr'><strong>vitae</strong></span> <span class='ocrx_word' id='word_1_434' title='bbox 1346 3914 1447 3985; x_wconf 88' lang='lat' dir='ltr'><strong>qui</strong></span> <span class='ocrx_word' id='word_1_435' title='bbox 1493 3913 1647 3970; x_wconf 85' lang='lat' dir='ltr'><strong>hanc</strong></span> <span class='ocrx_word' id='word_1_436' title='bbox 1693 3912 2158 3969; x_wconf 87' lang='lat' dir='ltr'><strong>sollicitudinem</strong></span> <span class='ocrx_word' id='word_1_437' title='bbox 2205 3923 2312 3981; x_wconf 90' lang='lat' dir='ltr'><strong>pro</strong></span> <span class='ocrx_word' id='word_1_438' title='bbox 2354 3910 2494 3969; x_wconf 91' lang='lat' dir='ltr'><strong>aliis</strong></span> <span class='ocrx_word' id='word_1_439' title='bbox 2541 3915 2904 3989; x_wconf 73' lang='lat' dir='ltr'><strong>assumunt:</strong></span> 
     </span>
     <span class='ocr_line' id='line_1_47' title="bbox 487 3979 2905 4053; baseline 0 -17"><span class='ocrx_word' id='word_1_440' title='bbox 487 3980 646 4053; x_wconf 88' lang='lat' dir='ltr'><strong>quod</strong></span> <span class='ocrx_word' id='word_1_441' title='bbox 679 3995 835 4038; x_wconf 92' lang='lat' dir='ltr'><strong>enim</strong></span> <span class='ocrx_word' id='word_1_442' title='bbox 868 3982 1136 4039; x_wconf 89' lang='lat' dir='ltr'><strong>amittere</strong></span> <span class='ocrx_word' id='word_1_443' title='bbox 1168 3982 1440 4039; x_wconf 87' lang='lat' dir='ltr'><strong>videntur</strong></span> <span class='ocrx_word' id='word_1_444' title='bbox 1467 3984 1529 4038; x_wconf 90' lang='lat' dir='ltr'><strong>in</strong></span> <span class='ocrx_word' id='word_1_445' title='bbox 1560 3982 1791 4039; x_wconf 90' lang='lat' dir='ltr'><strong>defectu</strong></span> <span class='ocrx_word' id='word_1_446' title='bbox 1833 3983 2072 4053; x_wconf 89' lang='lat' dir='ltr'><strong>quietis,</strong></span> <span class='ocrx_word' id='word_1_447' title='bbox 2105 3986 2458 4052; x_wconf 89' lang='lat' dir='ltr'><strong>recuperant</strong></span> <span class='ocrx_word' id='word_1_448' title='bbox 2502 3979 2566 4037; x_wconf 89' lang='lat' dir='ltr'><strong>in</strong></span> <span class='ocrx_word' id='word_1_449' title='bbox 2618 3980 2905 4053; x_wconf 87' lang='lat' dir='ltr'><strong>obsequio</strong></span> 
     </span>
     <span class='ocr_line' id='line_1_48' title="bbox 490 4052 2033 4125; baseline -0.001 -17"><span class='ocrx_word' id='word_1_450' title='bbox 490 4053 777 4120; x_wconf 88' lang='lat' dir='ltr'><strong>caritatis,</strong></span> <span class='ocrx_word' id='word_1_451' title='bbox 810 4053 869 4109; x_wconf 90' lang='lat' dir='ltr'><strong>in</strong></span> <span class='ocrx_word' id='word_1_452' title='bbox 902 4066 1021 4125; x_wconf 88' lang='lat' dir='ltr'><strong>quo</strong></span> <span class='ocrx_word' id='word_1_453' title='bbox 1052 4054 1228 4110; x_wconf 86' lang='lat' dir='ltr'><strong>etiam</strong></span> <span class='ocrx_word' id='word_1_454' title='bbox 1262 4053 1544 4123; x_wconf 76' lang='lat' dir='ltr'><strong>perfectio</strong></span> <span class='ocrx_word' id='word_1_455' title='bbox 1574 4052 1705 4109; x_wconf 83' lang='lat' dir='ltr'><strong>vitae</strong></span> <span class='ocrx_word' id='word_1_456' title='bbox 1735 4052 2033 4110; x_wconf 87' lang='lat' dir='ltr'><strong>consistit.</strong></span> 
     </span>
    </p>

    <p class='ocr_par' dir='ltr' id='par_1_9' title="bbox 486 4121 2906 4404">
     <span class='ocr_line' id='line_1_49' title="bbox 560 4121 2906 4201; baseline 0 -24"><span class='ocrx_word' id='word_1_457' title='bbox 560 4124 678 4201; x_wconf 78' lang='lat' dir='ltr'><strong>Nec</strong></span> <span class='ocrx_word' id='word_1_458' title='bbox 700 4123 877 4178; x_wconf 86' lang='lat' dir='ltr'><strong>etiam</strong></span> <span class='ocrx_word' id='word_1_459' title='bbox 910 4137 1013 4194; x_wconf 88' lang='lat' dir='ltr'><strong>per</strong></span> <span class='ocrx_word' id='word_1_460' title='bbox 1041 4123 1198 4179; x_wconf 88' lang='lat' dir='ltr'><strong>hunc</strong></span> <span class='ocrx_word' id='word_1_461' title='bbox 1246 4121 1485 4179; x_wconf 88' lang='lat' dir='ltr'><strong>modum</strong></span> <span class='ocrx_word' id='word_1_462' title='bbox 1517 4122 1752 4179; x_wconf 84' lang='lat' dir='ltr'><strong>vivendi</strong></span> <span class='ocrx_word' id='word_1_463' title='bbox 1782 4121 2102 4179; x_wconf 87' lang='lat' dir='ltr'><strong>concordia</strong></span> <span class='ocrx_word' id='word_1_464' title='bbox 2140 4121 2371 4179; x_wconf 90' lang='lat' dir='ltr'><strong>tollitur</strong></span> <span class='ocrx_word' id='word_1_465' title='bbox 2396 4121 2725 4180; x_wconf 85' lang='lat' dir='ltr'><strong>occasione</strong></span> <span class='ocrx_word' id='word_1_466' title='bbox 2750 4134 2906 4179; x_wconf 86' lang='lat' dir='ltr'><strong>com·</strong></span> 
     </span>
     <span class='ocr_line' id='line_1_50' title="bbox 486 4192 2905 4263; baseline 0 -15"><span class='ocrx_word' id='word_1_467' title='bbox 486 4201 758 4248; x_wconf 87' lang='lat' dir='ltr'><strong>munium</strong></span> <span class='ocrx_word' id='word_1_468' title='bbox 788 4193 1264 4263; x_wconf 89' lang='lat' dir='ltr'><strong>possessionum.</strong></span> <span class='ocrx_word' id='word_1_469' title='bbox 1295 4194 1464 4249; x_wconf 85' lang='lat' dir='ltr'><strong>Tales</strong></span> <span class='ocrx_word' id='word_1_470' title='bbox 1512 4193 1669 4249; x_wconf 89' lang='lat' dir='ltr'><strong>enim</strong></span> <span class='ocrx_word' id='word_1_471' title='bbox 1702 4193 1916 4249; x_wconf 90' lang='lat' dir='ltr'><strong>debent</strong></span> <span class='ocrx_word' id='word_1_472' title='bbox 1957 4197 2357 4263; x_wconf 88' lang='lat' dir='ltr'><strong>paupertatem</strong></span> <span class='ocrx_word' id='word_1_473' title='bbox 2390 4192 2794 4250; x_wconf 78' lang='lat' dir='ltr'><strong>voluntariam</strong></span> <span class='ocrx_word' id='word_1_474' title='bbox 2822 4203 2905 4249; x_wconf 86' lang='lat' dir='ltr'><strong>as-</strong></span> 
     </span>
     <span class='ocr_line' id='line_1_51' title="bbox 489 4261 2901 4334; baseline 0.001 -18"><span class='ocrx_word' id='word_1_475' title='bbox 489 4271 724 4316; x_wconf 88' lang='lat' dir='ltr'><strong>sumere</strong></span> <span class='ocrx_word' id='word_1_476' title='bbox 748 4263 848 4333; x_wconf 89' lang='lat' dir='ltr'><strong>qui</strong></span> <span class='ocrx_word' id='word_1_477' title='bbox 874 4261 1220 4333; x_wconf 89' lang='lat' dir='ltr'><strong>temporalia</strong></span> <span class='ocrx_word' id='word_1_478' title='bbox 1238 4268 1648 4331; x_wconf 88' lang='lat' dir='ltr'><strong>contemnunt,</strong></span> <span class='ocrx_word' id='word_1_479' title='bbox 1671 4268 1729 4318; x_wconf 91' lang='lat' dir='ltr'><strong>et</strong></span> <span class='ocrx_word' id='word_1_480' title='bbox 1751 4264 1897 4320; x_wconf 86' lang='lat' dir='ltr'><strong>tales</strong></span> <span class='ocrx_word' id='word_1_481' title='bbox 1914 4276 2020 4332; x_wconf 91' lang='lat' dir='ltr'><strong>pro</strong></span> <span class='ocrx_word' id='word_1_482' title='bbox 2037 4262 2466 4334; x_wconf 86' lang='lat' dir='ltr'><strong>temporalibus</strong></span> <span class='ocrx_word' id='word_1_483' title='bbox 2479 4262 2901 4320; x_wconf 86' lang='lat' dir='ltr'><strong>communibus</strong></span> 
     </span>
     <span class='ocr_line' id='line_1_52' title="bbox 487 4328 2905 4404; baseline 0 -19"><span class='ocrx_word' id='word_1_484' title='bbox 487 4328 832 4385; x_wconf 87' lang='lat' dir='ltr'><strong>discordare</strong></span> <span class='ocrx_word' id='word_1_485' title='bbox 872 4345 992 4388; x_wconf 90' lang='lat' dir='ltr'><strong>non</strong></span> <span class='ocrx_word' id='word_1_486' title='bbox 1036 4339 1318 4402; x_wconf 89' lang='lat' dir='ltr'><strong>possunt;</strong></span> <span class='ocrx_word' id='word_1_487' title='bbox 1366 4333 1690 4403; x_wconf 76' lang='lat' dir='ltr'><strong>praesertim</strong></span> <span class='ocrx_word' id='word_1_488' title='bbox 1720 4346 1855 4389; x_wconf 89' lang='lat' dir='ltr'><strong>cum</strong></span> <span class='ocrx_word' id='word_1_489' title='bbox 1906 4347 1977 4388; x_wconf 83' lang='lat' dir='ltr'><strong>ex</strong></span> <span class='ocrx_word' id='word_1_490' title='bbox 2019 4332 2447 4404; x_wconf 86' lang='lat' dir='ltr'><strong>temporalibus</strong></span> <span class='ocrx_word' id='word_1_491' title='bbox 2501 4332 2650 4389; x_wconf 86' lang='lat' dir='ltr'><strong>nihil</strong></span> <span class='ocrx_word' id='word_1_492' title='bbox 2702 4337 2905 4402; x_wconf 83' lang='lat' dir='ltr'><strong>praeter</strong></span> 
     </span>
    </p>
   </div>
   <div class='ocr_carea' id='block_1_7' title="bbox 488 4401 2905 4476">
    <p class='ocr_par' dir='ltr' id='par_1_10' title="bbox 488 4401 2905 4476">
     <span class='ocr_line' id='line_1_53' title="bbox 488 4401 2905 4476; baseline 0.002 -20"><span class='ocrx_word' id='word_1_493' title='bbox 488 4404 911 4457; x_wconf 88' lang='lat' dir='ltr'><strong>necessitatem</strong></span> <span class='ocrx_word' id='word_1_494' title='bbox 945 4401 1080 4459; x_wconf 80' lang='lat' dir='ltr'><strong>vitae</strong></span> <span class='ocrx_word' id='word_1_495' title='bbox 1108 4402 1362 4460; x_wconf 87' lang='lat' dir='ltr'><strong>debeant</strong></span> <span class='ocrx_word' id='word_1_496' title='bbox 1388 4411 1723 4474; x_wconf 79' lang='lat' dir='ltr'><strong>expectare3</strong></span> <span class='ocrx_word' id='word_1_497' title='bbox 1754 4408 1814 4460; x_wconf 91' lang='lat' dir='ltr'><strong>et</strong></span> <span class='ocrx_word' id='word_1_498' title='bbox 1841 4416 1979 4461; x_wconf 89' lang='lat' dir='ltr'><strong>cum</strong></span> <span class='ocrx_word' id='word_1_499' title='bbox 2007 4402 2456 4476; x_wconf 84' lang='lat' dir='ltr'><strong>dispensatores</strong></span> <span class='ocrx_word' id='word_1_500' title='bbox 2480 4407 2756 4474; x_wconf 85' lang='lat' dir='ltr'><strong>oporteat</strong></span> <span class='ocrx_word' id='word_1_501' title='bbox 2775 4412 2905 4460; x_wconf 83' lang='lat' dir='ltr'><strong>esse</strong></span> 
     </span>
    </p>
   </div>
   <div class='ocr_carea' id='block_1_8' title="bbox 3023 4294 3026 4904">
    <p class='ocr_par' dir='ltr' id='par_1_11' title="bbox 3023 4294 3026 4904">
     <span class='ocr_line' id='line_1_54' title="bbox 3023 4294 3026 4904; baseline 0 0"><span class='ocrx_word' id='word_1_502' title='bbox 3023 4294 3026 4904; x_wconf 95' lang='lat' dir='ltr'><strong> </strong></span> 
     </span>
    </p>
   </div>
  </div>
 </body>
</html>
