3076 5025
1168 263 1302 322 Lm.
1342 264 1387 332 1,
1428 264 1581 321 car.
1624 263 1798 321 thx.
2626 274 2702 334 ‘itt
2751 281 2761 340 1

250 402 613 463 possumus,
645 392 708 446 et
736 390 893 444 Deus
940 386 1272 445 secundum
1312 401 1488 445 suum
1532 386 1889 467 intelligere,
1929 386 2165 445 infinita
2210 403 2421 462 capere
2470 395 2689 461 potest.
2765 391 2769 396 ’

323 460 609 530 Amplius,
657 458 1001 515 intellectus
1050 471 1427 528 cognoscens
1478 458 1804 514 maximum
1864 457 2263 529 intelligibile,
2312 473 2434 517 non
2489 463 2693 521 minus

252 531 575 602 cognoscit
605 529 867 594 minora,
890 527 993 586 sed
1018 527 1232 602 magiS,
1263 534 1326 585 ut
1353 533 1514 599 patet
1533 543 1636 600 per
1661 528 2093 599 Philosophum
2122 529 2183 586 in
2214 529 2387 587 tertio
2409 533 2484 586 De
2507 534 2696 589 anima

250 603 415 674 (text.
438 615 666 659 comm.
698 600 779 671 7).
809 598 978 668 Quod
1023 615 1095 655 ex
1152 600 1262 656 hoc
1292 601 1585 670 provenit,
1617 599 1757 671 quia
1813 597 2154 657 intellectus
2195 614 2315 657 non
2363 603 2692 674 corrumpi·

252 677 354 731 tur
376 687 445 729 ex
497 669 821 728 excellenti
878 668 1260 742 intelligibili,
1291 668 1449 727 sicut
1505 683 1746 738 sensuS,
1785 668 1890 727 sed
1925 669 2119 741 magis
2142 669 2470 750 perficitur.
2494 674 2603 730 Sed
2639 674 2693 732 si

256 742 634 814 accipiantur
664 740 905 797 infinita
933 740 1114 809 entia,
1144 741 1270 797 sive
1312 739 1435 797 sint
1475 740 1741 812 ejusdem
1768 740 2014 811 speciei,
2044 744 2107 797 ut
2136 740 2353 799 infiniti
2391 742 2691 812 homines,

255 814 383 872 sive
426 811 811 869 infinitarum
855 811 1210 880 specierum,
1259 811 1495 868 etiamsi
1541 811 1763 882 aliqua,
1811 810 1901 868 vel
1954 811 2160 868 omnia
2204 820 2408 870 essent
2459 812 2696 873 infinita

256 883 591 944 secundum
668 881 1041 949 uantitatem,
1073 883 1126 939 si
1183 883 1299 939 hoc
1342 886 1503 938 esset
1551 881 1865 951 possibile,
1899 883 2242 939 universum
2291 896 2497 940 eorum
2529 890 2694 943 esset

256 954 513 1013 minoris
574 954 634 1010 in
688 952 893 1009 nitatis
947 966 1123 1024 quam
1156 954 1336 1018 Deus,
1362 966 1496 1009 nam
1548 952 1857 1024 quodlibet
1886 965 2115 1015 eorum.
2145 959 2203 1009 et
2240 955 2443 1011 omnia
2488 954 2691 1026 simul,

254 1025 544 1084 haberent
571 1039 712 1082 esse
744 1027 1041 1093 receptum
1073 1028 1133 1079 et
1176 1022 1491 1080 limitatum
1523 1022 1598 1079 ad
1646 1023 1906 1094 aliquam
1937 1024 2219 1093 speciem,
2255 1025 2347 1081 vel
2390 1039 2605 1097 genus,
2638 1030 2696 1084 et

257 1096 351 1155 sic
368 1095 705 1154 secundum
736 1095 811 1150 ali
861 1092 960 1150 uid
1015 1098 1176 1151 esset
1206 1093 1462 1162 linitum,
1496 1093 1651 1150 unde
1684 1091 1956 1150 deficeret
1984 1093 2057 1150 ab
2103 1093 2394 1152 infinitate
2435 1096 2560 1164 Dei,
2590 1097 2692 1169 qui

258 1172 353 1226 est
381 1165 656 1223 infinitus
679 1164 835 1236 simp
862 1164 1052 1234 iciter,
1084 1168 1149 1220 ut
1177 1179 1356 1234 supra
1399 1162 1552 1236 (cap.
1576 1165 1666 1235 43)
1691 1170 2000 1221 ostensum
2024 1167 2135 1222 est.
2155 1166 2298 1221 Cum
2325 1166 2508 1237 igitur
2537 1169 2696 1226 Deus

258 1236 516 1309 perfecte
548 1236 821 1305 seipsum
849 1239 1194 1307 cognoscat,
1227 1234 1378 1291 nihil
1409 1235 1686 1306 prohibet
1713 1249 1851 1291 eum
1880 1233 2058 1292 etiam
2108 1248 2405 1293 summam
2434 1235 2701 1295 infinito·

258 1322 393 1366 rum
541 1320 819 1364 noscere.

330 1322 555 1444 Affi,
584 1381 813 1448 quanto
845 1374 1065 1447 aliquis
1108 1374 1449 1434 intellectus
1478 1381 1572 1432 est
1598 1371 1898 1433 efficacior
1943 1381 2001 1434 et
2052 1374 2312 1434 lucidior
2341 1375 2400 1433 in
2436 1391 2694 1448 cognos-

259 1449 473 1517 cendo,
500 1455 671 1504 tanto
701 1462 776 1504 ex
806 1460 928 1504 uno
956 1450 1153 1517 potest
1182 1445 1351 1516 plura
1380 1461 1451 1503 co
1498 1461 1746 1503 noscere
1774 1446 1969 1504 :sicut
2015 1446 2215 1506 omnis
2243 1446 2433 1505 virtus
2471 1454 2695 1520 quanto

262 1519 607 1582 estfortior‚
641 1523 810 1575 tanto
848 1521 959 1574 ‘est
988 1516 1182 1587 magis
1242 1517 1426 1575 unita.
1483 1517 1797 1575 ntellectus
1825 1522 2021 1575 autem
2058 1517 2300 1575 divinus
2359 1519 2692 1577 secundum

264 1589 589 1650 efficaciam
628 1589 756 1645 sive
808 1588 1231 1659 perfectionem
1285 1593 1377 1644 est
1426 1587 1719 1655 infinituS,
1760 1595 1826 1645 ut
1862 1604 1931 1645 ex
1962 1603 2032 1646 su
2079 1587 2376 1647 erioribus
2408 1589 2558 1661 (cap.
2596 1589 2687 1663 43)

263 1666 443 1734 patet.
472 1663 677 1717 Potest
708 1674 774 1715 er
816 1673 853 1714 ο
880 1673 981 1729 per
1001 1673 1209 1739 unum,
1239 1657 1394 1730 quod
1414 1665 1504 1715 est
1525 1673 1634 1716 sua
1653 1659 1935 1729 essentia,
1968 1604 2202 1717 infinita
2231 1674 2618 1732 cognoscere.

340 1733 623 1796 Praeterea,
654 1731 776 1786 inte
805 1729 995 1787 lectus
1024 1728 1261 1786 divinus
1282 1735 1373 1787 est
1404 1730 1697 1798 perfectus
1728 1729 2097 1800 simpliciter,
2130 1732 2289 1788 sicut
2333 1731 2510 1787 etiam
2561 1730 2691 1802 ejus

281 1802 547 1859 essentia.
582 1801 764 1859 Nulla
794 1800 813 1855 i
858 1799 975 1857 itur
1003 1798 1284 1871 perfectio
1312 1799 1710 1872 intelligibilis
1757 1801 1812 1857 ei
1843 1801 2027 1869 deest,
2061 1802 2163 1858 sed
2219 1801 2279 1858 id
2310 1799 2382 1858 ad
2412 1801 2570 1873 quod
2602 1805 2694 1859 est

278 1872 341 1929 in
368 1873 623 1943 potentia
671 1815 1011 1928 inteffeetus
1042 1876 1265 1951 noster,
1296 1875 1388 1951 est
1417 1869 1548 1941 eJus
1637 1870 1879 1928 erfectio
1909 1869 2325 1944 intelligibilis.
2363 1874 2463 1929 Est
2490 1877 2690 1931 autem

278 1942 338 1999 in
360 1943 624 2013 potentia
674 1941 747 1999 ad
797 1954 1007 1998 omnes
1064 1955 1293 2012 species
1345 1941 1596 2013 intelligi
1646 1941 1775 1999 ileS.
1809 1943 2047 2014 Species
2096 1949 2293 2000 autem
2349 1941 2698 2015 hujusmodi

273 2019 411 2070 sunt
435 2013 710 2070 infinitae.
739 2015 884 2068 Nam
914 2012 1089 2069 etiam
1138 2025 1520 2069 numerorum
1553 2013 1784 2093 species
1814 2011 2060 2069 infinitae
2092 2015 2317 2072 suntet
2345 2011 2691 2085 figurarum.

271 2084 651 2156 Relinquitur
681 2082 863 2154 igitur
890 2084 1046 2154 quod
1082 2084 1237 2140 Deus
1265 2083 1467 2140 omnin
1498 2083 1842 2155 hujusmodi
1873 2083 2105 2140 infinita
2134 2093 2481 2156 cognoscat.

334 2156 488 2218 Item,
525 2169 663 2211 cum
695 2153 1038 2211 intellectus
1063 2159 1275 2211 noster
1292 2155 1370 2211 sit
1407 2155 1855 2225 cognoscitivus
1890 2153 2259 2211 infinitorum
2311 2155 2370 2210 in
2411 2155 2694 2225 potentia,

366 2231 486 2282 test
511 2225 674 2281 enim
702 2225 765 2280 in
791 2221 1089 2281 infinitum
1121 2225 1353 2294 species
1387 2239 1768 2282 numerorum
1807 2225 2247 2296 multiplicare),
2269 2225 2321 2282 si
2353 2225 2694 2283 intellectus

302 2296 504 2353 ivinus
528 2309 650 2352 non
683 2299 1074 2375 cognosceret
1104 2294 1336 2351 infinita
1362 2296 1536 2351 etiam
1570 2301 1727 2363 actu,
1758 2300 2106 2366 sequeretur
2139 2294 2296 2367 quod
2320 2296 2407 2350 vel
2435 2295 2694 2366 plurium

260 2371 420 2425 esset
452 2367 906 2438 cognosciturus
936 2364 1274 2422 intellectus
1304 2366 1603 2422 humanus
1636 2380 1812 2437 quam
1846 2365 2105 2435 divinuS‚
2128 2366 2217 2422 vel
2247 2366 2406 2437 quod
2437 2367 2698 2424 intellec·

258 2442 361 2495 tus
402 2436 649 2494 divinus
681 2449 802 2493 non
853 2441 1245 2508 cognosceret
1289 2437 1492 2492 omnia
1520 2442 1653 2492 actu
1700 2449 1958 2508 quorum
1988 2442 2081 2492 est
2139 2436 2585 2506 cognoscitivus
2631 2436 2699 2494 in

259 2509 553 2638 ggtentia,
580 2522 838 2581 quorum
867 2514 1181 2580 utrumque
1229 2512 1321 2564 est
1346 2506 1739 2578 impossibile,
1774 2514 1836 2564 ut
1861 2522 1929 2564 ex
1958 2506 2316 2578 supradictis
2359 2507 2508 2579 (cap.
2540 2510 2608 2565 55
2637 2511 2702 2566 et

426 2586 572 2636 atet.

331 2581 553 2712 {13an
587 2648 888 2707 infinitum
937 2648 1268 2729 cognitioni
1300 2652 1595 2719 repugnat
1639 2648 1701 2704 in
1728 2654 2015 2719 quantum
2073 2653 2365 2719 repugnat
2420 2662 2696 2706 numera-

260 2722 432 2779 tioni.
465 2724 617 2778 Nam
652 2725 847 2790 partes
876 2719 1091 2779 infiniti
1127 2732 1439 2774 numerare
1468 2733 1573 2787 per
1602 2731 1666 2774 se
1716 2717 2089 2797 impossibile
2120 2724 2230 2783 est,
2262 2719 2430 2788 quasi
2463 2725 2693 2778 contra-

261 2792 591 2850 dictionem
638 2790 973 2860 implicanS.
1007 2792 1380 2859 Cognoscere
1411 2794 1606 2844 autem
1631 2788 1856 2859 aliquid
1883 2803 1985 2858 per
2034 2788 2507 2843 numerationem
2552 2803 2690 2846 sua-

259 2877 391 2920 rum
422 2861 686 2934 partium
717 2866 809 2917 est
836 2860 1177 2917 intellectus
1208 2860 1550 2916 successive
1573 2858 1996 2930 cognoscentis
2030 2865 2255 2928 partem
2319 2864 2414 2915 ost
2445 2865 2692 2929 partem,

261 2946 385 2991 non
442 2938 647 2991 autem
705 2931 1043 2988 intellectus
1097 2930 1277 2988 simul
1333 2929 1600 2987 diversas
1645 2936 1842 2999 partes
1903 2929 2260 3000 comprehen
2307 2930 2486 2986 entis.
2546 2930 2691 2987 Cum

261 3005 447 3077 igitur
469 3003 714 3061 divinus
745 3002 1083 3060 intellectus
1099 3001 1325 3073 absque
1356 3001 1744 3058 successione
1774 3005 2103 3072 cognoscat
2122 3001 2325 3059 omnia
2345 2999 2545 3064 simul,
2567 3014 2690 3057 non

260 3076 458 3148 magis
494 3072 816 3145 impeditur
844 3086 1208 3145 cognoscere
1240 3071 1473 3127 infinita
1502 3086 1680 3144 quam
1709 3071 1893 3128 finita.

329 3146 615 3215 Amplius,
646 3144 846 3200 omnis
874 3144 1177 3216 quantitas
1209 3143 1268 3198 in
1298 3142 1552 3214 quadam
1575 3140 2068 3212 multiplicatione
2096 3142 2349 3215 partium
2394 3141 2693 3211 consistit,

263 3219 321 3273 et
358 3221 605 3286 propter
636 3214 747 3272 hoc
779 3228 1061 3271 numerus
1111 3219 1202 3270 est
1230 3214 1420 3283 prima
1452 3214 1866 3284 quantitatum.
1899 3213 2004 3269 Ubi
2036 3227 2178 3285 ergo
2221 3214 2531 3283 pluralitas
2567 3211 2698 3269 nul-

264 3286 384 3344 lam
418 3285 823 3342 differentiam
853 3291 1149 3354 operatur,
1179 3284 1258 3340 ibi
1292 3298 1401 3339 nec
1427 3284 1654 3355 aliquid
1684 3285 1839 3355 quod
1877 3285 2266 3354 quantitatem
2303 3283 2694 3354 consequitur

262 3356 530 3429 aliquam
581 3355 979 3412 differentiam
1029 3355 1188 3412 facit.
1220 3357 1283 3411 ln
1331 3356 1677 3426 cognitione
1721 3360 1918 3411 autem
1974 3354 2074 3410 Dei
2123 3355 2294 3426 plura
2346 3354 2460 3411 hoc
2516 3352 2696 3409 modo

262 3432 719 3500 cognoscuntur
750 3432 813 3482 ut
857 3439 1065 3491 unum,
1093 3439 1230 3482 cum
1285 3438 1407 3481 non
1465 3440 1570 3495 per
1616 3425 1884 3482 diversas
1932 3425 2187 3496 species,
2211 3424 2318 3481 sed
2349 3438 2451 3494 per
2509 3436 2690 3479 unum

264 3500 547 3569 speciem,
572 3511 708 3569 quoe
738 3504 829 3553 est
864 3497 964 3553 Dei
996 3496 1276 3557 essentia,
1305 3503 1750 3567 cognoscantur
1783 3514 1798 3549 ε
1831 3495 1986 3553 unde
2017 3502 2075 3551 et
2124 3494 2306 3553 simul
2336 3493 2522 3551 multa
2551 3506 2692 3564 cog-

262 3574 604 3627 noscuntur
630 3583 667 3625 a
697 3570 838 3636 Dec,
861 3572 920 3623 et
968 3566 1049 3623 ita
1077 3566 1140 3623 in
1167 3567 1266 3623 Dei
1315 3567 1659 3637 cognitione
1699 3565 1924 3623 nullam
1955 3564 2344 3623 differentiam
2379 3565 2688 3634 pluralitas

262 3640 422 3697 facit.
471 3642 547 3695 Er
592 3653 629 3695 o
678 3652 789 3694 nce
842 3636 1165 3705 inlinitum,
1216 3637 1375 3709 quod
1433 3640 1822 3709 quantitatem
1867 3636 2274 3708 consequitur.
2328 3635 2485 3691 Nihil
2545 3647 2688 3713 ergo

264 3709 460 3767 differt
488 3725 525 3767 a
595 3709 961 3765 intellectum
1015 3708 1281 3765 divinum
1333 3706 1700 3765 infinitorum
1734 3712 1792 3763 et
1837 3706 2142 3764 finitorum
2172 3706 2457 3776 cognitio,
2491 3711 2548 3760 et
2576 3718 2684 3767 stc,

265 3795 395 3839 cum
426 3784 763 3852 cognoscat
791 3777 981 3841 finita,
1012 3779 1163 3835 nihil
1195 3778 1469 3848 probibet
1497 3793 1631 3834 eum
1655 3791 2020 3848 cognoscere
2047 3778 2224 3833 etiam
2255 3775 2509 3832 infinita.

271 3852 483 3979 &Huic
509 3857 715 3908 autem
742 3855 1037 3908 consonat
1060 3849 1221 3922 quod
1249 3850 1315 3906 in
1342 3852 1437 3907 Ps.
1458 3862 1654 3918 cxnvl,
1673 3853 1726 3916 5,
1759 3846 1975 3906 dicitur
2007 3850 2118 3905 :Et
2143 3848 2425 3917 sapientiae
2454 3846 2571 3916 eJ'us
2588 3861 2698 3902 non

364 3936 648 3979 numerus.

334 3995 499 4052 Patet
523 3998 725 4050 autem
758 4005 827 4048 ex
856 3990 1156 4061 praedictis
1185 4004 1365 4063 quare
1397 3989 1734 4047 intellectus
1764 3994 1968 4047 noster
1990 3987 2289 4047 infinitum
2320 4004 2441 4048 non
2471 4001 2699 4059 cogno-

272 4063 374 4121 scit
401 4066 570 4123 sicut
593 4061 932 4119 intellectus
961 4061 1222 4118 divinus.
1254 4059 1460 4117 Dill'ert
1499 4061 1656 4117 enim
1691 4061 2028 4117 intellectus
2053 4067 2257 4117 noster
2284 4060 2359 4117 ab
2390 4061 2696 4118 intellectu

267 4132 463 4193 divino
495 4138 791 4206 quantum
819 4132 891 4189 ad
923 4138 1197 4212 quatuor,
1229 4146 1360 4211 quae
1393 4129 1987 4211 hancdifferentiam
2017 4130 2261 4188 faciunt.
2295 4133 2554 4188 Primum
2600 4134 2696 4186 est

305 4208 417 4263 uod
448 4204 800 4263 intellectus
830 4208 1036 4260 noster
1067 4201 1420 4271 slmpltclter
1456 4200 1664 4259 finitus
1713 4207 1826 4267 est,
1874 4201 2113 4260 divinus
2156 4209 2352 4259 autem
2402 4202 2694 4259 infinitus.

264 4219 611 4334 §ecundum
643 4273 921 4344 estquod
954 4287 1088 4330 cum
1120 4272 1459 4329 intellectus
1509 4280 1712 4330 noster
1741 4271 1974 4339 diuersa
2003 4287 2105 4343 per
2150 4273 2417 4330 diversas
2466 4270 2697 4347 species

261 4361 293 4403 c
380 4352 623 4410 noscat,
657 4357 777 4400 non
810 4350 1004 4414 potest
1026 4344 1083 4400 in
1117 4342 1352 4400 infinita
1383 4344 1714 4399 secundum
1756 4344 2398 4412 unam'cognitionem,
2429 4344 2585 4398 sieut
2614 4349 2701 4392 in-

260 4418 339 4478 tel
365 4423 542 4480 ectus
574 4415 837 4475 divinus.
860 4415 1118 4474 Tertium
1152 4421 1245 4472 est
1272 4427 1347 4471 ex
1382 4413 1497 4471 hoc
1528 4414 1906 4485 proveniens,
1929 4415 2090 4487 quod
2113 4414 2453 4473 intellectus
2471 4412 2695 4470 noster,
