3076 5025
404 321 508 375 622
1257 316 1390 371 LIB.
1429 314 1521 377 lv,
1563 314 1715 370 GAP.
1755 315 1972 372 LXXXI.

405 440 478 498 ad
506 438 1020 511 materiam‚quasi
1036 438 1277 494 realiter
1295 436 1376 494 sit
1397 436 1514 494 alia
1531 416 1607 495 ab
1629 441 1910 509 utroque;
1932 436 2094 508 quia,
2110 449 2297 509 quum
2392 450 2420 492 r
2439 435 2703 494 formam
2720 448 2847 495 ma·

407 510 551 567 teria
579 508 680 566 fiat
709 509 822 566 hoc
850 508 1075 581 aliquid
1113 514 1271 576 actu,
1299 512 1365 564 ut
1387 507 1608 564 dicitur
1635 507 1699 565 111
1721 506 1987 566 secundo
2008 510 2083 562 De
2109 509 2299 562 anima
2339 513 2480 563 text.
2512 519 2744 563 comm.
2764 506 2841 579 8).

404 579 510 637 illa
539 579 712 635 tertia
742 578 933 636 forma
976 591 1355 651 consequens
1404 591 1526 634 non
1573 584 1736 635 essct
1781 577 2214 646 substantialiS‚
2268 577 2372 634 sed
2423 576 2841 635 accidentalis.

405 650 621 707 Dicunt
642 654 839 706 autem
866 649 1104 719 quidam
1132 649 1290 722 quod
1323 648 1514 705 forma
1529 649 1718 718 partis
1743 648 1946 705 eadem
1970 653 2061 705 est
2082 652 2140 704 et
2158 647 2348 704 forma
2368 648 2591 716 totius;
2623 647 2736 704 sed
2758 647 2844 705 di—

406 720 562 777 citur
577 720 768 777 forma
788 720 993 791 partie,
1024 719 1355 776 secundum
1382 720 1540 791 quod
1559 718 1699 776 facit
1718 718 2026 776 materiam
2044 732 2181 775 esse
2200 719 2263 774 in
2281 723 2412 775 actu
2431 737 2447 786 ;
2476 718 2679 775 forma
2705 730 2843 775 vero

406 791 595 848 totius
627 790 842 847 dicitur
864 790 1196 847 secundum
1225 789 1384 869 quod
1414 790 1675 860 complet
1715 789 1936 859 speciei
1984 789 2272 846 rationem
2318 804 2332 841 ε
2389 794 2452 846 et
2504 787 2843 846 secundum

405 859 523 919 hoc
554 860 896 918 humanitas
919 873 1043 917 non
1069 866 1161 918 est
1189 859 1353 917 aliud
1380 860 1617 917 realiter
1642 873 1825 934 quam
1861 860 2062 917 anima
2106 858 2436 917 rationalis.
2482 859 2653 916 Unde
2686 863 2849 930 patet

407 930 588 1004 quod,
616 936 896 1001 corrupto
925 944 1196 1003 corpore,
1228 944 1348 987 non
1391 930 1551 988 cedit
1590 930 1654 987 in
1700 930 1974 988 nihilum.
2028 929 2161 999 Sed,
2207 929 2347 1002 quia
2374 928 2847 988 humanitasest

406 1002 671 1060 essentia
699 1000 962 1058 hominis
1029 1000 1291 1058 essentia
1318 1007 1515 1058 autem
1541 1001 1626 1058 rei
1662 1007 1755 1058 est
1782 1015 1961 1073 quam
1991 1000 2190 1073 signat
2230 999 2523 1068 definitio,
2573 999 2847 1061 definitio

406 1078 608 1131 autem
635 1072 719 1130 rei
751 1044 1041 1129 naturalis
1069 1086 1191 1129 non
1226 1072 1424 1143 signat
1455 1077 1687 1130 tantum
1716 1072 1991 1139 sormam,
2014 1070 2120 1129 sed
2146 1071 2393 1128 formam
2420 1077 2480 1127 et
2502 1068 2849 1137 materiam,

407 1144 819 1200 necessarium
848 1149 942 1200 est
968 1142 1125 1214 quod
1158 1141 1500 1200 humanitas
1519 1142 1743 1215 aliquid
1765 1142 2068 1215 significet
2080 1142 2478 1211 compositum
2496 1156 2571 1198 ex
2593 1141 2850 1198 materia

407 1217 468 1270 et
496 1213 706 1282 forma,
739 1213 893 1271 sicut
929 1219 988 1269 et
1035 1212 1237 1275 homo,
1286 1211 1629 1270 differenter
1679 1218 1894 1270 tamen.
1950 1216 2095 1269 Nam
2153 1212 2493 1270 humanitas
2539 1210 2849 1291 significat

405 1284 699 1356 principia
725 1282 1070 1342 essentialia
1098 1283 1316 1354 speciei
1346 1290 1465 1340 tam
1496 1283 1768 1342 formalia
1811 1297 1990 1355 quam
2041 1282 2393 1345 materialia.
2444 1296 2582 1338 cum
2638 1296 2844 1353 praeci-

409 1355 582 1412 sione
614 1354 1040 1425 principiorum
1088 1353 1543 1412 individualium
1572 1373 1587 1423 3
1634 1354 1852 1411 dicitur
1903 1354 2065 1411 enim
2115 1353 2460 1411 humanitas
2502 1352 2845 1410 secundum

407 1438 589 1497 quam
619 1425 836 1497 aliquis
865 1430 956 1482 est
987 1425 1167 1482 homo
1196 1443 1212 1493 ;
1243 1424 1425 1482 1101110
1455 1431 1651 1481 autem
1683 1438 1807 1483 non
1839 1430 1933 1482 est
1958 1424 2173 1496 aliquis
2201 1439 2275 1480 ex
2298 1423 2414 1480 hoc
2455 1423 2620 1494 quod
2668 1422 2849 1480 habet

406 1495 700 1576 principia
727 1494 1135 1563 individualia,
1163 1494 1266 1553 sed
1298 1511 1369 1553 ex
1392 1495 1506 1553 1100
1548 1496 1746 1552 solum
1770 1495 1932 1567 quod
1960 1494 2140 1552 habet
2164 1494 2460 1566 principia
2486 1493 2849 1551 essentialia

407 1566 651 1637 speciei.
694 1567 1043 1623 Humanitas
1092 1565 1274 1639 igitur
1320 1565 1617 1640 significat
1665 1565 1798 1623 sola
1851 1565 2139 1636 principia
2181 1563 2401 1644 speciei
2443 1564 2797 1623 essentialia
2827 1578 2845 1614 ε

407 1636 566 1694 uude
598 1634 969 1708 significatur
994 1650 1101 1707 per
1119 1636 1363 1693 modum
1395 1636 1600 1707 partis.
1634 1638 1822 1694 Homo
1852 1638 2046 1693 autem
2072 1633 2378 1715 ,significat
2398 1634 2675 1706 quaedam
2690 1634 2851 1714 011οῑ

408 1706 566 1777 01010
590 1707 938 1764 essentialia
964 1706 1207 1777 speciei,
1237 1706 1342 1764 sed
1374 1721 1494 1764 non
1526 1706 1788 1764 excludit
1836 1706 2129 1777 principia
2173 1705 2608 1762 individuantia
2654 1718 2695 1764 a
2746 1717 2845 1762 001

408 1776 886 1848 significatione3
919 1791 1054 1834 nam
1090 1778 1271 1834 homo
1301 1776 1520 1835 dicitur
1557 1776 1661 1849 qui
1704 1775 1884 1833 habet
1928 1775 2380 1846 humanitatem,
2425 1790 2498 1832 ex
2584 1788 2666 1833 uo
2716 1786 2847 1833 non

408 1847 742 1905 excluditur
772 1847 916 1919 quin
953 1848 1070 1905 alia
1094 1847 1310 1905 habere
1340 1848 1575 1929 possit:
1621 1852 1679 1905 et
1704 1852 1946 1918 propter
1985 1847 2103 1904 1100
2154 1846 2337 1904 homo
2382 1845 2544 1919 signi
2586 1851 2687 1903 eat
2740 1855 2849 1917 per

407 1918 654 1975 modum
687 1918 872 1976 totius
897 1937 910 1987 ;
932 1917 1232 1990 significat
1257 1932 1415 1975 emm
1451 1917 1744 1990 principia
1770 1917 1989 1989 speciei
2019 1917 2367 1975 essentialia
2392 1917 2457 1973 in
2489 1919 2651 1986 actu,
2681 1915 2853 1975 indi-

407 1987 713 2044 viduantia
737 2002 877 2045 vero
905 1988 966 2045 in
988 1988 1295 2058 potentia;
1327 1990 1603 2046 Socrates
1628 2002 1769 2045 vero
1797 1986 2093 2059 significat
2121 1994 2371 2060 utraque
2402 1987 2464 2043 in
2492 1992 2656 2056 actu,
2683 1985 2849 2045 sicut

407 2061 468 2116 et
489 2056 880 2115 differentiam
953 2071 1106 2115 enus
1135 2056 1314 2115 habet
1341 2064 1657 2139 potestate,
1686 2059 1919 2129 0000100
1947 2072 2087 2116 vero
2116 2064 2273 2115 actu.
2296 2057 2459 2114 Unde
2487 2063 2653 2127 patet
2678 2055 2851 2129 quod
2881 2090 2905 2113 -

407 2132 469 2186 et
494 2126 675 2185 homo
701 2128 853 2185 redit
877 2128 898 2184 i
942 2142 1035 2184 em
1063 2141 1314 2187 numero
1343 2142 1404 2185 m
1435 2129 1897 2197 resurrectione,
1918 2134 1975 2185 et
1994 2128 2336 2186 humanitas
2357 2128 2565 2185 eadem
2587 2139 2851 2186 numero

404 2205 646 2270 propter
674 2199 890 2255 animae
920 2198 1233 2256 rationalis
1262 2198 1733 2270 permanentiam
1763 2202 1822 2255 et
1851 2199 2116 2256 materiae
2139 2199 2446 2257 unitatem.

479 2269 650 2336 Quod
679 2282 819 2327 vero
847 2268 1024 2327 tertio
1052 2268 1347 2340 objicitur,
1378 2268 1538 2341 quod
1565 2282 1703 2327 esse
1733 2283 1853 2326 non
1880 2274 1972 2327 est
2001 2283 2209 2337 unum,
2240 2269 2380 2342 quia
2408 2282 2535 2326 non
2563 2273 2659 2327 est
2700 2280 2855 2327 con—

404 2338 663 2407 tinuum,
692 2340 848 2397 falso
872 2339 1150 2396 innititur
1178 2338 1587 2397 fundamento.
1618 2339 1994 2397 Manifestum
2032 2344 2126 2398 est
2165 2339 2323 2398 enim
2366 2338 2528 2412 quod
2574 2339 2851 2399 materia

406 2416 469 2468 01
509 2410 715 2468 sormae
743 2424 929 2467 unum
963 2415 1057 2467 est
1084 2423 1241 2479 esse,
1268 2423 1389 2467 non
1418 2409 1576 2466 enim
1624 2423 1724 2467 ma
1749 2411 1873 2467 eria
1912 2408 2089 2490 habet
2130 2423 2266 2467 esse
2305 2408 2364 2468 in
2402 2416 2539 2490 actu
2588 2408 2709 2467 0101
2738 2422 2853 2489 per

407 2480 683 2540 formam.
715 2480 920 2539 Differt
947 2486 1146 2539 tamen
1175 2484 1463 2553 quantum
1496 2480 1572 2539 ad
1602 2480 1642 2538 h
1745 2481 1947 2539 anima
1974 2481 2286 2540 rat1onalis
2315 2480 2388 2538 ab
2406 2481 2549 2538 aliis
2579 2480 2800 2539 form1s
2828 2495 2849 2535 :

405 2565 546 2610 11010
587 2566 722 2610 0000
756 2553 1008 2609 01101001
1057 2552 1382 2609 formarum
1427 2564 1552 2609 non
1594 2558 1686 2609 est
1724 2552 1844 2609 nisi
1886 2553 1949 2609 in
1977 2552 2360 2610 concretione
2404 2552 2739 2608 formarum
2770 2549 2853 2610 ad

406 2623 736 2691 materiam,
765 2636 886 2679 non
916 2621 1077 2679 enim
1106 2621 1395 2679 excedunt
1421 2621 1730 2679 materiam
1760 2635 1952 2694 neque
1979 2622 2043 2679 in
2087 2636 2224 2680 esse
2257 2636 2450 2694 neque
2472 2621 2537 2679 in
2567 2622 2851 2692 operari;

407 2693 605 2752 anima
631 2706 772 2750 vero
800 2692 1113 2750 rationalis
1158 2692 1545 2750 manifestum
1583 2699 1676 2750 est
1706 2692 1867 2764 quod
1895 2692 2128 2750 excedit
2151 2693 2463 2750 materiam
2488 2693 2557 2749 in
2580 2692 2851 2763 operari,

408 2762 588 2821 habet
636 2764 795 2820 enim
844 2763 1106 2835 aliquam
1153 2764 1562 2834 operationem
1602 2763 1829 2835 absque
1870 2762 2324 2835 participatione
2364 2762 2577 2836 organi
2620 2776 2857 2833 corpo—

406 2833 574 2903 ralis,
606 2834 837 2892 scilicet
865 2833 1054 2890 intelli
1101 2846 1241 2890 ere:
1282 2832 1440 2891 unde
1466 2839 1528 2892 et
1552 2847 1690 2891 esse
1721 2846 1900 2891 suum
1946 2846 2071 2892 000
2100 2838 2193 2891 001
2237 2834 2439 2891 001010
2478 2832 2545 2889 10
2589 2846 2851 2891 concre-

408 2903 572 2962 tione
599 2904 673 2962 ad
709 2903 1040 2960 materiam.
1127 2917 1226 2961 sse
1273 2903 1459 2976 igitur
1500 2903 1634 2975 eJus
1680 2903 1843 2978 quod
1889 2909 2016 2961 erat
2059 2904 2398 2974 compositi,
2448 2909 2654 2960 manet
2704 2904 2851 2974 ipso

407 2987 655 3045 corpore
696 2973 1016 3043 dissoluto,
1063 2979 1141 3044 et,
1171 2980 1444 3046 reparato
1474 2988 1722 3046 corpore
1767 2975 1835 3038 in
1873 2973 2333 3037 resurrectione,
2384 2973 2451 3031 in
2496 2973 2659 3032 idem
2700 2986 2851 3033 0000

406 3044 727 3112 reducitur,
754 3044 915 3116 quod
939 3044 1226 3103 remansit
1254 3045 1319 3102 in
1347 3045 1569 3103 anima.

479 3114 648 3183 Quod
691 3114 870 3171 etiam
965 3120 1133 3173 uarto
1180 3114 1459 3187 objicitur
1521 3115 1893 3190 resurgentis
1929 3115 2219 3174 unitatem
2265 3128 2387 3173 non
2433 3114 2615 3172 tollit.
2666 3115 2848 3184 Quod

406 3184 567 3243 enim
598 3198 721 3242 non
749 3185 907 3258 impe
951 3186 1295 3243 itunitatem
1321 3186 1653 3244 secundum
1683 3200 1998 3244 numerum
2025 3187 2085 3244 in
2103 3185 2370 3255 homine,
2387 3184 2529 3244 dum
2550 3185 2849 3245 continue

406 3256 566 3324 vivit,
599 3256 985 3313 manifestum
1014 3262 1104 3314 est
1131 3255 1292 3329 quod
1321 3270 1444 3315 non
1473 3262 1671 3337 potest
1698 3257 1985 3328 impedire
2021 3258 2310 3314 unitatem
2340 3256 2743 3328 resurgentis.
2776 3259 2847 3315 In

406 3339 655 3397 corpore
703 3332 900 3384 autem
950 3326 1235 3390 hominis,
1259 3327 1545 3400 quamdiu
1585 3328 1749 3392 vivit,
1782 3341 1905 3384 non
1935 3341 2171 3399 semper
2198 3332 2344 3385 sunt
2384 3328 2608 3384 eaedem
2635 3332 2846 3398 partes

405 3396 736 3455 secundum
790 3398 1120 3462 materiam,
1171 3397 1276 3455 sed
1333 3398 1530 3455 solum
1586 3398 1919 3457 secundum
1975 3399 2271 3468 speciem3
2302 3397 2639 3455 secundum
2694 3411 2847 3456 vero

403 3467 713 3549 materiam
737 3474 937 3540 partes
965 3467 1240 3549 11000101
1270 3467 1556 3549 refluunt.
1586 3471 1704 3526 Nec
1729 3474 1970 3549 propter
1994 3468 2110 3526 1100
2129 3467 2448 3539 impeditur
2519 3468 2627 3524 010
2654 3467 2847 3527 homo

405 3544 486 3597 011
516 3549 673 3596 0000
697 3551 948 3596 numero
977 3552 1324 3609 0011001010
1348 3545 1482 3596 vitae
1505 3553 1578 3596 us
1622 3554 1696 3596 ue
1724 3553 1785 3595 in
1819 3540 1999 3595 tinem
2027 3557 2041 3595 :
2073 3539 2247 3611 qu'us
2274 3552 2482 3608 exemp
2512 3551 2614 3595 um
2646 3539 2847 3610 accipi

401 3614 602 3680 potest
622 3624 694 3666 ex
723 3608 885 3691 igne,
901 3608 1024 3681 qui,
1042 3623 1177 3666 cum
1207 3608 1491 3666 continue
1511 3624 1579 3666 ar
1622 3615 1698 3678 et,
1729 3623 1889 3667 unus
1916 3622 2167 3668 numero
2199 3609 2432 3679 dicitur,
2460 3608 2845 3680 propterhoe

448 3679 569 3737 uod
597 3693 829 3751 species
850 3679 980 3752 eJus
997 3684 1217 3748 manet,
1238 3678 1379 3737 licet
1406 3680 1574 3752 ligna
1598 3685 2031 3737 consumantur
2050 3684 2109 3737 et
2136 3680 2208 3738 de
2237 3693 2394 3737 novo
2430 3693 2465 3735 a
2506 3685 2843 3750 ponantur.

401 3694 498 3808 gio
528 3751 707 3808 etiam
736 3754 828 3809 est
853 3750 913 3807 in
945 3764 1193 3822 corpore
1222 3750 1526 3820 humano;
1559 3764 1698 3808 nam
1726 3752 1919 3808 forma
1946 3755 2005 3807 et
2023 3751 2256 3822 0000100
2280 3750 2459 3823 singu
2486 3751 2686 3807 arium
2706 3764 2847 3830 par·

402 3821 551 3878 tium
576 3820 706 3892 ejus
732 3821 1013 3878 continue
1040 3826 1240 3878 manet
1260 3836 1367 3892 per
1388 3826 1573 3878 totam
1605 3821 1802 3890 vitam,
1825 3821 1930 3879 sed
1952 3821 2201 3879 materia
2223 3822 2479 3894 partium
2510 3821 2847 3880 resolvitur

401 3904 509 3961 per
536 3893 832 3949 actionem
860 3889 1081 3950 caloris
1125 3891 1415 3949 naturalis
1443 3897 1501 3949 et
1546 3892 1619 3949 de
1665 3906 1821 3951 novo
1867 3890 2265 3964 adgeneratur
2308 3905 2414 3963 per
2450 3890 2840 3956 alimentum.

371 3962 534 4017 ·Non
585 3968 676 4019 est
706 3968 904 4020 autem
933 3962 1088 4020 alius
1121 3975 1372 4019 numero
1402 3962 1586 4020 homo
1616 3963 1946 4020 secundum
1976 3961 2241 4020 diversas
2286 3967 2484 4032 partes
2514 3967 2576 4019 et
2602 3966 2841 4031 aetates,

341 4011 350 4060 ⁹
384 4033 707 4114 squamvis·
732 4046 850 4114 non
907 4032 1188 4106 quicquid
1252 4033 1634 4114 materialiter
1680 4039 1771 4114 est
1834 4034 1896 4090 in
1951 4030 2211 4114 homine.
2253 4032 2587 4114 secundum
2645 4046 2843 4092 unum

334 4081 346 4166 ί
389 4105 626 4159 istatum
658 4107 736 4160 sit
763 4117 826 4160 m
860 4117 931 4160 eo
962 4103 1292 4161 secundum
1329 4103 1531 4161 alium.
1564 4103 1868 4177 sicigitur
1896 4115 2019 4160 non
2047 4109 2386 4175 requiritur,
2418 4102 2490 4159 ad
2524 4102 2643 4161 hoc
2671 4103 2841 4176 quod

403 4178 679 4242 resurgat
734 4173 915 4232 homo
962 4174 1120 4249 idem
1174 4186 1445 4242 numero,
1491 4174 1653 4246 quod
1702 4172 1984 4247 quicquid
2041 4174 2152 4231 fuit
2205 4173 2589 4230 materialiter
2645 4174 2711 4230 10
2767 4187 2845 4231 00

404 4241 736 4299 secundum
803 4249 991 4301 totum
1049 4251 1282 4315 tempus
1340 4245 1476 4300 vitae
1544 4258 1670 4302 suae
1692 4287 1708 4312 ‚
1772 4249 2110 4301 resumatur
2173 4243 2280 4302 sed
2333 4248 2565 4300 tantum
2621 4258 2698 4301 ex
2768 4257 2842 4302 eo

405 4315 693 4383 quantum
723 4313 948 4370 sufficit
975 4314 1049 4372 ad
1074 4313 1572 4384 complementum
1607 4314 1817 4371 debitae
1888 4314 2219 4383 uantitatis,
2247 4320 2307 4371 et
2344 4314 2641 4384 praecipue
2685 4311 2839 4371 illud

403 4380 826 4438 resumendum
849 4383 1082 4442 videtur
1108 4384 1266 4457 quod
1297 4385 1619 4456 perfectius
1649 4385 1761 4441 suit
1786 4398 1854 4442 su
1926 4384 2119 4442 forma
2136 4389 2195 4441 et
2222 4385 2420 4454 specie
2441 4382 2841 4442 humanitatis

404 4451 763 4511 consistens.
803 4452 862 4511 Si
905 4453 1045 4526 quid
1070 4468 1209 4513 vero
1235 4455 1424 4513 defuit
1461 4454 1538 4514 ad
1568 4455 2078 4528 complementum
2107 4453 2316 4513 debitat
2344 4454 2716 4528 quantitatis,
2742 4454 2845 4513 vel
