<?xml version="1.0" encoding="UTF-8"?>
<!DOCTYPE html PUBLIC "-//W3C//DTD XHTML 1.0 Transitional//EN"
    "http://www.w3.org/TR/xhtml1/DTD/xhtml1-transitional.dtd">
<html xmlns="http://www.w3.org/1999/xhtml" xml:lang="en" lang="en">
 <head>
  <title>
</title>
<meta http-equiv="Content-Type" content="text/html;charset=utf-8" />
  <meta name='ocr-system' content='tesseract 3.04.00' />
  <meta name='ocr-capabilities' content='ocr_page ocr_carea ocr_par ocr_line ocrx_word'/>
</head>
<body>
  <div class='ocr_page' id='page_1' title='image "./deveritatecatho00rubegoog_0431.png"; bbox 0 0 3076 5025; ppageno 0'>
   <div class='ocr_carea' id='block_1_1' title="bbox 1156 314 2709 383">
    <p class='ocr_par' dir='ltr' id='par_1_1' title="bbox 1156 314 2709 383">
     <span class='ocr_line' id='line_1_1' title="bbox 1156 314 2709 383; baseline 0.006 -13"><span class='ocrx_word' id='word_1_1' title='bbox 1156 314 1289 371; x_wconf 89' lang='lat' dir='ltr'>LIB.</span> <span class='ocrx_word' id='word_1_2' title='bbox 1325 315 1427 383; x_wconf 88' lang='lat'>111,</span> <span class='ocrx_word' id='word_1_3' title='bbox 1466 315 1623 372; x_wconf 79' lang='lat' dir='ltr'>CAP.</span> <span class='ocrx_word' id='word_1_4' title='bbox 1658 316 1836 374; x_wconf 84' lang='lat' dir='ltr'>XCIX.</span> <span class='ocrx_word' id='word_1_5' title='bbox 2604 323 2709 379; x_wconf 78' lang='lat'>397</span> 
     </span>
    </p>
   </div>
   <div class='ocr_carea' id='block_1_2' title="bbox 249 434 2785 3486">
    <p class='ocr_par' dir='ltr' id='par_1_2' title="bbox 338 434 2710 515">
     <span class='ocr_line' id='line_1_2' title="bbox 338 434 2710 515; baseline 0.005 -24"><span class='ocrx_word' id='word_1_6' title='bbox 338 434 616 505; x_wconf 76' lang='lat' dir='ltr'><strong><em>Amplius,</em></strong></span> <span class='ocrx_word' id='word_1_7' title='bbox 670 447 808 492; x_wconf 90' lang='lat' dir='ltr'>cum</span> <span class='ocrx_word' id='word_1_8' title='bbox 861 434 1195 494; x_wconf 87' lang='lat' dir='ltr'>accidentia</span> <span class='ocrx_word' id='word_1_9' title='bbox 1264 449 1449 494; x_wconf 87' lang='lat' dir='ltr'>conse</span> <span class='ocrx_word' id='word_1_10' title='bbox 1493 441 1714 495; x_wconf 86' lang='lat' dir='ltr'>uantur</span> <span class='ocrx_word' id='word_1_11' title='bbox 1776 437 2074 512; x_wconf 89' lang='lat' dir='ltr'>principia</span> <span class='ocrx_word' id='word_1_12' title='bbox 2126 440 2551 499; x_wconf 87' lang='lat' dir='ltr'>substantialia</span> <span class='ocrx_word' id='word_1_13' title='bbox 2594 442 2710 515; x_wconf 87' lang='lat' dir='ltr'>rei,</span> 
     </span>
    </p>

    <p class='ocr_par' dir='ltr' id='par_1_3' title="bbox 261 504 2785 1577">
     <span class='ocr_line' id='line_1_3' title="bbox 265 504 2784 586; baseline 0.005 -25"><span class='ocrx_word' id='word_1_14' title='bbox 265 508 512 586; x_wconf 71' lang='lat' dir='ltr'>oportet</span> <span class='ocrx_word' id='word_1_15' title='bbox 544 504 705 577; x_wconf 87' lang='lat' dir='ltr'>quod</span> <span class='ocrx_word' id='word_1_16' title='bbox 737 504 841 563; x_wconf 91' lang='lat' dir='ltr'>ille</span> <span class='ocrx_word' id='word_1_17' title='bbox 870 505 973 579; x_wconf 88' lang='lat' dir='ltr'>qui</span> <span class='ocrx_word' id='word_1_18' title='bbox 1002 506 1348 565; x_wconf 81' lang='lat' dir='ltr'>immediate</span> <span class='ocrx_word' id='word_1_19' title='bbox 1381 520 1454 565; x_wconf 91' lang='lat' dir='ltr'>su</span> <span class='ocrx_word' id='word_1_20' title='bbox 1499 508 1781 566; x_wconf 83' lang='lat' dir='ltr'><strong>stantiam</strong></span> <span class='ocrx_word' id='word_1_21' title='bbox 1819 510 1905 567; x_wconf 88' lang='lat' dir='ltr'>rei</span> <span class='ocrx_word' id='word_1_22' title='bbox 1935 510 2230 583; x_wconf 86' lang='lat' dir='ltr'>producit,</span> <span class='ocrx_word' id='word_1_23' title='bbox 2259 512 2455 583; x_wconf 86' lang='lat' dir='ltr'>possit</span> <span class='ocrx_word' id='word_1_24' title='bbox 2497 512 2712 573; x_wconf 86' lang='lat' dir='ltr'>imme·</span> <span class='ocrx_word' id='word_1_25' title='bbox 2780 534 2784 537; x_wconf 48' lang='lat'><strong>⁴</strong></span> 
     </span>
     <span class='ocr_line' id='line_1_4' title="bbox 266 575 2785 706; baseline 0.004 -72"><span class='ocrx_word' id='word_1_26' title='bbox 266 575 429 634; x_wconf 77' lang='lat' dir='ltr'>dtate</span> <span class='ocrx_word' id='word_1_27' title='bbox 459 585 621 634; x_wconf 78' lang='lat' dir='ltr'>circa</span> <span class='ocrx_word' id='word_1_28' title='bbox 645 575 838 648; x_wconf 78' lang='lat' dir='ltr'>ipsam</span> <span class='ocrx_word' id='word_1_29' title='bbox 866 589 992 634; x_wconf 88' lang='lat' dir='ltr'>rem</span> <span class='ocrx_word' id='word_1_30' title='bbox 1020 577 1251 660; x_wconf 82' lang='lat' dir='ltr'>operari</span> <span class='ocrx_word' id='word_1_31' title='bbox 1283 579 1781 706; x_wconf 48' lang='lat' dir='ltr'>‹Suaecumquead</span> <span class='ocrx_word' id='word_1_32' title='bbox 1820 580 2218 640; x_wconf 83' lang='lat' dir='ltr'>substantiam</span> <span class='ocrx_word' id='word_1_33' title='bbox 2268 582 2465 654; x_wconf 89' lang='lat' dir='ltr'>ipsius</span> <span class='ocrx_word' id='word_1_34' title='bbox 2492 596 2709 643; x_wconf 86' lang='lat' dir='ltr'>conse·</span> <span class='ocrx_word' id='word_1_35' title='bbox 2773 589 2785 662; x_wconf 71' lang='lat' dir='ltr'>j.</span> 
     </span>
     <span class='ocr_line' id='line_1_5' title="bbox 263 649 2709 725; baseline 0.004 -23"><span class='ocrx_word' id='word_1_36' title='bbox 263 650 577 718; x_wconf 86' lang='lat' dir='ltr'>quuntur:</span> <span class='ocrx_word' id='word_1_37' title='bbox 609 660 906 718; x_wconf 83' lang='lat' dir='ltr'>generans</span> <span class='ocrx_word' id='word_1_38' title='bbox 960 661 1122 706; x_wconf 78' lang='lat' dir='ltr'>enlm</span> <span class='ocrx_word' id='word_1_39' title='bbox 1177 662 1298 721; x_wconf 91' lang='lat' dir='ltr'>quo</span> <span class='ocrx_word' id='word_1_40' title='bbox 1367 649 1468 707; x_wconf 89' lang='lat' dir='ltr'>dat</span> <span class='ocrx_word' id='word_1_41' title='bbox 1521 650 1776 708; x_wconf 83' lang='lat' dir='ltr'>formam</span> <span class='ocrx_word' id='word_1_42' title='bbox 1805 650 1905 709; x_wconf 91' lang='lat' dir='ltr'>dat</span> <span class='ocrx_word' id='word_1_43' title='bbox 1951 666 2164 712; x_wconf 90' lang='lat' dir='ltr'>omnes</span> <span class='ocrx_word' id='word_1_44' title='bbox 2223 653 2618 725; x_wconf 82' lang='lat' dir='ltr'>proprietates</span> <span class='ocrx_word' id='word_1_45' title='bbox 2646 658 2709 712; x_wconf 89' lang='lat' dir='ltr'>et</span> 
     </span>
     <span class='ocr_line' id='line_1_6' title="bbox 264 720 2709 804; baseline 0.005 -31"><span class='ocrx_word' id='word_1_46' title='bbox 264 722 472 798; x_wconf 61' lang='lat' dir='ltr'>gnotus</span> <span class='ocrx_word' id='word_1_47' title='bbox 498 724 960 801; x_wconf 78' lang='lat' dir='ltr'>consequentes.</span> <span class='ocrx_word' id='word_1_48' title='bbox 982 720 1304 800; x_wconf 82' lang='lat' dir='ltr'>ostensum</span> <span class='ocrx_word' id='word_1_49' title='bbox 1326 725 1418 777; x_wconf 88' lang='lat' dir='ltr'>est</span> <span class='ocrx_word' id='word_1_50' title='bbox 1441 725 1640 778; x_wconf 86' lang='lat' dir='ltr'>autem</span> <span class='ocrx_word' id='word_1_51' title='bbox 1670 734 1852 793; x_wconf 91' lang='lat' dir='ltr'>supra</span> <span class='ocrx_word' id='word_1_52' title='bbox 1873 722 2004 804; x_wconf 81' lang='lat' dir='ltr'>(lib.</span> <span class='ocrx_word' id='word_1_53' title='bbox 2024 738 2232 795; x_wconf 86' lang='lat' dir='ltr'>11,cap.</span> <span class='ocrx_word' id='word_1_54' title='bbox 2253 728 2316 781; x_wconf 77' lang='lat'>2¹</span> <span class='ocrx_word' id='word_1_55' title='bbox 2367 724 2523 795; x_wconf 89' lang='lat' dir='ltr'>quod</span> <span class='ocrx_word' id='word_1_56' title='bbox 2548 725 2709 786; x_wconf 87' lang='lat' dir='ltr'>Deus</span> 
     </span>
     <span class='ocr_line' id='line_1_7' title="bbox 262 787 2783 870; baseline 0.004 -25"><span class='ocrx_word' id='word_1_57' title='bbox 262 801 334 845; x_wconf 83' lang='lat'>111</span> <span class='ocrx_word' id='word_1_58' title='bbox 361 787 557 869; x_wconf 71' lang='lat' dir='ltr'>prima</span> <span class='ocrx_word' id='word_1_59' title='bbox 581 802 780 846; x_wconf 90' lang='lat' dir='ltr'>rerum</span> <span class='ocrx_word' id='word_1_60' title='bbox 800 793 1178 870; x_wconf 76' lang='lat' dir='ltr'>institutione</span> <span class='ocrx_word' id='word_1_61' title='bbox 1219 803 1432 848; x_wconf 91' lang='lat' dir='ltr'>omnes</span> <span class='ocrx_word' id='word_1_62' title='bbox 1458 804 1559 850; x_wconf 87' lang='lat' dir='ltr'>res</span> <span class='ocrx_word' id='word_1_63' title='bbox 1587 805 1693 863; x_wconf 88' lang='lat' dir='ltr'>per</span> <span class='ocrx_word' id='word_1_64' title='bbox 1719 798 2083 851; x_wconf 77' lang='lat' dir='ltr'>creationem</span> <span class='ocrx_word' id='word_1_65' title='bbox 2112 795 2290 852; x_wconf 87' lang='lat' dir='ltr'>imme</span> <span class='ocrx_word' id='word_1_66' title='bbox 2334 795 2452 853; x_wconf 89' lang='lat' dir='ltr'>iate</span> <span class='ocrx_word' id='word_1_67' title='bbox 2478 795 2541 852; x_wconf 92' lang='lat' dir='ltr'>in</span> <span class='ocrx_word' id='word_1_68' title='bbox 2567 808 2711 855; x_wconf 88' lang='lat' dir='ltr'>esse</span> <span class='ocrx_word' id='word_1_69' title='bbox 2776 823 2783 828; x_wconf 74' lang='lat'>.</span> 
     </span>
     <span class='ocr_line' id='line_1_8' title="bbox 261 857 2709 937; baseline 0.004 -23"><span class='ocrx_word' id='word_1_70' title='bbox 261 857 566 930; x_wconf 75' lang='lat' dir='ltr'>produnt.</span> <span class='ocrx_word' id='word_1_71' title='bbox 593 861 799 917; x_wconf 89' lang='lat' dir='ltr'>Potest</span> <span class='ocrx_word' id='word_1_72' title='bbox 849 859 1035 934; x_wconf 76' lang='lat' dir='ltr'>igitur</span> <span class='ocrx_word' id='word_1_73' title='bbox 1087 860 1430 919; x_wconf 86' lang='lat' dir='ltr'>immediate</span> <span class='ocrx_word' id='word_1_74' title='bbox 1474 874 1960 937; x_wconf 83' lang='lat' dir='ltr'>unamquamque</span> <span class='ocrx_word' id='word_1_75' title='bbox 2010 879 2132 922; x_wconf 88' lang='lat' dir='ltr'>rem</span> <span class='ocrx_word' id='word_1_76' title='bbox 2182 864 2532 937; x_wconf 89' lang='lat' dir='ltr'>producere,</span> <span class='ocrx_word' id='word_1_77' title='bbox 2576 867 2709 924; x_wconf 76' lang='lat' dir='ltr'>sive</span> 
     </span>
     <span class='ocr_line' id='line_1_9' title="bbox 263 929 1963 1005; baseline 0.003 -17"><span class='ocrx_word' id='word_1_78' title='bbox 263 941 507 988; x_wconf 83' lang='lat' dir='ltr'>movere</span> <span class='ocrx_word' id='word_1_79' title='bbox 533 929 605 987; x_wconf 88' lang='lat' dir='ltr'>ad</span> <span class='ocrx_word' id='word_1_80' title='bbox 638 930 898 1003; x_wconf 85' lang='lat' dir='ltr'>aliquem</span> <span class='ocrx_word' id='word_1_81' title='bbox 929 929 1206 989; x_wconf 81' lang='lat' dir='ltr'>effectum</span> <span class='ocrx_word' id='word_1_82' title='bbox 1233 931 1462 1005; x_wconf 86' lang='lat' dir='ltr'>absque</span> <span class='ocrx_word' id='word_1_83' title='bbox 1491 932 1712 991; x_wconf 89' lang='lat' dir='ltr'>mediis</span> <span class='ocrx_word' id='word_1_84' title='bbox 1738 936 1963 993; x_wconf 80' lang='lat' dir='ltr'>causiS.</span> 
     </span>
     <span class='ocr_line' id='line_1_10' title="bbox 269 999 2709 1088; baseline 0.004 -32"><span class='ocrx_word' id='word_1_85' title='bbox 269 1070 286 1082; x_wconf 48' lang='lat'><strong>·</strong></span> <span class='ocrx_word' id='word_1_86' title='bbox 338 1001 493 1082; x_wconf 67' lang='grc' dir='ltr'>Πρω,</span> <span class='ocrx_word' id='word_1_87' title='bbox 520 999 668 1058; x_wconf 92' lang='lat' dir='ltr'>ordo</span> <span class='ocrx_word' id='word_1_88' title='bbox 692 1015 893 1083; x_wconf 76' lang='lat' dir='ltr'>rerum</span> <span class='ocrx_word' id='word_1_89' title='bbox 922 1000 1164 1084; x_wconf 66' lang='lat' dir='ltr'>protluit</span> <span class='ocrx_word' id='word_1_90' title='bbox 1189 1016 1226 1061; x_wconf 87' lang='lat' dir='ltr'>a</span> <span class='ocrx_word' id='word_1_91' title='bbox 1259 1005 1381 1060; x_wconf 86' lang='lat' dir='ltr'>Deo</span> <span class='ocrx_word' id='word_1_92' title='bbox 1411 1003 1474 1060; x_wconf 91' lang='lat' dir='ltr'>in</span> <span class='ocrx_word' id='word_1_93' title='bbox 1501 1017 1623 1074; x_wconf 81' lang='lat' dir='ltr'>reS,</span> <span class='ocrx_word' id='word_1_94' title='bbox 1649 1006 1979 1062; x_wconf 90' lang='lat' dir='ltr'>secundum</span> <span class='ocrx_word' id='word_1_95' title='bbox 2008 1005 2170 1078; x_wconf 90' lang='lat' dir='ltr'>quod</span> <span class='ocrx_word' id='word_1_96' title='bbox 2207 1004 2709 1088; x_wconf 75' lang='lat' dir='ltr'>praeexcogitatus</span> 
     </span>
     <span class='ocr_line' id='line_1_11' title="bbox 261 1070 2707 1152; baseline 0.004 -25"><span class='ocrx_word' id='word_1_97' title='bbox 261 1083 336 1152; x_wconf 74' lang='grc'>16</span> <span class='ocrx_word' id='word_1_98' title='bbox 371 1070 704 1152; x_wconf 26' lang='lat' dir='ltr'>‘intellectu‘</span> <span class='ocrx_word' id='word_1_99' title='bbox 735 1085 972 1143; x_wconf 75' lang='lat' dir='ltr'>ipsius3</span> <span class='ocrx_word' id='word_1_100' title='bbox 1003 1078 1162 1131; x_wconf 77' lang='lat' dir='ltr'>sicut</span> <span class='ocrx_word' id='word_1_101' title='bbox 1205 1072 1480 1131; x_wconf 85' lang='lat' dir='ltr'>videmus</span> <span class='ocrx_word' id='word_1_102' title='bbox 1538 1073 1602 1130; x_wconf 90' lang='lat' dir='ltr'>in</span> <span class='ocrx_word' id='word_1_103' title='bbox 1658 1074 1841 1134; x_wconf 90' lang='lat' dir='ltr'>rebus</span> <span class='ocrx_word' id='word_1_104' title='bbox 1884 1076 2165 1134; x_wconf 87' lang='lat' dir='ltr'>humanis</span> <span class='ocrx_word' id='word_1_105' title='bbox 2222 1077 2381 1150; x_wconf 90' lang='lat' dir='ltr'>quod</span> <span class='ocrx_word' id='word_1_106' title='bbox 2425 1091 2707 1150; x_wconf 79' lang='lat' dir='ltr'>prruceps</span> 
     </span>
     <span class='ocr_line' id='line_1_12' title="bbox 266 1142 2707 1219; baseline 0.003 -20"><span class='ocrx_word' id='word_1_107' title='bbox 266 1146 529 1199; x_wconf 75' lang='lat' dir='ltr'>civitatis</span> <span class='ocrx_word' id='word_1_108' title='bbox 579 1142 850 1200; x_wconf 78' lang='lat' dir='ltr'>ordinem</span> <span class='ocrx_word' id='word_1_109' title='bbox 901 1142 1057 1215; x_wconf 89' lang='lat' dir='ltr'>apud</span> <span class='ocrx_word' id='word_1_110' title='bbox 1102 1157 1168 1202; x_wconf 88' lang='lat' dir='ltr'>se</span> <span class='ocrx_word' id='word_1_111' title='bbox 1222 1143 1697 1215; x_wconf 77' lang='lat' dir='ltr'>praemeditatum</span> <span class='ocrx_word' id='word_1_112' title='bbox 1741 1146 2027 1205; x_wconf 90' lang='lat' dir='ltr'>omnibus</span> <span class='ocrx_word' id='word_1_113' title='bbox 2056 1147 2333 1219; x_wconf 87' lang='lat' dir='ltr'>imponit.</span> <span class='ocrx_word' id='word_1_114' title='bbox 2355 1148 2707 1207; x_wconf 78' lang='lat' dir='ltr'>Intellectus</span> 
     </span>
     <span class='ocr_line' id='line_1_13' title="bbox 265 1211 2707 1288; baseline 0.003 -19"><span class='ocrx_word' id='word_1_115' title='bbox 265 1216 468 1270; x_wconf 87' lang='lat' dir='ltr'>autem</span> <span class='ocrx_word' id='word_1_116' title='bbox 495 1211 740 1271; x_wconf 80' lang='lat' dir='ltr'>divinus</span> <span class='ocrx_word' id='word_1_117' title='bbox 767 1226 889 1271; x_wconf 88' lang='lat' dir='ltr'>non</span> <span class='ocrx_word' id='word_1_118' title='bbox 918 1219 1011 1271; x_wconf 86' lang='lat' dir='ltr'>est</span> <span class='ocrx_word' id='word_1_119' title='bbox 1051 1212 1480 1272; x_wconf 88' lang='lat' dir='ltr'>determinatus</span> <span class='ocrx_word' id='word_1_120' title='bbox 1510 1214 1587 1273; x_wconf 91' lang='lat' dir='ltr'>ad</span> <span class='ocrx_word' id='word_1_121' title='bbox 1616 1216 1778 1274; x_wconf 88' lang='lat' dir='ltr'>huuc</span> <span class='ocrx_word' id='word_1_122' title='bbox 1809 1217 2081 1275; x_wconf 88' lang='lat' dir='ltr'>ordinem</span> <span class='ocrx_word' id='word_1_123' title='bbox 2129 1233 2202 1276; x_wconf 84' lang='lat' dir='ltr'>ex</span> <span class='ocrx_word' id='word_1_124' title='bbox 2228 1218 2610 1288; x_wconf 80' lang='lat' dir='ltr'>necessitate,</span> <span class='ocrx_word' id='word_1_125' title='bbox 2638 1224 2707 1277; x_wconf 91' lang='lat' dir='ltr'>ut</span> 
     </span>
     <span class='ocr_line' id='line_1_14' title="bbox 263 1282 2711 1360; baseline 0.003 -21"><span class='ocrx_word' id='word_1_126' title='bbox 263 1282 502 1341; x_wconf 89' lang='lat' dir='ltr'>nullum</span> <span class='ocrx_word' id='word_1_127' title='bbox 531 1283 716 1341; x_wconf 90' lang='lat' dir='ltr'>alium</span> <span class='ocrx_word' id='word_1_128' title='bbox 755 1284 1029 1343; x_wconf 88' lang='lat' dir='ltr'>ordinem</span> <span class='ocrx_word' id='word_1_129' title='bbox 1055 1284 1392 1358; x_wconf 83' lang='lat' dir='ltr'>intelligere</span> <span class='ocrx_word' id='word_1_130' title='bbox 1436 1285 1652 1357; x_wconf 87' lang='lat' dir='ltr'>possit,</span> <span class='ocrx_word' id='word_1_131' title='bbox 1679 1301 1818 1345; x_wconf 89' lang='lat' dir='ltr'>cum</span> <span class='ocrx_word' id='word_1_132' title='bbox 1848 1293 1908 1345; x_wconf 91' lang='lat' dir='ltr'>et</span> <span class='ocrx_word' id='word_1_133' title='bbox 1938 1301 2054 1347; x_wconf 93' lang='lat' dir='ltr'>nos</span> <span class='ocrx_word' id='word_1_134' title='bbox 2078 1288 2264 1346; x_wconf 88' lang='lat' dir='ltr'>alium</span> <span class='ocrx_word' id='word_1_135' title='bbox 2295 1288 2571 1346; x_wconf 88' lang='lat' dir='ltr'>ordinem</span> <span class='ocrx_word' id='word_1_136' title='bbox 2598 1302 2711 1360; x_wconf 89' lang='lat' dir='ltr'>per</span> 
     </span>
     <span class='ocr_line' id='line_1_15' title="bbox 263 1352 2708 1440; baseline 0.004 -31"><span class='ocrx_word' id='word_1_137' title='bbox 263 1352 633 1411; x_wconf 89' lang='lat' dir='ltr'>intellectum</span> <span class='ocrx_word' id='word_1_138' title='bbox 673 1354 1114 1427; x_wconf 86' lang='lat' dir='ltr'>apprehendere</span> <span class='ocrx_word' id='word_1_139' title='bbox 1159 1356 1492 1426; x_wconf 85' lang='lat' dir='ltr'>possimus.</span> <span class='ocrx_word' id='word_1_140' title='bbox 1517 1358 1724 1415; x_wconf 91' lang='lat' dir='ltr'>Potest</span> <span class='ocrx_word' id='word_1_141' title='bbox 1749 1358 1911 1416; x_wconf 89' lang='lat' dir='ltr'>enim</span> <span class='ocrx_word' id='word_1_142' title='bbox 1967 1358 2223 1440; x_wconf 81' lang='lat' dir='ltr'>intelligi</span> <span class='ocrx_word' id='word_1_143' title='bbox 2254 1374 2290 1417; x_wconf 89' lang='lat' dir='ltr'>a</span> <span class='ocrx_word' id='word_1_144' title='bbox 2338 1359 2517 1417; x_wconf 92' lang='lat' dir='ltr'>nobis</span> <span class='ocrx_word' id='word_1_145' title='bbox 2541 1360 2708 1432; x_wconf 91' lang='lat' dir='ltr'>quod</span> 
     </span>
     <span class='ocr_line' id='line_1_16' title="bbox 264 1423 2711 1503; baseline 0.003 -22"><span class='ocrx_word' id='word_1_146' title='bbox 264 1424 429 1503; x_wconf 70' lang='lat' dir='ltr'>psus</span> <span class='ocrx_word' id='word_1_147' title='bbox 456 1423 761 1482; x_wconf 90' lang='lat' dir='ltr'>hominem</span> <span class='ocrx_word' id='word_1_148' title='bbox 790 1425 899 1483; x_wconf 90' lang='lat' dir='ltr'>abs</span> <span class='ocrx_word' id='word_1_149' title='bbox 944 1440 1018 1483; x_wconf 92' lang='lat' dir='ltr'>ue</span> <span class='ocrx_word' id='word_1_150' title='bbox 1047 1425 1278 1484; x_wconf 88' lang='lat' dir='ltr'>semine</span> <span class='ocrx_word' id='word_1_151' title='bbox 1308 1431 1567 1484; x_wconf 81' lang='lat' dir='ltr'>exterra</span> <span class='ocrx_word' id='word_1_152' title='bbox 1591 1427 1828 1487; x_wconf 85' lang='lat' dir='ltr'>formet.</span> <span class='ocrx_word' id='word_1_153' title='bbox 1851 1432 2053 1487; x_wconf 90' lang='lat' dir='ltr'>Potest</span> <span class='ocrx_word' id='word_1_154' title='bbox 2096 1431 2282 1503; x_wconf 77' lang='lat' dir='ltr'>igitur</span> <span class='ocrx_word' id='word_1_155' title='bbox 2304 1431 2463 1489; x_wconf 89' lang='lat' dir='ltr'>Deus</span> <span class='ocrx_word' id='word_1_156' title='bbox 2491 1435 2711 1501; x_wconf 87' lang='lat' dir='ltr'>praeter</span> 
     </span>
     <span class='ocr_line' id='line_1_17' title="bbox 266 1441 2146 1577; baseline 0.005 -28"><span class='ocrx_word' id='word_1_157' title='bbox 266 1493 590 1553; x_wconf 77' lang='lat' dir='ltr'>inferiores</span> <span class='ocrx_word' id='word_1_158' title='bbox 622 1508 838 1576; x_wconf 74' lang='lat' dir='ltr'>causas</span> <span class='ocrx_word' id='word_1_159' title='bbox 859 1441 1137 1555; x_wconf 57' lang='lat' dir='ltr'>eflectum</span> <span class='ocrx_word' id='word_1_160' title='bbox 1164 1496 1289 1577; x_wconf 79' lang='lat' dir='ltr'>illis</span> <span class='ocrx_word' id='word_1_161' title='bbox 1317 1497 1523 1577; x_wconf 81' lang='lat' dir='ltr'>causis</span> <span class='ocrx_word' id='word_1_162' title='bbox 1549 1499 1861 1569; x_wconf 89' lang='lat' dir='ltr'>proprium</span> <span class='ocrx_word' id='word_1_163' title='bbox 1891 1499 2146 1572; x_wconf 87' lang='lat' dir='ltr'>operari.</span> 
     </span>
    </p>

    <p class='ocr_par' dir='ltr' id='par_1_4' title="bbox 262 1566 2711 2204">
     <span class='ocr_line' id='line_1_18' title="bbox 337 1566 2707 1638; baseline 0.003 -15"><span class='ocrx_word' id='word_1_164' title='bbox 337 1566 628 1635; x_wconf 70' lang='lat' dir='ltr'>Praeterea,</span> <span class='ocrx_word' id='word_1_165' title='bbox 650 1566 790 1623; x_wconf 81' lang='lat' dir='ltr'>licet</span> <span class='ocrx_word' id='word_1_166' title='bbox 816 1566 964 1624; x_wconf 91' lang='lat' dir='ltr'>ordo</span> <span class='ocrx_word' id='word_1_167' title='bbox 989 1566 1169 1625; x_wconf 90' lang='lat' dir='ltr'>rebus</span> <span class='ocrx_word' id='word_1_168' title='bbox 1211 1567 1440 1626; x_wconf 76' lang='lat' dir='ltr'>inditus</span> <span class='ocrx_word' id='word_1_169' title='bbox 1468 1582 1505 1626; x_wconf 90' lang='lat' dir='ltr'>a</span> <span class='ocrx_word' id='word_1_170' title='bbox 1532 1569 1907 1638; x_wconf 87' lang='lat' dir='ltr'>providentia</span> <span class='ocrx_word' id='word_1_171' title='bbox 1931 1571 2193 1629; x_wconf 86' lang='lat' dir='ltr'>divinam</span> <span class='ocrx_word' id='word_1_172' title='bbox 2230 1570 2556 1629; x_wconf 85' lang='lat' dir='ltr'>bonitatem</span> <span class='ocrx_word' id='word_1_173' title='bbox 2588 1585 2707 1630; x_wconf 90' lang='lat' dir='ltr'>suo</span> 
     </span>
     <span class='ocr_line' id='line_1_19' title="bbox 264 1633 2709 1722; baseline 0.002 -29"><span class='ocrx_word' id='word_1_174' title='bbox 264 1633 448 1715; x_wconf 78' lang='lat' dir='ltr'>modo</span> <span class='ocrx_word' id='word_1_175' title='bbox 491 1641 894 1717; x_wconf 73' lang='lat' dir='ltr'>repraesentet,</span> <span class='ocrx_word' id='word_1_176' title='bbox 928 1650 1050 1694; x_wconf 91' lang='lat' dir='ltr'>non</span> <span class='ocrx_word' id='word_1_177' title='bbox 1079 1643 1279 1695; x_wconf 91' lang='lat' dir='ltr'>tamen</span> <span class='ocrx_word' id='word_1_178' title='bbox 1310 1638 1500 1709; x_wconf 87' lang='lat' dir='ltr'>ipsam</span> <span class='ocrx_word' id='word_1_179' title='bbox 1529 1653 1592 1695; x_wconf 89' lang='lat' dir='ltr'>re</span> <span class='ocrx_word' id='word_1_180' title='bbox 1639 1646 1916 1699; x_wconf 78' lang='lat' dir='ltr'>raesentat</span> <span class='ocrx_word' id='word_1_181' title='bbox 1944 1642 2223 1722; x_wconf 82' lang='lat' dir='ltr'>perfecte,</span> <span class='ocrx_word' id='word_1_182' title='bbox 2252 1655 2387 1698; x_wconf 91' lang='lat' dir='ltr'>cum</span> <span class='ocrx_word' id='word_1_183' title='bbox 2416 1655 2536 1699; x_wconf 91' lang='lat' dir='ltr'>non</span> <span class='ocrx_word' id='word_1_184' title='bbox 2570 1656 2709 1713; x_wconf 89' lang='lat' dir='ltr'>per-</span> 
     </span>
     <span class='ocr_line' id='line_1_20' title="bbox 263 1706 2705 1781; baseline 0.003 -19"><span class='ocrx_word' id='word_1_185' title='bbox 263 1709 459 1779; x_wconf 78' lang='lat' dir='ltr'>tingat</span> <span class='ocrx_word' id='word_1_186' title='bbox 483 1706 724 1765; x_wconf 78' lang='lat' dir='ltr'>bonitas</span> <span class='ocrx_word' id='word_1_187' title='bbox 743 1713 1028 1765; x_wconf 84' lang='lat' dir='ltr'>creaturae</span> <span class='ocrx_word' id='word_1_188' title='bbox 1057 1707 1132 1767; x_wconf 88' lang='lat' dir='ltr'>ad</span> <span class='ocrx_word' id='word_1_189' title='bbox 1160 1709 1560 1781; x_wconf 62' lang='lat' dir='ltr'>aequalitatem</span> <span class='ocrx_word' id='word_1_190' title='bbox 1627 1710 1873 1769; x_wconf 89' lang='lat' dir='ltr'>onitatis</span> <span class='ocrx_word' id='word_1_191' title='bbox 1899 1711 2135 1770; x_wconf 81' lang='lat' dir='ltr'>dtvinae.</span> <span class='ocrx_word' id='word_1_192' title='bbox 2158 1712 2328 1780; x_wconf 83' lang='lat' dir='ltr'>Quod</span> <span class='ocrx_word' id='word_1_193' title='bbox 2358 1718 2557 1769; x_wconf 91' lang='lat' dir='ltr'>autem</span> <span class='ocrx_word' id='word_1_194' title='bbox 2578 1726 2705 1770; x_wconf 90' lang='lat' dir='ltr'>non</span> 
     </span>
     <span class='ocr_line' id='line_1_21' title="bbox 263 1778 2711 1861; baseline 0.003 -29"><span class='ocrx_word' id='word_1_195' title='bbox 263 1781 726 1858; x_wconf 81' lang='lat' dir='ltr'>repraesentatur</span> <span class='ocrx_word' id='word_1_196' title='bbox 757 1778 1025 1850; x_wconf 82' lang='lat' dir='ltr'>perfecte</span> <span class='ocrx_word' id='word_1_197' title='bbox 1077 1793 1184 1850; x_wconf 89' lang='lat' dir='ltr'>per</span> <span class='ocrx_word' id='word_1_198' title='bbox 1226 1778 1469 1851; x_wconf 76' lang='lat' dir='ltr'>aIIquod</span> <span class='ocrx_word' id='word_1_199' title='bbox 1517 1781 1917 1861; x_wconf 83' lang='lat' dir='ltr'>exemplatum</span> <span class='ocrx_word' id='word_1_200' title='bbox 1980 1787 2179 1854; x_wconf 90' lang='lat' dir='ltr'>potest</span> <span class='ocrx_word' id='word_1_201' title='bbox 2222 1782 2438 1840; x_wconf 85' lang='lat' dir='ltr'>iterum</span> <span class='ocrx_word' id='word_1_202' title='bbox 2490 1788 2711 1853; x_wconf 83' lang='lat' dir='ltr'>praeter</span> 
     </span>
     <span class='ocr_line' id='line_1_22' title="bbox 263 1841 2707 1921; baseline 0.003 -17"><span class='ocrx_word' id='word_1_203' title='bbox 263 1841 380 1904; x_wconf 83' lang='lat' dir='ltr'>hoc</span> <span class='ocrx_word' id='word_1_204' title='bbox 408 1846 530 1906; x_wconf 76' lang='lat' dir='ltr'>alio</span> <span class='ocrx_word' id='word_1_205' title='bbox 561 1848 742 1906; x_wconf 90' lang='lat' dir='ltr'>modo</span> <span class='ocrx_word' id='word_1_206' title='bbox 789 1848 1224 1919; x_wconf 78' lang='lat' dir='ltr'>repraesentari.</span> <span class='ocrx_word' id='word_1_207' title='bbox 1271 1850 1737 1921; x_wconf 78' lang='lat' dir='ltr'>Repraesentatio</span> <span class='ocrx_word' id='word_1_208' title='bbox 1791 1858 1992 1911; x_wconf 89' lang='lat' dir='ltr'>autem</span> <span class='ocrx_word' id='word_1_209' title='bbox 2040 1852 2256 1910; x_wconf 82' lang='lat' dir='ltr'>divinae</span> <span class='ocrx_word' id='word_1_210' title='bbox 2306 1852 2594 1911; x_wconf 88' lang='lat' dir='ltr'>bonitatis</span> <span class='ocrx_word' id='word_1_211' title='bbox 2636 1854 2707 1911; x_wconf 92' lang='lat' dir='ltr'>in</span> 
     </span>
     <span class='ocr_line' id='line_1_23' title="bbox 265 1916 2707 2000; baseline 0.004 -27"><span class='ocrx_word' id='word_1_212' title='bbox 265 1916 450 1977; x_wconf 86' lang='lat' dir='ltr'>rebus</span> <span class='ocrx_word' id='word_1_213' title='bbox 487 1925 580 1977; x_wconf 90' lang='lat' dir='ltr'>est</span> <span class='ocrx_word' id='word_1_214' title='bbox 601 1918 742 1977; x_wconf 87' lang='lat' dir='ltr'>finis</span> <span class='ocrx_word' id='word_1_215' title='bbox 770 1919 1185 2000; x_wconf 81' lang='lat' dir='ltr'>productionis</span> <span class='ocrx_word' id='word_1_216' title='bbox 1206 1933 1402 1978; x_wconf 89' lang='lat' dir='ltr'>rerum</span> <span class='ocrx_word' id='word_1_217' title='bbox 1435 1934 1472 1978; x_wconf 90' lang='lat' dir='ltr'>a</span> <span class='ocrx_word' id='word_1_218' title='bbox 1497 1923 1642 1991; x_wconf 88' lang='lat' dir='ltr'>Deo,</span> <span class='ocrx_word' id='word_1_219' title='bbox 1674 1927 1740 1979; x_wconf 91' lang='lat' dir='ltr'>ut</span> <span class='ocrx_word' id='word_1_220' title='bbox 1767 1936 1950 1996; x_wconf 87' lang='lat' dir='ltr'>supra</span> <span class='ocrx_word' id='word_1_221' title='bbox 1972 1924 2062 1996; x_wconf 90' lang='lat' dir='ltr'>(ca</span> <span class='ocrx_word' id='word_1_222' title='bbox 2107 1925 2235 1993; x_wconf 77' lang='lat' dir='ltr'>.2o)</span> <span class='ocrx_word' id='word_1_223' title='bbox 2254 1928 2565 1981; x_wconf 90' lang='lat' dir='ltr'>ostensum</span> <span class='ocrx_word' id='word_1_224' title='bbox 2587 1930 2707 1982; x_wconf 86' lang='lat' dir='ltr'>est.</span> 
     </span>
     <span class='ocr_line' id='line_1_24' title="bbox 262 1988 2709 2063; baseline 0.003 -18"><span class='ocrx_word' id='word_1_225' title='bbox 262 1988 395 2046; x_wconf 84' lang='lat' dir='ltr'>Non</span> <span class='ocrx_word' id='word_1_226' title='bbox 417 1994 511 2047; x_wconf 89' lang='lat' dir='ltr'>est</span> <span class='ocrx_word' id='word_1_227' title='bbox 535 1989 721 2063; x_wconf 82' lang='lat' dir='ltr'>igitur</span> <span class='ocrx_word' id='word_1_228' title='bbox 742 1990 1022 2048; x_wconf 85' lang='lat' dir='ltr'>voluntas</span> <span class='ocrx_word' id='word_1_229' title='bbox 1050 1990 1252 2048; x_wconf 76' lang='lat' dir='ltr'>divina</span> <span class='ocrx_word' id='word_1_230' title='bbox 1279 1989 1672 2049; x_wconf 87' lang='lat' dir='ltr'>determinata</span> <span class='ocrx_word' id='word_1_231' title='bbox 1698 1992 1772 2051; x_wconf 83' lang='lat' dir='ltr'>ad</span> <span class='ocrx_word' id='word_1_232' title='bbox 1798 1994 1958 2052; x_wconf 89' lang='lat' dir='ltr'>bunc</span> <span class='ocrx_word' id='word_1_233' title='bbox 1986 2008 2056 2051; x_wconf 92' lang='lat' dir='ltr'>or</span> <span class='ocrx_word' id='word_1_234' title='bbox 2098 1993 2257 2050; x_wconf 81' lang='lat' dir='ltr'>inem</span> <span class='ocrx_word' id='word_1_235' title='bbox 2289 2007 2610 2052; x_wconf 88' lang='lat' dir='ltr'>causarum</span> <span class='ocrx_word' id='word_1_236' title='bbox 2643 1999 2709 2052; x_wconf 88' lang='lat' dir='ltr'>et</span> 
     </span>
     <span class='ocr_line' id='line_1_25' title="bbox 264 2056 2707 2139; baseline 0.002 -23"><span class='ocrx_word' id='word_1_237' title='bbox 264 2056 610 2139; x_wconf 75' lang='lat' dir='ltr'>effectuum,</span> <span class='ocrx_word' id='word_1_238' title='bbox 640 2065 706 2118; x_wconf 86' lang='lat' dir='ltr'>ut</span> <span class='ocrx_word' id='word_1_239' title='bbox 726 2073 849 2119; x_wconf 92' lang='lat' dir='ltr'>non</span> <span class='ocrx_word' id='word_1_240' title='bbox 878 2060 1072 2132; x_wconf 88' lang='lat' dir='ltr'>possit</span> <span class='ocrx_word' id='word_1_241' title='bbox 1091 2060 1244 2119; x_wconf 85' lang='lat' dir='ltr'>velle</span> <span class='ocrx_word' id='word_1_242' title='bbox 1268 2058 1546 2120; x_wconf 85' lang='lat' dir='ltr'>effectum</span> <span class='ocrx_word' id='word_1_243' title='bbox 1575 2062 1838 2136; x_wconf 87' lang='lat' dir='ltr'>aliquem</span> <span class='ocrx_word' id='word_1_244' title='bbox 1866 2063 1930 2122; x_wconf 93' lang='lat' dir='ltr'>in</span> <span class='ocrx_word' id='word_1_245' title='bbox 1952 2064 2342 2123; x_wconf 82' lang='lat' dir='ltr'>inferioribus</span> <span class='ocrx_word' id='word_1_246' title='bbox 2368 2064 2707 2136; x_wconf 80' lang='lat' dir='ltr'>producere</span> 
     </span>
     <span class='ocr_line' id='line_1_26' title="bbox 265 2130 1279 2204; baseline 0.003 -18"><span class='ocrx_word' id='word_1_247' title='bbox 265 2130 611 2190; x_wconf 72' lang='lat' dir='ltr'>immediate</span> <span class='ocrx_word' id='word_1_248' title='bbox 638 2131 863 2204; x_wconf 85' lang='lat' dir='ltr'>absque</span> <span class='ocrx_word' id='word_1_249' title='bbox 889 2131 1027 2190; x_wconf 89' lang='lat' dir='ltr'>aliis</span> <span class='ocrx_word' id='word_1_250' title='bbox 1055 2131 1279 2190; x_wconf 89' lang='lat' dir='ltr'>causis.</span> 
     </span>
    </p>

    <p class='ocr_par' dir='ltr' id='par_1_5' title="bbox 259 2201 2705 2827">
     <span class='ocr_line' id='line_1_27' title="bbox 303 2201 2704 2283; baseline 0.002 -25"><span class='ocrx_word' id='word_1_251' title='bbox 303 2270 318 2283; x_wconf 44' lang='lat'><strong>·</strong></span> <span class='ocrx_word' id='word_1_252' title='bbox 333 2201 545 2266; x_wconf 75' lang='lat' dir='ltr'>Adhuc.</span> <span class='ocrx_word' id='word_1_253' title='bbox 569 2201 853 2261; x_wconf 86' lang='lat' dir='ltr'>universa</span> <span class='ocrx_word' id='word_1_254' title='bbox 875 2206 1147 2260; x_wconf 85' lang='lat' dir='ltr'>creatura</span> <span class='ocrx_word' id='word_1_255' title='bbox 1171 2201 1368 2275; x_wconf 82' lang='lat' dir='ltr'>magis</span> <span class='ocrx_word' id='word_1_256' title='bbox 1393 2205 1624 2262; x_wconf 88' lang='lat' dir='ltr'>est-Deo</span> <span class='ocrx_word' id='word_1_257' title='bbox 1642 2203 1881 2262; x_wconf 85' lang='lat' dir='ltr'>subdita</span> <span class='ocrx_word' id='word_1_258' title='bbox 1909 2218 2089 2279; x_wconf 85' lang='lat' dir='ltr'>quam</span> <span class='ocrx_word' id='word_1_259' title='bbox 2118 2219 2337 2278; x_wconf 91' lang='lat' dir='ltr'>corpus</span> <span class='ocrx_word' id='word_1_260' title='bbox 2366 2206 2704 2265; x_wconf 86' lang='lat' dir='ltr'>humanum</span> 
     </span>
     <span class='ocr_line' id='line_1_28' title="bbox 259 2272 2705 2349; baseline 0.002 -19"><span class='ocrx_word' id='word_1_261' title='bbox 259 2277 347 2330; x_wconf 78' lang='lat' dir='ltr'>slt</span> <span class='ocrx_word' id='word_1_262' title='bbox 371 2272 676 2331; x_wconf 89' lang='lat' dir='ltr'>subditum</span> <span class='ocrx_word' id='word_1_263' title='bbox 705 2273 920 2331; x_wconf 85' lang='lat' dir='ltr'>animae</span> <span class='ocrx_word' id='word_1_264' title='bbox 948 2273 1121 2346; x_wconf 77' lang='lat' dir='ltr'>eJus:</span> <span class='ocrx_word' id='word_1_265' title='bbox 1161 2286 1301 2331; x_wconf 91' lang='lat' dir='ltr'>nam</span> <span class='ocrx_word' id='word_1_266' title='bbox 1329 2273 1532 2332; x_wconf 90' lang='lat' dir='ltr'>anima</span> <span class='ocrx_word' id='word_1_267' title='bbox 1559 2279 1652 2332; x_wconf 92' lang='lat' dir='ltr'>est</span> <span class='ocrx_word' id='word_1_268' title='bbox 1677 2276 1913 2346; x_wconf 87' lang='lat' dir='ltr'>corpori</span> <span class='ocrx_word' id='word_1_269' title='bbox 1942 2278 2393 2349; x_wconf 85' lang='lat' dir='ltr'>proportionata</span> <span class='ocrx_word' id='word_1_270' title='bbox 2420 2281 2487 2335; x_wconf 87' lang='lat' dir='ltr'>ut</span> <span class='ocrx_word' id='word_1_271' title='bbox 2507 2277 2705 2335; x_wconf 85' lang='lat' dir='ltr'>forma</span> 
     </span>
     <span class='ocr_line' id='line_1_29' title="bbox 261 2342 2704 2424; baseline 0.002 -24"><span class='ocrx_word' id='word_1_272' title='bbox 261 2342 459 2414; x_wconf 88' lang='lat' dir='ltr'>ipsius</span> <span class='ocrx_word' id='word_1_273' title='bbox 491 2362 507 2413; x_wconf 89' lang='lat'><strong>;</strong></span> <span class='ocrx_word' id='word_1_274' title='bbox 551 2344 709 2401; x_wconf 87' lang='lat' dir='ltr'>Deus</span> <span class='ocrx_word' id='word_1_275' title='bbox 760 2349 958 2402; x_wconf 89' lang='lat' dir='ltr'>autem</span> <span class='ocrx_word' id='word_1_276' title='bbox 1006 2356 1248 2401; x_wconf 88' lang='lat' dir='ltr'>omnem</span> <span class='ocrx_word' id='word_1_277' title='bbox 1302 2344 1751 2424; x_wconf 82' lang='lat' dir='ltr'>proportionem</span> <span class='ocrx_word' id='word_1_278' title='bbox 1804 2353 2090 2404; x_wconf 82' lang='lat' dir='ltr'>creaturae</span> <span class='ocrx_word' id='word_1_279' title='bbox 2146 2348 2396 2404; x_wconf 84' lang='lat' dir='ltr'>excedit.</span> <span class='ocrx_word' id='word_1_280' title='bbox 2458 2349 2542 2404; x_wconf 84' lang='lat' dir='ltr'>Ex</span> <span class='ocrx_word' id='word_1_281' title='bbox 2582 2347 2704 2405; x_wconf 90' lang='lat' dir='ltr'>hoc</span> 
     </span>
     <span class='ocr_line' id='line_1_30' title="bbox 262 2413 2702 2489; baseline 0.001 -18"><span class='ocrx_word' id='word_1_282' title='bbox 262 2419 462 2472; x_wconf 88' lang='lat' dir='ltr'>autem</span> <span class='ocrx_word' id='word_1_283' title='bbox 488 2413 649 2487; x_wconf 90' lang='lat' dir='ltr'>quod</span> <span class='ocrx_word' id='word_1_284' title='bbox 703 2414 906 2472; x_wconf 89' lang='lat' dir='ltr'>anima</span> <span class='ocrx_word' id='word_1_285' title='bbox 948 2413 1312 2487; x_wconf 79' lang='lat' dir='ltr'>imaginatur</span> <span class='ocrx_word' id='word_1_286' title='bbox 1342 2414 1571 2486; x_wconf 75' lang='lat' dir='ltr'>aliquid</span> <span class='ocrx_word' id='word_1_287' title='bbox 1612 2423 1673 2472; x_wconf 88' lang='lat' dir='ltr'>et</span> <span class='ocrx_word' id='word_1_288' title='bbox 1696 2415 2080 2474; x_wconf 81' lang='lat' dir='ltr'>vehementer</span> <span class='ocrx_word' id='word_1_289' title='bbox 2119 2416 2377 2478; x_wconf 86' lang='lat' dir='ltr'>afficitur</span> <span class='ocrx_word' id='word_1_290' title='bbox 2404 2416 2478 2474; x_wconf 91' lang='lat' dir='ltr'>ad</span> <span class='ocrx_word' id='word_1_291' title='bbox 2524 2416 2702 2489; x_wconf 87' lang='lat' dir='ltr'>illud,</span> 
     </span>
     <span class='ocr_line' id='line_1_31' title="bbox 261 2484 2701 2568; baseline 0.001 -25"><span class='ocrx_word' id='word_1_292' title='bbox 261 2485 537 2558; x_wconf 82' lang='lat' dir='ltr'>sequitur</span> <span class='ocrx_word' id='word_1_293' title='bbox 563 2484 888 2558; x_wconf 87' lang='lat' dir='ltr'>aliquando</span> <span class='ocrx_word' id='word_1_294' title='bbox 927 2484 1264 2544; x_wconf 87' lang='lat' dir='ltr'>immutatio</span> <span class='ocrx_word' id='word_1_295' title='bbox 1292 2484 1356 2542; x_wconf 89' lang='lat' dir='ltr'>in</span> <span class='ocrx_word' id='word_1_296' title='bbox 1385 2497 1635 2557; x_wconf 87' lang='lat' dir='ltr'>corpore</span> <span class='ocrx_word' id='word_1_297' title='bbox 1679 2485 1755 2544; x_wconf 88' lang='lat' dir='ltr'>ad</span> <span class='ocrx_word' id='word_1_298' title='bbox 1792 2486 2110 2547; x_wconf 87' lang='lat' dir='ltr'>sanitatem</span> <span class='ocrx_word' id='word_1_299' title='bbox 2136 2487 2229 2545; x_wconf 86' lang='lat' dir='ltr'>vel</span> <span class='ocrx_word' id='word_1_300' title='bbox 2279 2486 2701 2568; x_wconf 82' lang='lat' dir='ltr'>aegritudinem</span> 
     </span>
     <span class='ocr_line' id='line_1_32' title="bbox 259 2555 2701 2683; baseline 0.001 -69"><span class='ocrx_word' id='word_1_301' title='bbox 259 2555 491 2637; x_wconf 85' lang='lat' dir='ltr'>absque</span> <span class='ocrx_word' id='word_1_302' title='bbox 532 2556 768 2614; x_wconf 88' lang='lat' dir='ltr'>actione</span> <span class='ocrx_word' id='word_1_303' title='bbox 803 2555 1243 2683; x_wconf 49' lang='lat' dir='ltr'>principiorum</span> <span class='ocrx_word' id='word_1_304' title='bbox 1291 2568 1737 2626; x_wconf 88' lang='lat' dir='ltr'>corporeorum,</span> <span class='ocrx_word' id='word_1_305' title='bbox 1771 2571 1904 2629; x_wconf 82' lang='lat' dir='ltr'>quae</span> <span class='ocrx_word' id='word_1_306' title='bbox 1951 2563 2095 2615; x_wconf 89' lang='lat' dir='ltr'>sunt</span> <span class='ocrx_word' id='word_1_307' title='bbox 2139 2563 2280 2615; x_wconf 92' lang='lat' dir='ltr'>nata</span> <span class='ocrx_word' id='word_1_308' title='bbox 2329 2571 2395 2614; x_wconf 90' lang='lat' dir='ltr'>1n</span> <span class='ocrx_word' id='word_1_309' title='bbox 2445 2571 2701 2629; x_wconf 87' lang='lat' dir='ltr'>corpore</span> 
     </span>
     <span class='ocr_line' id='line_1_33' title="bbox 262 2626 2703 2701; baseline 0.002 -17"><span class='ocrx_word' id='word_1_310' title='bbox 262 2626 678 2699; x_wconf 66' lang='lat' dir='ltr'>aegritudinem</span> <span class='ocrx_word' id='word_1_311' title='bbox 730 2641 800 2683; x_wconf 84' lang='lat' dir='ltr'>ve</span> <span class='ocrx_word' id='word_1_312' title='bbox 884 2630 1202 2684; x_wconf 74' lang='lat' dir='ltr'>sanitatem</span> <span class='ocrx_word' id='word_1_313' title='bbox 1249 2639 1520 2683; x_wconf 89' lang='lat' dir='ltr'>causare.</span> <span class='ocrx_word' id='word_1_314' title='bbox 1575 2626 1759 2684; x_wconf 80' lang='lat' dir='ltr'>Multo</span> <span class='ocrx_word' id='word_1_315' title='bbox 1812 2627 1997 2700; x_wconf 82' lang='lat' dir='ltr'>igitur</span> <span class='ocrx_word' id='word_1_316' title='bbox 2050 2628 2246 2701; x_wconf 81' lang='lat' dir='ltr'>magis</span> <span class='ocrx_word' id='word_1_317' title='bbox 2291 2642 2365 2685; x_wconf 82' lang='lat' dir='ltr'>ex</span> <span class='ocrx_word' id='word_1_318' title='bbox 2390 2628 2703 2688; x_wconf 83' lang='lat' dir='ltr'>voluntate</span> 
     </span>
     <span class='ocr_line' id='line_1_34' title="bbox 259 2694 2703 2771; baseline 0.001 -16"><span class='ocrx_word' id='word_1_319' title='bbox 259 2697 466 2756; x_wconf 83' lang='lat' dir='ltr'>divina</span> <span class='ocrx_word' id='word_1_320' title='bbox 493 2704 689 2770; x_wconf 91' lang='lat' dir='ltr'>potest</span> <span class='ocrx_word' id='word_1_321' title='bbox 716 2694 967 2755; x_wconf 85' lang='lat' dir='ltr'>effectus</span> <span class='ocrx_word' id='word_1_322' title='bbox 996 2696 1073 2753; x_wconf 89' lang='lat' dir='ltr'>ali</span> <span class='ocrx_word' id='word_1_323' title='bbox 1122 2696 1217 2755; x_wconf 92' lang='lat' dir='ltr'>uis</span> <span class='ocrx_word' id='word_1_324' title='bbox 1246 2710 1312 2755; x_wconf 91' lang='lat' dir='ltr'>se</span> <span class='ocrx_word' id='word_1_325' title='bbox 1357 2696 1418 2753; x_wconf 90' lang='lat' dir='ltr'>ui</span> <span class='ocrx_word' id='word_1_326' title='bbox 1464 2696 1527 2754; x_wconf 94' lang='lat' dir='ltr'>in</span> <span class='ocrx_word' id='word_1_327' title='bbox 1553 2696 1845 2755; x_wconf 83' lang='lat' dir='ltr'>creaturis</span> <span class='ocrx_word' id='word_1_328' title='bbox 1892 2698 2118 2771; x_wconf 86' lang='lat' dir='ltr'>absque</span> <span class='ocrx_word' id='word_1_329' title='bbox 2147 2698 2350 2756; x_wconf 89' lang='lat' dir='ltr'>causis</span> <span class='ocrx_word' id='word_1_330' title='bbox 2378 2712 2512 2770; x_wconf 81' lang='lat' dir='ltr'>quae</span> <span class='ocrx_word' id='word_1_331' title='bbox 2541 2704 2703 2757; x_wconf 76' lang='lat' dir='ltr'>natae</span> 
     </span>
     <span class='ocr_line' id='line_1_35' title="bbox 261 2767 1952 2827; baseline -0.001 0"><span class='ocrx_word' id='word_1_332' title='bbox 261 2772 405 2827; x_wconf 86' lang='lat' dir='ltr'>sunt</span> <span class='ocrx_word' id='word_1_333' title='bbox 427 2768 759 2827; x_wconf 89' lang='lat' dir='ltr'>secundum</span> <span class='ocrx_word' id='word_1_334' title='bbox 790 2773 1062 2825; x_wconf 87' lang='lat' dir='ltr'>naturam</span> <span class='ocrx_word' id='word_1_335' title='bbox 1092 2782 1112 2824; x_wconf 88' lang='lat'>1</span> <span class='ocrx_word' id='word_1_336' title='bbox 1140 2767 1266 2824; x_wconf 85' lang='lat' dir='ltr'>lum</span> <span class='ocrx_word' id='word_1_337' title='bbox 1295 2781 1327 2823; x_wconf 92' lang='lat' dir='ltr'>e</span> <span class='ocrx_word' id='word_1_338' title='bbox 1378 2772 1572 2824; x_wconf 89' lang='lat' dir='ltr'>ectum</span> <span class='ocrx_word' id='word_1_339' title='bbox 1644 2767 1952 2826; x_wconf 90' lang='lat' dir='ltr'>roducere.</span> 
     </span>
    </p>

    <p class='ocr_par' dir='ltr' id='par_1_6' title="bbox 255 2836 2706 3274">
     <span class='ocr_line' id='line_1_36' title="bbox 329 2836 2703 2904; baseline 0.001 -9"><span class='ocrx_word' id='word_1_340' title='bbox 329 2840 616 2904; x_wconf 80' lang='lat' dir='ltr'>Praeterea,</span> <span class='ocrx_word' id='word_1_341' title='bbox 651 2838 982 2896; x_wconf 88' lang='lat' dir='ltr'>secundum</span> <span class='ocrx_word' id='word_1_342' title='bbox 1010 2844 1238 2896; x_wconf 85' lang='lat' dir='ltr'>naturae</span> <span class='ocrx_word' id='word_1_343' title='bbox 1266 2836 1536 2895; x_wconf 88' lang='lat' dir='ltr'>ordinem</span> <span class='ocrx_word' id='word_1_344' title='bbox 1631 2843 1820 2896; x_wconf 87' lang='lat' dir='ltr'>rtutes</span> <span class='ocrx_word' id='word_1_345' title='bbox 1862 2839 2068 2903; x_wconf 81' lang='lat' dir='ltr'>activae</span> <span class='ocrx_word' id='word_1_346' title='bbox 2105 2838 2538 2897; x_wconf 83' lang='lat' dir='ltr'>elementorum</span> <span class='ocrx_word' id='word_1_347' title='bbox 2580 2840 2703 2898; x_wconf 86' lang='lat' dir='ltr'>sub</span> 
     </span>
     <span class='ocr_line' id='line_1_37' title="bbox 256 2908 2701 2990; baseline 0.001 -24"><span class='ocrx_word' id='word_1_348' title='bbox 256 2908 581 2969; x_wconf 77' lang='lat' dir='ltr'>virtutibus</span> <span class='ocrx_word' id='word_1_349' title='bbox 636 2908 847 2968; x_wconf 79' lang='lat' dir='ltr'>activis</span> <span class='ocrx_word' id='word_1_350' title='bbox 900 2921 1219 2980; x_wconf 89' lang='lat' dir='ltr'>corporum</span> <span class='ocrx_word' id='word_1_351' title='bbox 1289 2908 1623 2966; x_wconf 87' lang='lat' dir='ltr'>coelestium</span> <span class='ocrx_word' id='word_1_352' title='bbox 1680 2909 2055 2990; x_wconf 79' lang='lat' dir='ltr'>ordinantur.</span> <span class='ocrx_word' id='word_1_353' title='bbox 2116 2909 2428 2981; x_wconf 88' lang='lat' dir='ltr'>Proprium</span> <span class='ocrx_word' id='word_1_354' title='bbox 2496 2913 2701 2968; x_wconf 87' lang='lat' dir='ltr'>autem</span> 
     </span>
     <span class='ocr_line' id='line_1_38' title="bbox 258 2978 2699 3040; baseline -0 0"><span class='ocrx_word' id='word_1_355' title='bbox 258 2978 539 3040; x_wconf 85' lang='lat' dir='ltr'>effectum</span> <span class='ocrx_word' id='word_1_356' title='bbox 576 2979 867 3037; x_wconf 85' lang='lat' dir='ltr'>virtutum</span> <span class='ocrx_word' id='word_1_357' title='bbox 907 2979 1341 3038; x_wconf 88' lang='lat' dir='ltr'>elementorum</span> <span class='ocrx_word' id='word_1_358' title='bbox 1368 2979 1669 3037; x_wconf 87' lang='lat' dir='ltr'>interdum</span> <span class='ocrx_word' id='word_1_359' title='bbox 1710 2985 1901 3038; x_wconf 77' lang='lat' dir='ltr'>virtus</span> <span class='ocrx_word' id='word_1_360' title='bbox 1928 2980 2194 3039; x_wconf 89' lang='lat' dir='ltr'>coelestis</span> <span class='ocrx_word' id='word_1_361' title='bbox 2244 2978 2428 3037; x_wconf 86' lang='lat' dir='ltr'>efficit</span> <span class='ocrx_word' id='word_1_362' title='bbox 2466 2979 2575 3038; x_wconf 89' lang='lat' dir='ltr'>abs</span> <span class='ocrx_word' id='word_1_363' title='bbox 2618 2995 2699 3039; x_wconf 85' lang='lat' dir='ltr'>ue</span> 
     </span>
     <span class='ocr_line' id='line_1_39' title="bbox 256 3048 2703 3131; baseline 0 -22"><span class='ocrx_word' id='word_1_364' title='bbox 256 3050 497 3109; x_wconf 90' lang='lat' dir='ltr'>actione</span> <span class='ocrx_word' id='word_1_365' title='bbox 526 3050 825 3120; x_wconf 90' lang='lat' dir='ltr'>elementi,</span> <span class='ocrx_word' id='word_1_366' title='bbox 849 3048 1008 3108; x_wconf 91' lang='lat' dir='ltr'>sicut</span> <span class='ocrx_word' id='word_1_367' title='bbox 1032 3055 1194 3131; x_wconf 79' lang='lat' dir='ltr'>patet</span> <span class='ocrx_word' id='word_1_368' title='bbox 1212 3064 1350 3108; x_wconf 89' lang='lat' dir='ltr'>cum</span> <span class='ocrx_word' id='word_1_369' title='bbox 1374 3049 1467 3108; x_wconf 91' lang='lat' dir='ltr'>sol</span> <span class='ocrx_word' id='word_1_370' title='bbox 1495 3049 1771 3109; x_wconf 77' lang='lat' dir='ltr'>calefacit</span> <span class='ocrx_word' id='word_1_371' title='bbox 1798 3050 2023 3124; x_wconf 87' lang='lat' dir='ltr'>absque</span> <span class='ocrx_word' id='word_1_372' title='bbox 2048 3050 2212 3124; x_wconf 81' lang='lat' dir='ltr'>ignis</span> <span class='ocrx_word' id='word_1_373' title='bbox 2234 3051 2490 3108; x_wconf 91' lang='lat' dir='ltr'>actione.</span> <span class='ocrx_word' id='word_1_374' title='bbox 2513 3054 2606 3108; x_wconf 74' lang='lat' dir='ltr'>Mu</span> <span class='ocrx_word' id='word_1_375' title='bbox 2633 3056 2703 3110; x_wconf 89' lang='lat' dir='ltr'>to</span> 
     </span>
     <span class='ocr_line' id='line_1_40' title="bbox 255 3118 2706 3196; baseline 0 -18"><span class='ocrx_word' id='word_1_376' title='bbox 255 3121 446 3195; x_wconf 87' lang='lat' dir='ltr'>igitur</span> <span class='ocrx_word' id='word_1_377' title='bbox 467 3122 664 3196; x_wconf 83' lang='lat' dir='ltr'>magis</span> <span class='ocrx_word' id='word_1_378' title='bbox 693 3127 749 3179; x_wconf 89' lang='lat' dir='ltr'>et</span> <span class='ocrx_word' id='word_1_379' title='bbox 779 3121 980 3180; x_wconf 87' lang='lat' dir='ltr'>divina</span> <span class='ocrx_word' id='word_1_380' title='bbox 1006 3126 1197 3180; x_wconf 80' lang='lat' dir='ltr'>vlrtus</span> <span class='ocrx_word' id='word_1_381' title='bbox 1225 3118 1452 3193; x_wconf 88' lang='lat' dir='ltr'>absque</span> <span class='ocrx_word' id='word_1_382' title='bbox 1481 3120 1717 3180; x_wconf 87' lang='lat' dir='ltr'>actione</span> <span class='ocrx_word' id='word_1_383' title='bbox 1756 3135 2074 3180; x_wconf 83' lang='lat' dir='ltr'>causarum</span> <span class='ocrx_word' id='word_1_384' title='bbox 2122 3126 2455 3180; x_wconf 83' lang='lat' dir='ltr'>creatarum</span> <span class='ocrx_word' id='word_1_385' title='bbox 2497 3125 2706 3193; x_wconf 85' lang='lat' dir='ltr'>potest</span> 
     </span>
     <span class='ocr_line' id='line_1_41' title="bbox 257 3189 1431 3274; baseline 0.001 -25"><span class='ocrx_word' id='word_1_386' title='bbox 257 3190 593 3265; x_wconf 86' lang='lat' dir='ltr'>producere</span> <span class='ocrx_word' id='word_1_387' title='bbox 619 3192 896 3274; x_wconf 85' lang='lat' dir='ltr'>proprios</span> <span class='ocrx_word' id='word_1_388' title='bbox 926 3189 1175 3250; x_wconf 81' lang='lat' dir='ltr'>effectus</span> <span class='ocrx_word' id='word_1_389' title='bbox 1205 3205 1431 3250; x_wconf 89' lang='lat' dir='ltr'>earum.</span> 
     </span>
    </p>

    <p class='ocr_par' dir='ltr' id='par_1_7' title="bbox 249 3260 2703 3486">
     <span class='ocr_line' id='line_1_42' title="bbox 330 3260 2701 3337; baseline 0 -17"><span class='ocrx_word' id='word_1_390' title='bbox 330 3262 387 3320; x_wconf 87' lang='lat' dir='ltr'>Si</span> <span class='ocrx_word' id='word_1_391' title='bbox 412 3268 610 3322; x_wconf 90' lang='lat' dir='ltr'>autem</span> <span class='ocrx_word' id='word_1_392' title='bbox 639 3276 776 3337; x_wconf 78' lang='lat' dir='ltr'>quis</span> <span class='ocrx_word' id='word_1_393' title='bbox 801 3262 977 3333; x_wconf 86' lang='lat' dir='ltr'>dicat,</span> <span class='ocrx_word' id='word_1_394' title='bbox 991 3261 1175 3336; x_wconf 91' lang='lat' dir='ltr'>quod,</span> <span class='ocrx_word' id='word_1_395' title='bbox 1201 3276 1339 3320; x_wconf 90' lang='lat' dir='ltr'>cum</span> <span class='ocrx_word' id='word_1_396' title='bbox 1356 3260 1627 3320; x_wconf 90' lang='lat' dir='ltr'>ordinem</span> <span class='ocrx_word' id='word_1_397' title='bbox 1646 3261 1828 3321; x_wconf 88' lang='lat' dir='ltr'>istum</span> <span class='ocrx_word' id='word_1_398' title='bbox 1860 3261 2041 3321; x_wconf 87' lang='lat' dir='ltr'>rebus</span> <span class='ocrx_word' id='word_1_399' title='bbox 2061 3264 2223 3321; x_wconf 86' lang='lat' dir='ltr'>Deus</span> <span class='ocrx_word' id='word_1_400' title='bbox 2250 3262 2553 3333; x_wconf 89' lang='lat' dir='ltr'>indiderit,</span> <span class='ocrx_word' id='word_1_401' title='bbox 2570 3276 2701 3322; x_wconf 87' lang='lat' dir='ltr'>non</span> 
     </span>
     <span class='ocr_line' id='line_1_43' title="bbox 255 3332 2703 3414; baseline 0 -22"><span class='ocrx_word' id='word_1_402' title='bbox 255 3338 623 3407; x_wconf 84' lang='lat' dir='ltr'>potestesse</span> <span class='ocrx_word' id='word_1_403' title='bbox 669 3333 896 3414; x_wconf 87' lang='lat' dir='ltr'>absque</span> <span class='ocrx_word' id='word_1_404' title='bbox 940 3333 1269 3391; x_wconf 87' lang='lat' dir='ltr'>mutatione</span> <span class='ocrx_word' id='word_1_405' title='bbox 1314 3332 1530 3405; x_wconf 85' lang='lat' dir='ltr'>ipsius,</span> <span class='ocrx_word' id='word_1_406' title='bbox 1562 3338 1629 3392; x_wconf 94' lang='lat' dir='ltr'>ut</span> <span class='ocrx_word' id='word_1_407' title='bbox 1665 3339 1879 3404; x_wconf 84' lang='lat' dir='ltr'>praeter</span> <span class='ocrx_word' id='word_1_408' title='bbox 1905 3334 2177 3391; x_wconf 88' lang='lat' dir='ltr'>ordinem</span> <span class='ocrx_word' id='word_1_409' title='bbox 2223 3333 2297 3391; x_wconf 86' lang='lat' dir='ltr'>ab</span> <span class='ocrx_word' id='word_1_410' title='bbox 2342 3335 2476 3413; x_wconf 87' lang='lat' dir='ltr'>ipso</span> <span class='ocrx_word' id='word_1_411' title='bbox 2521 3333 2703 3393; x_wconf 88' lang='lat' dir='ltr'>insti-</span> 
     </span>
     <span class='ocr_line' id='line_1_44' title="bbox 249 3402 2700 3486; baseline 0 -23"><span class='ocrx_word' id='word_1_412' title='bbox 249 3409 454 3486; x_wconf 69' lang='lat' dir='ltr'>tutum</span> <span class='ocrx_word' id='word_1_413' title='bbox 498 3410 778 3477; x_wconf 87' lang='lat' dir='ltr'>operetur</span> <span class='ocrx_word' id='word_1_414' title='bbox 803 3417 869 3461; x_wconf 91' lang='grc'>16</span> <span class='ocrx_word' id='word_1_415' title='bbox 895 3403 1096 3474; x_wconf 90' lang='lat' dir='ltr'>rebus,</span> <span class='ocrx_word' id='word_1_416' title='bbox 1127 3402 1376 3461; x_wconf 82' lang='lat' dir='ltr'>effectus</span> <span class='ocrx_word' id='word_1_417' title='bbox 1407 3402 1633 3476; x_wconf 89' lang='lat' dir='ltr'>absque</span> <span class='ocrx_word' id='word_1_418' title='bbox 1665 3404 1925 3484; x_wconf 86' lang='lat' dir='ltr'>propriis</span> <span class='ocrx_word' id='word_1_419' title='bbox 1952 3404 2156 3464; x_wconf 90' lang='lat' dir='ltr'>causis</span> <span class='ocrx_word' id='word_1_420' title='bbox 2181 3404 2588 3476; x_wconf 89' lang='lat' dir='ltr'>producend0‚</span> <span class='ocrx_word' id='word_1_421' title='bbox 2622 3420 2700 3464; x_wconf 82' lang='lat' dir='ltr'>ex</span> 
     </span>
    </p>
   </div>
   <div class='ocr_carea' id='block_1_3' title="bbox 250 3473 2707 3549">
    <p class='ocr_par' dir='ltr' id='par_1_8' title="bbox 250 3473 2806 3567">
     <span class='ocr_line' id='line_1_45' title="bbox 250 3473 2707 3549; baseline 0.001 -16"><span class='ocrx_word' id='word_1_422' title='bbox 250 3488 276 3533; x_wconf 84' lang='grc'>1</span> <span class='ocrx_word' id='word_1_423' title='bbox 323 3487 393 3533; x_wconf 89' lang='lat' dir='ltr'>sa</span> <span class='ocrx_word' id='word_1_424' title='bbox 413 3488 613 3534; x_wconf 89' lang='lat' dir='ltr'>rerum</span> <span class='ocrx_word' id='word_1_425' title='bbox 632 3479 847 3533; x_wconf 87' lang='lat' dir='ltr'>natura</span> <span class='ocrx_word' id='word_1_426' title='bbox 864 3474 1055 3533; x_wconf 86' lang='lat' dir='ltr'>refelli</span> <span class='ocrx_word' id='word_1_427' title='bbox 1083 3479 1301 3546; x_wconf 87' lang='lat' dir='ltr'>potest.</span> <span class='ocrx_word' id='word_1_428' title='bbox 1315 3473 1472 3532; x_wconf 88' lang='lat' dir='ltr'>Ordo</span> <span class='ocrx_word' id='word_1_429' title='bbox 1498 3473 1660 3532; x_wconf 90' lang='lat' dir='ltr'>enim</span> <span class='ocrx_word' id='word_1_430' title='bbox 1680 3473 1908 3533; x_wconf 75' lang='lat' dir='ltr'>inditus</span> <span class='ocrx_word' id='word_1_431' title='bbox 1934 3473 2115 3533; x_wconf 90' lang='lat' dir='ltr'>rebus</span> <span class='ocrx_word' id='word_1_432' title='bbox 2139 3477 2311 3533; x_wconf 86' lang='lat' dir='ltr'>aDeo</span> <span class='ocrx_word' id='word_1_433' title='bbox 2333 3474 2467 3549; x_wconf 88' lang='lat' dir='ltr'>(vel)</span> <span class='ocrx_word' id='word_1_434' title='bbox 2486 3489 2707 3535; x_wconf 87' lang='lat' dir='ltr'>secun·</span> 
     </span>
    </p>
   </div>
   <div class='ocr_carea' id='block_1_4' title="bbox 300 3544 2699 3619">
    <p class='ocr_par' dir='ltr' id='par_1_9' title="bbox 300 3544 2699 3619">
     <span class='ocr_line' id='line_1_46' title="bbox 300 3544 2699 3619; baseline 0 -16"><span class='ocrx_word' id='word_1_435' title='bbox 300 3558 404 3603; x_wconf 88' lang='lat' dir='ltr'>um</span> <span class='ocrx_word' id='word_1_436' title='bbox 445 3545 507 3604; x_wconf 89' lang='lat' dir='ltr'>id</span> <span class='ocrx_word' id='word_1_437' title='bbox 554 3551 646 3605; x_wconf 92' lang='lat' dir='ltr'>est</span> <span class='ocrx_word' id='word_1_438' title='bbox 684 3546 845 3619; x_wconf 90' lang='lat' dir='ltr'>quod</span> <span class='ocrx_word' id='word_1_439' title='bbox 883 3544 948 3602; x_wconf 92' lang='lat' dir='ltr'>in</span> <span class='ocrx_word' id='word_1_440' title='bbox 988 3545 1171 3603; x_wconf 89' lang='lat' dir='ltr'>rebus</span> <span class='ocrx_word' id='word_1_441' title='bbox 1199 3546 1542 3617; x_wconf 83' lang='lat' dir='ltr'>frequenter</span> <span class='ocrx_word' id='word_1_442' title='bbox 1569 3544 1837 3603; x_wconf 86' lang='lat' dir='ltr'>accidere</span> <span class='ocrx_word' id='word_1_443' title='bbox 1864 3545 2038 3617; x_wconf 84' lang='lat' dir='ltr'>solet,</span> <span class='ocrx_word' id='word_1_444' title='bbox 2066 3559 2194 3603; x_wconf 92' lang='lat' dir='ltr'>non</span> <span class='ocrx_word' id='word_1_445' title='bbox 2220 3551 2418 3603; x_wconf 83' lang='lat' dir='ltr'>autem</span> <span class='ocrx_word' id='word_1_446' title='bbox 2450 3545 2699 3619; x_wconf 86' lang='lat' dir='ltr'>ubique,</span> 
     </span>
    </p>
   </div>
   <div class='ocr_carea' id='block_1_5' title="bbox 251 3605 2803 3766">
    <p class='ocr_par' dir='ltr' id='par_1_10' title="bbox 251 3605 2803 3766">
     <span class='ocr_line' id='line_1_47' title="bbox 251 3605 2803 3689; baseline 0.001 -17"><span class='ocrx_word' id='word_1_447' title='bbox 251 3616 354 3673; x_wconf 81' lang='lat' dir='ltr'>vol</span> <span class='ocrx_word' id='word_1_448' title='bbox 402 3617 735 3675; x_wconf 89' lang='lat' dir='ltr'>secundum</span> <span class='ocrx_word' id='word_1_449' title='bbox 789 3616 851 3673; x_wconf 83' lang='lat' dir='ltr'>id</span> <span class='ocrx_word' id='word_1_450' title='bbox 903 3615 1064 3689; x_wconf 89' lang='lat' dir='ltr'>quod</span> <span class='ocrx_word' id='word_1_451' title='bbox 1119 3621 1211 3675; x_wconf 91' lang='lat' dir='ltr'>est</span> <span class='ocrx_word' id='word_1_452' title='bbox 1256 3628 1513 3687; x_wconf 89' lang='lat' dir='ltr'>semper.</span> <span class='ocrx_word' id='word_1_453' title='bbox 1544 3615 1728 3673; x_wconf 79' lang='lat' dir='ltr'>Multa</span> <span class='ocrx_word' id='word_1_454' title='bbox 1768 3616 1930 3673; x_wconf 91' lang='lat' dir='ltr'>enim</span> <span class='ocrx_word' id='word_1_455' title='bbox 1971 3616 2335 3676; x_wconf 87' lang='lat' dir='ltr'>naturalium</span> <span class='ocrx_word' id='word_1_456' title='bbox 2375 3630 2698 3675; x_wconf 88' lang='lat' dir='ltr'>causarum</span> <span class='ocrx_word' id='word_1_457' title='bbox 2794 3605 2803 3657; x_wconf 67' lang='lat' dir='ltr'>T</span> 
     </span>
     <span class='ocr_line' id='line_1_48' title="bbox 254 3684 2803 3766; baseline -0 -22"><span class='ocrx_word' id='word_1_458' title='bbox 254 3684 508 3746; x_wconf 81' lang='lat' dir='ltr'>effectus</span> <span class='ocrx_word' id='word_1_459' title='bbox 530 3699 677 3746; x_wconf 89' lang='lat' dir='ltr'>suos</span> <span class='ocrx_word' id='word_1_460' title='bbox 704 3686 1043 3759; x_wconf 89' lang='lat' dir='ltr'>producunt</span> <span class='ocrx_word' id='word_1_461' title='bbox 1059 3685 1270 3745; x_wconf 88' lang='lat' dir='ltr'>eodem</span> <span class='ocrx_word' id='word_1_462' title='bbox 1297 3687 1479 3745; x_wconf 91' lang='lat' dir='ltr'>modo</span> <span class='ocrx_word' id='word_1_463' title='bbox 1508 3691 1577 3743; x_wconf 83' lang='lat' dir='ltr'>nt</span> <span class='ocrx_word' id='word_1_464' title='bbox 1596 3685 1958 3759; x_wconf 81' lang='lat' dir='ltr'>frequenter,</span> <span class='ocrx_word' id='word_1_465' title='bbox 1973 3701 2096 3745; x_wconf 93' lang='lat' dir='ltr'>non</span> <span class='ocrx_word' id='word_1_466' title='bbox 2113 3693 2310 3745; x_wconf 89' lang='lat' dir='ltr'>autem</span> <span class='ocrx_word' id='word_1_467' title='bbox 2337 3691 2405 3744; x_wconf 88' lang='lat' dir='ltr'>ut</span> <span class='ocrx_word' id='word_1_468' title='bbox 2426 3699 2697 3758; x_wconf 87' lang='lat' dir='ltr'>semper;</span> <span class='ocrx_word' id='word_1_469' title='bbox 2796 3712 2803 3766; x_wconf 61' lang='lat' dir='ltr'><strong><em>g</em></strong></span> 
     </span>
    </p>
   </div>
   <div class='ocr_carea' id='block_1_6' title="bbox 253 3754 2701 3910">
    <p class='ocr_par' dir='ltr' id='par_1_11' title="bbox 253 3754 2701 3910">
     <span class='ocr_line' id='line_1_49' title="bbox 253 3754 2701 3831; baseline -0 -15"><span class='ocrx_word' id='word_1_470' title='bbox 253 3770 397 3816; x_wconf 85' lang='lat' dir='ltr'>nam</span> <span class='ocrx_word' id='word_1_471' title='bbox 454 3758 848 3831; x_wconf 87' lang='lat' dir='ltr'>quandoque,</span> <span class='ocrx_word' id='word_1_472' title='bbox 906 3756 1048 3815; x_wconf 88' lang='lat' dir='ltr'>licet</span> <span class='ocrx_word' id='word_1_473' title='bbox 1100 3762 1168 3816; x_wconf 91' lang='lat' dir='ltr'>ut</span> <span class='ocrx_word' id='word_1_474' title='bbox 1211 3757 1277 3815; x_wconf 92' lang='lat' dir='ltr'>in</span> <span class='ocrx_word' id='word_1_475' title='bbox 1323 3754 1734 3830; x_wconf 80' lang='lat' dir='ltr'>paucioribuS,</span> <span class='ocrx_word' id='word_1_476' title='bbox 1784 3757 1957 3816; x_wconf 91' lang='lat' dir='ltr'>aliter</span> <span class='ocrx_word' id='word_1_477' title='bbox 2002 3757 2255 3826; x_wconf 86' lang='lat' dir='ltr'>accidit,</span> <span class='ocrx_word' id='word_1_478' title='bbox 2306 3756 2402 3813; x_wconf 84' lang='lat' dir='ltr'>vel</span> <span class='ocrx_word' id='word_1_479' title='bbox 2454 3761 2701 3829; x_wconf 86' lang='lat' dir='ltr'>propter</span> 
     </span>
     <span class='ocr_line' id='line_1_50' title="bbox 253 3826 2698 3910; baseline 0 -23"><span class='ocrx_word' id='word_1_480' title='bbox 253 3827 554 3887; x_wconf 86' lang='lat' dir='ltr'>defectum</span> <span class='ocrx_word' id='word_1_481' title='bbox 610 3828 848 3887; x_wconf 85' lang='lat' dir='ltr'>virtutis</span> <span class='ocrx_word' id='word_1_482' title='bbox 900 3827 1179 3910; x_wconf 74' lang='lat' dir='ltr'>agentis,</span> <span class='ocrx_word' id='word_1_483' title='bbox 1227 3827 1324 3886; x_wconf 82' lang='lat' dir='ltr'>vel</span> <span class='ocrx_word' id='word_1_484' title='bbox 1370 3832 1616 3909; x_wconf 75' lang='lat' dir='ltr'>propter</span> <span class='ocrx_word' id='word_1_485' title='bbox 1666 3828 1930 3887; x_wconf 74' lang='lat' dir='ltr'>materiae</span> <span class='ocrx_word' id='word_1_486' title='bbox 1978 3828 2141 3887; x_wconf 90' lang='lat' dir='ltr'>indis</span> <span class='ocrx_word' id='word_1_487' title='bbox 2185 3826 2507 3886; x_wconf 88' lang='lat' dir='ltr'>ositionem</span> <span class='ocrx_word' id='word_1_488' title='bbox 2530 3868 2549 3897; x_wconf 94' lang='lat'>,</span> <span class='ocrx_word' id='word_1_489' title='bbox 2599 3826 2698 3887; x_wconf 82' lang='lat' dir='ltr'>vel</span> 
     </span>
    </p>
   </div>
   <div class='ocr_carea' id='block_1_7' title="bbox 252 3896 2809 3981">
    <p class='ocr_par' dir='ltr' id='par_1_12' title="bbox 252 3896 2809 3981">
     <span class='ocr_line' id='line_1_51' title="bbox 252 3896 2809 3981; baseline 0 -24"><span class='ocrx_word' id='word_1_490' title='bbox 252 3903 499 3981; x_wconf 74' lang='lat' dir='ltr'>propter</span> <span class='ocrx_word' id='word_1_491' title='bbox 544 3899 785 3972; x_wconf 87' lang='lat' dir='ltr'>aliquod</span> <span class='ocrx_word' id='word_1_492' title='bbox 840 3896 1057 3956; x_wconf 77' lang='lat' dir='ltr'>fortius</span> <span class='ocrx_word' id='word_1_493' title='bbox 1099 3911 1323 3972; x_wconf 79' lang='lat' dir='ltr'>agens3</span> <span class='ocrx_word' id='word_1_494' title='bbox 1372 3903 1533 3957; x_wconf 77' lang='lat' dir='ltr'>sicut</span> <span class='ocrx_word' id='word_1_495' title='bbox 1586 3911 1724 3957; x_wconf 88' lang='lat' dir='ltr'>cum</span> <span class='ocrx_word' id='word_1_496' title='bbox 1774 3903 1989 3957; x_wconf 87' lang='lat' dir='ltr'>natura</span> <span class='ocrx_word' id='word_1_497' title='bbox 2039 3898 2103 3956; x_wconf 91' lang='lat' dir='ltr'>in</span> <span class='ocrx_word' id='word_1_498' title='bbox 2193 3898 2396 3956; x_wconf 89' lang='lat' dir='ltr'>omine</span> <span class='ocrx_word' id='word_1_499' title='bbox 2448 3902 2703 3977; x_wconf 81' lang='lat' dir='ltr'>generat</span> <span class='ocrx_word' id='word_1_500' title='bbox 2782 3956 2809 3967; x_wconf 78' lang='grc'>,,</span> 
     </span>
    </p>
   </div>
   <div class='ocr_carea' id='block_1_8' title="bbox 251 3967 2699 4466">
    <p class='ocr_par' dir='ltr' id='par_1_13' title="bbox 251 3967 2699 4254">
     <span class='ocr_line' id='line_1_52' title="bbox 253 3967 2699 4097; baseline 0 -69"><span class='ocrx_word' id='word_1_501' title='bbox 253 3967 319 4028; x_wconf 76' lang='lat' dir='ltr'>di</span> <span class='ocrx_word' id='word_1_502' title='bbox 388 3973 516 4029; x_wconf 88' lang='lat' dir='ltr'>tum</span> <span class='ocrx_word' id='word_1_503' title='bbox 546 3975 801 4027; x_wconf 86' lang='lat' dir='ltr'>sextum.</span> <span class='ocrx_word' id='word_1_504' title='bbox 832 3971 967 4027; x_wconf 88' lang='lat' dir='ltr'>Non</span> <span class='ocrx_word' id='word_1_505' title='bbox 999 3974 1199 4028; x_wconf 87' lang='lat' dir='ltr'>autem</span> <span class='ocrx_word' id='word_1_506' title='bbox 1225 3974 1482 4097; x_wconf 56' lang='lat' dir='ltr'>tpropter</span> <span class='ocrx_word' id='word_1_507' title='bbox 1518 3967 1638 4027; x_wconf 85' lang='lat' dir='ltr'>hoc</span> <span class='ocrx_word' id='word_1_508' title='bbox 1661 3967 1862 4027; x_wconf 86' lang='lat' dir='ltr'>deficit</span> <span class='ocrx_word' id='word_1_509' title='bbox 1883 3974 1987 4028; x_wconf 89' lang='lat' dir='ltr'>aut</span> <span class='ocrx_word' id='word_1_510' title='bbox 2014 3972 2279 4028; x_wconf 88' lang='lat' dir='ltr'>mutatur</span> <span class='ocrx_word' id='word_1_511' title='bbox 2346 3967 2699 4028; x_wconf 78' lang='lat' dir='ltr'>rovrdentiae</span> 
     </span>
     <span class='ocr_line' id='line_1_53' title="bbox 253 4038 2699 4113; baseline 0.001 -15"><span class='ocrx_word' id='word_1_512' title='bbox 253 4051 330 4098; x_wconf 86' lang='lat' dir='ltr'>or</span> <span class='ocrx_word' id='word_1_513' title='bbox 372 4051 411 4097; x_wconf 95' lang='lat' dir='ltr'>o</span> <span class='ocrx_word' id='word_1_514' title='bbox 438 4057 454 4097; x_wconf 88' lang='lat'><strong>:</strong></span> <span class='ocrx_word' id='word_1_515' title='bbox 482 4052 622 4096; x_wconf 91' lang='lat' dir='ltr'>nam</span> <span class='ocrx_word' id='word_1_516' title='bbox 652 4044 711 4096; x_wconf 90' lang='lat' dir='ltr'>et</span> <span class='ocrx_word' id='word_1_517' title='bbox 729 4039 845 4098; x_wconf 89' lang='lat' dir='ltr'>hoc</span> <span class='ocrx_word' id='word_1_518' title='bbox 872 4039 1072 4111; x_wconf 89' lang='lat' dir='ltr'>ipsum</span> <span class='ocrx_word' id='word_1_519' title='bbox 1100 4052 1221 4113; x_wconf 91' lang='lat' dir='ltr'>quo</span> <span class='ocrx_word' id='word_1_520' title='bbox 1289 4038 1586 4098; x_wconf 89' lang='lat' dir='ltr'>naturalis</span> <span class='ocrx_word' id='word_1_521' title='bbox 1612 4039 1762 4097; x_wconf 86' lang='lat' dir='ltr'>ordo</span> <span class='ocrx_word' id='word_1_522' title='bbox 1782 4039 2095 4099; x_wconf 86' lang='lat' dir='ltr'>institutus</span> <span class='ocrx_word' id='word_1_523' title='bbox 2115 4051 2298 4099; x_wconf 91' lang='lat' dir='ltr'>secun</span> <span class='ocrx_word' id='word_1_524' title='bbox 2348 4050 2445 4096; x_wconf 89' lang='lat' dir='ltr'>um</span> <span class='ocrx_word' id='word_1_525' title='bbox 2474 4053 2547 4097; x_wconf 91' lang='lat' dir='ltr'>ea</span> <span class='ocrx_word' id='word_1_526' title='bbox 2559 4052 2699 4113; x_wconf 74' lang='lat' dir='ltr'>quae</span> 
     </span>
     <span class='ocr_line' id='line_1_54' title="bbox 251 4108 2697 4184; baseline -0 -15"><span class='ocrx_word' id='word_1_527' title='bbox 251 4113 406 4169; x_wconf 83' lang='lat' dir='ltr'>sunt</span> <span class='ocrx_word' id='word_1_528' title='bbox 431 4109 791 4182; x_wconf 86' lang='lat' dir='ltr'>frequenter,</span> <span class='ocrx_word' id='word_1_529' title='bbox 821 4109 1183 4183; x_wconf 88' lang='lat' dir='ltr'>quandoque</span> <span class='ocrx_word' id='word_1_530' title='bbox 1210 4108 1470 4180; x_wconf 84' lang='lat' dir='ltr'>deficiat,</span> <span class='ocrx_word' id='word_1_531' title='bbox 1512 4108 1903 4181; x_wconf 72' lang='lat' dir='ltr'>providentias</span> <span class='ocrx_word' id='word_1_532' title='bbox 1929 4109 2141 4168; x_wconf 90' lang='lat' dir='ltr'>subest</span> <span class='ocrx_word' id='word_1_533' title='bbox 2183 4109 2424 4168; x_wconf 85' lang='lat' dir='ltr'>divinae.</span> <span class='ocrx_word' id='word_1_534' title='bbox 2454 4109 2516 4168; x_wconf 88' lang='lat' dir='ltr'>Si</span> <span class='ocrx_word' id='word_1_535' title='bbox 2544 4122 2697 4184; x_wconf 80' lang='lat' dir='ltr'>ergo</span> 
     </span>
     <span class='ocr_line' id='line_1_55' title="bbox 252 4177 2695 4254; baseline 0 -17"><span class='ocrx_word' id='word_1_536' title='bbox 252 4192 370 4254; x_wconf 87' lang='lat' dir='ltr'>per</span> <span class='ocrx_word' id='word_1_537' title='bbox 393 4177 657 4253; x_wconf 84' lang='lat' dir='ltr'>aliquam</span> <span class='ocrx_word' id='word_1_538' title='bbox 683 4179 960 4238; x_wconf 86' lang='lat' dir='ltr'>virtutem</span> <span class='ocrx_word' id='word_1_539' title='bbox 985 4185 1244 4240; x_wconf 88' lang='lat' dir='ltr'>creatam</span> <span class='ocrx_word' id='word_1_540' title='bbox 1272 4178 1402 4238; x_wconf 90' lang='lat' dir='ltr'>fieri</span> <span class='ocrx_word' id='word_1_541' title='bbox 1427 4184 1626 4252; x_wconf 90' lang='lat' dir='ltr'>potest</span> <span class='ocrx_word' id='word_1_542' title='bbox 1652 4185 1719 4237; x_wconf 92' lang='lat' dir='ltr'>ut</span> <span class='ocrx_word' id='word_1_543' title='bbox 1746 4180 1895 4239; x_wconf 90' lang='lat' dir='ltr'>ordo</span> <span class='ocrx_word' id='word_1_544' title='bbox 1922 4178 2215 4238; x_wconf 85' lang='lat' dir='ltr'>naturalis</span> <span class='ocrx_word' id='word_1_545' title='bbox 2241 4185 2507 4238; x_wconf 86' lang='lat' dir='ltr'>mutetur</span> <span class='ocrx_word' id='word_1_546' title='bbox 2524 4181 2597 4239; x_wconf 92' lang='lat' dir='ltr'>ab</span> <span class='ocrx_word' id='word_1_547' title='bbox 2617 4193 2695 4238; x_wconf 89' lang='lat' dir='ltr'>eo</span> 
     </span>
    </p>

    <p class='ocr_par' dir='ltr' id='par_1_14' title="bbox 300 4249 2696 4324">
     <span class='ocr_line' id='line_1_56' title="bbox 300 4249 2696 4324; baseline 0 -15"><span class='ocrx_word' id='word_1_548' title='bbox 300 4249 422 4309; x_wconf 87' lang='lat' dir='ltr'>uod</span> <span class='ocrx_word' id='word_1_549' title='bbox 447 4255 543 4309; x_wconf 88' lang='lat' dir='ltr'>est</span> <span class='ocrx_word' id='word_1_550' title='bbox 569 4249 908 4323; x_wconf 86' lang='lat' dir='ltr'>frequenter</span> <span class='ocrx_word' id='word_1_551' title='bbox 951 4249 1024 4310; x_wconf 90' lang='lat' dir='ltr'>ad</span> <span class='ocrx_word' id='word_1_552' title='bbox 1064 4251 1126 4309; x_wconf 92' lang='lat' dir='ltr'>id</span> <span class='ocrx_word' id='word_1_553' title='bbox 1160 4250 1321 4324; x_wconf 89' lang='lat' dir='ltr'>quod</span> <span class='ocrx_word' id='word_1_554' title='bbox 1350 4255 1445 4308; x_wconf 89' lang='lat' dir='ltr'>est</span> <span class='ocrx_word' id='word_1_555' title='bbox 1471 4264 1629 4321; x_wconf 87' lang='grc'><strong>1616,</strong></span> <span class='ocrx_word' id='word_1_556' title='bbox 1658 4250 1885 4322; x_wconf 85' lang='lat' dir='ltr'>absque</span> <span class='ocrx_word' id='word_1_557' title='bbox 1926 4250 2255 4308; x_wconf 89' lang='lat' dir='ltr'>mutatione</span> <span class='ocrx_word' id='word_1_558' title='bbox 2303 4250 2696 4323; x_wconf 71' lang='lat' dir='ltr'>providentiae</span> 
     </span>
    </p>

    <p class='ocr_par' dir='ltr' id='par_1_15' title="bbox 254 4317 2697 4466">
     <span class='ocr_line' id='line_1_57' title="bbox 302 4317 2696 4394; baseline 0 -16"><span class='ocrx_word' id='word_1_559' title='bbox 302 4320 513 4391; x_wconf 80' lang='lat' dir='ltr'>‘vinae3</span> <span class='ocrx_word' id='word_1_560' title='bbox 542 4320 732 4379; x_wconf 88' lang='lat' dir='ltr'>multo</span> <span class='ocrx_word' id='word_1_561' title='bbox 774 4319 971 4394; x_wconf 82' lang='lat' dir='ltr'>magis</span> <span class='ocrx_word' id='word_1_562' title='bbox 1003 4320 1209 4380; x_wconf 85' lang='lat' dir='ltr'>divina</span> <span class='ocrx_word' id='word_1_563' title='bbox 1231 4321 1423 4379; x_wconf 86' lang='lat' dir='ltr'>virtus</span> <span class='ocrx_word' id='word_1_564' title='bbox 1452 4319 1812 4394; x_wconf 85' lang='lat' dir='ltr'>quandoque</span> <span class='ocrx_word' id='word_1_565' title='bbox 1837 4317 2065 4393; x_wconf 86' lang='lat' dir='ltr'>aliquid</span> <span class='ocrx_word' id='word_1_566' title='bbox 2093 4320 2287 4379; x_wconf 80' lang='lat' dir='ltr'>facere</span> <span class='ocrx_word' id='word_1_567' title='bbox 2317 4326 2516 4393; x_wconf 87' lang='lat' dir='ltr'>potest</span> <span class='ocrx_word' id='word_1_568' title='bbox 2557 4320 2696 4379; x_wconf 88' lang='lat' dir='ltr'>sine</span> 
     </span>
     <span class='ocr_line' id='line_1_58' title="bbox 254 4389 2697 4466; baseline -0.002 -15"><span class='ocrx_word' id='word_1_569' title='bbox 254 4404 388 4452; x_wconf 83' lang='lat' dir='ltr'>suae</span> <span class='ocrx_word' id='word_1_570' title='bbox 412 4389 804 4466; x_wconf 76' lang='lat' dir='ltr'>providentiae</span> <span class='ocrx_word' id='word_1_571' title='bbox 831 4390 1195 4464; x_wconf 74' lang='lat' dir='ltr'>praejudicio,</span> <span class='ocrx_word' id='word_1_572' title='bbox 1224 4397 1439 4465; x_wconf 81' lang='lat' dir='ltr'>praeter</span> <span class='ocrx_word' id='word_1_573' title='bbox 1469 4391 1742 4450; x_wconf 88' lang='lat' dir='ltr'>ordinem</span> <span class='ocrx_word' id='word_1_574' title='bbox 1772 4389 2145 4450; x_wconf 89' lang='lat' dir='ltr'>naturalibus</span> <span class='ocrx_word' id='word_1_575' title='bbox 2162 4390 2418 4450; x_wconf 89' lang='lat' dir='ltr'>inditum</span> <span class='ocrx_word' id='word_1_576' title='bbox 2447 4404 2511 4448; x_wconf 87' lang='lat' dir='ltr'>re</span> <span class='ocrx_word' id='word_1_577' title='bbox 2554 4402 2628 4447; x_wconf 89' lang='lat' dir='ltr'>us</span> <span class='ocrx_word' id='word_1_578' title='bbox 2652 4400 2697 4447; x_wconf 78' lang='lat' dir='ltr'>a</span> 
     </span>
    </p>
   </div>
   <div class='ocr_carea' id='block_1_9' title="bbox 253 4458 2693 4537">
    <p class='ocr_par' dir='ltr' id='par_1_16' title="bbox 253 4458 2693 4537">
     <span class='ocr_line' id='line_1_59' title="bbox 253 4458 2693 4537; baseline -0.002 -16"><span class='ocrx_word' id='word_1_579' title='bbox 253 4462 402 4524; x_wconf 87' lang='lat' dir='ltr'>Deo.</span> <span class='ocrx_word' id='word_1_580' title='bbox 432 4465 558 4524; x_wconf 76' lang='lat' dir='ltr'>Hoc</span> <span class='ocrx_word' id='word_1_581' title='bbox 589 4462 750 4523; x_wconf 90' lang='lat' dir='ltr'>enim</span> <span class='ocrx_word' id='word_1_582' title='bbox 777 4462 979 4537; x_wconf 88' lang='lat' dir='ltr'>ipsum</span> <span class='ocrx_word' id='word_1_583' title='bbox 1024 4461 1102 4524; x_wconf 89' lang='lat' dir='ltr'>ad</span> <span class='ocrx_word' id='word_1_584' title='bbox 1142 4475 1271 4524; x_wconf 78' lang='lat' dir='ltr'>suoe</span> <span class='ocrx_word' id='word_1_585' title='bbox 1313 4462 1555 4522; x_wconf 75' lang='lat' dir='ltr'>virtutis</span> <span class='ocrx_word' id='word_1_586' title='bbox 1584 4460 2130 4523; x_wconf 84' lang='lat' dir='ltr'>manifestationem</span> <span class='ocrx_word' id='word_1_587' title='bbox 2168 4462 2311 4523; x_wconf 85' lang='lat' dir='ltr'>facit</span> <span class='ocrx_word' id='word_1_588' title='bbox 2338 4458 2639 4520; x_wconf 87' lang='lat' dir='ltr'>interdum</span> <span class='ocrx_word' id='word_1_589' title='bbox 2668 4469 2693 4507; x_wconf 71' lang='lat' dir='ltr'><strong><em>z</em></strong></span> 
     </span>
    </p>
   </div>
  </div>
 </body>
</html>
