3076 5025
391 278 504 335 ow
1247 265 1381 321 ΠΒ.
1419 266 1511 332 Ν,
1553 264 1706 319 ΟΑΡ.
1746 263 1973 319 LXXIII.

414 430 417 434 ι
465 391 972 454 Considerandum
1017 392 1219 447 tamen
1264 392 1377 468 est²
1408 385 1570 458 quod
1609 384 1768 443 sicut
1809 383 2154 456 Baptismus
2196 382 2535 466 efficaciam
2565 382 2831 455 aliqum

393 466 572 527 habet
600 464 672 521 ad
703 460 1124 519 remissionem
1153 462 1380 530 peccati
1408 458 1587 515 etiam
1617 462 1936 527 autequam
1965 460 2102 513 actu
2130 459 2521 525 suscipiatur,
2554 453 2712 511 dum
2746 456 2823 513 et

287 544 293 549 ’
393 538 460 597 in
500 535 806 608 proposito
851 533 869 588 i
947 545 1048 588 um
1097 527 1490 598 suscipiendi,
1525 527 1688 608 'licet
1738 527 2123 607 postmodum
2169 525 2503 597 pleniorem
2553 522 2831 605 effectura

393 608 663 666 conterat
701 605 768 661 in
810 545 1124 672 affatione
1157 600 1383 671 gratiae,
1417 604 1476 655 et
1523 611 1584 654 in
1622 608 1980 671 remissione
2026 596 2218 677 culpae
2257 609 2393 653 cum
2442 600 2585 652 actu
2640 608 2837 675 susa·

393 678 591 751 pitur;
635 682 695 732 et
733 673 1094 753 quandoque
1139 671 1204 729 in
1251 670 1385 741 ipsa
1426 669 1811 739 susceptione
1859 667 2142 749 Baptismi
2188 666 2495 724 confertur
2533 672 2761 746 gratia,
2788 668 2849 723 et

395 746 717 806 remittitur
749 744 928 815 culpa
952 758 1008 800 ei
1033 741 1130 800 cui
1160 741 1328 814 prius
1365 739 1619 796 remissa
1642 752 1761 795 non
1783 738 1897 796 fuit
1927 756 1942 794 z
1974 750 2061 795 sic
2086 739 2145 794 et
2171 737 2372 796 claves
2399 735 2694 794 Ecclesiae
2718 733 2846 793 effi·

399 818 626 876 caciam
666 815 884 872 liabent
903 814 969 871 in
991 813 1193 885 aliquo
1222 817 1544 883 antequam
1574 810 1667 867 eis
1696 823 1763 867 se
1805 813 1941 866 actu
1970 808 2272 889 subjiciat,
2294 808 2348 867 si
2376 814 2581 887 tame-n
2620 805 2849 887 babeat

392 887 769 961 propositum
801 891 863 941 ut
885 898 952 942 se
974 884 1067 942 eis
1094 882 1405 954 subjiciat;
1435 880 1761 952 pleniorem
1790 885 1991 936 tamen
2017 885 2267 953 gratiam
2308 883 2367 935 et
2395 888 2839 936 remissionem

395 956 805 1030 consequitur,
827 955 972 1012 dum
1000 968 1067 1012 se
1093 955 1186 1011 eis
1214 959 1347 1010 actu
1394 952 1637 1022 subjicit
1665 949 2025 1019 confitendo,
2071 954 2132 1006 et
2157 948 2605 1006 absolutionem
2640 947 2840 1019 perci·

393 1028 614 1111 piendo
642 1045 657 1095 ;
683 1033 741 1083 et
770 1026 914 1083 nihil
944 1024 1221 1096 prohibet
1248 1024 1395 1095 quin
1431 1022 1753 1094 aliquando
1777 1022 1991 1077 virtute
2020 1019 2279 1077 clavium
2308 1019 2488 1076 alicui
2544 1018 2841 1078 confesso

394 1112 461 1158 m
488 1100 621 1169 ipsa
647 1097 1024 1154 absolutione
1047 1094 1236 1167 gratia
1262 1093 1624 1161 conferatur,
1656 1106 1761 1163 per
1786 1104 1966 1173 quam
1997 1091 2052 1147 ei
2082 1090 2259 1171 culpa
2294 1088 2841 1170 diminitum-Quia

396 1168 581 1242 igitur
609 1169 783 1225 etiam
812 1167 874 1223 in
903 1167 1038 1236 ipsa
1062 1164 1446 1223 confessione
1473 1169 1532 1220 et
1560 1162 1940 1221 absolutione
1967 1162 2204 1232 plenior
2229 1159 2479 1243 effectus
2507 1166 2724 1232 gratlae
2779 1162 2844 1217 et

396 1239 777 1300 remissionis
804 1241 1110 1295 confertur
1138 1235 1195 1294 ei
1226 1236 1328 1307 qui
1354 1235 1525 1305 prius
1554 1241 1793 1304 propter
1821 1233 2046 1290 bonum
2083 1235 2459 1303 propositum
2504 1236 2836 1302 utrumque

399 1310 694 1378 obtinuit;
728 1308 1112 1365 manifestum
1156 1312 1246 1364 est
1272 1304 1432 1377 quod
1477 1305 1693 1361 virtute
1721 1303 1975 1361 clavium
2005 1302 2281 1360 minister
2324 1302 2606 1359 Ecclesiae
2640 1298 2840 1359 absol·

398 1380 594 1438 vendo
622 1378 845 1452 aliquid
874 1377 946 1436 de
974 1390 1152 1449 poena
1195 1375 1516 1447 temporali·
1541 1374 1798 1442 dimittit,
1827 1374 2001 1444 cujus
2047 1372 2281 1430 debitor
2307 1371 2603 1430 remansit
2652 1369 2843 1449 poeni·

399 1456 536 1509 tens
568 1456 704 1521 post
731 1448 1187 1516 contritionem;
1217 1447 1293 1503 ad
1323 1445 1629 1503 residuum
1658 1459 1796 1501 vero
1822 1457 1936 1502 sua
1978 1443 2356 1525 injunctione
2379 1443 2612 1525 obligat
2656 1453 2853 1513 pcem-

402 1524 624 1580 tentem
663 1536 676 1573 ε
717 1520 889 1589 cujus
920 1518 1159 1590 quidem
1187 1516 1577 1589 obligationis
1619 1515 1909 1586 impletio,
1939 1515 2270 1572 satisfactio
2299 1514 2717 1593 dicdum-qum
2744 1516 2844 1569 est

399 1591 576 1650 tertia
606 1590 971 1647 Poenitentiae
998 1602 1159 1660 pars,
1191 1601 1299 1660 per
1336 1600 1517 1661 quam
1550 1587 1729 1644 bomo
1757 1584 2018 1643 totaliter
2044 1599 2081 1642 a
2107 1589 2275 1641 reatu
2302 1597 2494 1655 poenae
2526 1582 2847 1663 liberatur,

402 1659 545 1722 dum
585 1675 821 1732 poenam
865 1659 1117 1718 exsolvit
1157 1672 1335 1732 quam
1386 1658 1624 1726 debuit3
1656 1663 1715 1715 et
1761 1656 2013 1735 ulterius
2058 1654 2329 1713 debili-tas
2359 1653 2659 1734 naturalis
2696 1653 2843 1735 bom

401 1737 665 1799 curatur,
696 1730 836 1788 dnm
885 1731 1065 1788 bomo
1110 1743 1147 1786 a
1188 1729 1363 1786 malis
1408 1728 1687 1795 abstinet,
1719 1731 1779 1784 et
1821 1726 1999 1784 bonis
2051 1726 2368 1793 assuescit,
2406 1727 2531 1781 Deo
2562 1729 2849 1796 spiritum

403 1802 777 1883 subjiciendo
809 1815 913 1872 per
943 1801 1297 1869 orationem,
1324 1812 1563 1856 carnem
1607 1811 1749 1855 vero
1796 1795 2096 1855 domando
2141 1810 2247 1867 per
2283 1794 2607 1875 iejnnium²
2644 1799 2727 1875 ,ut
2771 1793 2860 1852 sit

406 1873 674 1943 subjecta
703 1871 960 1942 spiritui,
989 1877 1076 1931 et.
1101 1871 1278 1928 rebus
1323 1869 1717 1927 exterioribus
1763 1882 1871 1939 per
1897 1868 2414 1939 eleemosynarum
2456 1866 2844 1946 largitionem

403 1943 713 2014 proximos
736 1941 848 1999 sibi
872 1940 1272 2013 adjungendo,
1304 1953 1340 1997 a
1368 1940 1590 2020 quibus
1619 1939 2066 2019 fuitseparatus
2109 1950 2216 2018 per
2238 1937 2501 2007 culpam.
2533 1937 2637 1993 Sic
2664 1935 2859 2007 igitur

445 2017 565 2069 atet
592 2012 750 2083 quod
779 2012 1052 2067 minister
1074 2010 1353 2067 Ecclesiae
1377 2025 1438 2065 in
1473 2023 1585 2067 usu
1608 2009 1862 2066 clavium
1880 2007 2229 2080 judicicium
2295 2007 2558 2064 uoddam
2590 2010 2851 2063 exercet.

401 2025 560 2139 ssuni
593 2087 790 2137 autem
812 2080 1108 2150 judicium
1123 2080 1514 2137 committitur
1543 2078 1657 2136 nisi
1681 2080 1743 2135 in
1769 2078 1882 2135 sibi
1904 2077 2228 2150 subjectos.
2306 2077 2421 2135 nde
2447 2076 2851 2135 manifestum

405 2156 499 2209 est
536 2150 696 2222 quod
742 2164 861 2208 non
891 2149 1142 2222 quilibet
1169 2149 1450 2207 sacerdos
1479 2149 1806 2220 quemlibet
1831 2154 2029 2219 potest
2066 2148 2375 2206 absolvere
2405 2162 2444 2205 a
2478 2152 2759 2218 peccato,
2789 2151 2864 2207 ut

406 2220 650 2294 quidam
680 2221 1070 2290 mentiuntur,
1101 2221 1209 2278 sed
1237 2232 1374 2277 euin
1398 2222 1630 2276 tantum
1656 2218 1720 2275 in
1751 2232 1931 2292 quem
1961 2218 2177 2290 accipit
2201 2222 2586 2290 potestatem.

1336 2438 1590 2504 CAPUT
1637 2438 1905 2505 LXXIII.

1032 2620 1110 2666 m:
1148 2620 1531 2665 SACRAMENTO
1569 2620 1861 2664 ExTREMAE
1895 2619 2220 2665 ottonom.

477 2781 632 2851 Quia
653 2796 796 2840 vero
822 2794 1041 2852 corpus
1082 2787 1175 2840 est
1203 2782 1417 2839 animae
1465 2781 1949 2846 instrumentum,
1981 2781 2447 2840 instrumentum
2493 2789 2703 2841 autem
2760 2789 2863 2843 est

406 2851 482 2913 ad
514 2866 688 2911 usum
719 2852 1064 2924 principalis
1095 2853 1363 2925 agentis;
1394 2866 1642 2910 necesse
1680 2858 1772 2909 est
1798 2851 1958 2924 quod
1988 2852 2125 2910 talis
2151 2853 2232 2910 sit
2255 2852 2581 2922 dispositio
2621 2855 2851 2912 instru-

403 2925 590 2983 menti
620 2929 682 2980 ut
704 2928 999 2992 competat
1024 2923 1335 2994 principali
1367 2922 1567 2994 agenti
1597 2937 1613 2977 ε
1644 2922 1801 2980 unde
1821 2929 1880 2981 et
1899 2936 2118 2993 corpus
2142 2922 2482 2994 disponitur
2501 2923 2849 2983 secundnm

405 2994 567 3067 quod
598 2994 876 3065 congruit
919 2993 1153 3050 animae.
1188 2995 1266 3049 Ex
1296 2992 1639 3050 infirmitate
1665 2993 1846 3064 igitur
1886 2993 2119 3064 animae,
2165 3007 2299 3066 quae
2353 3000 2447 3051 est
2502 3001 2847 3065 peccatum,

404 3063 702 3124 interdum
749 3062 1064 3121 infirmitas
1094 3063 1391 3121 derivatur
1419 3064 1493 3121 ad
1514 3077 1755 3135 corpuS,
1781 3064 1895 3121 hoc
1922 3063 2126 3121 divino
2149 3063 2375 3135 judicio
2396 3064 2797 3135 dispensante
2826 3077 2847 3118 ε

404 3148 538 3208 quae
567 3133 800 3206 quidem
829 3134 1157 3204 corporalis
1177 3133 1492 3191 infirmitas
1519 3134 1826 3191 interdum·
1848 3135 2013 3191 utilis
2037 3138 2126 3191 est
2151 3134 2227 3193 ad
2242 3136 2459 3192 animae
2489 3137 2841 3203 sanitatem,

402 3211 581 3276 prout
604 3205 783 3261 bomo
813 3204 1212 3262 infirmitatem
1243 3205 1615 3274 corporalem
1646 3205 1903 3262 sustinet
1932 3205 2235 3263 humiliter
2256 3210 2314 3263 et
2354 3205 2670 3277 patienter,
2700 3211 2768 3263 et
2784 3205 2839 3264 ei

448 3274 579 3332 uasi
616 3275 679 3331 in
709 3288 943 3344 poenam
973 3274 1432 3333 satisfactorium
1465 3281 1861 3346 computatur.
1896 3277 1993 3332 Est
2025 3276 2206 3334 etiam
2251 3276 2618 3348 quandoque
2649 3277 2843 3349 impe·

451 3344 590 3402 'tiva
631 3345 958 3415 spiritualis
1015 3345 1251 3413 salutiS,
1307 3350 1486 3417 prout
1543 3360 1617 3404 ex
1669 3345 2012 3403 infirmitate
2067 3347 2365 3419 corporali
2424 3346 2843 3417 impediuntur

402 3414 674 3473 virtutes.
731 3415 1099 3473 Conveniens
1157 3416 1339 3488 igitur
1388 3417 1498 3473 fuit
1548 3422 1613 3474 ut
1666 3422 1876 3474 contra
1910 3423 2221 3487 peccatum
2258 3416 2461 3488 aliqua
2497 3417 2843 3487 spiritualis

402 3486 702 3544 medicina
754 3486 1151 3557 adhiberetur,
1190 3487 1521 3545 secundum
1568 3486 1729 3559 quod
1783 3501 1855 3545 ex
1903 3494 2145 3557 peccato
2178 3488 2479 3545 derivatur
2517 3488 2841 3546 infirmitas

405 3557 760 3627 corporalis,
791 3570 896 3627 pei·
935 3570 1115 3629 quam
1161 3558 1396 3629 quidem
1441 3559 1809 3628 spiritualem
1840 3557 2196 3615 medicinam
2223 3565 2471 3616 sanatur
2513 3557 2839 3617 infirmitas

402 3627 733 3697 corporalis
777 3627 1118 3698 aliquando,
1150 3642 1284 3685 cum
1329 3628 1561 3686 scilicet
1589 3628 1825 3698 expedit
1868 3628 1944 3685 ad
1986 3629 2283 3686 salutem:
2316 3635 2375 3685 et
2405 3628 2479 3686 ad
2511 3627 2631 3686 hoc
2674 3627 2839 3686 ordi·

342 3727 346 3736 ·
402 3702 606 3754 natum
634 3701 724 3754 est
751 3704 1189 3755 sacramentum
1215 3702 1497 3756 Extremae
1526 3699 1851 3766 Unctionis,
1871 3698 1943 3756 de
1964 3711 2085 3770 quo
2113 3698 2346 3768 dicitur,
2365 3697 2597 3769 Jacob„
2626 3711 2694 3770 v,
2728 3702 2802 3757 {4
2823 3712 2843 3753 τ

400 3768 722 3837 Infirmatur
769 3771 893 3838 quis
936 3774 998 3824 in
1039 3771 1190 3824 vobis
1212 3773 1241 3824 ?
1266 3770 1501 3825 Inducat
1542 3769 1881 3840 presbyteros
1924 3771 2193 3833 Ecclesiae,
2226 3775 2277 3825 et
2303 3774 2453 3825 orent
2498 3785 2666 3839 super
2690 3785 2840 3839 enm,

397 3853 477 3893 un
516 3844 657 3893 entes
682 3854 802 3894 eum
824 3840 933 3894 oleo
960 3842 1021 3894 in
1043 3843 1257 3894 nomine
1279 3843 1500 3895 Domini
1518 3857 1537 3894 .-
1567 3844 1619 3895 et
1643 3843 1816 3896 oratio
1842 3840 1972 3910 fidei
1996 3842 2218 3896 sanabit
2231 3842 2528 3909 infirmum.
2550 3842 2669 3897 Nec
2688 3853 2841 3910 ιπε-

391 3906 463 3981 ,iu
510 3910 625 3966 icat
651 3909 850 3965 virtuti
877 3911 1260 3977 sacramenti,
1287 3911 1335 3966 si
1371 3911 1692 3982 aliquando
1719 3910 1937 3967 infirmi
1968 3910 2189 3984 quibus
2241 3911 2356 3969 hoc
2387 3916 2839 3968 sacramentum

400 3981 725 4048 confertur,
759 3993 880 4038 non
908 3996 982 4038 ex
1006 3985 1132 4039 toto
1153 3980 1228 4038 ab
1251 3979 1596 4039 infirmitate
1627 3981 1925 4052 corporali
1950 3987 2273 4050 curantur;
2301 3981 2443 4053 quia
2471 3980 2843 4054 quandoque

399 4051 603 4126 sanari
648 4051 1033 4132 corporaliter
1059 4051 1235 4108 etiam
1272 4053 1452 4123 digne
1501 4054 1617 4109 boc
1657 4058 2095 4109 sacramentum
2136 4053 2516 4109 sumentibus
2572 4066 2698 4109 non
2744 4054 2845 4110 est

400 4117 548 4174 utile
579 4119 652 4176 ad
678 4121 1046 4191 spiritualem
1077 4121 1350 4179 salutem.
1383 4126 1502 4179 Nec
1532 4129 1732 4180 tamen
1758 4123 2049 4180 inutiliter
2083 4128 2351 4190 sumunt,
2381 4122 2660 4194 quamvis
2704 4134 2845 4180 cor·

400 4188 628 4259 poralis
656 4193 887 4250 sanitas
915 4205 1037 4249 non
1065 4195 1368 4263 sequatur.
1402 4195 1544 4251 Cum
1577 4193 1736 4249 enim
1784 4194 1900 4250 hoc
1930 4198 2367 4251 sacramentum
2398 4193 2491 4250 sic
2524 4192 2844 4251 ordinetur

401 4264 611 4316 contra
657 4260 1059 4318 infirmitatem
1105 4264 1395 4333 corporis»,
1425 4263 1779 4335 inquantum
1822 4264 2210 4336 consequitur
2238 4278 2309 4320 ex
2353 4270 2623 4334 peccato,
2655 4263 2847 4320 mani·

399 4326 621 4388 festum
644 4336 732 4385 est
753 4332 917 4411 quod
939 4338 1153 4391 contra
1177 4334 1330 4391 alias
1355 4336 1633 4405 sequelae
1662 4335 1887 4404 peccati
1914 4335 2029 4391 lioc
2049 4341 2488 4392 sacramentum
2524 4334 2845 4392 ordinatur

402 4412 535 4470 quae
565 4403 707 4456 sunt
748 4407 1019 4471 pronitas
1058 4403 1134 4461 ad
1179 4405 1403 4461 malum
1442 4410 1500 4461 et
1548 4404 1867 4463 difficultas
1919 4404 1992 4463 ad
2023 4405 2281 4475 bonum3
2331 4410 2391 4462 et
2416 4407 2587 4463 tanto
2616 4404 2839 4477 magis,
