3076 5025
1123 297 1257 354 Lis.
1298 297 1389 365 nr,
1415 282 1581 353 me.
1620 296 1683 353 ι..
2514 302 2618 357 575

183 418 323 478 dere
380 416 541 490 quod
595 417 961 477 conveniens
1015 418 1130 477 fuit
1177 418 1392 478 Filium
1434 420 1540 478 Dei
1590 423 1867 479 naturam
1908 433 2216 479 assumere
2270 420 2615 481 humanam.

182 488 380 561 nujus
434 492 632 546 autem
689 489 1118 547 convenientiae
1177 492 1466 548 rationem
1519 492 1842 561 Apostolus
1893 490 2203 565 assignare
2265 490 2498 549 videtur
2545 507 2619 551 ex

179 563 432 645 peccato
489 558 793 631 originali,
847 560 1007 633 quod
1061 560 1125 617 in
1182 574 1394 619 omnes
1449 562 1788 633 pertransiit
1816 578 1832 631 3
1865 560 2008 620 dicit
2060 562 2265 620 enim:
2294 562 2467 632 Sicut,
2515 578 2620 633 per
2660 575 2668 581 ·

179 629 608 686 mobedientiam
632 632 800 686 unius
826 631 1076 693 hominis,
1115 636 1422 701 peccatores
1460 635 1739 689 constituti
1762 637 1890 689 sunt
1922 633 2103 704 madii,
2132 635 2217 689 ita
2255 636 2309 689 et
2327 649 2431 704 per
2456 636 2618 689 ιηιίω

178 701 541 769 obeditionem
556 700 1105 771 jusficonstituentur
1127 703 1309 757 multi.
1342 702 1536 774 (Rom,
1567 716 1631 774 v,
1661 702 1770 775 19.)

250 770 368 828 Sed
401 770 540 842 quia
578 771 872 845 pelagiani
917 770 1178 829 haeretici
1207 778 1511 843 peccatum
1553 773 1844 855 originale
1881 778 2272 846 negaverunt,
2304 774 2620 833 ostenden-

179 839 328 901 dum
354 848 447 922 est
468 839 747 899 homines
772 855 908 900 cum
937 848 1181 912 peccato
1210 842 1484 915 originali
1517 857 1705 901 nasci.

255 913 327 969 Et
355 925 549 982 primo
593 911 833 985 quidem
886 913 1312 971 assumendum
1344 914 1619 986 estquod
1672 915 1934 973 dicitur:
1980 915 2129 970 Tulit
2172 918 2433 973 Dominus
2475 919 2617 973 Deus

181 981 476 1045 hominem,
507 987 561 1038 et
583 985 772 1052 posuit
815 999 934 1038 etim
957 986 1020 1039 in
1073 984 1406 1054 paradiso...
1431 988 1796 1056 praeoepitque
1821 987 1873 1040 ei
1916 984 2098 1040 dicens
2120 1003 2141 1039 .·
2168 988 2258 1041 Ea:
2297 989 2443 1042 omni
2470 987 2618 1056 liquo

173 1052 441 1126 paradisi
458 1053 684 1116 comede,
716 1053 782 1108 de
808 1055 955 1122 liano
980 1057 1158 1110 autem
1182 1056 1418 1111 scientiae
1447 1057 1646 1110 boniet
1671 1057 1806 1112 mali
1848 1070 1915 1110 ne
1961 1055 2245 1123 comedam
2276 1059 2338 1111 in
2365 1072 2616 1127 quocum-

186 1137 296 1195 que
320 1126 469 1178 enim
495 1125 585 1179 die
625 1124 913 1179 comederis
953 1139 1025 1181 εει·
1064 1140 1142 1189 eo,
1196 1130 1367 1183 morte
1413 1129 1680 1182 mov-teris.
1713 1126 1889 1198 (Gen,
1940 1138 2007 1194 11,
2058 1125 2266 1198 15-17.)
2296 1126 2431 1209 Sed,
2481 1128 2620 1199 quia

177 1193 370 1254 Adam
404 1206 514 1251 nec
541 1207 615 1251 co
644 1194 741 1251 die
769 1208 889 1267 quo
918 1194 1179 1253 comedit
1194 1202 1330 1254 actu
1352 1202 1625 1254 mortuus
1653 1203 1764 1265 est,
1794 1201 2027 1268 oportet
2064 1195 2150 1254 sic
2174 1196 2427 1269 intelligi
2457 1196 2617 1268 quod

183 1263 412 1323 dicitur
441 1282 455 1320 ε
490 1267 663 1321 Hor-te
688 1267 955 1329 rimi-teria,
981 1267 1042 1323 id
1066 1273 1158 1324 est
1187 1267 1527 1324 necessitati
1563 1267 1772 1325 mortis
1809 1267 1929 1325 eris
1958 1267 2266 1337 addictus;
2295 1268 2455 1340 quod
2490 1266 2618 1340 qui-

187 1333 325 1392 dem
357 1334 581 1391 frustra
608 1334 924 1405 diceretur,
954 1336 1006 1394 si
1050 1336 1233 1394 homo
1261 1352 1333 1395 ex
1371 1337 1748 1395 institutione
1796 1350 1921 1395 suae
1948 1344 2175 1395 naturae
2200 1339 2613 1395 necessitatem

185 1404 487 1463 moriendi
507 1400 772 1463 haberet.
806 1407 1046 1477 Oportet
1075 1407 1258 1479 igitur
1282 1408 1478 1464 dicere
1499 1409 1659 1479 quod
1687 1422 1850 1466 mors
1877 1412 1938 1465 et
1962 1408 2294 1465 necessitas
2324 1408 2617 1465 moriendi

191 1476 272 1533 sit
296 1489 480 1557 poena
527 1475 754 1533 homini
782 1490 890 1549 pro
918 1485 1161 1548 peccato
1192 1478 1435 1535 inflicta.
1497 1481 1679 1536 Poena
1722 1487 1918 1535 autem
1975 1492 2096 1536 non
2126 1479 2415 1550 infligitur
2457 1478 2618 1549 ,iuste

191 1546 311 1626 nisi
337 1559 447 1626 pro
477 1546 769 1627 culpa31n
799 1546 1272 1621 quibuscumque
1322 1550 1505 1621 igitur
1543 1549 1842 1607 invenitur
1862 1548 1989 1606 haec
2024 1562 2220 1630 poena,
2251 1562 2498 1607 necesse
2528 1553 2621 1607 est

195 1620 344 1673 utin
374 1628 463 1672 eis
494 1621 829 1674 inveniatur
871 1617 1069 1689 aliqua
1120 1620 1316 1690 culpa.
1371 1619 1484 1676 Sed
1538 1619 1602 1677 in
1650 1619 1814 1680 omni
1854 1618 2097 1677 homine
2140 1619 2441 1676 invenitur
2495 1618 2620 1676 liaec

192 1699 386 1758 poena,
415 1685 592 1743 etiam
624 1701 660 1745 a
701 1687 988 1760 principio
1018 1702 1142 1746 suae
1183 1689 1508 1753 nativitatis
1533 1707 1550 1758 ς
1579 1704 1651 1747 ex
1697 1695 1839 1747 tunc
1864 1689 2041 1758 enim,
2074 1689 2337 1747 nascitur
2365 1690 2620 1748 necessi-

192 1756 298 1813 tati
330 1756 540 1814 mortis
561 1757 870 1826 addictus3
917 1759 1075 1816 unde
1116 1765 1175 1816 et
1211 1759 1390 1831 aliqui
1413 1774 1554 1818 mox
1588 1766 1726 1833 post
1770 1760 2131 1817 nativitatem
2160 1761 2516 1828 moriuntur,
2547 1759 2618 1817 de

192 1833 363 1886 utero
394 1827 666 1886 translati
698 1828 772 1885 ad
820 1830 1137 1887 tumulum.
1187 1832 1338 1902 Ergo
1368 1831 1430 1887 in
1474 1831 1564 1889 eis
1608 1837 1697 1890 est
1726 1829 1965 1904 aliquod
1999 1836 2327 1901 peccatum.
2353 1830 2467 1888 Sed
2497 1843 2619 1887 non

184 1898 1125 2039 333³²1¹¹11¹1¹²9512¹t¹ffl¹⁶t312³121”3³3¹
1163 1900 1609 2041 &etatae
1641 1901 2038 2043 ‘diuffisfissfiss
2058 1900 2477 2042 ruisset
2499 1914 2617 2028 Ἓξ

186 2052 241 2096 c.
275 2041 380 2094 129
401 2045 478 2119 et·
515 2039 665 2111 seq.)
694 2046 955 2111 apparet.
977 2044 1234 2099 Necesse
1280 2049 1372 2099 est
1395 2016 1577 2116 igi’tur
1606 2042 1804 2100 dicere
1826 2041 1987 2115 quod
2000 2042 2061 2099 in
2092 2042 2182 2099 eis
2210 2042 2292 2099 sit
2307 2012 2619 2114 peccatum

186 2120 297 2180 per
322 2121 620 2185 originem
648 2112 1002 2176 traductum,

257 2181 384 2236 Hoc
413 2180 595 2238 etiam
620 2195 899 2252 expresse
927 2197 962 2239 a
1006 2187 1169 2254 paret
1194 2198 1267 2241 ex
1286 2184 1485 2242 verbis
1507 2183 1775 2255 Apostoli
1808 2199 1822 2239 τ
1854 2184 2009 2239 Siout
2027 2197 2131 2252 per
2157 2198 2328 2238 unum
2357 2182 2623 2238 hominem

311 2254 468 2305 atum
518 2253 580 2305 in
632 2252 775 2307 hunc
813 2268 944 2308 mun
1127 2257 1360 2309 intravit
1380 2258 1430 2307 et
1460 2268 1565 2322 per
1607 2256 1889 2322 peccatum
1935 2267 2099 2314 mors,
2129 2255 2289 2306 etita
2337 2255 2399 2306 in
2445 2266 2624 2310 omnes

310 2323 430 2375 ines
449 2335 600 2375 mors
618 2326 966 2390 pertransiit,
996 2327 1056 2377 in
1083 2338 1187 2392 quo
1204 2338 1382 2378 omes
1405 2326 1780 2392 peccaverunt.
1808 2322 2004 2392 (Bona,
2033 2334 2098 2390 v,
2124 2321 2236 2393 12.)
2267 2323 2394 2378 Non
2424 2326 2624 2391 potest

187 2394 386 2448 autem
424 2389 541 2446 dici
572 2390 731 2461 quod
773 2404 880 2461 per
920 2405 1101 2448 unum
1149 2391 1455 2449 hominem
1485 2393 1550 2448 in
1602 2392 1887 2448 mundum
1919 2397 2227 2471 peccatum
2254 2391 2491 2448 intravit
2518 2405 2625 2462 per

189 2459 437 2519 modum
467 2459 817 2520 imitationis
887 2462 1026 2534 quia
1068 2462 1155 2521 sic
1207 2469 1512 2534 peccatum
1556 2474 1676 2520 non
1717 2465 2087 2533 pervenisset
2130 2460 2249 2518 nisi
2278 2461 2351 2518 ad
2382 2472 2489 2518 eos
2518 2460 2623 2533 qui

187 2531 497 2604 peccando
526 2531 777 2601 primum
861 2534 1122 2590 ominem
1164 2533 1472 2590 imitantur
1497 2537 1611 2601 ;et,
1654 2545 1836 2613 quum
1863 2545 2027 2589 mors
2054 2546 2160 2612 per
2209 2538 2516 2612 peccatum
2557 2532 2623 2613 in

192 2603 486 2661 mundum
514 2602 839 2670 intraverit,
870 2616 991 2660 non
1024 2605 1358 2674 perveniret
1386 2615 1551 2659 mors
1581 2601 1699 2659 nisi
1736 2600 1811 2658 ad
1836 2614 1942 2658 eos
1972 2616 2073 2672 qui
2098 2607 2346 2672 peccant
2369 2615 2431 2658 in
2460 2603 2625 2659 simi·

189 2671 506 2731 litudinem
543 2673 721 2744 primi
749 2673 1013 2731 hominis
1058 2674 1384 2745 peccantis.
1427 2672 1540 2729 Sed
1569 2671 1642 2729 ad
1674 2673 1788 2730 hoc
1817 2671 2249 2728 excludendum
2294 2673 2617 2742 Apostolus

194 2744 396 2801 subdit
424 2743 872 2829 quod-nouauit
906 2758 1053 2829 mors
1087 2745 1158 2799 ab
1199 2744 1385 2829 Adara
1430 2758 1601 2828 usque
1624 2743 1703 2797 ad
1728 2744 1948 2811 Moysen
1996 2743 2163 2797 etiam
2188 2744 2250 2797 in
2272 2757 2362 2798 eos
2391 2744 2490 2812 qui
2513 2758 2623 2799 non

189 2813 1816 2968 roermmrrrrffrrptrtfflrrmeta
1852 2811 2290 2964 mixti
2315 2814 2623 2964 renata

189 2960 505 3013 intraverit
526 2969 631 3025 per
656 2955 897 3012 modum
927 2962 1299 3026 imitationis,
1326 2956 1432 3014 sed
1461 2969 1567 3027 per
1611 2954 1855 3011 modum
1901 2966 2176 3026 originiS.
2219 2956 2528 3035 Praeterea,⁸
2566 2967 2621 3035 si

191 3029 426 3083 tantum
450 3025 778 3083 secundum
803 3026 1197 3084 imitationem
1224 3027 1546 3097 Apostolus
1567 3025 1910 3097 loqueretur
1928 3023 2000 3081 de
2033 3023 2279 3082 introitu
2306 3029 2531 3097 peccati
2559 3036 2621 3081 in

191 3097 510 3164 mundum,
558 3095 758 3167 potius
786 3096 1035 3154 dixisset
1083 3112 1190 3170 per
1234 3097 1537 3155 diabolum
1577 3100 1884 3166 peccatum
1926 3095 2186 3152 intrasse
2214 3095 2277 3151 in
2330 3095 2617 3152 mundum

193 3180 372 3292 guam
429 3180 531 3236 per
557 3180 745 3223 unum
799 3166 1123 3238 hominem,
1178 3168 1334 3227 sicut
1378 3180 1658 3239 expresse
1687 3165 1902 3223 dicitur
1932 3184 1944 3222 :
1974 3166 2198 3221 Invidia
2224 3165 2430 3221 diaboli
2478 3178 2624 3220 mors

194 3240 446 3379 ‹Stroivit
471 3239 531 3292 in
556 3237 735 3373 orben?
776 3241 1049 3294 terrarum
1075 3255 1094 3293 ε
1132 3241 1421 3295 imitantur
1463 3242 1644 3294 autem
1676 3238 1835 3293 illum
1879 3238 2130 3307 quisunt
2154 3250 2225 3292 ex
2262 3241 2424 3307 parte
2449 3236 2620 3292 illius.

260 3320 464 3377 ap.,11,
496 3312 696 3373 2425.

265 3378 484 3445 Adhuc,
529 3378 711 3435 David
760 3378 944 3437 dicit:
974 3383 1109 3436 Ecce
1150 3384 1212 3436 in
1256 3380 1639 3451 iniquitatibus
1687 3380 1969 3449 conceptus
2020 3391 2159 3441 sum,
2202 3380 2255 3432 et
2287 3379 2351 3433 in
2387 3376 2625 3448 peccatis

191 3452 441 3518 concepit
465 3464 550 3503 me
593 3453 768 3505 mter
816 3465 937 3506 ntea
964 3450 1135 3522 (Psal.
1169 3464 1222 3517 1..
1250 3451 1308 3524 7)
1337 3469 1352 3519 ;
1410 3450 1569 3522 quod
1599 3462 1721 3506 non
1749 3451 1945 3520 potest
1991 3447 2245 3519 intelligi
2278 3446 2351 3505 de
2420 3450 2624 3503 eccato

193 3519 438 3580 actuali,
471 3532 655 3590 quum
685 3520 870 3577 David
896 3534 968 3577 ex
1008 3521 1276 3594 legitimo
1324 3521 1704 3577 matrimonio
1733 3523 2058 3588 conceptus
2083 3525 2143 3575 et
2169 3522 2346 3576 natus
2413 3518 2621 3574 icatur.

192 3589 442 3660 Oportet
467 3590 650 3660 igitur
679 3595 743 3648 ut
763 3590 880 3649 hoc
907 3591 981 3648 ad
1022 3597 1329 3663 peccatum
1361 3591 1651 3663 originale
1678 3589 1987 3647 referatur.

265 3661 543 3730 Amplius,
594 3660 811 3720 dicitur
847 3681 864 3718 τ
918 3662 1049 3730 Quis
1111 3667 1286 3734 potest
1337 3663 1516 3730 facere
1562 3660 1827 3717 mundum
1877 3659 1946 3715 de
1990 3660 2266 3715 immundo
2319 3661 2626 3739 concepturi}

190 3733 454 3789 smine?
500 3747 677 3787 nonne
726 3737 788 3787 tu
822 3734 921 3804 qui
967 3735 1251 3788 soluses?
1280 3732 1415 3802 (Iob,
1471 3745 1600 3801 xiv,
1632 3731 1712 3804 4.)
1769 3732 1850 3787 Ex
1899 3744 2019 3812 quo
2069 3730 2384 3786 manifeste
2434 3741 2624 3810 accipi

191 3808 396 3873 potest
427 3803 584 3873 quod
615 3815 688 3859 ex
719 3802 1097 3860 immunditia
1119 3802 1364 3860 humani
1409 3802 1661 3861 seminis
1698 3800 1900 3874 aliqua
1928 3800 2303 3857 immunditia
2330 3798 2404 3859 ad
2432 3797 2624 3855 homi·

192 3885 334 3928 nem
367 3886 441 3929 ex
467 3873 695 3929 semine
725 3878 1078 3944 conceptum
1125 3873 1457 3944 perveniat3
1497 3872 1659 3954 quod
1706 3876 1941 3943 oportet
1966 3871 2221 3952 intelligi
2248 3870 2321 3929 de
2365 3871 2625 3950 immun-

192 3941 342 4022 ditia
383 3943 628 4013 peccati,
661 3957 768 4013 pro
822 3958 941 4068 2¹²³
994 3944 1125 4001 sola
1163 3944 1344 4001 homo
1396 3944 1456 4000 in
1509 3942 1793 4015 judicium
1847 3942 2194 4008 deducunt-,-
2246 3945 2627 4013 praemltlltur

191 4026 355 4070 emm
389 4016 504 4068 :Et
544 4014 770 4083 dignum
926 4016 939 4028 ⁶
1007 4030 1170 4084 super
1215 4014 1584 4083 hujuscemodi
1627 4013 1840 4095 aperire
1879 4013 2056 4068 oculos
2099 4016 2237 4075 tuos,
2264 4016 2318 4066 et
2360 4010 2629 4066 adducere

188 4098 316 4140 eim
344 4088 516 4138 tecum
556 4086 618 4139 tn
663 4085 1157 4166 judiciumt'(sob,
1217 4098 1345 4153 xiv,
1373 4085 1449 4157 3.)
1503 4085 1602 4142 Sic
1650 4084 1833 4156 igitur
1882 4081 2123 4163 aliquod
2151 4088 2486 4163 ‚peccatum
2536 4084 2628 4139 est

191 4153 358 4227 quod
390 4153 574 4211 homo
603 4153 898 4212 contrahit
925 4155 1000 4211 ab
1029 4169 1160 4226 ipsa
1188 4156 1282 4214 sui
1312 4155 1563 4228 origine,
1593 4154 1750 4226 quod
1781 4153 2073 4225 originale
2108 4151 2341 4209 dicitur.
2401 4223 2411 4234 .

264 4227 421 4287 Item.
449 4225 784 4295 Baptismus
812 4231 872 4282 et
895 4225 1013 4282 alia
1040 4233 1412 4283 sacramenta
1438 4225 1708 4283 Ecclesiae
1729 4229 1870 4283 sunt
1896 4223 2162 4302 quaedam
2192 4223 2456 4280 remedia
2482 4234 2622 4279 con·

189 4302 286 4354 tra
331 4303 663 4368 peccatum,
697 4302 760 4353 ut
814 4295 965 4353 infra
994 4298 1232 4367 patebit.
1267 4295 1581 4353 Exhibetui·
1625 4302 1821 4353 autem
1879 4295 2238 4374 BaptismuS,
2296 4293 2623 4373 secundum

189 4379 576 4425 communem
609 4367 887 4424 Ecclesiae
923 4368 1439 4435 consuetudinem,
1459 4367 1657 4438 pueris
1685 4370 1954 4422 recenter
1978 4370 2155 4421 natis.
2188 4367 2427 4421 Frustra
2444 4368 2629 4432 igitur

191 4437 592 4507 exhiberetur,
621 4436 737 4494 nisi
778 4437 840 4492 in
871 4436 960 4494 eis
989 4443 1151 4495 esset
1177 4437 1416 4511 aliquod
1460 4443 1769 4508 peccatum
1798 4434 2046 4504 actuale,
2094 4435 2236 4508 quia
2276 4439 2478 4491 carent
2508 4442 2619 4485 usu
