3076 5025
438 229 543 285 46⁴
1285 224 1420 284 LtB.
1459 226 1559 296 111,
1600 226 1753 284 CAP.
1793 227 2013 286 CXLVI.

1383 451 1642 518 CAPUT
1688 451 1914 519 CXLV:

497 597 679 678 ‘QUOD
715 623 977 670 PEGGATA
1021 622 1360 671 romaum
1393 622 1581 668 mun
1617 622 1734 669 PER
1767 620 2215 671 Exrmtmu’nm
2247 624 2486 672 Ancum
2488 627 2519 673 S
2556 626 2775 677 Nomvt.

508 794 640 850 Non
670 790 863 849 solum
895 795 1090 847 autem
1115 790 1216 863 qui
1243 795 1453 847 contra
1481 792 1666 847 Deum
1687 794 1938 860 peccant
1956 789 2245 861 puniendi
2276 797 2415 850 sunt
2434 806 2540 863 per
2560 793 2677 851 hoc
2702 796 2863 866 quod

437 876 478 921 a
499 861 869 943 beatitudine
897 866 1184 933 perpetuo
1212 859 1621 929 excludantur,
1644 859 1754 918 sed
1780 860 1956 919 etiam
1977 874 2085 932 per
2112 862 2583 932 experimentum
2609 864 2861 937 alicujus

435 947 663 990 nocivi.

508 1005 690 1060 Poena
713 1002 873 1059 enim
904 1001 1080 1061 debet
1124 999 1651 1073 proportionaliter
1676 1001 1866 1072 culpae
1910 1002 2294 1073 respondere,
2326 1007 2602 1074 utsupra
2629 1003 2705 1075 (c.
2739 1005 2857 1077 144)

436 1078 750 1131 ostensum
781 1079 891 1130 est.
920 1075 987 1129 In
1036 1071 1212 1142 culpa
1239 1076 1436 1130 autem
1486 1084 1607 1130 non
1643 1071 1841 1130 solum
1871 1073 2157 1130 avertitur
2180 1086 2353 1131 mens
2378 1074 2451 1132 ab
2479 1074 2694 1132 ultimo
2724 1073 2859 1144 fine,

435 1143 544 1202 sed
569 1144 744 1200 etiam
769 1143 1032 1200 indebite
1077 1142 1442 1200 convertitur
1471 1141 1530 1198 in
1558 1141 1677 1200 alia
1705 1142 1878 1214 quasi
1909 1143 1973 1199 in
2001 1142 2174 1201 fines.
2205 1147 2334 1201 Non
2364 1144 2560 1202 solum
2589 1158 2739 1217 ergo
2804 1159 2863 1203 u·

426 1214 694 1272 niendus
724 1219 816 1271 est
840 1214 940 1286 qui
975 1220 1179 1285 peccat
1207 1227 1313 1285 per
1340 1212 1453 1270 boc
1478 1212 1637 1285 quod
1659 1212 2006 1271 excludatur
2030 1228 2067 1271 a
2092 1212 2231 1283 fine,
2266 1214 2372 1272 sed
2402 1215 2583 1273 etiam
2616 1228 2728 1286 per
2797 1229 2862 1274 oc

433 1284 594 1357 quod
621 1298 693 1342 ex
721 1283 859 1342 aliis
887 1284 1065 1342 rebus
1094 1284 1313 1341 sentiat
1343 1288 1792 1341 nocumentum.

503 1356 782 1425 Amplius,
817 1357 1011 1411 Poenae
1057 1354 1394 1412 inseruntur
1421 1368 1527 1425 pro
1575 1354 1790 1425 culpis,
1820 1359 1886 1412 ut
1911 1354 2126 1413 timore
2166 1367 2479 1427 poenarum
2508 1354 2798 1415 homines
2824 1371 2859 1414 a

431 1426 694 1497 peccatis
741 1426 1134 1493 retrahantur,
1165 1430 1231 1482 ut
1268 1438 1450 1495 supra
1491 1423 1565 1494 (c.
1601 1424 1721 1504 144)
1769 1424 1990 1483 dictum
2039 1429 2148 1483 est.
2178 1425 2393 1483 Nullus
2440 1430 2642 1484 autem
2686 1427 2857 1484 timet

432 1495 702 1553 amittere
745 1495 807 1552 id
852 1495 1010 1568 quod
1053 1507 1176 1552 non
1223 1494 1520 1552 desiderat
1562 1494 1851 1565 adipisci3
1887 1495 1989 1568 qui
2035 1509 2178 1568 ergo
2224 1495 2446 1554 habent
2484 1496 2856 1555 voluntatem

433 1579 709 1624 aversam
738 1565 813 1622 ab
860 1565 1070 1623 ultimo
1099 1564 1218 1621 fine
1247 1578 1371 1622 uon
1415 1565 1628 1621 timent
1655 1565 1887 1622 excludi
1923 1565 1997 1623 ab
2036 1566 2163 1623 illo.
2195 1567 2327 1623 Non
2355 1579 2499 1638 ergo
2527 1580 2636 1637 per
2662 1567 2856 1626 solam

433 1634 841 1694 exclusionem
870 1634 944 1693 ab
973 1635 1182 1692 ultimo
1212 1634 1328 1692 fine
1350 1635 1655 1715 peccando
1676 1641 2112 1693 revocarentur.
2133 1638 2374 1707 Oportet
2401 1637 2585 1709 igitur
2602 1651 2857 1709 peccan-

430 1706 596 1764 tibus
625 1707 799 1763 aliam
830 1720 1068 1776 poenam
1097 1705 1387 1774 adhiberi,
1461 1719 1598 1762 uam
1625 1705 1871 1763 timeant
1900 1711 2235 1776 peccantes.

500 1777 652 1844 Item,
685 1777 737 1834 si
767 1776 903 1848 quis
951 1790 1020 1833 eo
1069 1776 1227 1849 quod
1276 1780 1427 1834 esta
1512 1777 1693 1833 tinem
1737 1776 2071 1834 inordinate
2114 1778 2317 1848 utitur,
2348 1791 2471 1836 non
2506 1777 2712 1835 solum
2742 1777 2856 1835 fine

425 1845 717 1916 privatur,
747 1847 851 1903 sed
896 1847 1075 1904 etiam
1104 1846 1266 1904 aliud
1309 1851 1733 1905 nocumentum
1762 1847 2031 1916 incurrit,
2063 1853 2128 1904 ut
2153 1853 2313 1919 patet
2353 1848 2417 1905 in
2443 1847 2580 1905 cibo
2628 1848 2854 1906 inordi-

428 1920 570 1973 nate
595 1922 925 1995 assumpto,
957 1917 1059 1996 qui
1089 1930 1211 1973 non
1242 1915 1438 1997 solum
1479 1917 1795 1997 sanitatem
1824 1930 1948 1975 non
1977 1915 2169 1987 affert,
2200 1917 2515 1999 sedetiam
2549 1918 2855 1999 aegritudi-

425 1999 572 2043 nem
601 1987 851 2043 inducit.
883 1987 995 2053 Qui
1026 1992 1221 2043 autem
1252 1999 1316 2042 in
1366 1986 1547 2043 rebus
1581 1992 1797 2044 creatis
1845 1987 2021 2045 tinem
2058 1990 2372 2047 constituit
2396 2002 2487 2047 eis
2517 2001 2643 2046 non
2671 1993 2855 2046 utitur

432 2055 763 2115 secundum
793 2055 950 2127 quod
973 2056 1164 2124 debet,
1191 2055 1502 2113 referendo
1520 2057 1752 2113 scilicet
1780 2056 1853 2113 ad
1885 2056 2161 2114 ultimum
2189 2058 2391 2116 finem.
2423 2062 2557 2115 Non
2582 2072 2733 2131 ergo
2761 2072 2851 2117 so-

430 2125 556 2182 lum
590 2125 762 2182 debet
807 2125 1006 2195 puniri
1054 2139 1159 2196 per
1186 2124 1302 2183 hoc
1348 2124 1509 2197 quod
1553 2125 1922 2184 beatitudine
1968 2132 2186 2198 careat,
2238 2129 2345 2186 sed
2385 2128 2567 2185 etiam
2608 2142 2720 2200 per
2749 2130 2855 2187 hoc

432 2194 593 2267 quod
622 2194 862 2268 aliquod
890 2200 1315 2254 nocumentum
1345 2197 1418 2253 ab
1451 2195 1613 2267 ipsis·
1633 2197 1987 2267 experiatur.

501 2268 785 2330 Praeterea,
817 2265 974 2323 sicut
1015 2272 1173 2324 recte
1218 2266 1534 2338 agentibus
1578 2265 1867 2324 debentur
1894 2267 2074 2337 bona,
2101 2269 2186 2328 ita
2228 2283 2503 2342 perverse
2538 2270 2857 2342 agentibus

431 2334 721 2394 debentur
761 2337 939 2405 mala,
966 2336 1077 2394 Sed
1104 2335 1193 2393 illi
1222 2337 1323 2409 qui
1369 2341 1528 2395 recte
1556 2342 1742 2409 agunt
1768 2337 1833 2395 in
1861 2335 1981 2396 fine
2009 2338 2084 2397 ab
2126 2340 2216 2399 eis
2243 2341 2474 2399 intento
2522 2341 2860 2412 percipiunt

430 2406 854 2476 perfectionem
895 2411 953 2486 et
997 2406 1304 2480 gaudium.
1335 2409 1378 2463 E
1407 2408 1709 2465 contrario
1756 2421 1901 2490 ergo
1925 2407 2173 2467 debetur
2222 2410 2350 2469 haec
2378 2424 2557 2483 poena
2606 2424 2859 2482 peccan-

429 2476 592 2536 tibus
619 2481 686 2534 ut
713 2492 786 2604 εἰ(
808 2476 903 2535 bis
929 2490 993 2534 tn
1039 2477 1258 2551 quibus
1287 2477 1403 2535 sibi
1450 2476 1634 2536 finem
1661 2484 2037 2538 constituunt
2066 2480 2453 2543 afflictionem
2477 2480 2782 2554 accipiant
2804 2485 2861 2541 et

435 2561 731 2605 nocumen
763 2563 886 2607 um.

501 2619 648 2675 Hinc
679 2618 958 2691 estquod
998 2618 1200 2678 divina
1245 2618 1550 2691 Scriptura
1588 2619 2005 2691 peccatoribus
2035 2624 2436 2683 comminatur
2486 2636 2612 2681 non
2660 2624 2855 2683 solum

429 2688 836 2746 exclusionem
864 2705 900 2747 a
926 2689 1141 2761 gloria,
1169 2690 1275 2747 sed
1304 2690 1482 2747 etiam
1502 2689 1889 2749 afflictionem
1919 2706 1991 2750 ex
2016 2692 2152 2750 aliis
2172 2695 2351 2753 rebus
2374 2713 2390 2762 ;
2422 2667 2643 2752 dicitur
2661 2696 2854 2753 enim:

424 2759 694 2814 Discedite
720 2776 756 2815 a
780 2775 881 2824 me,
913 2760 1203 2823 maledicti,
1233 2763 1294 2816 in
1319 2763 1500 2829 ionem
1525 2766 1801 2826 aeternum,
1834 2763 1930 2832 qui
1947 2769 2183 2833 paratus
2208 2770 2288 2821 est
2326 2766 2539 2821 diabolo
2569 2769 2622 2821 et
2651 2766 2855 2835 angelis

429 2827 549 2896 effus
577 2830 817 2898 (Matth.,
851 2842 999 2894 xxv,
1023 2830 1115 2901 41)
1140 2849 1156 2900 ;
1184 2835 1245 2887 et
1273 2848 1288 2888 ε
1317 2833 1476 2888 Pluet
1521 2848 1685 2902 super
1708 2836 2009 2902 peccatores
2050 2834 2070 2889 l
2279 2855 2297 2903 ς
2328 2838 2496 2905 tynis,
2526 2839 2583 2892 et
2602 2837 2853 2908 sulphur.

430 2902 484 2952 et
507 2902 739 2968 spiritus
758 2901 1140 2970 procellarum,
1165 2917 1304 2971 pars
1329 2903 1514 2958 calicis
1543 2918 1745 2960 eorum.
1777 2902 1949 2973 (Psal.
1980 2917 2041 2973 x,
2068 2910 2124 2963 Ἰ.

499 2970 610 3026 Per
639 2971 752 3028 hoc
780 2977 976 3027 autem
1014 2971 1349 3030 excluditur
1390 2971 1595 3042 opinio
1623 2973 1938 3054 AlgazeliS,
1967 2974 2072 3047 qui
2099 2975 2305 3047 posuit
2330 2976 2492 3049 quod
2519 2977 2847 3048 peccatori-

425 3037 542 3098 bus
571 3039 699 3100 baec
728 3041 859 3100 sola
881 3055 1060 3113 poena
1101 3041 1377 3100 reddetur
1402 3042 1566 3115 quod
1595 3042 1936 3116 affllgentur
1960 3059 2069 3117 pro
2109 3046 2437 3107 amissione
2468 3046 2664 3107 ultimi
2687 3047 2851 3107 finis.

1357 3260 1612 3328 CAPUT
1663 3264 1911 3329 CXLVI.

1017 3440 1169 3494 QUOD
1203 3441 1499 3489 sumemus
1535 3444 1701 3490 mum·
1745 3443 1954 3490 POENAS
1990 3443 2258 3491 mmm.

497 3603 649 3672 Quia
671 3617 811 3662 vero
834 3618 1044 3676 poenas
1069 3619 1105 3663 a
1121 3608 1241 3664 Deo
1267 3606 1528 3664 inflictas
1554 3605 1742 3679 aliqui
1768 3606 2227 3678 parvipendunt,
2256 3611 2499 3679 propter
2524 3605 2645 3665 hoc
2671 3606 2847 3681 quod,

425 3675 815 3754 sensibilibus
845 3676 1047 3746 dediti,
1078 3676 1277 3735 solum
1304 3691 1376 3735 ea
1397 3691 1529 3749 quae
1554 3676 1831 3735 videntur
1866 3684 2099 3737 curant.
2132 3677 2268 3734 ldeo
2297 3692 2403 3748 per
2428 3678 2693 3736 divinam
2716 3692 2846 3751 pro·

422 3744 743 3802 videntium
777 3746 1114 3804 ordinatum
1145 3753 1237 3805 est
1264 3752 1330 3805 ut
1373 3747 1438 3804 in
1467 3747 1641 3805 terris
1683 3747 1806 3805 sint
1833 3747 2110 3806 homines
2138 3747 2264 3819 qui,
2292 3762 2399 3818 per
2427 3762 2639 3819 poenas
2668 3749 2848 3808 sensi·

420 3812 575 3873 biles
605 3822 662 3872 et
688 3822 1034 3887 praesenteS‚
1067 3818 1220 3876 alios
1258 3817 1333 3875 ad
1363 3818 1803 3899 observantiam
1821 3818 2074 3890 justitiae
2101 3823 2361 3889 cogant3
2392 3831 2547 3890 quos
2574 3819 2848 3878 manifes-

420 3889 551 3942 tum
583 3892 671 3945 est
699 3901 821 3944 non
850 3903 1116 3959 peccare,
1147 3889 1287 3946 dum
1320 3888 1512 3946 malos
1543 3893 1822 3960 puniunt.
2888 3909 2901 3917 ·

493 3957 705 4014 Nullus
737 3959 894 4015 enim
926 3965 1130 4030 peccat
1158 3974 1232 4016 ex
1277 3959 1392 4017 hoc
1461 3960 1578 4017 uod
1601 3959 1896 4031 justitiam
1922 3958 2084 4018 facit.
2109 3961 2345 4019 lustum
2374 3965 2573 4018 autem
2603 3964 2699 4019 est
2720 3972 2839 4018 ma-

418 4024 514 4082 los
541 4028 762 4108 puniri,
784 4029 938 4109 ,quia
963 4044 1067 4100 per
1093 4043 1330 4100 poenam
1360 3974 1535 4101 cqua
1580 4029 1908 4101 ordinatur,
1937 4036 2002 4089 ut
2028 4045 2101 4088 ex
2129 4030 2491 4103 supradictis
2519 4031 2594 4103 (c.
2620 4030 2714 4102 79)
2740 4043 2838 4103 pa-

417 4099 522 4152 tet.
556 4099 685 4154 Non
715 4115 729 4155 l
782 4105 898 4155 itur
917 4099 1153 4171 Judices
1181 4105 1431 4172 peccant
1459 4100 1653 4159 malos
1680 4099 2006 4172 puniendo.
2156 4146 2164 4151 .

467 4166 703 4245 *Al-dhuc,
738 4113 1015 4251 {omines
1062 4170 1163 4243 qui
1203 4171 1263 4227 in
1305 4171 1480 4229 terris
1530 4185 1713 4243 super
1762 4171 1918 4253 alios
1974 4171 2442 4254 constituuntur,
2470 4175 2616 4252 sunt
2669 4169 2835 4251 quasi

419 4234 636 4293 divinae
680 4240 1062 4308 providentiae
1108 4248 1488 4310 executores3
1516 4244 1674 4301 Deus
1722 4256 1906 4313 enim,
1934 4254 2040 4313 per
2075 4255 2200 4301 suae
2251 4243 2640 4314 pr0v1dentlae
2688 4240 2836 4300 ordi-

415 4318 576 4373 nem,
609 4321 713 4377 per
757 4312 1065 4380 superiora
1112 4311 1395 4371 inferiora
1444 4313 1776 4387 exequitur,
1809 4318 1876 4372 ut
1917 4327 1990 4371 ex
2036 4313 2399 4385 supradictis
2449 4312 2524 4387 (c.
2561 4316 2635 4371 78
2664 4317 2723 4371 et
2740 4309 2832 4381 79)

415 4380 598 4447 patet.
627 4376 839 4439 Nullus
866 4387 1083 4449 autem,
1106 4397 1178 4443 ex
1206 4383 1321 4444 hoc
1350 4384 1509 4457 quod
1538 4384 1851 4460 exequitur
1878 4383 2153 4449 ordinem
2169 4385 2385 4450 divinae
2426 4383 2827 4460 providentiae,

1654 4492 1823 4502 μ
