3076 5025
1103 269 1240 328 ΜΒ.
1275 268 1353 341 11,
1389 269 1546 327 cAP.
1582 268 1831 329 xxxva.
2581 277 2681 335 its

248 390 661 465 praesupponit
687 390 1038 451 substantiae
1062 386 1519 470 productionem
1543 406 1559 458 ;
1585 388 1767 470 unde,
1797 401 1982 461 quum
2000 388 2075 449 de
2089 390 2483 463 productione
2503 393 2680 454 subs-

246 461 451 522 tantiae
480 461 617 591 attali
642 460 859 536 agitur,
881 460 1022 521 talis
1046 461 1239 519 virtus
1260 460 1749 532 sempiternitatis
1766 465 2184 534 argumentum
2203 460 2516 523 sufficiens
2542 478 2683 527 esse

245 547 372 593 iton
441 546 479 590 o
541 546 572 591 s
602 574 618 591 .

320 547 514 663 mortus
543 602 722 661 etiam
752 602 1283 676 sempiternitatem
1312 612 1433 661 non
1464 600 1626 672 cogit
1656 613 1771 660 nos
1802 613 2023 673 ponere
2054 601 2208 662 ratio
2242 609 2682 678 consequenter

244 674 516 733 inducta.
541 676 672 731 Jam
698 672 858 731 enim
890 677 1050 744 patet
1073 672 1256 745 quod,
1277 672 1504 744 absque
1528 671 1857 752 mutatione
1899 673 2002 730 Dei
2106 673 2284 742 entis,
2347 681 2502 735 otest
2543 690 2683 737 esse

245 743 413 818 quod
435 756 658 802 novum
687 749 848 815 agat,
880 757 1001 802 non
1030 743 1480 822 sempiternum.
1511 742 1570 800 Sl
1600 745 1800 800 autem
1826 741 2116 823 possibie
2143 750 2237 802 est
2359 758 2434 805 eo
2455 746 2685 819 aliquid

204 879 211 886 ,
248 815 351 887 agi
378 814 453 873 de
481 826 661 884 novo,
689 819 849 885 patet
876 814 1035 886 quod
1064 819 1124 871 et
1154 825 1377 871 moveri
1401 830 1418 882 3
1446 824 1586 870 nam
1617 817 1819 871 motus
1856 812 2316 886 dispositionem
2356 816 2684 878 voluntatis

247 891 492 944 aeternae
520 885 793 959 sequitur
820 884 893 942 de
924 890 1090 942 motu
1120 896 1242 941 non
1268 896 1504 955 semper
1531 881 1813 941 essendo.

323 955 611 1014 Similiter
638 954 817 1012 etiam
839 953 1095 1013 intentio
1121 952 1481 1012 naturalium
1510 953 1818 1025 agentium
1845 952 1920 1013 ad
1945 953 2280 1026 specierum
2324 957 2684 1029 perpetuita-

247 1030 396 1094 tem,
426 1039 501 1083 ex
526 1039 647 1099 qua
670 1029 882 1098 quarta
911 1025 1064 1082 ratio
1089 1022 1466 1097 procedebat,
1496 1023 1907 1095 praesupponit
1946 1025 2243 1084 naturalia
2281 1027 2522 1099 agentia
2556 1026 2683 1108 jam

248 1096 581 1177 producta;
611 1095 768 1154 unde
797 1095 996 1154 locum
1025 1107 1146 1153 non
1179 1094 1357 1153 babet
1379 1094 1508 1152 baec
1536 1092 1689 1152 ratio
1713 1093 1833 1151 nisi
1862 1094 1926 1151 in
1950 1094 2132 1152 rebus
2158 1097 2535 1167 naturalibus
2555 1110 2683 1170 Jam

248 1180 319 1224 in
346 1179 484 1226 esse
510 1165 839 1238 productis.
872 1178 996 1224 non
1022 1171 1220 1223 autem
1248 1177 1433 1246 quum
1455 1163 1527 1222 de
1546 1176 1738 1221 rerum
1758 1163 2148 1235 productione
2160 1165 2460 1246 agitur.‹·-
2480 1169 2685 1227 Utrum
2738 1215 2760 1235 ,,

228 1242 453 1365 ggutem
474 1249 732 1366 ῑιὲοοὲειεο
761 1236 841 1295 sit
871 1249 1096 1309 ponere
1122 1241 1572 1310 generationem
1602 1239 1886 1306 perpetuo
1903 1233 2270 1308 duraturam,
2296 1249 2361 1294 in
2382 1238 2686 1311 sequenti-

324 1379 495 1436 Ratio
523 1377 699 1436 etiam
731 1377 965 1450 quinta,
994 1392 1067 1436 ex
1094 1383 1360 1449 tempore
1389 1375 1654 1447 inducta,
1684 1376 2071 1459 aeternitatem
2100 1382 2302 1437 motus
2329 1376 2526 1450 magis
2545 1391 2684 1462 sup·

248 1448 427 1521 ponit
455 1462 635 1520 quam
664 1449 894 1519 probat.
928 1449 1122 1518 Quum
1147 1448 1305 1507 enim
1332 1448 1501 1519 prius
1521 1452 1578 1505 et
1608 1453 1975 1519 posteriuset
1998 1449 2369 1508 continuitas
2391 1454 2682 1521 temporis

249 1522 544 1592 sequatur
568 1517 739 1591 prius
768 1522 826 1577 et
852 1520 1152 1591 posterius
1183 1523 1241 1577 et
1268 1518 1723 1576 continuitatem
1754 1524 1975 1586 motuS,
1998 1518 2329 1578 secundum
2346 1519 2686 1579 Aristotelis

248 1588 587 1648 doctrinam
620 1588 903 1662 (Physica,
934 1602 1021 1656 iv,
1050 1594 1192 1647 text.
1224 1601 1443 1648 comm.
1473 1587 1587 1669 99)ζ
1617 1592 1776 1660 patet
1799 1588 1960 1660 quod
1990 1588 2124 1647 ideo
2142 1588 2298 1647 idem
2320 1590 2558 1650 instans
2592 1597 2685 1652 est

247 1658 615 1731 principium
645 1659 825 1717 futuri
877 1664 938 1717 et
978 1658 1117 1718 tinis
1157 1659 1459 1730 praeteriti,
1487 1672 1632 1732 quia
1667 1658 1894 1732 aliquid
1931 1658 2235 1732 signatum
2279 1658 2343 1717 in
2384 1666 2550 1720 motu
2591 1667 2685 1723 est

246 1728 863 1859 tassimata}
888 1729 1554 1873 samaritissa
1562 1730 2682 1871 erasistratei&‘litate

248 1869 419 1929 dium
446 1817 798 1942 inteerrius
826 1875 884 1928 et
909 1843 1209 1942 posterius
1236 1871 1301 1929 in
1325 1876 1523 1940 motu;
1554 1869 1714 1951 quod
1742 1874 1836 1929 est
1864 1883 2083 1942 ponere
2111 1817 2337 1953 mogum
2368 1874 2679 1956 sempiter-

248 1952 420 2000 num.
447 1943 688 2000 Ponens
716 1946 914 1999 autem
943 1947 1167 2001 motum
1199 1954 1335 2000 esse
1363 1953 1489 2000 non
1515 1945 1944 2013 sempiternum
1971 1946 2168 2012 potest
2194 1942 2392 2001 dicere
2419 1957 2679 2017 primum

250 2011 495 2070 instans
524 2011 811 2083 temporis
840 2025 975 2071 esse
1004 2012 1361 2083 principium
1406 2011 1593 2070 futuri
1642 2015 1700 2068 et
1748 2011 1978 2092 nullius
2003 2013 2283 2083 praeteriti
2328 2012 2532 2078 finem.
2561 2018 2682 2075 Nec

252 2087 554 2155 repugnat
578 2080 953 2141 successioni
984 2082 1270 2155 temporis
1297 2081 1457 2155 quod
1524 2085 1741 2139 onatur
1766 2095 1829 2138 in
1859 2081 1994 2153 ipso
2022 2082 2266 2156 aliquod
2289 2099 2433 2142 nunc
2459 2086 2682 2157 princi·

248 2151 420 2224 pium
448 2157 509 2210 et
537 2165 659 2211 non
688 2152 850 2223 finis,
924 2158 1121 2224 ropter
1145 2154 1261 2212 boc
1291 2152 1454 2225 quod
1505 2151 1643 2211 inea
1668 2152 1731 2209 in
1758 2165 1878 2224 qua
1902 2151 2145 2224 ponitur
2169 2161 2431 2227 punctus
2460 2156 2685 2230 aliquis

249 2222 705 2305 principiumet
732 2236 855 2304 noti
883 2167 1044 2306 gni&
1096 2230 1204 2305 ‚est
1243 2227 1413 2283 stans
1440 2226 1501 2281 et
1537 2234 1660 2280 non
1699 2220 1933 2291 fiuens;
1980 2223 2123 2295 quia
2165 2225 2344 2304 etjam
2392 2226 2456 2308 in
2514 2231 2683 2286 motu

250 2293 460 2366 aliquo
488 2293 855 2375 particulari,
881 2308 985 2365 qui
1032 2298 1211 2353 etiam
1258 2307 1380 2352 non
1430 2296 1524 2353 est
1564 2298 1736 2351 stans
1772 2291 1879 2350 sed
1924 2290 2141 2363 fluenS,
2181 2307 2410 2368 signari
2455 2296 2683 2369 aliquid

248 2367 452 2435 potest
489 2369 558 2422 ut
593 2363 953 2435 principium
1002 2368 1204 2423 motus
1245 2368 1477 2423 tantum
1507 2367 1568 2421 et
1585 2375 1710 2443 non
1761 2366 1827 2421 ut
1859 2360 2034 2433 finis;
2072 2364 2245 2424 aliter
2284 2366 2445 2425 enim
2481 2368 2682 2426 omnis

250 2438 457 2493 motus
485 2439 647 2494 esset
678 2439 1020 2505 perpetuus,
1051 2433 1212 2517 quod
1240 2439 1332 2493 est
1353 2432 1769 2515 impossibile..

320 2503 498 2574 Quod
523 2507 723 2565 autem
746 2504 914 2576 prius
935 2510 1178 2577 ponitur
1205 2518 1495 2566 non-esse
1520 2509 1808 2576 temporis
1836 2517 2016 2577 quam
2033 2504 2165 2578 ejus
2192 2519 2350 2577 esse,
2371 2508 2423 2567 si
2439 2512 2677 2582 tempus

245 2574 497 2650 incepit,
526 2589 650 2635 non
672 2576 833 2649 cogit
855 2589 972 2636 nos
991 2576 1188 2635 dicere
1215 2574 1396 2649 quod,
1424 2574 1479 2633 si
1506 2575 1749 2656 ponitur
1776 2579 2013 2646 tempus
2059 2589 2217 2641 esse.
2249 2583 2508 2649 ponatur
2550 2593 2677 2641 non

248 2659 412 2716 esse,
443 2648 513 2706 ut
550 2651 720 2706 sexta
763 2648 915 2706 ratio
969 2646 1379 2705 concludebat.
1418 2648 1565 2704 Nam
1607 2657 1796 2716 prius,
1842 2645 2004 2717 quod
2048 2646 2307 2706 dicimus
2351 2656 2669 2723 antequam

246 2722 490 2789 tempus
517 2723 699 2781 esset,
731 2730 852 2776 non
877 2718 1048 2789 ponit
1081 2717 1158 2774 ali
1200 2729 1344 2798 uam
1385 2720 1504 2774 tem
1548 2716 1673 2774 oris
1717 2715 2034 2786 partemin
2079 2729 2167 2787 re,
2209 2717 2315 2776 sed
2357 2719 2558 2778 solum
2606 2722 2671 2781 in

244 2789 374 2848 ima
417 2788 722 2858 inatione;
751 2801 935 2861 quum
966 2787 1127 2847 enim
1196 2799 1411 2845 :cimus
1439 2803 1456 2844 ε
1528 2798 1741 2857 empus
1786 2784 1964 2843 babet
2007 2797 2144 2845 esse
2190 2794 2330 2859 post
2364 2803 2684 2862 non-esse,

247 2802 649 2932 intefiigimus
680 2858 843 2941 quod
869 2871 993 2918 non
1022 2858 1134 2916 suit
1160 2857 1363 2930 aliqua
1392 2868 1531 2929 pars
1557 2855 1843 2937 temporis
1865 2860 2002 2914 ante
2032 2856 2148 2939 boc
2171 2859 2676 2941 nui-icsignatum

248 2932 411 2989 sicut
438 2940 624 3002 quum
654 2928 911 2988 dicimus
935 2928 1097 3002 quod
1124 2941 1307 3000 supra
1331 2926 1878 3008 coelumnibitest,
1917 2938 2040 2986 non
2085 2929 2479 3003 intelligimus
2518 2931 2680 3005 quod

248 2999 474 3074 aliquis
502 3000 675 3059 locus
703 3000 785 3058 sit
809 3004 972 3058 extra
1001 2999 1240 3069 ceilam,
1273 2997 1373 3071 qui
1410 3002 1607 3079 possit
1644 2996 1762 3055 dici
1810 3009 1992 3078 supra
2046 3005 2318 3070 respectu
2362 3002 2520 3066 edili,
2568 3002 2677 3063 sed

249 3071 414 3144 quod
437 3083 563 3130 non
590 3075 684 3130 est
708 3070 880 3128 locus
902 3083 976 3128 eo
1002 3069 1296 3141 superior.
1327 3067 1648 3141 Utrobique
1675 3071 1874 3126 autem
1902 3069 2253 3141 imaginatio
2281 3076 2478 3143 potest
2523 3086 2687 3132 men·

248 3154 456 3202 suram
484 3140 745 3213 aliquam
776 3139 861 3198 rei
889 3138 1168 3198 existenti
1196 3138 1757 3221 apponere,ratione
1769 3136 2269 3217 cujus,sicutnon
2285 3147 2378 3200 est
2400 3143 2678 3214 ponenda

249 3211 558 3286 quantitas
611 3210 881 3284 corporis
935 3210 1190 3278 infinita,
1226 3215 1294 3268 ut
1333 3209 1555 3268 dicitur
1595 3221 1662 3266 in
1702 3212 1878 3267 tertio
1920 3209 2274 3280 Physicorum
2312 3211 2467 3272 libro
2512 3212 2678 3286 (text.

248 3295 471 3343 comm.
502 3281 614 3355 60),
645 3281 729 3340 ita
756 3295 866 3340 nec
893 3284 1129 3362 tempus
1161 3281 1224 3338 in
1253 3285 1562 3340 aeternum.

318 3353 550 3411 veritas
575 3358 774 3410 autem
801 3352 1303 3424 propositionum,
1335 3363 1515 3424 quam
1563 3352 1797 3422 oportet
1822 3349 2151 3409 concedere
2177 3352 2359 3412 etiam
2406 3354 2679 3426 proposi·

244 3424 450 3483 tiones
489 3427 828 3504 negantem,
854 3436 930 3479 ex
973 3435 1092 3493 qua
1133 3422 1388 3493 septima
1420 3419 1575 3479 ratio
1619 3419 1996 3491 procedebat,
2036 3420 2216 3481 babet
2257 3424 2676 3485 necessitatem

249 3493 483 3553 ordinis
505 3507 609 3567 qui
634 3498 726 3552 est
751 3492 1052 3565 praedicati
1079 3490 1153 3550 ad
1182 3492 1551 3573 subjectum3
1580 3490 1740 3548 unde
1766 3501 1892 3548 non
1917 3503 1991 3549 co
2036 3490 2082 3549 it
2101 3492 2365 3565 aliquam
2386 3507 2512 3551 rem
2536 3506 2675 3555 esse

247 3576 509 3692 sempg,
537 3562 659 3622 nisi
688 3563 844 3704 ἰοῖῑὸ
867 3562 1233 3706 intentatum
1262 3561 1551 3625 divinum,
1580 3559 1645 3618 in
1667 3572 1788 3633 quo
1814 3563 1908 3620 est
1933 3573 1965 3620 r
2041 3561 2104 3620 ix
2139 3562 2341 3623 omnis
2384 3565 2672 3630 veritatis,

318 3706 490 3763 Patet
515 3703 701 3776 igitur
727 3702 885 3776 quod
917 3675 1183 3762 rationes
1206 3715 1280 3762 ex
1305 3701 1597 3764 creaturis
1625 3699 1885 3765 inductae
1919 3714 2045 3764 non
2084 3707 2314 3777 cogunt
2350 3702 2429 3764 ad
2467 3702 2676 3764 mundi

250 3774 643 3836 aeternitatem
674 3771 1037 3846 ponendam.

1175 3960 1428 4029 CAPUT
1461 3960 1762 4030 xxxvtt.

458 4124 813 4177 sermons
836 4122 1145 4174 uriom
1174 4124 1529 4176 stiur-nimi
1561 4125 1642 4173 sx
1680 4124 1874 4174 ram
1906 4121 2211 4178 nouom
2252 4125 2472 4177 amit.

320 4275 527 4334 Restat
548 4276 752 4332 autem
780 4273 1096 4332 ostendere
1123 4273 1286 4348 quod
1312 4286 1426 4333 nec
1451 4284 1527 4332 ex
1571 4275 1736 4345 parte
1776 4271 2191 4345 productionis
2233 4287 2430 4335 rerum
2479 4272 2681 4348 aliqua

248 4345 401 4404 ratio
431 4348 676 4416 sumpta
704 4356 919 4425 cogere
987 4342 1142 4425 ossit
1168 4345 1242 4403 ad
1272 4343 1452 4403 idem.
1561 4411 1573 4424 ·
1607 4411 1620 4424 ·
2537 4412 2550 4424 .

319 4413 674 4493 Communis
700 4425 862 4475 enim
896 4427 935 4488 p
983 4413 1397 4488 ilosopborum
1440 4416 1665 4488 positio
1711 4413 2065 4488 ponentium
2092 4428 2166 4475 ex
2204 4415 2398 4477 nihilo
2425 4413 2576 4483 fieri,
2603 4422 2678 4470 ex

2347 4531 2409 4581 tu
