3076 5025
1136 325 1270 383 LIB.
1310 327 1356 396 1,
1394 326 1548 385 CAP.
1588 326 1766 384 mv,
2589 334 2663 386 49

230 445 514 528 quidque
535 445 670 521 agit
695 458 805 518 per
828 445 1459 526 suam‚formam,·quae
1488 443 1578 502 vel
1608 449 1701 524 est
1725 445 1990 505 essentia
2006 446 2158 518 ejus,
2174 446 2267 505 vel
2282 460 2422 519 pars
2449 427 2654 508 ess‘en·

232 525 339 584 tia,
370 522 578 576 virtus
607 523 809 574 autem
829 514 1182 597 principium
1210 521 1466 596 actioni-s
1502 521 1787 573 nominat.
1804 516 1929 598 ‚Sed
1956 519 2121 598 ‘Deus
2169 531 2293 576 non
2323 517 2502 576 babet
2535 520 2653 579 vir-

236 592 415 647 tubm
445 587 709 646 activam
740 585 992 644 finitam.
1019 587 1205 643 Movet
1228 596 1386 644 enim
1420 598 1482 642 in
1509 588 1772 656 tempore
1799 585 2056 657 infinito,
2098 587 2258 661 quod
2308 601 2428 645 non
2458 594 2653 660 potest

239 671 366 717 esse
394 658 524 717 nisi
573 672 614 716 a
638 657 858 715 virtute
887 653 1137 738 infinita,
1169 660 1234 713 ut
1257 668 1465 737 ‘supra
1492 652 1645 727 (cap.
1676 656 1768 729 20)
1798 663 2111 717 ostensum
2146 662 2258 717 est.
2285 659 2660 733 Relinquitur

240 729 419 802 igitur
448 728 556 787 Dei
583 726 914 786 essentiam
942 739 1074 785 esse
1102 725 1418 784 infinitam.

316 800 444 858 llaec
491 804 691 858 autem
734 797 886 856 ratio
910 802 1000 855 est
1022 796 1351 856 secundum
1378 799 1684 879 potientes·
1705 799 2091 858 aeternitatem
2122 798 2351 870 mundi,
2380 814 2500 882 qua
2527 814 2652 860 non

241 870 456 943 posita,
487 869 685 928 adhuc
715 868 910 939 magis
939 864 1324 926 confirmatur
1341 878 1548 937 opinio
1574 865 1649 924 de
1667 865 1958 927 infinitate
1985 868 2202 929 divinae
2228 869 2485 930 virtutis.
2504 874 2652 930 Nam

243 940 716 1014 unumquodque
743 951 930 1012 agens
972 942 1141 1019 tanto
1186 942 1279 995 est
1317 936 1646 1019 virtuosius
1689 937 1764 1019 in·
1781 938 2034 1011 agendo,
2059 947 2281 1022 quanto
2330 941 2656 1014 potentiam

241 1008 909 1140 ffifflzssefffifflmff
935 1013 1071 1136 ἓξὲξ
1118 1006 1686 1137 “laafflrissffll‘iii‘
1713 1014 1872 1137 iiiii
1895 1010 2349 1140 “nitriam
2380 1018 2653 1141 effigit

243 1150 475 1210 infinite
512 1151 697 1210 distat
721 1149 798 1209 ab
824 1093 954 1209 aci¹u
992 1162 1104 1207 nec
1117 1093 1229 1230 fest
1249 1148 1451 1230 aliquo
1478 1120 1659 1207 niodo
1692 1148 1756 1208 in
1782 1095 2067 1222 potgntia.
2098 1152 2294 1234 igitur·
2309 1151 2362 1210 si
2390 1125 2658 1212 mundus

242 1222 563 1351 factusnileist
609 1226 926 1294 postquam
975 1231 1224 1278 omnino
1250 1232 1418 1292 prius
1474 1232 1597 1278 non
1651 1224 1798 1296 erat,
1829 1225 2062 1293 oportet
2089 1221 2332 1280 factoris
2381 1225 2658 1282 virtutem
2698 1237 2716 1293 ζ

243 1304 383 1353 esse
408 1292 428 1351 i
518 1292 728 1350 uitam.

316 1364 454 1421 Haec
477 1369 672 1420 autem
700 1360 852 1421 ratio
876 1361 1055 1419 etiam
1084 1359 1413 1419 secundum
1458 1372 1587 1429 eos,
1615 1358 1718 1433 qui
1744 1365 1975 1431 ponunt
2009 1360 2396 1420 aeternitatem
2423 1362 2651 1431 mundi,

240 1432 404 1492 valet
429 1432 502 1491 ad
530 1432 902 1505 probandum
942 1430 1294 1489 infinitatem
1335 1428 1551 1488 divinae
1577 1429 1834 1490 virtutis.
1870 1431 2236 1490 Confitentur
2281 1432 2441 1490 enim
2471 1434 2654 1493 Deum

242 1515 383 1562 esse
398 1517 642 1561 causam
654 1502 979 1578 ‚mundante
1004 1500 1375 1569 substantiae,
1396 1501 1668 1582 quamvis
1686 1515 1816 1583 eam
1838 1503 2257 1584 sempiternam
2275 1502 2652 1572 arbitrentur,

243 1574 516 1633 dicentes
540 1574 655 1632 hoc
680 1572 862 1632 modo
889 1574 1073 1630 Deum
1100 1578 1382 1630 aeternum
1407 1575 1750 1643 sempiterni
1771 1572 1977 1631 mundi
1999 1586 2240 1632 causam
2259 1578 2476 1644 extare,
2501 1575 2659 1633 sicut

244 1658 357 1716 pes
382 1643 461 1702 ab
511 1649 737 1704 aeterno
784 1642 1001 1701 fuisset
1028 1655 1214 1701 causa
1252 1641 1512 1714 vestigii,
1541 1642 1595 1699 si
1623 1641 1698 1700 ab
1744 1648 1966 1702 aeterno
1993 1643 2209 1703 fuisset
2235 1644 2567 1715 impressus
2589 1646 2654 1703 in

250 1714 512 1842 pulvere.
540 1716 661 1773 Hac
710 1719 909 1773 autem
937 1714 1236 1785 positione
1265 1711 1773 1792 facta-secundum
1799 1714 2089 1772 rationem
2119 1714 2478 1786 praedictam,
2500 1715 2656 1774 nihi·

288 1785 521 1844 ominus
538 1786 815 1858 sequitur
833 1784 935 1842 Dei
965 1783 1235 1841 virtutem
1266 1781 1558 1840 infinitam
1586 1795 1720 1841 esse
1746 1797 1883 1841 nam
1913 1784 2038 1843 sive
2067 1799 2141 1842 ex
2167 1788 2428 1856 tempore
2448 1798 2658 1845 secun-

262 1853 404 1934 dum
426 1868 551 1920 nos,
574 1856 703 1914 sive
733 1855 810 1914 ab
837 1859 1058 1913 aeterno
1087 1852 1414 1934 secundum
1444 1866 1551 1911 eos
1565 1866 1673 1934 ,res
1718 1854 2080 1935 produxerit,
2110 1854 2262 1937 nihil
2290 1869 2425 1924 esse
2451 1860 2658 1937 ,potest

260 1938 327 1983 in
350 1939 435 1997 re,
460 1926 622 1999 quod
650 1937 773 1984 non
802 1925 931 1996 ipse
974 1923 1334 1996 produxerit,
1367 1936 1504 1982 cum
1526 1928 1606 1982 sit
1629 1925 1965 1983 universale
1993 1925 2233 1984 essendi
2275 1927 2655 1998 principium,

256 2000 315 2053 et
349 1996 460 2064 sic,
487 1997 654 2054 nulla
702 1995 1139 2069 praesupposita·
1161 1993 1410 2052 materia
1432 1992 1524 2050 vel
1548 1994 1831 2065 potentia,
1861 1995 2158 2067 produxit.
2190 1997 2433 2068 Oportet
2455 2002 2656 2057 autem

246 2067 698 2138 pmportionem
743 2066 979 2124 virtutis
1029 2067 1229 2124 activae
1252 2064 1518 2135 accipere
1547 2064 1873 2135 secundum
1905 2067 2350 2148 proportionem
2378 2067 2656 2139 potentiae

242 2137 525 2209 passivae.
553 2139 698 2195 Nam
757 2142 981 2210 quanto
1006 2135 1272 2207 potentia
1310 2134 1552 2206 passiva
1577 2134 1770 2208 major
1809 2136 2133 2207 praeexlstit
2181 2137 2275 2195 vel
2311 2137 2656 2219 praeintelli-

239 2207 429 2280 gitur,
454 2212 623 2266 tanto
644 2207 856 2279 majori
883 2206 1096 2264 virtute
1122 2205 1314 2287 activa
1346 2205 1412 2262 in
1456 2210 1651 2263 actum
1679 2206 2027 2278 completur.
2055 2179 2430 2288 Relinquitur
2455 2208 2662 2282 igitur,

241 2290 382 2335 cum
415 2277 607 2337 virtus
634 2276 806 2335 finita
844 2275 1132 2349 producat
1177 2276 1257 2335 ali
1301 2288 1438 2347 uem
1466 2274 1744 2334 effectum
1777 2282 2215 2349 praesupposita
2240 2279 2506 2350 potentia
2531 2292 2659 2338 ma·

243 2348 434 2430 terim,
462 2347 628 2431 quod
653 2349 759 2429 Dei
784 2347 995 2417 virtus,
1058 2290 1397 2429 μωριιῧρπι
1412 2346 1735 2419 potentiam
1758 2349 2185 2421 praesupponit,
2214 2361 2338 2407 non
2365 2348 2448 2408 sit
2469 2347 2656 2418 finita,

241 2419 352 2477 sed
373 2417 635 2484 infinita,
664 2424 724 2476 et
744 2423 827 2476 ita
849 2430 1026 2477 essen
1076 2431 1113 2476 a
1142 2415 1394 2476 infinita.

312 2486 596 2567 Ampium,
619 2500 993 2561 unaquaeque
1012 2500 1109 2547 res
1129 2491 1294 2549 tanto
1314 2492 1408 2547 es*-
1432 2486 1793 2558 diuturnior,
1815 2493 2040 2561 quanto
2063 2490 2195 2561 ejus
2216 2501 2352 2549 esse
2373 2502 2558 2549 causa
2576 2496 2672 2550 est

239 2554 570 2615 efficacior.
600 2557 756 2615 Illud
782 2557 967 2631 igliur
1006 2573 1182 2640 euius
1222 2559 1585 2618 diuturnitas
1601 2564 1706 2640 ,est
1729 2557 1981 2628 infinita,
2007 2563 2238 2641 oportet
2266 2559 2428 2632 quod
2458 2559 2673 2620 habeat

242 2640 381 2684 esse
409 2640 519 2698 per
539 2640 783 2686 causam
809 2629 1089 2687 efficaciae
1112 2628 1381 2689 infinitae.
1412 2629 1524 2688 Sed
1555 2630 1914 2688 diuturnitas
1943 2632 2046 2686 Dei
2069 2635 2161 2687 est
2184 2628 2437 2689 infinita.
2459 2632 2671 2690 Osten-

241 2709 380 2754 sum
410 2702 507 2755 est
530 2697 692 2754 enini
722 2712 905 2769 supra
935 2699 1085 2771 (cap.
1120 2701 1207 2772 15)
1230 2699 1426 2771 ipsum
1450 2712 1588 2757 esse
1609 2704 1917 2756 aeternum.
1945 2700 2089 2756 Cum
2114 2698 2297 2770 igitur
2316 2713 2435 2757 non
2459 2701 2674 2760 habeat

242 2766 427 2824 aliam
456 2781 705 2826 causam
737 2769 848 2846 sui·
863 2782 997 2827 esse
1026 2774 1241 2840 praeter
1269 2768 1559 2840 seipsum,
1591 2773 1826 2849 oportet
1850 2768 2048 2839 ipsum
2074 2780 2211 2848 esse
2240 2767 2563 2849 inlinitum.

319 2837 471 2894 Huic
497 2843 697 2896 autem
732 2839 959 2896 veritati
991 2852 1166 2897 sacra
1193 2839 1495 2910 Scriptura
1521 2843 1932 2896 testimonium
1972 2837 2261 2909 perhibet.
2290 2842 2387 2896 Ait
2416 2851 2676 2912 namque

240 2907 608 3049 ἐιεαὲῐὲξίεέἓε
650 2910 889 3033 lillaanus
932 2910 1193 3047 gortinus
1232 2912 1284 2966 et
1334 2909 1631 2966 laudabilis
1662 2909 1848 2972 nimis,
1886 2914 1940 2966 et
1960 2909 2365 2978 maqnitudinis
2402 2910 2521 2980 ejus
2564 2924 2675 2968 mm

431 2992 480 3032 ιε
579 2989 649 3034 sa
677 3020 689 3034 .
719 2989 918 3046 cxuv,
986 3020 1000 3035 .

319 3045 471 3105 Huic
498 3047 677 3104 etiam
709 3048 936 3105 veritati
981 3052 1336 3123 attestantur
1362 3048 1920 3121 antiquissimorum
1960 3049 2456 3122 philosophorum
2490 3049 2676 3121 dicta,

242 3116 596 3198 quiomnes
624 3117 1279 3199 posueruntjnflnitum
1311 3118 1569 3192 primum
1598 3133 1795 3178 rerum
1825 3121 2204 3193 principium,
2234 3122 2406 3193 quasi
2438 3121 2512 3180 ab
2540 3121 2675 3193 ipsa

236 3191 495 3245 veritate
526 3188 740 3246 coacti.
775 3191 1079 3259 Propriam
1107 3189 1267 3246 enim
1296 3202 1503 3247 vocem
1530 3190 1906 3264 ignorabant,
1932 3192 2297 3250 aestimantes
2317 3190 2671 3249 infinitatem

238 3255 529 3328 principii
580 3257 654 3315 ad
714 3258 957 3334 modum
1006 3258 1354 3332 quantitatis
1397 3259 1692 3330 discretae,
1738 3261 2068 3320 secundum
2117 3262 2538 3329 Democritum,
2568 3260 2673 3333 qui

236 3328 454 3399 posuit
487 3332 723 3387 atomos
761 3327 1032 3387 infinitos
1074 3343 1269 3387 rerum
1319 3329 1633 3402 principia,
1664 3335 1721 3389 et
1748 3332 2077 3391 secundum
2106 3337 2536 3404 Anaxagoram,
2569 3331 2673 3402 qui

233 3397 455 3469 posuit
483 3395 751 3457 infinitas
778 3404 978 3469 partes
1009 3399 1359 3458 consimiles
1391 3400 1689 3473 principia
1715 3415 1912 3459 rerum
1942 3402 2014 3460 ad
2042 3403 2286 3460 modum
2322 3400 2675 3475 quantitatis

166 3522 179 3530 .
240 3468 577 3539 continuae,
602 3467 937 3527 secundum
966 3468 1107 3529 illos
1135 3470 1237 3542 qui
1265 3477 1599 3542 posuerunt
1639 3471 1884 3544 aliquod
1925 3473 2307 3540 elementum,
2337 3471 2429 3529 vel
2460 3471 2674 3528 cousu-

240 3550 384 3595 sum
415 3538 660 3620 aliquod
692 3538 993 3597 infinitum
1022 3553 1241 3622 corpus
1268 3554 1405 3622 esse
1431 3541 1689 3613 primum
1710 3542 1978 3624 omnium
2004 3543 2384 3615 principium.
2407 3542 2516 3599 Sed
2535 3553 2677 3622 cum·

240 3613 558 3667 ostensum
591 3614 673 3666 sit
699 3623 806 3691 per
832 3616 1210 3681 sequentium
1247 3611 1743 3683 philosophorum
1783 3613 2070 3683 studium,
2101 3612 2261 3687 quod
2291 3625 2415 3670 non
2444 3616 2536 3670 est
2561 3612 2672 3668 ali-

245 3678 413 3751 quod
442 3690 668 3750 corpus
705 3678 1025 3748 infinitum,
1056 3689 1114 3740 et
1143 3681 1282 3739 buic
1326 3681 1743 3754 conjungatur,
1793 3683 1951 3756 quod
1997 3688 2231 3755 oportet
2277 3687 2372 3741 est
2414 3683 2673 3753 primum

240 3747 612 3830 principium
641 3748 846 3831 aliquo
871 3751 1050 3809 niodo
1094 3750 1417 3822 infinitum,
1448 3752 1828 3811 concluditur
1871 3753 2032 3826 quod
2078 3765 2272 3825 neque
2315 3758 2410 3811 est
2454 3763 2673 3833 corpus

247 3831 457 3961 aeq&
495 3823 688 3877 virtus
735 3833 1090 3963 inncqrpore
1133 3819 1435 3882 infinitum
1482 3822 1655 3894 illud,
1696 3821 1858 3898 quod
1889 3829 1983 3886 est
2004 3823 2264 3899 primum
2287 3823 2672 3900 principium.

326 3902 362 3963 p
461 3930 502 3962 θ’
529 3903 591 3965 q·
620 3902 727 3959 vu,
756 3902 793 3950 a
852 3931 866 3948 ο
936 3932 950 3948 ο

2114 4045 2154 4080 a

1212 4065 1468 4137 CAPUT
1501 4067 1709 4135 XLIV.

1008 4226 1164 4285 ouon
1197 4229 1348 4277 nnus
1376 4228 1486 4277 aar
1519 4226 1913 4281 mutuans.

323 4364 405 4444 ξι
428 4361 765 4437 praemissis
796 4368 995 4423 autem
1016 4366 1251 4425 ostendi
1272 4371 1470 4439 potest
1492 4368 1652 4440 quod
1674 4370 1833 4426 Deus
1856 4366 1939 4427 sit
1963 4365 2154 4428 intelli
2200 4379 2328 4430 ens.
2350 4369 2669 4431 ostensum

246 4439 414 4496 enim
439 4439 537 4496 est
556 4447 741 4510 supra
768 4436 931 4511 qued
958 4436 1024 4497 in
1051 4437 1431 4499 moventibus
1446 4442 1506 4499 et
1522 4438 1706 4500 motis
1728 4449 1854 4501 non
1876 4441 1970 4501 est
1981 4441 2148 4515 poss‘
2193 4440 2272 4502 ile
2287 4440 2353 4502 in
2371 4440 2672 4512 infinitum

2356 4551 2394 4605 4
