3076 5025
1136 242 1270 301 LIB.
1310 243 1401 312 w,
1441 243 1594 299 CAP.
1629 243 1762 299 xvi.
2556 246 2658 301 527

231 363 520 444 nientiam
547 362 623 421 ad
650 362 833 422 talem
861 362 1102 434 locum;
1133 363 1295 438 ignis
1319 378 1461 423 vero
1489 369 1811 437 generatus
1838 365 2019 423 estin
2046 365 2189 439 igne
2205 369 2528 439 generante
2551 380 2664 439 per

231 434 696 496 similitudinem
731 448 857 492 suae
885 434 1112 493 formae.

306 505 463 574 Quia
490 504 675 578 igitur
711 511 1022 564 ostensum
1059 508 1152 564 est
1192 505 1352 578 quod
1380 505 1442 563 in
1470 504 1635 563 omni
1673 510 1888 564 natura
1909 505 2296 566 intellectuali
2327 509 2420 566 est
2444 505 2661 566 volun-

230 581 350 644 taS,
380 577 541 634 Deus
569 579 767 633 autem
795 575 1138 649 intelligens
1164 579 1276 644 est,
1304 582 1371 633 ut
1393 583 1706 635 ostensum
1735 582 1828 636 est
1854 576 1916 648 (l.
1947 590 1990 648 1,
2019 591 2075 636 c.
2105 577 2220 650 44),
2250 581 2484 649 oportet
2500 577 2664 651 quod

230 646 298 704 in
341 645 479 718 ipso
517 645 596 705 sit
639 645 958 715 voluntas3
1007 659 1129 703 non
1175 646 1416 719 quidem
1503 647 1622 704 uod
1665 646 1944 706 voluntas
1996 648 2101 705 Dei
2149 649 2231 706 sit
2277 647 2503 722 aliquid
2529 647 2663 720 ejus

230 716 516 776 essentiae
559 717 1010 798 supervenienS,
1039 716 1198 775 sicut
1219 730 1332 776 nec
1358 717 1480 775 inte
1507 717 1718 787 lectus,
1761 722 2040 789 utsupra
2065 722 2377 777 ostensum
2407 723 2519 788 est,
2550 718 2662 777 sed

231 785 521 845 voluntas
551 788 655 844 Dei
685 791 778 846 est
805 786 939 858 ipsa
963 787 1095 859 ejus
1125 787 1501 852 substantia;
1530 792 1611 855 et,
1640 801 1822 861 quum
1861 786 2201 848 intellectus
2231 789 2410 847 etiam
2450 789 2555 848 Dei
2579 789 2664 848 sit

229 858 405 987 {psaa
403 857 536 930 ejus
564 857 920 928 substantia,
950 856 1222 931 sequitur
1247 857 1409 932 quod
1437 872 1559 916 una
1584 872 1680 917 res
1710 858 1832 917 sint
1859 858 1923 916 in
1944 860 2065 917 Deo
2094 858 2435 919 intellectus
2465 865 2525 918 et
2542 872 2661 919 vo·

308 998 579 1067 Qualiter
601 1003 798 1058 autem
826 998 953 1057 haec
982 1013 1115 1073 quae
1142 998 1208 1056 in
1235 998 1369 1058 aliis
1396 998 1578 1058 rebus
1610 1000 1814 1071 plures
1841 1013 1940 1058 res
1968 1000 2199 1059 suntin
2229 1003 2352 1059 Deo
2388 1000 2514 1060 sint
2538 1013 2664 1060 una

235 1083 361 1138 reS,
394 1083 469 1128 ex
495 1069 593 1128 his
620 1070 839 1142 quaein
861 1069 1056 1141 primo
1080 1069 1233 1129 libro
1262 1070 1419 1129 dicta
1442 1074 1585 1128 sunt
1604 1075 1804 1142 potest
1826 1084 1961 1128 esse
1986 1071 2398 1130 manifestum.

309 1141 398 1210 Et,
428 1139 570 1212 quia
590 1145 900 1199 ostensum
925 1145 1019 1198 est
1043 1139 1108 1213 (l.
1137 1153 1182 1206 1,
1212 1154 1264 1198 c.
1296 1140 1387 1213 32)
1416 1141 1576 1214 quod
1608 1140 1874 1212 operatio
1904 1141 2007 1198 Dei
2035 1142 2117 1199 sit
2139 1141 2274 1213 ipsa
2300 1142 2431 1213 ejus
2459 1155 2666 1201 essen-

232 1208 324 1269 tia
368 1214 431 1268 et
476 1211 740 1270 essentia
766 1211 848 1270 sit
884 1210 1016 1284 ejus
1042 1209 1344 1281 voluntas,
1376 1212 1647 1284 sequitur
1677 1210 1837 1284 quod
1867 1211 1929 1269 in
1957 1212 2076 1270 Deo
2105 1225 2229 1269 non
2259 1217 2353 1269 εει
2378 1210 2663 1272 voluntas

232 1279 572 1339 secundum
657 1281 940 1340 otentiam
983 1279 1077 1341 vel
1122 1281 1409 1352 habitum,
1457 1280 1565 1339 sed
1593 1281 1922 1339 secundum
1968 1286 2187 1341 actum.
2220 1284 2539 1342 ostensum
2567 1287 2665 1342 est

233 1356 438 1479 autgm
464 1365 583 1479 quto
643 1352 843 1410 omnis
861 1355 1031 1410 actus
1051 1350 1374 1410 voluntatis
1400 1352 1463 1409 in
1492 1364 1694 1410 amore
1711 1352 2029 1410 radicatur.
2060 1352 2223 1411 Unde
2251 1358 2484 1425 oportet
2498 1352 2664 1427 quod

232 1434 301 1479 m
379 1434 453 1480 eo
482 1435 535 1480 ει
589 1434 780 1481 amor.

311 1494 381 1549 Et
420 1493 583 1565 quia,
630 1497 698 1551 ut
740 1493 805 1551 in
849 1493 1043 1565 primo
1089 1492 1242 1553 libro
1290 1498 1602 1552 ostensum
1638 1499 1750 1563 est,
1779 1493 2085 1565 proprium
2113 1494 2413 1566 objectum
2439 1493 2661 1555 divinae

243 1561 585 1644 voluntatis·
609 1569 704 1622 est
728 1563 860 1636 eius
891 1562 1152 1633 bonitas,
1186 1577 1436 1622 necesse
1458 1570 1551 1623 est
1572 1564 1733 1637 quod
1760 1565 1919 1622 Deus
1945 1565 2140 1635 primo
2168 1570 2229 1623 et
2257 1564 2444 1636 princi
2489 1564 2665 1624 aliter

237 1646 415 1691 suam
442 1632 770 1692 bonitatem
799 1637 857 1691 et
884 1634 1150 1705 seipsum
1179 1640 1356 1692 amet.
1392 1635 1587 1703 Quum
1609 1639 1807 1691 autem
1834 1639 2149 1693 ostensum
2193 1634 2274 1693 sit
2300 1649 2420 1707 quo
2490 1649 2660 1694 ama-

221 1708 367 1783 tum
415 1717 663 1763 necesse
707 1708 799 1763 est
843 1702 1180 1775 aliqualiter
1208 1718 1344 1763 esse
1369 1704 1434 1785 in
1460 1704 2074 1785 voluntateamantiS,
2104 1705 2233 1776 ipse
2271 1710 2468 1764 autem
2500 1709 2662 1764 Deus

234 1786 511 1846 seipsum
557 1778 734 1843 amet,
782 1787 1032 1833 neccsse
1078 1779 1169 1833 est
1197 1774 1358 1847 quod
1387 1788 1516 1846 ιρεε
1543 1776 1700 1833 Deus
1728 1775 1899 1832 sitin
1928 1788 2043 1834 sua
2067 1775 2371 1834 voluntate
2399 1779 2466 1835 ut
2495 1788 2662 1834 ama-

233 1849 367 1902 tum
399 1844 463 1902 in
495 1851 752 1903 amante.
796 1847 899 1902 Est
939 1848 1135 1903 autem
1183 1850 1442 1904 amatum
1485 1845 1551 1903 in
1579 1849 1815 1903 amante
1840 1845 2168 1904 secundum
2202 1844 2362 1918 quod
2387 1851 2659 1915 amatur-3

233 1927 444 1973 amare
495 1920 692 1974 autem
742 1914 1044 1988 quoddam
1070 1915 1222 1974 velle
1253 1921 1383 1984 est3
1411 1914 1566 1973 velle
1593 1920 1792 1974 autem
1820 1915 1925 1973 Dei
1952 1917 2200 1988 est-ejus
2228 1929 2387 1986 esse,
2418 1917 2578 1975 sicut
2603 1920 2667 1974 et

235 1984 522 2066 voluntas
571 1985 703 2058 ejus
745 1991 839 2045 est
866 1986 997 2057 ejus
1026 2000 1180 2068 csse.
1214 1988 1358 2045 Esse
1385 1985 1572 2060 igitur
1598 1986 1699 2068 1)οεί
1724 1986 1790 2043 in
1815 1986 2119 2068 voluntate
2148 2001 2261 2045 sua
2281 2000 2388 2059 per
2414 1986 2663 2046 modum

238 2068 473 2114 amoris
516 2069 636 2116 non
685 2062 778 2116 est
816 2069 953 2116 esse
997 2056 1379 2125 accidentale,
1427 2057 1587 2116 sicut
1624 2069 1690 2114 ιιι
1739 2055 1938 2126 nobis,
1981 2056 2089 2115 sed
2119 2056 2462 2116 essentiale.
2494 2057 2664 2116 Unde

237 2131 482 2208 oportet
521 2126 684 2209 quod
723 2128 904 2197 Βειιε,
952 2127 1281 2187 secundum
1326 2127 1488 2201 quod
1528 2126 1941 2188 consideratur
1983 2133 2050 2186 ut
2093 2128 2158 2186 in
2203 2141 2316 2186 sua
2357 2129 2667 2187 voluntate

231 2201 527 2266 existens,
559 2203 636 2256 sit
662 2212 796 2256 vere
826 2203 887 2255 et
911 2198 1385 2256 substantialiter
1410 2200 1592 2257 Deus.

312 2267 486 2336 Quod
532 2273 730 2326 autem
775 2267 997 2342 aliquid
1040 2268 1120 2327 sit
1165 2269 1229 2325 in
1275 2269 1580 2327 voluntate
1624 2274 1691 2327 ut
1726 2274 1987 2328 amatum
2015 2269 2079 2327 in
2104 2274 2364 2339 amante,
2389 2268 2665 2328 ordinem

231 2337 558 2411 quemdam
582 2338 760 2397 habet
784 2340 859 2396 ad
887 2338 1338 2411 conceptionem
1362 2352 1482 2411 qua
1506 2337 1581 2396 ab
1600 2338 1905 2397 intellectu
1931 2340 2265 2410 concipitur
2283 2346 2343 2396 et
2369 2338 2445 2397 ad
2468 2339 2664 2411 ipsam

231 2422 369 2466 rem
416 2409 587 2481 cujus
625 2408 1049 2468 intellectualis
1095 2408 1404 2480 conceptio
1443 2407 1655 2466 dicitur
1684 2408 1928 2466 verbum
1954 2426 1970 2478 ;
1998 2422 2121 2466 non
2160 2409 2321 2466 enim
2365 2414 2669 2467 amaretur

237 2478 473 2554 aliquid
526 2480 642 2539 nisi
671 2480 873 2553 aliquo
901 2479 1084 2539 modo
1112 2483 1577 2552 cognosceretur
1602 2495 1619 2549 ;
1644 2492 1756 2537 nec
1785 2478 1983 2538 solum
2002 2479 2183 2537 amati
2212 2479 2478 2552 cognitio
2505 2492 2669 2538 ama·

229 2555 358 2620 tur,
390 2523 496 2609 sed
526 2551 853 2610 secundum
896 2550 1058 2623 quod
1094 2550 1160 2631 in
1190 2564 1257 2632 se
1286 2549 1511 2608 bonum
1538 2554 1650 2607 est.
1681 2552 1937 2631 Necesse
1965 2555 2058 2607 est
2090 2550 2276 2623 igitur
2303 2548 2463 2622 quod
2490 2563 2667 2632 amor

231 2635 363 2694 quo
391 2623 549 2680 Deus
578 2622 751 2681 estin
776 2622 1079 2680 voluntate
1105 2622 1305 2679 dwma
1331 2626 1392 2678 ut
1423 2625 1686 2678 amatum
1710 2635 1770 2678 ιιι
1802 2623 2059 2689 amante,
2089 2626 2147 2677 et
2181 2634 2218 2677 a
2244 2619 2433 2678 Verbo
2461 2622 2566 2679 Det
2596 2625 2660 2685 ει

233 2705 276 2749 a
301 2693 427 2750 Deo
459 2692 630 2766 cujus
659 2697 752 2751 est
780 2693 1022 2751 verbum
1056 2691 1356 2763 procedat.

311 2763 510 2831 Quum
540 2768 734 2822 autem
762 2769 1072 2822 ostensum
1099 2763 1178 2821 sit
1206 2762 1364 2835 quod
1396 2766 1659 2820 amatum
1685 2762 1750 2819 in
1780 2767 2016 2820 amante
2042 2773 2166 2818 non
2195 2766 2289 2818 est
2318 2760 2660 2821 secundum

233 2833 697 2893 similitudinem
722 2834 965 2906 speciei,
996 2834 1153 2891 sicut
1171 2833 1538 2891 intellectum
1564 2833 1629 2889 in
1655 2832 2050 2905 intelligente,
2081 2844 2259 2890 omne
2280 2837 2478 2890 autem
2500 2831 2668 2905 quod

230 2902 511 2977 procedit
544 2903 620 2963 ab
662 2904 848 2962 altero
888 2917 995 2976 per
1021 2903 1264 2961 modum
1308 2902 1492 2977 geniti
1523 2902 1794 2976 procedit
1840 2901 2170 2961 secundum
2201 2901 2662 2961 similitudinem

232 2973 466 3046 speciei
504 2988 542 3032 a
568 2981 914 3048 generante,
942 2974 1300 3046 relinquitur
1343 2973 1505 3047 quod
1532 2986 1857 3046 processus
1902 2973 1989 3031 rei
2029 2972 2105 3031 ad
2151 2972 2267 3032 hoc
2295 2972 2454 3046 quod
2484 2973 2566 3031 sit
2593 2973 2665 3030 in

231 3043 548 3103 voluntate
575 3045 733 3104 sicut
751 3050 1014 3103 amatum
1042 3044 1104 3102 in
1130 3049 1364 3103 amante
1394 3057 1516 3102 non
1542 3044 1619 3102 sit
1645 3058 1750 3116 per
1776 3042 2021 3103 modum
2049 3044 2479 3116 generationis,
2501 3043 2667 3103 sicut

231 3128 562 3187 processus
607 3115 693 3173 rei
723 3115 796 3173 ad
828 3116 942 3173 hoc
966 3113 1131 3188 quod
1174 3115 1342 3173 sitin
1369 3114 1671 3173 intellectu
1702 3114 1882 3173 habet
1905 3113 2196 3173 rationem
2226 3114 2661 3188 generationis,

232 3190 307 3243 ut
343 3199 528 3259 supra
565 3191 877 3245 ostensum
928 3193 1040 3247 est.
1072 3188 1230 3244 Deus
1258 3185 1461 3267 igitur,
1489 3184 1823 3257 procedens
1852 3199 1958 3257 per
1982 3184 2227 3243 modum
2258 3185 2506 3255 amoris,
2536 3197 2665 3243 non

231 3256 511 3329 procedit
537 3262 605 3316 ut
633 3257 895 3330 genitus.
926 3259 1129 3329 Neque
1158 3255 1340 3329 igitur
1368 3254 1534 3314 filius
1559 3254 1677 3314 dici
1706 3260 1923 3327 potest.
1965 3253 2077 3313 Sed
2132 3256 2275 3329 quia
2300 3261 2562 3314 amatum
2592 3254 2661 3313 in

228 3326 544 3385 voluntate
601 3327 804 3386 existit
851 3332 921 3385 ut
966 3327 1268 3385 inclinans
1319 3331 1380 3384 et
1435 3325 1879 3399 quodammodo
1921 3297 2241 3398 impellens
2288 3325 2664 3384 intrinsecus

230 3402 540 3455 amantem
562 3396 623 3454 in
653 3397 847 3469 ipsam
876 3411 1003 3455 rem
1031 3402 1309 3465 amatam,
1335 3397 1635 3468 impulsus
1664 3402 1862 3455 autem
1885 3397 1973 3454 rei
2001 3396 2256 3455 viventis
2282 3395 2357 3454 ab
2386 3395 2661 3454 interiori
2756 3452 2775 3473 ,-

231 3468 312 3527 ad
339 3468 615 3540 spiritum
659 3469 934 3541 pertinet,
964 3468 1243 3526 convenit
1267 3469 1389 3525 Deo
1416 3481 1523 3539 per
1545 3465 1789 3525 modum
1819 3466 2043 3525 amoris
2069 3465 2412 3538 procedenti
2439 3472 2506 3526 ut
2531 3466 2666 3547 Spi-

229 3538 393 3597 ritus
439 3537 688 3608 dicatur,
736 3539 867 3598 e'us
894 3537 1218 3610 spiratione
1243 3537 1415 3611 quasi
1454 3537 1711 3619 quadam
1751 3537 2115 3609 aspiratione
2160 3537 2471 3595 existente.
2513 3538 2665 3595 Hinc

229 3613 330 3667 est
358 3609 519 3682 quod
547 3555 870 3681 Apostolus
894 3608 1132 3681 spiritui
1159 3614 1218 3666 et
1243 3608 1435 3666 amori
1463 3608 1791 3680 1mpulsum
1864 3606 2136 3666 uemdam
2174 3607 2441 3666 attribuit
2469 3624 2486 3676 ;
2510 3606 2662 3665 dici-

226 3683 336 3737 tur
361 3679 524 3738 enim
547 3694 561 3734 ι
594 3681 925 3752 Quicumque
938 3681 1142 3750 spiritu
1167 3680 1266 3734 Dei
1287 3681 1548 3748 aguntur,
1577 3681 1626 3735 ii
1644 3682 1774 3734 sunt
1862 3679 1905 3734 ii
1923 3680 2026 3735 Dei
2052 3679 2247 3750 (Rom.,
2268 3689 2381 3735 vm
2423 3677 2543 3749 u);
2564 3680 2664 3736 et:

225 3748 491 3808 Charitas
527 3750 731 3808 christi
772 3754 933 3820 urget
955 3764 1074 3806 nos.
1123 3747 1202 3820 (Π
1225 3750 1370 3818 Cor„
1399 3760 1460 3818 x,
1493 3748 1605 3820 14.)
1649 3748 1801 3817 Quia
1841 3760 1982 3806 vero
2011 3748 2210 3806 omnis
2239 3720 2665 3829 intellectualis

227 3827 438 3879 motus
467 3833 503 3878 a
533 3820 788 3879 termino
818 3821 1256 3889 denominatur,
1288 3832 1458 3877 amor
1483 3822 1682 3877 autem
1722 3818 2043 3900 praedictus
2072 3823 2164 3876 est
2191 3832 2311 3900 quo
2344 3820 2502 3877 Deus
2531 3831 2665 3890 ipse

228 3895 490 3961 amatur,
519 3891 944 3950 convenienter
963 3893 1120 3948 Deus
1147 3903 1254 3962 per
1277 3888 1523 3947 modum
1549 3902 1774 3947 amoris
1843 3888 2132 3947 rocedens
2161 3889 2379 3947 dicitur
2405 3888 2667 3962 Spiritus
2778 3893 2783 3899 '

227 3966 526 4031 sanctus;
558 3975 632 4020 ea
657 3961 818 4020 enim
852 3974 984 4034 quae
1014 3963 1134 4020 Deo
1164 3959 1361 4018 dicata
1387 3963 1531 4018 sunt
1558 3964 1765 4020 sancta
1835 3959 1912 4020 ici
1937 3964 2398 4019 consueverunt.
