3076 5025
1101 223 1236 282 LIB.
1274 224 1374 291 111,
1414 223 1570 280 ΠΛΡ.
1607 224 1759 280 XXV.
2539 228 2645 284 287

200 345 332 407 dem
375 343 582 415 mod0‚
609 344 945 405 secundum
989 344 1151 417 quod
1178 349 1272 403 est
1296 344 1429 418 ejus
1455 344 1789 418 proprium,
1817 342 2052 404 ratione
2083 343 2382 406 individui
2410 363 2428 416 ;
2452 352 2513 406 et
2552 347 2647 409 sic

196 416 422 548 ffpetit
434 416 658 475 animai
678 429 857 475 suum
877 415 1127 485 bonum,
1144 414 1309 489 quod
1334 415 1557 488 appetit
1585 415 1783 475 cibum
1814 429 1937 489 quo
1964 416 2031 474 in
2063 429 2201 476 esse
2230 423 2643 476 conservatur.

265 501 328 547 ιο
369 486 551 546 modo
595 486 932 546 secundum
974 486 1136 568 quod
1166 490 1260 544 est
1286 485 1439 559 ejuS‚
1472 485 1708 545 ratione
1744 486 1971 558 speciei
1996 504 2014 556 ;
2044 491 2104 545 et
2131 485 2221 546 sic
2252 487 2478 559 appetit
2508 502 2646 559 pro-

196 559 403 639 prium⁸
436 557 667 617 bonum
711 556 957 639 animal,
992 570 1057 639 in
1106 560 1398 639 quantum
1448 556 1676 629 appetit
1728 557 2179 631 generationem
2204 558 2397 631 prolis
2426 564 2487 616 et
2513 559 2646 631 ejus

195 629 613 695 nutritionem,
640 627 736 686 vel
763 641 818 687 si
847 627 1077 701 aliquid
1108 627 1273 687 aliud
1302 632 1583 699 operetur
1602 628 1674 686 ad
1695 628 2215 688 conservationem
2234 629 2330 688 vel
2352 629 2650 688 defensio·

194 712 333 759 nem
361 697 814 759 individuorum
847 711 977 757 suae
1006 698 1261 772 speciei.
1288 699 1485 758 Tertio
1511 711 1654 758 vero
1679 698 1882 767 modo,
1912 699 2144 758 ratione
2172 699 2449 773 generis;
2472 704 2531 757 et
2558 700 2651 760 sic

198 770 424 843 appetit
465 769 777 843 proprium
825 769 1054 828 bonum
1102 768 1167 828 in
1212 769 1521 828 causando
1565 783 1753 851 agens
1791 769 2183 843 aequivocum‚
2216 772 2375 829 sicut
2405 771 2648 831 coelum.

201 842 428 911 Quarto
470 846 671 899 autem
718 839 921 907 modo,
974 839 1208 898 ratione
1254 839 1674 899 similitudinis
1717 840 2014 914 analogiae
2052 840 2547 914 principiatorum
2572 841 2649 902 ad

198 924 384 971 suum
414 910 775 984 principium
799 929 813 980 ;
848 915 909 970 et
930 911 1020 970 sic
1043 912 1231 982 Deus,
1257 911 1361 985 qui
1386 915 1483 970 est
1507 915 1677 970 extra
1703 924 1921 984 genuS,
1954 915 2196 984 propter
2219 925 2401 971 suum
2419 911 2649 973 bonum

201 982 491 1045 omnibus
518 980 701 1041 rebus
724 981 825 1041 dat
854 995 1013 1041 esse.
1434 1011 1445 1024 ·

266 1055 356 1112 Ex
382 1067 504 1127 quo
531 1059 688 1124 patet
715 1052 900 1126 quod,
929 1056 1156 1126 quanto
1179 1050 1410 1125 aliquid
1438 1056 1534 1111 est
1555 1051 1931 1124 perfectioris
1947 1051 2187 1112 virtutis
2201 1056 2265 1112 et
2276 1054 2647 1115 eminentius

187 1123 256 1182 in
283 1123 479 1198 gradu
516 1122 829 1195 bonitatis,
872 1129 1041 1182 tanto
1087 1122 1415 1205 appetitum
1451 1122 1598 1182 boni
1628 1123 2105 1183 communiorem
2134 1123 2314 1183 habet
2345 1128 2407 1182 et
2439 1124 2644 1198 magis

185 1194 261 1253 in
301 1193 669 1254 distantibus
711 1208 750 1252 a
775 1207 843 1253 se
869 1193 1098 1253 bonum
1127 1198 1340 1267 quaerit
1363 1197 1423 1252 et
1446 1197 1747 1266 operatur.
1777 1196 1927 1253 Nam
1949 1193 2298 1267 imperfecta
2325 1194 2402 1253 ad
2437 1193 2645 1255 solum

184 1263 426 1324 bonum
457 1263 682 1338 proprii
724 1264 1018 1324 individui
1065 1263 1357 1332 tendunt;
1386 1263 1652 1337 perfecta
1676 1278 1820 1324 vero
1848 1264 1926 1324 ad
1953 1265 2181 1324 bonum
2211 1264 2438 1347 speciei
2469 1283 2486 1335 ;
2516 1279 2648 1338 per-

183 1334 449 1396 fectiora
467 1349 630 1400 vero,
663 1335 739 1394 ad
765 1335 994 1395 bonum
1065 1335 1299 1405 eneris;
1328 1336 1490 1395 Deus
1515 1339 1716 1394 autem
1741 1336 2225 1409 perfectissimus
2254 1349 2321 1394 ιιι
2349 1335 2621 1396 bonitate

184 1405 272 1466 ad
311 1406 541 1489 bonnm
585 1407 774 1465 totius
819 1407 999 1489 entis.
1095 1405 1214 1488 nde
1252 1417 1377 1464 non
1418 1405 1722 1489 immerito
1768 1406 1989 1488 dicitur
2013 1420 2052 1466 a
2080 1406 2451 1489 quibusdam
2480 1379 2646 1489 quod

184 1476 425 1536 bonum
453 1490 518 1536 ιιι
547 1482 839 1550 quantum
868 1475 1240 1548 huiusmodi,
1269 1481 1364 1535 est
1391 1473 1741 1536 diffusivum
1769 1494 1784 1547 ;
1816 1491 1961 1550 qula
2030 1482 2212 1536 uanto
2238 1477 2470 1551 aliquid
2487 1491 2648 1536 inve-

182 1547 361 1607 nitur
407 1547 649 1613 melius,
699 1553 868 1607 tanto
917 1547 991 1607 ad
1032 1546 1366 1606 remotiora
1412 1546 1747 1607 bonitatem
1770 1560 1945 1608 suam
2015 1546 2275 1607 iffundit.
2307 1551 2376 1610 Et
2404 1547 2549 1622 quia
2584 1549 2649 1606 in

185 1616 469 1693 quolibet
480 1632 723 1692 genere,
742 1618 901 1693 quod
921 1622 1012 1678 est
1032 1617 1546 1691 perfectissimum
1566 1623 1661 1677 est
1679 1618 1980 1690 exemplar
2000 1624 2060 1678 et
2076 1632 2362 1678 mensura
2377 1619 2650 1677 omnium

188 1703 338 1772 ‹131ae
364 1694 512 1750 sunt
533 1689 679 1748 illus
707 1689 976 1772 generis,
1006 1693 1242 1761 oportet
1268 1689 1643 1771 quodeneus„
1669 1690 1773 1818 gui
1802 1694 1894 1749 est
1920 1690 1987 1748 in
2033 1688 2303 1772 bonitate
2347 1689 2654 1772 perfectis-

190 1772 401 1820 simus
445 1765 505 1819 et
547 1773 720 1821 suam
766 1759 1097 1819 bonitatem
1145 1772 1645 1820 commumssime
1713 1758 2039 1829 iffundens.
2071 1774 2137 1818 111
2185 1773 2298 1820 sua
2324 1758 2652 1821 diffusione

191 1830 287 1892 sit
315 1830 625 1904 exemplar
651 1831 919 1890 omnium
947 1830 1274 1889 bonitatem
1305 1829 1803 1900 diffundentium3
1833 1830 1899 1891 in
1923 1835 2213 1905 quantum
2243 1831 2406 1890 enim
2432 1844 2652 1891 unum-

187 1900 483 1977 quodque
513 1902 910 1961 communius
936 1900 1266 1961 bonitatem
1294 1900 1579 1960 diffundit
1602 1902 1668 1960 in
1696 1901 1837 1972 alia,
1862 1900 1931 1960 fit
1957 1901 2136 1961 altior
2161 1915 2367 1962 causa.

268 1972 422 2033 Hinc
449 1972 634 2056 etiam
659 1972 1014 2055 patet-quod
1042 1986 1236 2055 unum·
1270 1971 1514 2055 uodque
1542 1971 1797 2055 tendens
1826 1972 1903 2055 ad
1948 1972 2066 2032 hoc
2092 1973 2256 2046 quod
2284 1970 2652 2055 sitaliorum

187 2054 408 2112 causa,
437 2044 630 2101 tendit
669 2056 737 2102 ιιι
789 2042 1058 2103 divinam
1100 2043 1583 2116 simitudinem,
1611 2048 1672 2102 et
1716 2042 2118 2103 nibilominus
2160 2043 2353 2103 tendit
2378 2057 2444 2100 ιιι
2470 2055 2652 2103 suum

182 2112 446 2195 bonum.
476 2116 608 2174 Non
651 2117 744 2173 est
801 2127 947 2188 ergo
1002 2114 1443 2174 inconveniens
1497 2114 1554 2174 si
1605 2120 1810 2173 motus
1859 2128 2179 2187 corporum
2207 2114 2541 2175 coelestium
2595 2117 2654 2172 et

188 2189 474 2245 actiones
522 2189 826 2246 motorum
868 2198 1079 2244 eorum
1110 2185 1386 2245 dicantur
1413 2197 1551 2245 esse
1593 2186 1935 2259 aliqualiter
1958 2190 2201 2259 propter
2241 2185 2370 2245 haec
2397 2198 2655 2257 corpora

192 2269 339 2329 qnae
386 2260 756 2329 generantur
798 2259 858 2314 et
901 2260 1387 2329 corrumpuntur,
1416 2270 1554 2330 quae
1596 2261 1741 2315 sunt
1766 2257 1857 2315 eis
1901 2256 2279 2330 indigniora;
2312 2269 2436 2314 non
2489 2256 2652 2314 enim

188 2331 344 2385 sunt
367 2331 611 2398 propter
637 2326 956 2388 haecsicut
980 2333 1222 2399 propter
1266 2327 1547 2386 ultimum
1583 2325 1808 2396 finem3
1847 2325 1978 2396 sed,
2000 2325 2382 2409 intendentes
2432 2326 2651 2388 horum

183 2396 667 2528 getrteratiotdem,
686 2396 1006 2458 intendunt
1026 2409 1209 2459 suum
1233 2395 1464 2458 bonum
1478 2401 1541 2457 et
1581 2396 1849 2458 divinam
1874 2396 2333 2457 similitudinem
2354 2401 2644 2469 tanquam

1185 2632 1446 2702 CAPUT
1475 2634 1666 2701 XXV.

298 2807 458 2863 QUOD
477 2805 864 2858 mum
885 2807 1052 2856 DBUM
1071 2803 1187 2856 EST
1214 2805 1377 2856 runs
1409 2804 1591 2855 oms
1623 2803 2115 2857 mammetis
2138 2806 2540 2858 sultanum.

267 2964 465 3034 Quum
492 2967 693 3023 autem
719 2975 936 3022 omnes
962 2966 1272 3033 creatum,
1301 2961 1484 3022 etiam
1524 2961 1838 3022 intellectu
1865 2967 2162 3034 carentes,
2191 2963 2551 3026 ordinentur
2581 2964 2653 3026 in

191 3033 387 3093 Deum
408 3033 566 3094 sicut
591 3033 658 3093 in
684 3031 867 3092 finem
896 3032 1195 3104 ultimum,
1222 3031 1299 3092 ad
1327 3034 1491 3093 hunc
1515 3038 1715 3092 autem
1740 3031 1922 3093 finem
1950 3035 2297 3109 pertingant
2320 3036 2554 3107 omnia,
2584 3037 2653 3095 in

186 3103 2654 3250 33333'33313113313333205‘¹}3332?{¹2AE{232035222112222‘233523553333&

189 3245 608 3319 operationem
636 3245 828 3328 intelli
863 3244 1031 3328 tendo·
1060 3245 1260 3327 ipsum
1280 3263 1296 3316 ;
1326 3246 1485 3305 unde
1514 3217 1751 3319 oportet
1770 3245 1935 3320 quod
1958 3246 2078 3306 hoc
2099 3246 2185 3306 sit
2209 3246 2353 3307 finis
2381 3247 2651 3307 intellec-

185 3317 379 3377 tualis
403 3322 713 3387 creatum,
742 3329 830 3375 sc1
858 3321 975 3375 icet
1010 3315 1349 3390 intelligere
1376 3318 1587 3376 Deum.

266 3388 526 3447 Ultimus
575 3387 739 3446 enim
766 3386 910 3445 finis
936 3387 1259 3459 cuiuslibet
1285 3386 1372 3445 rei
1402 3391 1495 3447 est
1535 3389 1720 3459 Deus„
1747 3391 1818 3446 ut
1840 3391 2156 3448 ostensum
2180 3393 2276 3449 est
2300 3387 2378 3462 (c.
2410 3388 2523 3463 ¹8).
2555 3392 2651 3448 ln-

183 3458 392 3519 tendit
418 3458 607 3533 igitur
632 3471 819 3518 unum
866 3457 1104 3541 uodque
1139 3458 1299 3517 sicut
1324 3457 1537 3541 ultimo
1565 3456 1674 3540 fini
1711 3460 1933 3540 Deoco
1983 3459 2172 3533 ungi,
2202 3464 2427 3534 quanto
2452 3460 2654 3533 magis

188 3529 314 3591 sibi
342 3528 639 3602 possibile
684 3533 801 3588 est.
876 3542 1099 3588 minius
1125 3532 1328 3588 autem
1360 3534 1749 3603 comung1tur
1775 3529 1962 3602 aliqui
2039 3532 2163 3589 Deo
2189 3544 2299 3602 per
2329 3530 2463 3601 ⁴hoc
2489 3531 2653 3604 quod

191 3599 278 3660 ad
306 3600 503 3672 ipsam
552 3598 957 3680 substantiam
999 3600 1131 3673 ejus
1174 3598 1377 3674 aliquo
1404 3599 1589 3659 modo
1618 3599 1906 3673 pertingit
1932 3599 2117 3674 (quod
2159 3599 2228 3659 fit
2255 3600 2394 3661 dum
2428 3601 2657 3675 aliquid

197 3669 351 3744 quis
381 3684 454 3751 co
502 3670 705 3731 noscit
730 3670 804 3729 de
830 3670 1034 3728 divina
1060 3668 1441 3743 substantia),
1461 3684 1641 3744 quam
1662 3669 1803 3730 dum
1825 3670 2217 3746 consequitur
2233 3672 2365 3745 ejus
2392 3672 2655 3746 aliquam

201 3739 464 3822 similitu
506 3741 691 3824 inem.
720 3740 1068 3823 Substantia
1106 3740 1293 3815 igitur
1305 3740 1730 3803 intellectualis
1754 3741 1949 3800 tendit
1970 3742 2036 3801 in
2064 3741 2331 3803 divinam
2356 3743 2654 3816 cognitio-

191 3824 343 3871 nem
372 3815 535 3870 sicut
558 3825 624 3870 ιιι
653 3812 931 3871 ultimum
963 3810 1169 3870 finem.

261 3884 419 3946 Item,
448 3881 692 3954 propria
728 3882 997 3956 operatio
1034 3881 1356 3941 cu'uslibet
1390 3881 1479 3941 rei
1507 3886 1603 3943 est
1643 3882 1787 3942 finis
1813 3881 1991 3957 ejus;
2042 3887 2139 3944 est
2177 3883 2341 3945 enim
2388 3885 2657 3946 secunda

189 3952 492 4026 perfectio
521 3952 753 4023 ipsius:
778 3953 938 4012 unde
967 3966 1087 4027 quo
1157 3952 1232 4011 ad
1259 3953 1564 4034 propriam
1591 3953 2001 4027 operationem
2017 3952 2174 4012 bene
2204 3967 2274 4013 se
2300 3954 2481 4014 habet
2509 3954 2653 4016 dici-

187 4031 297 4083 tur
328 4022 667 4082 virtuosum
711 4027 773 4082 et
800 4023 1050 4083 bonum.
1081 4022 1278 4082 intelli
1324 4037 1422 4081 ere
1450 4030 1651 4085 autem
1680 4029 1771 4085 est
1800 4024 2044 4098 propria
2068 4025 2339 4099 operatio
2368 4024 2652 4087 substan·

187 4095 296 4154 tiae
335 4093 788 4153 intellectualis.
812 4096 947 4168 Ipsa
974 4095 1161 4168 igitur
1182 4098 1275 4153 est
1338 4095 1434 4153 nis
1447 4093 1603 4176 ejus.
1626 4094 1797 4165 Quod
1825 4095 2011 4168 igitur
2023 4100 2119 4154 est
2143 4095 2653 4168 perfectissimum

182 4165 253 4224 in
285 4165 407 4224 hac
428 4164 797 4247 operatione,
816 4166 932 4224 hoc
957 4169 1052 4223 est
1079 4164 1331 4224 ultimus
1354 4163 1518 4233 finis,
1547 4170 1607 4225 et
1628 4165 1808 4239 praeoi
1852 4180 1927 4224 ue
1953 4166 2017 4224 in
2042 4166 2496 4239 operationibus
2518 4179 2656 4242 quae

185 4248 318 4295 non
347 4234 707 4295 ordmantur
752 4235 829 4294 ad
857 4236 1059 4309 aliqua
1084 4240 1349 4308 operata,
1385 4236 1545 4296 sicut
1569 4241 1664 4295 est
1690 4237 1815 4295 inte
1840 4236 2029 4310 ligere
2057 4243 2117 4295 et
2169 4237 2416 4297 sentire.
2450 4239 2650 4309 Quum

191 4312 395 4366 autem
412 4304 764 4380 hujusmodi
786 4305 1167 4379 operationes
1187 4321 1260 4365 ex
1283 4304 1535 4379 objectis
1558 4319 1590 4366 s
1669 4307 1820 4367 ciem
1842 4305 2157 4379 recipiant,
2180 4322 2290 4381 per
2307 4322 2441 4383 quae
2466 4309 2650 4368 etiam

194 4382 679 4465 cognoscuntur,
707 4381 946 4449 oportet
970 4376 1133 4451 quod
1159 4381 1329 4438 tanto
1356 4377 1440 4437 sit
1477 4390 1586 4452 per
1611 4378 1801 4439 ectior
1825 4377 2032 4452 aliqua
2067 4379 2323 4443 istarum
2350 4380 2652 4454 operatio-
