3076 5025
368 312 468 371 tto
810 339 815 343 ·
1284 304 1417 363 LIB.
1456 306 1528 372 11,
1570 305 1721 361 CAP.
1760 303 1866 361 XV.

365 434 622 505 utrique,
673 430 830 489 sicut
872 428 1103 487 duabus
1144 427 1411 486 candelis
1453 426 1615 498 ignis
1658 432 1750 483 est
1776 439 1961 484 causa
1985 424 2244 484 lucendi.
2276 427 2420 483 Esse
2447 428 2652 483 autem
2706 424 2794 482 di·

367 506 520 562 citur
548 502 621 559 de
650 501 810 559 omni
843 514 916 557 eo
944 500 1100 572 quod
1132 505 1242 557 est.
1273 497 1650 568 impossibiie
1675 503 1766 554 εει
1794 497 1977 568 igitur
2003 509 2139 554 esse
2163 495 2364 568 aliqua
2384 495 2503 553 duo
2526 509 2792 567 quorum

367 580 643 633 neutrum
680 572 887 628 habeat
915 582 1157 628 causam
1189 568 1450 634 essendi,
1478 567 1583 625 sed
1624 572 1856 636 oportet
1883 572 2198 639 utrumque
2223 573 2600 637 acceptorum
2654 579 2794 623 esse

367 658 473 717 per
502 656 767 709 causam,
796 642 885 697 vel
915 642 1164 697 alterum
1192 639 1357 697 alteri
1384 652 1523 701 esse
1553 652 1793 695 causam
1826 638 2086 695 essendi.
2120 638 2164 695 Ο
2208 642 2361 694 ortet
2397 637 2582 708 igitur
2627 636 2793 708 quod

369 714 576 773 abillo
604 713 699 770 cui
732 710 877 768 nihil
910 717 999 768 est
1033 723 1214 768 causa
1244 708 1483 767 essendi
1529 709 1608 765 sit
1649 721 1825 765 omne
1851 708 1995 765 illud
2027 720 2145 789 quo
2215 720 2591 779 quocumque
2610 706 2793 765 modo

371 790 483 843 est.
518 787 696 840 Deum
730 787 924 838 autem
957 794 1139 849 supra
1162 780 1230 851 (l.
1257 794 1300 848 1,
1330 795 1384 837 c.
1418 778 1504 848 13)
1541 779 1916 836 ostendimus
1965 776 2303 849 hujusmodi
2349 791 2458 834 ens
2503 790 2665 844 esse,
2695 777 2792 834 cui

371 854 523 912 nihil
551 853 630 911 sit
656 865 837 910 causa
868 850 1130 908 essendi.
1157 850 1243 908 Ab
1271 864 1344 908 eo
1370 850 1553 922 igitur
1581 855 1673 905 εει
1699 862 1832 906 esse
1861 848 2017 921 quod
2050 862 2426 920 quocumque
2462 848 2643 904 modo
2677 854 2787 906 est.

442 925 502 981 Si
535 930 728 980 autem
750 923 982 978 dicatur
1010 920 1170 993 quod
1199 934 1309 978 ens
1339 933 1457 977 non
1490 925 1583 976 est
1613 919 1992 989 praedicatum
2024 919 2364 984 univocum,
2387 917 2791 975 nihilominus

372 995 653 1066 praedicta
679 991 992 1050 conclusio
1021 996 1325 1064 sequetur.
1354 993 1480 1048 Non
1512 989 1671 1047 enim
1720 990 1793 1046 de
1834 989 2038 1047 multis
2091 988 2391 1061 aequivoce
2421 988 2661 1056 dicitur,
2687 988 2794 1047 sed

374 1078 483 1137 per
508 1065 846 1134 analogiam
881 1077 896 1115 ε
929 1068 985 1118 ει
1013 1062 1101 1119 sic
1131 1067 1363 1132 oportet
1385 1060 1511 1118 fieri
1547 1059 1948 1117 reductionem
1980 1060 2043 1116 in
2078 1073 2287 1117 unum.

442 1136 717 1205 Amplius,
741 1132 899 1214 quod
929 1132 1104 1189 alicui
1136 1131 1410 1189 convenit
1441 1145 1512 1187 ex
1542 1144 1652 1188 sua
1686 1136 1914 1198 natura,
1964 1136 2044 1210 et·
2069 1142 2191 1186 non
2235 1144 2307 1187 ex
2346 1128 2546 1200 aliqua
2581 1143 2792 1196 causa,

373 1205 735 1264 minoratum
767 1216 826 1259 tn
855 1216 927 1259 eo
956 1207 1015 1259 et
1060 1201 1342 1260 deficiens
1386 1214 1520 1259 esse
1559 1214 1680 1257 non
1731 1206 1942 1270 potest.
1989 1202 2045 1258 Si
2095 1200 2252 1257 enim
2298 1207 2520 1258 naturae
2561 1199 2793 1272 aliquid

376 1274 696 1333 essentiale
740 1272 1108 1330 subtrahitur
1140 1272 1230 1329 vel
1272 1271 1527 1336 additur,
1564 1272 1675 1327 'am
1705 1272 1886 1328 altera
1918 1276 2129 1328 natura
2156 1271 2287 1339 erit,
2318 1271 2473 1328 sicut
2500 1275 2558 1326 et
2589 1270 2650 1326 in
2684 1283 2791 1327 nu·

373 1346 558 1402 meris
590 1344 824 1412 accidit,
855 1343 917 1399 in
948 1343 1168 1415 quibus
1211 1343 1409 1400 unitas
1453 1343 1524 1399 ad
1575 1344 1650 1399 ita
1689 1341 1776 1398 vel
1836 1341 2139 1399 subtracta
2178 1342 2435 1411 speciem
2486 1340 2698 1396 variat.
2729 1339 2790 1398 si

376 1421 570 1474 autem
605 1420 815 1471 natura
841 1413 932 1469 vet
971 1412 1297 1485 quidditate
1344 1413 1424 1470 rei
1464 1413 1702 1492 integra„
1723 1416 2019 1481 manente,
2051 1412 2127 1468 ali
2175 1412 2274 1469 uid
2315 1412 2678 1468 minoratum
2711 1411 2794 1467 in-

375 1488 665 1550 veniatur,
688 1484 810 1554 jam
839 1487 993 1553 patet
1016 1483 1175 1554 quod
1205 1482 1351 1540 illud
1397 1496 1515 1540 non
1559 1482 1907 1551 simpliciter
1948 1482 2134 1553 depen
2180 1487 2236 1539 et
2294 1496 2364 1538 ex
2405 1482 2506 1539 illa
2543 1487 2794 1550 natura,

378 1556 480 1613 sed
523 1570 596 1611 ex
638 1555 839 1626 aliqua
889 1552 1044 1621 alia,
1096 1567 1200 1624 per
1246 1553 1417 1611 cu'us
1448 1553 1837 1609 remotionem
1872 1553 2223 1610 minoratur.
2264 1552 2428 1620 Quod
2464 1552 2646 1625 igitur
2687 1551 2796 1610 ali·

369 1626 473 1683 cui
513 1625 714 1682 minus
764 1622 1042 1680 convenit
1079 1636 1252 1695 quam
1286 1637 1321 1680 a
1349 1624 1443 1693 iis,
1481 1636 1600 1680 non
1633 1623 1910 1680 convenit
1936 1623 1988 1679 ei
2020 1637 2089 1679 ex
2133 1636 2246 1681 sua
2284 1628 2495 1680 natura
2539 1629 2792 1688 tantum,

380 1696 486 1755 sed
514 1711 583 1752 ex
614 1695 733 1752 alia
760 1708 963 1751 causa.
990 1693 1138 1750 Illud
1171 1694 1350 1766 igitur
1376 1694 1488 1750 erit
1515 1707 1700 1751 causa
1747 1694 2015 1750 omnium
2067 1693 2128 1749 in
2177 1693 2377 1766 aliquo
2424 1706 2668 1765 genere,
2695 1691 2796 1750 cui

384 1765 642 1824 maxime
691 1764 968 1822 convenit
1007 1763 1171 1820 illius
1217 1764 1455 1836 generis
1494 1764 1875 1834 praedicati03
1928 1764 2083 1821 unde
2122 1764 2297 1821 etiam
2345 1764 2502 1835 quod
2535 1764 2798 1819 maxime

379 1836 637 1894 calidum
670 1840 762 1893 est
807 1833 1078 1891 videmus
1126 1847 1263 1891 esse
1304 1847 1546 1892 causam
1593 1834 1813 1891 caloris
1846 1834 1907 1891 in
1960 1834 2240 1892 omnibus
2278 1835 2511 1903 calidis,
2543 1838 2600 1890 et
2633 1833 2801 1904 quod

380 1906 637 1964 maxime
678 1904 959 1972 lucidum,
989 1918 1232 1962 causam
1279 1906 1546 1963 omnium
1581 1904 1933 1962 lucidorum.
1966 1907 2123 1962 Deus
2169 1909 2365 1961 autem
2398 1910 2490 1961 est
2537 1905 2800 1961 maxime

379 1990 510 2046 ens,
535 1982 597 2033 ut
622 1975 683 2102 (li.
706 1989 749 2043 1,
779 1990 832 2032 c.
868 1974 947 2047 13)
977 1981 1287 2033 ostensum
1326 1981 1437 2033 cst.
1469 1978 1601 2046 Ipse
1631 1974 1813 2048 igitur
1840 1981 1933 2033 est
1958 1989 2141 2033 causa
2166 1975 2434 2033 omnium
2465 1974 2538 2032 de
2567 1975 2794 2048 quihus

381 2061 489 2105 ens
561 2060 637 2103 rae
681 2047 887 2103 icatur.

453 2061 672 2184 Agaue,
703 2114 1033 2174 secundum
1066 2115 1334 2173 ordinem
1365 2114 1684 2173 effectuum
1715 2119 1947 2187 oportet
1971 2128 2107 2174 esse
2156 2114 2421 2173 ordinem
2452 2128 2800 2184 causarum,

383 2200 455 2245 eo
512 2186 667 2259 quod
719 2184 966 2243 effectus
1012 2187 1216 2244 causis
1262 2186 1391 2244 suis
1438 2186 1865 2267 proportionali
1912 2191 2091 2254 sunt3
2133 2186 2292 2244 unde
2334 2191 2565 2257 oportet
2610 2185 2800 2258 quod,

385 2258 542 2316 sicut
584 2255 832 2313 effectus
878 2256 1098 2326 proprii
1140 2256 1505 2314 reducuntur
1547 2271 1607 2313 tn
1650 2270 1866 2315 causas
1901 2257 2194 2337 proprias,
2226 2258 2308 2314 ita
2347 2256 2402 2314 id
2447 2256 2605 2328 quod
2640 2270 2802 2314 cotn-

381 2341 562 2385 mune
593 2333 685 2384 est
714 2327 775 2383 in
798 2325 1109 2384 effectibus
1139 2327 1394 2398 propriis
1422 2328 1814 2385 reducaturin
1842 2327 2358 2399 aliquamcausam
2378 2340 2798 2395 communem;

384 2399 564 2466 sicut,
614 2411 793 2467 supra
840 2396 1230 2467 particulares
1275 2412 1491 2456 causas
1534 2398 1942 2470 generationis
1985 2397 2165 2468 hujus
2203 2398 2292 2455 vel
2340 2398 2527 2465 illiuS,
2567 2404 2664 2454 est
2705 2397 2803 2456 sol

383 2469 745 2529 universatis
788 2481 972 2526 causa
1015 2468 1455 2541 generationis3
1505 2475 1562 2526 et
1590 2482 1688 2525 rex
1737 2474 1829 2527 est
1857 2466 2216 2527 universalis
2258 2482 2441 2526 causa
2483 2468 2803 2539 regiminis

381 2542 448 2599 in
479 2554 686 2610 regno,
729 2553 908 2609 supra
936 2540 1289 2610 praepositos
1315 2540 1480 2611 regni
1512 2548 1571 2597 et
1599 2542 1774 2598 etiam
1808 2540 2042 2597 urbium
2074 2539 2468 2612 singularum.
2501 2541 2801 2598 Omnibus

383 2614 576 2668 autem
627 2623 940 2668 commune
989 2616 1079 2668 εει
1118 2624 1274 2668 εεεε.
1314 2612 1556 2681 Oportet
1600 2611 1782 2682 igitur
1821 2610 1979 2683 quod
2012 2624 2193 2681 supra
2230 2623 2440 2668 omnes
2468 2624 2690 2667 causas
2719 2611 2803 2668 sit

388 2680 583 2753 aliqua
610 2695 811 2750 causa,
839 2680 1010 2752 quus
1039 2681 1117 2739 sit
1146 2682 1285 2739 dare
1311 2695 1465 2739 esse.
1500 2682 1696 2738 Prima
1722 2687 1918 2738 autem
1948 2694 2131 2738 causa
2166 2684 2321 2739 Deus
2370 2687 2482 2748 est,
2518 2687 2582 2737 ut
2610 2695 2802 2753 supra

391 2750 447 2824 ΙΙ.
468 2765 511 2819 1,
541 2766 594 2808 c.
625 2754 710 2812 13)
739 2758 1047 2809 ostensum
1078 2758 1188 2809 εει.
1221 2753 1462 2823 Oportet
1490 2752 1672 2823 igitur
1699 2753 1903 2809 omnia
1931 2766 2062 2823 quae
2092 2757 2294 2809 sunta
2321 2754 2442 2808 Deo
2468 2765 2626 2808 esse.

414 2824 604 2903 gleni,
654 2821 812 2893 quod
886 2835 961 2900 ,er
1005 2823 1328 2879 essentiam
1376 2822 1594 2879 dicitur
1651 2828 1743 2880 est
1779 2835 1963 2880 causa
2010 2822 2280 2880 omnium
2324 2836 2458 2895 quae
2507 2836 2609 2892 per
2661 2835 2799 2893 par-

379 2898 785 2962 ticipationem
883 2898 1152 2959 leuatur,
1208 2892 1366 2951 sicut
1417 2893 1578 2962 ignis
1628 2900 1719 2950 εει
1780 2907 1965 2951 causa
2016 2892 2284 2950 omnium
2354 2893 2679 2964 ignitorum
2729 2893 2798 2949 in

385 2968 668 3034 quantum
716 2962 1077 3030 hujusmodi.
1128 2964 1285 3019 Deus
1314 2967 1511 3019 autem
1542 2969 1635 3020 est
1661 2977 1771 3021 ens
1798 2978 1904 3034 per
1951 2964 2273 3022 essentiam
2310 2976 2505 3033 suam,
2533 2962 2669 3035 quia
2701 2967 2802 3020 est

384 3032 578 3101 ipsum
610 3044 779 3110 esse3
811 3045 988 3088 omne
1038 3037 1237 3088 autem
1289 3033 1447 3089 aliud
1506 3046 1615 3089 ens
1664 3039 1755 3090 est
1797 3047 1902 3104 per
1945 3034 2484 3104 participationem,
2513 3035 2646 3107 quia
2676 3045 2794 3089 ens

385 3100 544 3173 quod
571 3107 650 3158 stt
678 3114 852 3158 suum
897 3114 1033 3158 esse
1067 3114 1193 3181 pon
1241 3108 1438 3172 potest
1489 3116 1626 3160 esse
1682 3104 1796 3161 nisi
1847 3117 2054 3171 unum,
2103 3111 2170 3162 ut
2213 3111 2522 3163 ostensum
2546 3108 2634 3162 est
2653 3102 2719 3175 (l.
2743 3115 2794 3172 1,

384 3185 513 3243 cap.
556 3175 619 3228 13
650 3178 705 3228 ει
737 3171 845 3243 14).
880 3173 1033 3229 Deus
1063 3178 1244 3243 igitur
1267 3179 1360 3230 εει
1385 3187 1570 3230 causa
1602 3173 1840 3232 essendi
1870 3174 2153 3233 omnihus
2180 3174 2338 3232 aliis,

452 3245 739 3309 Praeterea,
771 3254 964 3322 „om-ne
1010 3241 1169 3312 quod
1216 3248 1308 3323 est
1354 3244 1641 3314 possibile
1670 3258 1805 3302 esse
1851 3251 1910 3301 et
1960 3258 2082 3304 non
2133 3257 2269 3303 esse
2317 3244 2493 3303 habet
2533 3244 2804 3317 aliquam

384 3325 649 3379 causam,
683 3326 843 3384 quta.
874 3326 937 3367 in
968 3324 1034 3369 se
1060 3313 1523 3383 cons1deratum,
1554 3315 1626 3371 ad
1680 3315 2021 3372 utrumlibet
2067 3328 2134 3373 se
2167 3315 2372 3384 hahet;
2402 3321 2461 3371 et
2503 3316 2592 3374 sic
2621 3329 2805 3386 opor·

384 3387 468 3462 tel
498 3397 634 3462 esse
653 3382 875 3452 aliquid
905 3382 1089 3451 atiud,
1122 3383 1278 3455 quod
1311 3385 1504 3454 ipsum
1530 3386 1603 3441 ad
1639 3399 1817 3441 unum
1868 3385 2251 3455 determinet;
2297 3387 2473 3451 unde,
2522 3401 2706 3458 quum
2733 3386 2805 3443 in

383 3451 682 3533 1nflnitum
736 3453 972 3523 procedi
1036 3465 1157 3533 non
1215 3454 1426 3535 possit,
1461 3459 1709 3536 ‚oportet
1752 3456 1910 3527 quod
1969 3456 2049 3515 sit
2102 3457 2342 3529 aliquod
2388 3460 2802 3514 necessarium

384 3523 541 3596 quod
574 3530 648 3580 stt
681 3537 864 3579 causa
892 3536 1160 3581 omnium
1200 3524 1577 3594 possibilium
1623 3538 1757 3583 esse
1795 3533 2000 3583 elnon
2052 3539 2209 3586 esse.
2249 3528 2659 3585 Necessarium
2694 3542 2807 3585 au-

385 3599 500 3650 tem
536 3594 832 3665 quoddam
860 3599 951 3651 est
982 3592 1208 3652 habens
1235 3609 1474 3652 causam
1502 3610 1626 3653 suae
1659 3596 2058 3666 necessitatis,
2088 3597 2149 3654 in
2201 3611 2322 3670 quo
2369 3598 2544 3654 eliam
2575 3598 2635 3655 in
2663 3597 2805 3655 iufi-

385 3663 576 3721 nilum
609 3664 844 3735 procedi
879 3676 999 3721 non
1028 3670 1241 3734 potest.
1270 3671 1329 3722 et
1356 3666 1444 3723 sic
1474 3672 1565 3723 est
1586 3665 1859 3722 devenire
1889 3668 1960 3725 ad
1993 3667 2218 3740 aliquid
2247 3668 2404 3740 quod
2450 3675 2543 3725 est
2582 3683 2687 3739 per
2732 3681 2805 3727 se

382 3746 633 3792 necesse
663 3747 825 3803 esse;
856 3734 969 3792 hoc
1012 3740 1208 3792 autem
1252 3750 1386 3795 esse
1428 3750 1546 3794 non
1601 3742 1795 3807 potest.
1836 3738 1954 3795 nisi
2004 3751 2212 3809 unum,
2255 3743 2320 3795 ut
2367 3746 2675 3796 ostensum
2708 3743 2805 3797 est

383 3802 448 3874 (l.
477 3818 521 3870 1,
553 3808 784 3885 quta-et
833 3805 1044 3886 42);·et
1072 3805 1186 3885 hoc
1236 3813 1328 3864 est
1356 3809 1533 3864 Deus.
1585 3809 1829 3878 Oportet
1870 3807 2054 3882 igitur
2103 3820 2283 3867 omne
2329 3809 2491 3867 aliud
2541 3810 2616 3868 ab
2661 3811 2801 3882 ipso

382 3873 584 3931 reduci
618 3888 675 3931 tn
705 3889 895 3945 lpsum
928 3881 1084 3935 sicut
1112 3889 1173 3932 tn
1203 3890 1444 3936 causam
1476 3878 1735 3936 essendi.

451 3944 726 4014 Amplius,
772 3948 926 4004 Deus
973 3946 1300 4005 secundum
1352 3949 1466 4007 hoc
1516 3950 1767 4006 factivus
1811 3955 1902 4007 εει
1940 3964 2140 4008 rerum
2197 3950 2355 4023 quod
2399 3956 2531 4008 actu
2576 3957 2691 4019 est,
2736 3956 2808 4009 ut

384 4025 564 4084 supra
595 4016 667 4086 (c.
696 4017 753 4087 7)
779 4025 1088 4075 ostensum
1122 4023 1233 4075 est.
1285 4019 1411 4090 ipse
1440 4025 1635 4076 autem
1669 4034 1778 4077 sua
1809 4021 2085 4078 actualite
2115 4025 2169 4078 et
2193 4023 2554 4092 perfectione
2584 4035 2805 4080 omnes

380 4097 576 4165 rerum
604 4090 996 4164 perfectiones
1026 4089 1490 4169 comprehendit,
1519 4096 1580 4147 ut
1611 4092 1916 4161 probatum
1961 4098 2055 4149 est
2084 4091 2145 4162 (1.
2174 4106 2217 4158 1,
2249 4107 2301 4149 c.
2333 4094 2455 4163 16);
2501 4099 2560 4148 et
2585 4107 2676 4150 sic
2707 4097 2802 4150 est

381 4158 708 4236 virtualiter
735 4159 954 4216 omnia.
980 4161 1079 4217 Est
1106 4167 1288 4232 igitur
1316 4160 1442 4231 ipse
1469 4163 1734 4218 omnium
1771 4162 2039 4218 factivus.
2075 4164 2197 4219 Hoc
2225 4168 2420 4219 autem
2453 4175 2572 4220 non
2608 4169 2796 4231 esset,

382 4238 435 4283 sl
464 4227 684 4298 aliquid
714 4228 872 4285 aliud
902 4235 1065 4287 esset
1093 4238 1292 4288 natum
1323 4245 1456 4289 esse
1488 4231 1601 4289 nisi
1636 4233 1708 4288 ab
1739 4232 1907 4301 ipso:
1947 4232 2094 4288 nibil
2116 4233 2272 4289 enim
2300 4240 2503 4290 natum
2537 4240 2625 4290 est
2659 4244 2803 4291 esse

382 4294 456 4354 ab
482 4298 603 4353 alto
629 4304 687 4353 et
716 4298 890 4369 (esse)
918 4312 1035 4356 non
1067 4300 1141 4359 ab
1171 4302 1312 4370 atio,
1345 4303 1505 4375 quia,
1537 4304 1587 4359 si
1624 4311 1822 4359 matum
1852 4307 1943 4358 est
1974 4315 2092 4359 non
2134 4303 2207 4359 ab
2229 4303 2351 4360 atio
2381 4317 2537 4369 esse,
2571 4311 2664 4360 est
2688 4317 2795 4374 per

374 4366 918 4499 Ξὲἰεῑὲεὲἰσιὶτὲεῧιεέε
947 4383 1105 4441 εεεε,
1143 4373 1302 4446 quod
1343 4387 1464 4431 non
1493 4379 1685 4445 potest
1718 4372 1791 4430 ab
1835 4374 1955 4430 alio
1985 4387 2142 4431 esse.
2176 4373 2334 4455 Nihil
2379 4373 2563 4447 igitur
2593 4378 2796 4444 potest

610 4455 639 4497 s
691 4456 701 4470 ·
799 4458 828 4497 e
874 4482 891 4499 .
