3076 5025
384 270 489 325 18⁶
1292 262 1424 318 ΜΒ.
1465 263 1537 330 11,
1576 261 1730 317 CAP.
1771 261 1928 317 Lx11.
2644 296 2661 331 ἱ

380 398 526 443 vero
568 383 904 456 intelligere
959 397 1079 442 non
1132 389 1361 456 poterat
1410 383 1673 455 aliquam
1728 381 2122 440 substantiam
2171 381 2639 440 intellectualem
2682 397 2822 442 esse

380 457 658 527 corporis
691 454 963 522 formam,
994 456 1198 525 posuit
1221 453 1560 527 praedictam
1593 454 1864 509 virtutem
1893 466 2009 510 non
2036 466 2171 510 esse
2196 452 2499 510 fundatam
2524 453 2585 508 in
2618 453 2824 525 aliqua.

380 525 777 584 intellectuali
818 524 1174 592 substantia,
1202 524 1305 582 sed
1350 530 1816 595 consequentem
1867 523 2353 580 commixtionem
2386 523 2822 582 elementorum

381 596 450 654 in
484 610 733 667 corpore
763 596 1046 653 humane.
1085 595 1522 651 Deterrninatus
1565 594 1722 651 enim
1771 594 2080 650 mixtionis
2111 594 2358 651 humani
2389 594 2662 664 corporis
2692 608 2821 651 mo·

385 666 422 725 d
435 680 507 724 us
539 667 683 724 facit
714 665 1016 724 hominem
1049 678 1184 722 esse
1215 665 1275 721 in
1306 665 1575 736 potentia
1602 664 1677 721 ad
1706 664 2109 735 recipiendum
2143 662 2514 721 influentiam
2547 663 2825 723 intellec-

380 742 487 794 tus
533 737 790 810 agentis,
821 737 921 808 qui
954 749 1190 806 semper
1218 741 1311 792 est
1346 736 1408 791 in
1458 741 1618 802 actu,
1650 740 1727 801 et,
1757 734 2087 792 secundum
2138 735 2356 815 ipsum,
2407 739 2501 792 est
2540 734 2824 807 quaedam

381 808 735 866 substantia
754 812 1061 877 separata;
1093 821 1166 863 ex
1193 821 1311 878 qua
1339 803 1650 862 influentia
1681 805 1860 862 homo
1881 805 1957 863 sit
1986 805 2328 877 intelligens
2348 810 2504 862 actu.
2535 804 2596 861 ld
2621 811 2826 864 autem

379 878 444 935 in
482 878 729 935 homine
758 891 861 948 per
888 876 1048 949 quod
1073 883 1164 933 est
1234 876 1459 934 olentia
1487 876 1852 947 intelligens,
1883 880 1977 933 est
2005 875 2344 933 intellectus
2372 875 2684 946 possibilis
2711 893 2727 943 ;
2760 881 2823 933 et

384 947 1022 1075 1εἰεῐνἰᾱιιιιειιιιιιὲ.Ιευειμιί
1049 890 1229 1019 quodp
1238 962 1313 1004 ex
1339 946 1766 1004 commixtione
1789 946 2182 1004 determinata
2226 945 2292 1003 in
2330 946 2506 1003 nobis
2547 945 2614 1002 fit
2653 945 2825 1003 intel-

767 1033 783 1073 i
831 1032 844 1072 i
876 1032 949 1074 is.

409 1032 961 1145 ezilgeffiffsautem
1007 1086 1209 1167 primo·
1244 1093 1486 1214 aagectu
1531 1088 1659 1168 baec
1705 1087 1927 1168 positio
1978 1085 2174 1144 verbis
2218 1091 2275 1143 et
2323 1085 2825 1145 demonstrationi

383 1158 735 1216 Aristotelis
778 1170 912 1215 esse
953 1164 1272 1215 contraria.
1354 1158 1576 1215 stendit
1624 1171 1785 1215 enim
1812 1159 2160 1215 Aristoteles
2192 1157 2291 1230 (Dc
2318 1160 2522 1219 anima,
2555 1171 2645 1229 111,
2676 1162 2821 1216 text.

385 1242 609 1285 comm.
645 1229 724 1299 4),
749 1232 813 1285 ut
840 1228 1059 1285 dictum
1092 1233 1205 1295 est,
1228 1227 1388 1300 quod
1417 1227 1754 1286 intellectus
1784 1228 2091 1299 possibilis
2117 1233 2205 1285 est
2234 1229 2539 1285 immixtus
2559 1228 2825 1298 corpori.

386 1298 515 1356 Hoc
548 1304 744 1354 autem
794 1304 886 1356 est
915 1298 1290 1364 impossibile
1319 1298 1436 1355 dici
1473 1298 1546 1355 de
1577 1299 1776 1371 aliqua
1797 1299 2011 1355 virtute
2037 1305 2439 1379 conseque—nte
2469 1298 2823 1355 mixtionem

385 1368 865 1437 elementorum;
895 1369 1055 1441 quod
1084 1368 1243 1426 enim
1273 1368 1620 1440 hujusmodi
1652 1375 1763 1438 est,
1790 1375 2020 1440 oportet
2051 1369 2209 1441 quod
2238 1382 2298 1424 in
2331 1381 2463 1439 ipsa
2490 1369 2821 1426 elemento·

385 1452 523 1496 rum
548 1439 974 1496 commixtione
1001 1439 1314 1508 fundetur;
1345 1439 1503 1496 sicut
1532 1440 1802 1497 videmus
1831 1439 1902 1496 de
1931 1453 2143 1510 sapore
2172 1445 2228 1496 et
2250 1438 2434 1497 odore
2464 1444 2521 1494 et
2548 1439 2686 1496 aliis
2717 1438 2825 1497 hu·

379 1509 678 1582 jusmodi.
713 1511 840 1565 Non
872 1509 1056 1582 igitur
1085 1509 1304 1580 positio
1334 1510 1616 1580 praedicta
1640 1510 1954 1568 Alexandri
1980 1514 2179 1581 potest
2205 1515 2363 1567 stare
2386 1523 2523 1566 cum
2544 1510 2744 1567 verbis
2764 1513 2825 1567 et

385 1578 911 1638 demonstratione
944 1580 1300 1649 Aristotelis,
1333 1585 1398 1636 ut
1427 1580 1673 1638 videtur.

459 1650 542 1706 Ad
567 1650 720 1727 ‚lioec
747 1656 943 1707 autem
972 1649 1302 1707 Alexander
1325 1650 1470 1707 dicit
1499 1651 1660 1722 quod
1696 1650 2034 1709 intellectus
2054 1650 2372 1733 possibilis
2403 1656 2491 1708 est
2516 1650 2648 1721 ipsa
2676 1665 2826 1721 prae·

383 1726 575 1790 parati
594 1732 633 1777 o
664 1720 723 1776 in
754 1725 966 1778 natura
987 1720 1247 1778 humana
1270 1720 1341 1777 ad
1369 1720 1774 1791 recipiendum
1797 1721 2165 1779 influentiam
2188 1722 2528 1778 intellectus
2548 1722 2821 1792 agentis3

385 1804 549 1861 praep
566 1790 755 1847 aratio
801 1795 1001 1847 autem
1035 1792 1165 1862 ipsa
1193 1804 1315 1847 non
1346 1798 1438 1848 est
1476 1792 1680 1863 aliqua
1707 1797 1919 1850 natura
1942 1791 2252 1850 sensibilis
2282 1791 2693 1855 determinata,
2724 1805 2824 1848 ne-

387 1872 504 1934 que
549 1863 643 1917 est
667 1862 851 1918 mixta
878 1862 1111 1932 corpori
1141 1880 1155 1929 ;
1184 1867 1275 1919 est
1304 1862 1460 1917 enim
1492 1863 1702 1920 relatio
1749 1862 2019 1935 quaedam
2058 1869 2117 1919 et
2145 1863 2293 1920 ordo
2322 1862 2503 1920 unius
2527 1861 2605 1920 ad
2631 1861 2821 1922 aliud.

465 1930 580 1987 Sed
620 1946 629 1979 ι
658 1944 729 1988 oc
758 1932 1075 1989 manifeste
1106 1931 1408 1989 discordat
1440 1932 1514 1989 ab
1543 1933 1870 1990 intentione
1900 1933 2254 1991 Aristotelis.

463 1998 684 2057 Probat
712 2004 871 2058 enim
913 2002 1259 2060 Aristoteles
1289 2004 1387 2073 (De
1413 2005 1620 2071 anima,
1662 2016 1748 2071 iu,
1778 2009 1916 2061 text.
1949 2017 2164 2061 comm.
2200 2002 2252 2075 4)
2286 2016 2358 2060 ex
2384 2002 2520 2070 boc,
2551 2001 2821 2063 intellec·

387 2074 518 2128 tum
558 2071 908 2140 possibilem
946 2086 1065 2130 non
1093 2072 1309 2130 habere
1335 2072 1721 2130 determinate
1751 2073 2011 2146 aliquam
2042 2079 2311 2132 naturam
2335 2073 2740 2144 sensibilium,
2764 2077 2824 2132 et

431 2154 496 2197 er
526 2153 906 2214 consequens
945 2157 1065 2201 non
1110 2157 1246 2200 esse
1296 2143 1545 2199 mixtum
1597 2144 1855 2215 corpori,
1884 2146 2025 2216 quia
2069 2151 2163 2202 est
2186 2145 2519 2215 receptivus
2547 2145 2821 2203 omnium

384 2155 718 2269 formarum
777 2214 1155 2271 sensibilium
1202 2219 1261 2270 et
1306 2213 1756 2285 cognoscitivus
1783 2229 2029 2284 earum;
2068 2215 2226 2287 quod
2276 2213 2347 2270 de
2385 2215 2823 2295 praeparatione

387 2294 512 2338 non
548 2287 744 2352 potest
790 2283 1069 2356 intelligi,
1100 2283 1244 2356 quia
1285 2283 1415 2353 ejus
1462 2297 1582 2340 non
1633 2291 1727 2341 est
1767 2285 2050 2356 recipere,
2083 2284 2186 2342 sed
2240 2297 2435 2355 magis
2477 2286 2819 2356 praeparari.

388 2354 520 2409 Non
555 2352 737 2434 igitur
761 2353 1197 2412 demonstratio
1225 2355 1563 2412 Aristotelis
1594 2354 1863 2426 procedit
1886 2356 1958 2413 de
1986 2355 2437 2428 praeparatione‚
2472 2355 2579 2413 sed
2609 2355 2682 2414 de
2711 2355 2821 2415 ali·

387 2434 513 2497 quo
549 2432 867 2492 recipiente
896 2430 1248 2498 praeparato,
1428 2479 1431 2483 .

433 2495 739 2575 simplius,
775 2495 826 2553 si
857 2511 927 2555 ea
977 2510 1110 2569 quae
1140 2495 1287 2554 dicit
1310 2496 1661 2555 Aristoteles
1700 2496 1773 2555 de
1810 2495 2114 2555 intellectu
2185 2496 2421 2555 ossibili
2454 2497 2825 2556 conveniunt

391 2577 448 2621 ei
481 2577 539 2619 in
576 2573 862 2636 quantum
907 2573 1000 2625 est
1030 2568 1400 2637 praeparatio,
1436 2573 1494 2624 et
1524 2579 1645 2624 non
1688 2583 1761 2624 ex
1808 2575 2020 2625 natura
2066 2581 2137 2625 su
2176 2567 2317 2639 jecti
2346 2568 2684 2639 praeparati,
2716 2582 2821 2626 se·

389 2641 609 2715 quetui·
637 2637 796 2707 quod
824 2639 989 2695 omni
1025 2637 1438 2709 praeparationi
1470 2638 1846 2695 conveniant.
1883 2641 1946 2695 ln
1976 2651 2160 2696 sensu
2190 2643 2387 2695 autem
2416 2645 2506 2695 est
2535 2651 2826 2709 praepara-

388 2709 480 2762 tio
509 2707 782 2777 quaedam
812 2707 884 2764 ad
917 2709 1230 2766 sensibilia
1258 2709 1321 2764 in
1355 2714 1491 2766 actu
1518 2708 1877 2779 recipienda.
1912 2710 2064 2780 Ergo
2094 2708 2247 2764 idem
2281 2706 2597 2765 dicendum
2628 2715 2719 2766 est
2746 2709 2822 2768 de

372 2788 580 2833 'sensu
621 2781 677 2833 et
709 2778 1011 2837 intellectu
1045 2778 1355 2851 possibili;
1386 2779 1561 2850 cujus
1590 2779 1951 2836 contrarium
1986 2779 2298 2836 manifeste
2324 2779 2635 2849 subjungit
2660 2779 2823 2837 Aris·

390 2845 608 2904 toteles
637 2846 797 2918 (text.
827 2851 1136 2920 comm.'4),
1158 2848 1484 2906 ostendens
1503 2846 1897 2906 differentiam
1920 2850 2075 2905 inter
2102 2848 2499 2918 receptionem
2524 2863 2747 2907 sensus
2766 2855 2826 2907 et

390 2915 756 2983 intellectus,
790 2932 858 2974 ex
892 2920 1005 2975 lioc
1035 2918 1194 2991 quod
1222 2931 1443 2976 seusus
1481 2920 1883 2990 corrumpitur
1919 2934 1993 2976 ex
2039 2919 2391 2976 excellentia
2427 2919 2821 2992 obJ'ectorum,

392 2998 518 3045 non
551 2992 745 3042 autem
775 2988 1134 3046 intellectus,

466 3057 618 3121 item,
651 3056 1000 3117 Aristoteles
1030 3058 1592 3130 attribuitpossibili
1624 3059 1949 3118 intellectui
1977 3060 2097 3131 pati
2120 3059 2193 3118 ab
2214 3059 2597 3133 intelligibili,
2623 3060 2823 3117 susci-

391 3137 536 3198 pere
566 3126 800 3204 species
831 3129 1260 3202 intelligibiles,
1294 3142 1430 3186 esse
1469 3129 1530 3186 in
1564 3131 1825 3198 potentia
1854 3130 1928 3187 ad
1957 3144 2094 3199 eas;
2137 3138 2442 3200 comparat
2471 3132 2646 3187 etiam
2678 3144 2824 3189 eum

391 3195 614 3254 tabulae
647 3210 704 3252 in
735 3211 854 3269 qua
888 3200 1036 3256 nibil
1068 3204 1157 3256 est
1183 3199 1493 3270 scriptum.
1521 3200 1664 3268 Quae
1693 3201 1929 3272 quidem
1959 3200 2163 3259 omnia
2181 3214 2302 3258 non
2329 3199 2716 3272 possuntdici
2748 3200 2825 3259 de

391 3268 844 3339 praeparatione,
879 3269 984 3327 sed
1016 3270 1088 3327 de
1118 3268 1385 3340 subjecto
1419 3278 1762 3339 praeparato.
1808 3273 1907 3328 Est
1949 3271 2130 3343 igitur
2170 3278 2380 3329 contra
2427 3271 2823 3329 intentionem

392 3338 733 3398 Aristotelis
761 3342 920 3410 quod
953 3341 1295 3398 intellectus
1324 3341 1635 3411 possibilis
1662 3341 1742 3398 sit
1770 3342 2118 3412 praeparatio
2141 3344 2289 3413 ipsa.

467 3408 684 3468 Adhuc.
716 3422 905 3481 agi-ns
932 3415 1025 3467 est
1053 3410 1319 3467 nobilius
1352 3412 1607 3481 patiente
1637 3418 1691 3468 et
1715 3412 1941 3469 faciens
1972 3413 2148 3481 facto,
2168 3412 2323 3469 sicut
2347 3412 2823 3483 actuspotentia..

393 3479 633 3560 Quanto
662 3486 860 3536 autem
893 3481 1115 3552 aliquid
1149 3488 1239 3538 est
1264 3481 1737 3550 immaterialius,
1770 3488 1933 3539 tanto
1983 3488 2075 3540 est
2117 3482 2400 3540 nobilius.
2449 3484 2579 3538 Non
2627 3486 2826 3554 potest

391 3550 582 3621 igitur
610 3547 860 3609 effectus
906 3565 1041 3609 esse
1069 3553 1516 3609 immaterialior
1545 3566 1657 3609 sua
1685 3567 1888 3609 causa.
1919 3552 2127 3610 Omnis
2146 3558 2342 3610 autem
2372 3553 2560 3610 virtus
2595 3566 2823 3626 coguo-

392 3621 630 3688 scitiva,
664 3621 723 3676 in
758 3631 1046 3693 quantum
1077 3622 1440 3693 hujusmodi,
1473 3631 1562 3679 est
1595 3623 2031 3690 immaterialis;
2088 3623 2243 3680 unde
2272 3629 2331 3680 et
2360 3622 2431 3679 de
2478 3636 2688 3692 sensu,
2760 3623 2823 3681 ui

391 3697 490 3748 est
533 3691 776 3748 infimus
832 3692 895 3750 in
943 3692 1150 3749 ordine
1189 3693 1468 3749 virtutum
1512 3694 2078 3764 cognoscitivarum,
2123 3693 2267 3750 dicit
2322 3693 2675 3751 Aristoteles
2749 3697 2827 3751 De

390 3763 604 3826 anima,
634 3776 700 3827 11,
729 3768 873 3819 text.
906 3777 1121 3819 comm.
1161 3763 1276 3835 ¹2¹)
1313 3762 1468 3834 quod
1501 3770 1594 3819 est
1630 3765 2005 3834 susceptivus
2057 3763 2434 3820 sensibilium
2485 3764 2822 3834 specierum

391 3829 531 3887 sine
563 3833 826 3890 materia.
860 3832 1237 3902 Impossibile
1277 3839 1368 3891 est
1396 3834 1578 3904 igitur
1605 3846 1639 3889 a
1677 3835 2100 3891 commixtione
2130 3835 2560 3891 elementorum
2585 3833 2824 3892 causari

395 3899 659 3978 aliquam
690 3902 962 3960 virtutem
998 3903 1488 3975 cognoscitivam.
1513 3904 1851 3962 Intellectus
1871 3910 2066 3960 autem
2091 3904 2400 3974 possibilis
2422 3910 2514 3962 est
2541 3918 2829 3975 suprema

392 3977 587 4027 virtus
616 3975 1027 4044 cognoscitiva
1055 3975 1113 4029 in
1142 3973 1348 4042 nobis3
1382 3974 1707 4031 dicitenim
1753 3974 2100 4032 Aristoteles
2148 3973 2247 4046 (De
2295 3977 2502 4040 anima,
2537 3988 2626 4043 111,
2679 3981 2823 4032 text.

396 4051 613 4096 comm.
647 4045 700 4112 5)
732 4043 889 4115 quod
921 4043 1258 4100 intellectus
1295 4043 1603 4114 possibilis
1621 4049 1712 4102 est
1735 4059 1854 4117 quo
1875 4047 2187 4116 cognoscit
2206 4049 2264 4101 et
2293 4044 2577 4116 intelligit
2597 4046 2824 4105 anima.

393 4108 743 4168 Intellectus
772 4113 955 4191 igitur
985 4112 1292 4184 possibilis
1325 4126 1442 4171 non
1474 4121 1756 4171 causatur
1781 4130 1853 4171 ex
1892 4113 2316 4171 commixtione
2363 4116 2824 4173 elementorum.

467 4179 741 4249 Amplius,
766 4196 814 4238 si
842 4185 1194 4255 principium
1218 4184 1470 4255 alicujus
1491 4186 1857 4254 operationis
1877 4185 1950 4240 ab
1977 4184 2279 4256 aliquibus
2298 4188 2501 4243 causis
2530 4186 2827 4256 procedit,

396 4256 633 4329 oportet
663 4255 1066 4319 operationem
1094 4255 1254 4311 illum
1281 4268 1397 4311 non
1424 4258 1707 4313 excedere
1729 4268 1943 4312 causas
1963 4254 2120 4318 illas,
2144 4270 2325 4327 quum
2347 4269 2532 4313 causa
2553 4256 2833 4335 secunda.

393 4325 539 4393 agat
565 4326 776 4398 virtute
805 4325 1032 4391 primae.
1067 4326 1344 4395 Operatio
1369 4333 1569 4383 autem
1591 4328 1804 4384 animae
1836 4325 2130 4383 nutritivae
2157 4327 2335 4383 etiam
2376 4326 2609 4383 excedit
2639 4328 2829 4386 virtu-

390 4392 516 4453 tem
540 4392 895 4464 qualitatum
919 4394 1399 4465 elementarium;
1430 4400 1642 4467 probat
1668 4397 1828 4453 enim
1853 4395 2204 4453 Aristoteles
2229 4395 2326 4468 (De
2345 4399 2553 4465 anima,
2583 4410 2654 4466 ιι,
2675 4401 2828 4455 text.
