3076 5025
1085 287 1221 345 Lm.
1259 288 1306 356 1,
1344 262 1695 345 cAr'T'xcu.
2535 296 2605 353 97

290 413 585 474 Sciendum
608 416 797 469 tamen
819 409 994 468 etiam
1015 409 1167 468 alias
1188 409 1609 491 perfectiones,
1630 424 1763 482 quae
1784 411 2116 470 secundum
2142 413 2402 485 speciem
2427 428 2602 475 suam

227 487 419 545 divinae
448 482 780 557 perfectioni
802 485 1153 553 repugnant,
1183 492 1247 536 tn
1277 493 1448 538 sacra
1470 482 1771 552 Scriptura
1797 482 1869 540 de
1898 483 2020 540 Deo
2049 483 2187 550 dici,
2213 498 2336 541 non
2359 486 2603 557 quidem

225 555 459 630 proprie,
501 558 562 611 ut
600 552 904 624 probatum
947 557 1059 616 est,
1105 550 1211 608 sed
1267 552 1688 622 metaphorice,
1728 557 1968 626 propter
2011 553 2463 613 similitudinem
2507 558 2606 616 vel

226 626 535 692 effectuum,
571 623 658 680 vel
688 623 941 693 alicujus
969 620 1304 680 affectionis
1332 622 1742 693 praecedentis·

288 696 418 754 Dico
441 701 633 752 autem
656 693 992 762 effectuum,
1022 692 1163 764 quia
1194 691 1489 749 interdum
1518 692 1797 750 voluntas
1844 708 1915 751 ex
1958 694 2267 765 sapientiae
2295 697 2507 755 ordine
2537 697 2606 755 in

226 768 374 836 illum
403 763 669 823 effectum
700 763 904 830 tendit,
940 763 1000 820 in
1032 774 1205 843 quem
1255 763 1474 842 aliquis
1520 777 1592 820 ex
1634 764 1917 835 passione
1943 765 2232 825 defectiva
2261 767 2602 827 inclinatur.

188 838 384 912 ,ludex
426 836 579 892 enim
620 849 692 892 ex
731 833 962 905 justitia
1006 839 1197 904 pumt,
1242 840 1399 891 sicut
1444 837 1499 890 et
1531 834 1737 913 iratus
1779 849 1852 892 ex
1888 835 1998 894 ira.
2035 836 2261 895 Dicitur
2289 837 2470 910 igitur
2496 839 2607 896 ali-

191 908 438 986 .,quando
466 909 621 963 Deus
648 905 856 972 iratus,
886 905 947 961 in
975 910 1262 976 quantum
1301 919 1373 961 ex
1414 903 1624 961 ordine
1667 918 1793 962 suae
1844 907 2152 975 sapientiae
2193 907 2450 981 aliquem
2482 911 2613 968 vult

226 979 430 1052 punire,
468 975 795 1035 secundum
822 974 968 1032 illud
1005 977 1100 1032 Ps.
1129 987 1196 1042 11,
1231 978 1294 1032 ¹3
1327 992 1342 1031 ε
1373 975 1506 1033 Cum
1537 978 1806 1031 exarserit
1829 977 1891 1030 in
1922 977 2070 1032 brevi
2095 980 2185 1033 ira
2208 978 2349 1049 ejvs.
2381 980 2609 1038 Miseri-

226 1062 344 1107 cors
370 1062 500 1106 vero
527 1046 765 1115 dicitur,
803 1045 868 1103 in
895 1049 1181 1117 quantum
1225 1058 1298 1102 ex
1345 1058 1458 1101 sua
1508 1045 1925 1103 benevolentia
1974 1047 2250 1107 miserias
2295 1050 2608 1109 bominum

228 1120 378 1188 toltit,
403 1118 555 1176 sicut
582 1121 642 1175 et
670 1129 784 1174 nos
823 1122 1061 1188 propter
1089 1115 1515 1173 misericordiae
1556 1117 1901 1185 passionem
1941 1117 2196 1176 facimus
2233 1119 2413 1179 idem.
2445 1121 2611 1180 Unde

229 1190 280 1247 in
306 1193 389 1247 PS.
415 1202 509 1257 cu,
535 1192 569 1246 8
601 1206 615 1245 :
640 1190 931 1244 Miser-ator
964 1190 1017 1242 et
1053 1187 1358 1242 misericors
1391 1189 1648 1242 Dominus
1669 1189 1888 1257 patiens
1928 1192 1980 1243 et
2017 1190 2247 1245 multum
2284 1194 2614 1256 misericors.

229 1261 494 1319 Poenitens
517 1257 696 1316 etiam
728 1257 1022 1315 interdum
1055 1256 1272 1314 dicitur
1299 1257 1359 1312 in
1391 1262 1679 1327 quantum
1709 1258 2039 1315 secundum
2079 1264 2363 1318 aeternum
2395 1267 2454 1318 et
2498 1261 2609 1319 im-

231 1329 533 1389 mutabilem
575 1328 963 1402 providentiae
1016 1341 1141 1386 suae
1192 1326 1461 1384 ordinem
1514 1327 1654 1384 facit
1701 1341 1834 1398 quae
1880 1329 2045 1398 prius
2088 1329 2479 1400 destruxerat,
2518 1332 2612 1391 vel

234 1402 448 1460 destruit
487 1415 617 1473 quae
664 1400 836 1472 prius
881 1398 1040 1466 fecit,
1080 1397 1237 1455 sicut
1278 1403 1336 1454 et
1377 1397 1726 1469 poenitentia
1773 1398 1919 1456 moti
1967 1399 2159 1457 facere
2203 1400 2608 1461 inveniuntur.

235 1471 373 1529 Unde
396 1473 544 1534 Gen..
571 1483 663 1539 vr,
693 1474 728 1527 6
760 1487 774 1526 :
802 1471 1032 1527 Poenitet
1075 1484 1160 1524 me
1204 1469 1396 1536 fecisse
1435 1468 1722 1538 hominem,
1752 1468 1911 1541 quod
1960 1480 2157 1527 autem
2212 1471 2328 1529 boc
2375 1473 2611 1544 proprie

236 1540 392 1600 intem
436 1541 446 1551 “
475 1554 591 1599 nou
622 1539 843 1613 possit,
870 1545 1030 1611 patet
1057 1552 1163 1611 per
1187 1538 1299 1597 boc
1327 1539 1485 1610 quod
1510 1538 1759 1598 babetur
1785 1542 1811 1597 1
1838 1542 2005 1612 Reg„
2025 1553 2114 1609 vr,
2140 1545 2211 1599 29
2238 1558 2254 1599 τ
2283 1544 2612 1616 Τνίωπρὴα·

228 1618 296 1670 tor
310 1615 361 1668 in
402 1614 534 1668 srael
558 1627 677 1668 non
699 1615 910 1682 parcet,
931 1609 1272 1681 poenitudine
1304 1625 1414 1665 non
1439 1612 1699 1678 flectetur.

288 1684 402 1739 uico
436 1689 636 1740 autem
688 1696 792 1763 per
838 1681 1293 1761 similitudinem
1342 1679 1679 1761 affectionis
1724 1682 2137 1753 praecedentis.
2166 1686 2312 1741 Nam
2352 1699 2523 1744 amor
2549 1691 2610 1744 et

241 1752 476 1825 gaudium,
510 1766 656 1826 quae
688 1766 749 1809 tn
778 1753 899 1810 Deo
930 1764 1163 1823 proprie
1193 1755 1355 1819 sunt,
1388 1751 1682 1822 principia
1709 1759 1850 1809 sunt
1875 1754 2142 1810 omnium
2173 1753 2558 1815 affectionum
2589 1775 2604 1813 :

243 1835 372 1880 amor
422 1824 605 1886 uidem
647 1836 750 1894 per
782 1823 1023 1881 modum
1057 1821 1330 1892 principii
1358 1823 1654 1879 moventis
1687 1840 1700 1878 :
1732 1823 2018 1894 gaudium
2047 1838 2185 1882 vero
2232 1839 2333 1896 per
2361 1827 2607 1884 modum

246 1891 362 1950 finis.
419 1896 519 1951 nde
547 1893 739 1952 etiam
785 1892 920 1951 irati
970 1892 1288 1963 punientes
1333 1892 1616 1964 gaudent,
1647 1893 1822 1963 quasi
1851 1893 2031 1951 finem
2062 1896 2345 1954 assecuti.
2377 1898 2607 1956 Dicitur

238 1965 355 2032 euim
377 1966 516 2023 Deus
542 1963 804 2033 tristari,
835 1963 898 2021 in
937 1968 1223 2035 quantum
1269 1963 1548 2020 accidunt
1587 1962 1790 2035 aliqua
1828 1965 2128 2022 contraria
2177 1965 2270 2023 bis
2313 1982 2446 2039 quae
2474 1968 2606 2039 ipse

232 2041 351 2091 amat
370 2040 421 2092 et
443 2035 760 2107 approbat,
791 2034 948 2092 sicut
976 2032 1124 2090 etin
1149 2032 1324 2090 nobis
1349 2032 1594 2091 tristitia
1619 2040 1710 2090 est
1740 2035 1811 2092 de
1842 2035 1939 2094 bis
1970 2049 2103 2120 quae
2148 2036 2324 2095 nobis
2352 2039 2608 2097 nolenti·

227 2101 313 2162 bus
335 2106 621 2164 accidunt.
655 2107 721 2162 Et
746 2105 859 2163 boc
886 2109 1045 2175 patet
1075 2106 1209 2172 isa„
1239 2116 1357 2165 mx,
1392 2108 1478 2170 15,
1513 2106 1622 2161 ¹6:
1659 2104 1816 2161 Vidit
1846 2108 2134 2174 Dommus,
2163 2110 2216 2164 et
2259 2109 2467 2164 malim
2509 2124 2608 2181 ap-

215 2178 412 2246 ponitin
435 2178 610 2234 cerdis
638 2175 776 2246 effus,
809 2177 942 2246 quia
968 2189 1076 2230 non
1103 2178 1181 2230 est
1207 2173 1503 2243 jndieium.
1532 2176 1606 2231 Et
1631 2175 1778 2231 vidit
1810 2178 1953 2232 Deus
1992 2179 2127 2247 quia
2169 2192 2279 2235 non
2309 2184 2393 2235 est
2416 2181 2527 2250 vir,
2557 2184 2611 2236 et

222 2250 454 2316 aponum
479 2252 577 2309 est,
620 2249 752 2316 quia
778 2261 888 2302 non
912 2250 992 2301 est
1094 2247 1116 2298 i
1139 2249 1407 2301 occurrat.

273 2318 340 2375 Ex
401 2317 659 2376 raedictis
687 2322 885 2375 autem
927 2330 1032 2373 exc
1062 2314 1262 2373 uditur
1287 2328 1452 2373 error
1479 2316 1875 2389 quorumdam
1914 2316 2254 2377 Judaeorum
2281 2320 2609 2380 attribuen-

218 2384 336 2444 tium
406 2402 474 2446 eo
499 2389 682 2456 iram,
712 2385 1038 2454 tristitiam,
1064 2385 1494 2457 poenitentiam.
1526 2392 1825 2445 etomnes
1872 2385 2218 2457 hujusmodi
2263 2390 2606 2461 passioneS,

217 2458 501 2539 secundum
534 2457 986 2540 proprietatem,
1015 2469 1139 2538 non
1164 2456 1604 2585 distin¹guentes
1634 2457 1778 2531 quid
1806 2457 1870 2515 in
1903 2459 2027 2517 Scri
2077 2459 2228 2519 turis
2255 2459 2448 2521 sacris
2478 2474 2610 2533 pro·

214 2540 334 2601 pne,
359 2535 414 2589 et
436 2531 580 2607 quid
614 2529 1019 2603 metaphorice
1043 2527 1293 2590 dicatur.
1321 2527 1341 2601 (
1395 2533 1573 2600 part„
1603 2544 1664 2602 q.
1691 2540 1798 2598 xx,
1826 2532 1938 2588 art.
1968 2532 2022 2589 ι.
2137 2548 2142 2553 ·

1151 2749 1406 2815 CAPUT
1454 2702 1642 2812 xcn.

703 2930 977 2986 Quouono
1012 2928 1079 2978 m
1111 2927 1228 2975 1)Εο
1261 2929 1574 2976 PONANTUR
1606 2928 1751 2975 ESSE
1784 2928 2093 2974 VIRTUTES.

267 3096 647 3170 Consequens
684 3100 779 3154 est
822 3099 1019 3155 autem
1065 3108 1140 3152 ex
1178 3093 1363 3174 dictis
1409 3093 1747 3163 ostendere,
1785 3093 2090 3167 quomodo
2117 3095 2367 3154 virtutes
2395 3095 2454 3152 in
2488 3097 2611 3153 Deo

208 3176 402 3237 ponere
429 3171 689 3240 oportet.
720 3166 961 3237 Oportet
989 3165 1170 3232 enim,
1202 3170 1361 3223 sicut
1387 3179 1523 3224 esse
1553 3165 1683 3237 ejus
1708 3170 1799 3223 est
1828 3165 2243 3224 universaliter
2300 3166 2609 3234 effectum,

213 3238 451 3296 omnium
494 3237 728 3296 entium
777 3236 1171 3306 perfectiones
1202 3235 1263 3291 in
1291 3249 1358 3294 se
1385 3235 1829 3308 quodammodo
1875 3237 2234 3308 compreben
2279 3249 2409 3303 ens,
2440 3236 2524 3293 ita
2550 3241 2613 3293 et

211 3303 507 3367 bonitatem
553 3307 688 3379 eJ'us
728 3306 999 3365 omnium
1046 3306 1345 3365 bonitates
1387 3307 1451 3363 in
1496 3319 1563 3364 se
1602 3306 2044 3379 quodammodo
2083 3304 2608 3378 comprehendere.

209 3376 383 3437 Virtus
422 3385 627 3438 autem
672 3383 765 3436 est
811 3376 1050 3435 bouitas
1100 3377 1391 3449 quaedam.
1432 3376 1748 3436 virtuosus
1795 3390 2052 3449 namque
2102 3377 2435 3434 secuudum
2476 3389 2609 3434 eam

211 3445 404 3507 dicitur
449 3451 676 3516 bonus,
721 3451 780 3505 et
822 3460 975 3518 opus
1021 3446 1153 3519 eJus
1205 3446 1452 3505 bonum.
1494 3447 1735 3518 Oportet
1779 3461 1924 3519 ergo
1972 3448 2296 3505 bonitatem
2346 3446 2609 3504 divinam

212 3528 397 3577 omnes
424 3520 682 3577 virtutes
708 3530 823 3576 suo
852 3517 1030 3576 modo
1061 3518 1388 3587 continere,
1422 3518 1581 3575 unde
1619 3518 1785 3575 nulla
1820 3530 2024 3575 earum
2062 3517 2392 3574 secundum
2442 3516 2613 3575 habi·

210 3589 317 3645 tum
358 3591 420 3647 in
465 3593 592 3648 Deo
633 3588 1060 3658 dicitur,‘sicut
1098 3588 1163 3645 in
1196 3588 1395 3646 nobiS.
1431 3589 1548 3646 Deo
1577 3588 1736 3645 enim
1764 3601 1886 3645 non
1915 3588 2196 3645 convenit
2221 3587 2447 3644 bonum
2471 3601 2609 3645 esse

213 3668 300 3737 per
322 3660 544 3733 aliquid
576 3658 741 3716 atiud
778 3660 831 3716 ei
869 3659 1335 3730 superadditum,
1367 3658 1473 3716 sed
1503 3671 1608 3729 per
1635 3657 1957 3716 essentiam
1988 3670 2182 3726 suam,
2211 3670 2348 3715 cum
2379 3656 2460 3714 sit
2482 3670 2613 3716 om-

214 3739 338 3787 nmo
364 3732 642 3803 simplex.
668 3731 787 3787 Nec
816 3730 994 3787 etiam
1021 3744 1127 3800 per
1152 3729 1378 3801 aliquid
1407 3742 1533 3787 sure
1562 3728 1840 3788 essentiae
1867 3727 2130 3807 additum
2163 3726 2305 3795 agit,
2333 3741 2467 3784 cum
2499 3741 2615 3787 sua

212 3800 348 3857 actio
385 3803 466 3858 sit
507 3814 690 3859 suum
740 3812 896 3869 esse,
930 3805 992 3857 ut
1019 3806 1327 3857 ostensum
1361 3805 1455 3880 est
1480 3797 1633 3872 (cap.
1657 3798 1772 3871 45).
1800 3801 1930 3857 Non
1957 3802 2052 3857 est
2090 3798 2277 3870 igitur
2313 3799 2503 3856 virtus
2545 3798 2613 3858 in

218 3866 317 3926 Deo
338 3872 561 3944 aliquis
594 3871 853 3938 habitus,
883 3870 987 3928 sed
1020 3884 1131 3927 sua
1161 3875 1444 3928 essentia.

276 3940 407 4006 Item,
441 3941 686 4001 babitus
715 3940 1097 4010 imperfectus
1143 3946 1314 3997 actus
1357 3945 1450 3998 est
1493 3938 1668 4012 quasi
1716 3939 1954 3998 medius
1998 3939 2155 3996 inter
2198 3938 2522 4011 potentiam
2552 3944 2617 3999 et

220 4014 431 4081 actum3
481 4011 641 4069 unde
685 4017 747 4069 et
792 4012 1076 4069 babentes
1121 4010 1385 4067 habitum
1433 4009 1871 4070 dormientibus
1912 4017 2352 4080 comparantur.
2383 4013 2451 4067 In
2491 4015 2613 4071 Deo

218 4084 387 4138 autem
418 4088 516 4140 est
542 4087 714 4139 aetus
742 4081 1235 4152 perfectissimus.
1264 4084 1446 4139 Actus
1475 4082 1658 4153 igitur
1697 4081 1761 4139 in
1790 4093 1864 4139 eo
1892 4093 2012 4137 non
2044 4085 2136 4137 est
2173 4079 2331 4138 sicut
2369 4081 2614 4140 habitus

212 4151 264 4204 et
283 4152 554 4217 scientia,
585 4151 690 4209 sed
721 4153 877 4210 sicut
902 4150 1304 4218 considerare,
1335 4150 1614 4224 quod-est
1641 4157 1811 4209 actus
1842 4150 2087 4207 ultimus
2116 4154 2176 4207 et
2196 4151 2516 4221 perfectus.

268 4220 482 4285 Adhuc,
518 4222 757 4280 babitus
791 4222 1069 4293 potentiae
1096 4221 1353 4293 alicujus
1393 4222 1753 4292 perfectivus
1791 4226 1882 4278 est
1911 4237 1927 4277 ε
1960 4221 2020 4277 in
2064 4222 2185 4278 Deo
2228 4227 2426 4280 autem
2462 4220 2617 4279 nibil

204 4294 293 4417 eust
313 4291 649 4350 secundum
677 4292 1023 4419 ppetentiam,
1054 4292 1161 4352 sed
1189 4291 1389 4350 solum
1417 4291 1749 4351 secundum
1777 4293 1998 4350 actum.
2029 4291 2096 4348 ln
2121 4305 2193 4350 eo
2221 4291 2407 4365 igitur
2436 4291 2616 4349 babi-

264 4371 295 4417 s
322 4374 461 4419 esse
493 4374 611 4418 non
642 4375 719 4432 po
779 4371 856 4421 st.

266 4430 557 4499 Praeterea,
585 4431 826 4494 babitus
850 4430 925 4492 de
953 4444 1174 4507 genere
1212 4430 1544 4529 accidentis
1568 4435 1681 4503 est,
1720 4430 1882 4507 quod
1925 4430 1992 4492 in
2035 4433 2158 4492 Deo
2205 4431 2453 4491 omnino
2491 4438 2611 4485 non

2367 4548 2399 4592 't
