<?xml version="1.0" encoding="UTF-8"?>
<!DOCTYPE html PUBLIC "-//W3C//DTD XHTML 1.0 Transitional//EN"
    "http://www.w3.org/TR/xhtml1/DTD/xhtml1-transitional.dtd">
<html xmlns="http://www.w3.org/1999/xhtml" xml:lang="en" lang="en">
 <head>
  <title>
</title>
<meta http-equiv="Content-Type" content="text/html;charset=utf-8" />
  <meta name='ocr-system' content='tesseract 3.04.00' />
  <meta name='ocr-capabilities' content='ocr_page ocr_carea ocr_par ocr_line ocrx_word'/>
</head>
<body>
  <div class='ocr_page' id='page_1' title='image "./deveritatecatho00rubegoog_0397.png"; bbox 0 0 3076 5025; ppageno 0'>
   <div class='ocr_carea' id='block_1_1' title="bbox 1101 312 2660 382">
    <p class='ocr_par' dir='ltr' id='par_1_1' title="bbox 1101 312 2660 382">
     <span class='ocr_line' id='line_1_1' title="bbox 1101 312 2660 382; baseline 0.004 -13"><span class='ocrx_word' id='word_1_1' title='bbox 1101 314 1236 371; x_wconf 79' lang='lat' dir='ltr'><strong>Lm.</strong></span> <span class='ocrx_word' id='word_1_2' title='bbox 1275 313 1373 382; x_wconf 88' lang='lat'><strong>111,</strong></span> <span class='ocrx_word' id='word_1_3' title='bbox 1412 312 1566 370; x_wconf 81' lang='lat' dir='ltr'><strong>GAP.</strong></span> <span class='ocrx_word' id='word_1_4' title='bbox 1605 312 1794 371; x_wconf 84' lang='lat' dir='ltr'><strong>LXXX.</strong></span> <span class='ocrx_word' id='word_1_5' title='bbox 2558 321 2660 377; x_wconf 81' lang='lat'><strong>363</strong></span> 
     </span>
    </p>
   </div>
   <div class='ocr_carea' id='block_1_2' title="bbox 220 434 2670 4523">
    <p class='ocr_par' dir='ltr' id='par_1_2' title="bbox 220 434 2669 1772">
     <span class='ocr_line' id='line_1_2' title="bbox 220 434 2654 512; baseline 0 -14"><span class='ocrx_word' id='word_1_6' title='bbox 220 438 346 498; x_wconf 83' lang='lat' dir='ltr'><strong>hoc</strong></span> <span class='ocrx_word' id='word_1_7' title='bbox 393 435 565 509; x_wconf 82' lang='lat' dir='ltr'><strong>quod</strong></span> <span class='ocrx_word' id='word_1_8' title='bbox 611 449 649 494; x_wconf 85' lang='lat' dir='ltr'><strong>a</strong></span> <span class='ocrx_word' id='word_1_9' title='bbox 675 438 797 494; x_wconf 87' lang='lat' dir='ltr'><strong>Deo</strong></span> <span class='ocrx_word' id='word_1_10' title='bbox 820 436 1139 508; x_wconf 88' lang='lat' dir='ltr'><strong>accipiunt.</strong></span> <span class='ocrx_word' id='word_1_11' title='bbox 1169 437 1303 493; x_wconf 85' lang='lat' dir='ltr'><strong>Haec</strong></span> <span class='ocrx_word' id='word_1_12' title='bbox 1333 439 1530 493; x_wconf 86' lang='lat' dir='ltr'><strong>autem</strong></span> <span class='ocrx_word' id='word_1_13' title='bbox 1558 434 1774 493; x_wconf 84' lang='lat' dir='ltr'><strong>divinae</strong></span> <span class='ocrx_word' id='word_1_14' title='bbox 1801 434 2201 494; x_wconf 84' lang='lat' dir='ltr'><strong>ordinationis</strong></span> <span class='ocrx_word' id='word_1_15' title='bbox 2228 437 2654 512; x_wconf 81' lang='lat' dir='ltr'><strong>manifestatiO,</strong></span> 
     </span>
     <span class='ocr_line' id='line_1_3' title="bbox 227 504 2657 582; baseline 0 -16"><span class='ocrx_word' id='word_1_16' title='bbox 227 507 528 566; x_wconf 81' lang='lat' dir='ltr'><strong>divinitus</strong></span> <span class='ocrx_word' id='word_1_17' title='bbox 548 505 725 575; x_wconf 84' lang='lat' dir='ltr'><strong>facta,</strong></span> <span class='ocrx_word' id='word_1_18' title='bbox 749 519 939 579; x_wconf 86' lang='lat' dir='ltr'><strong>usque</strong></span> <span class='ocrx_word' id='word_1_19' title='bbox 965 505 1042 564; x_wconf 88' lang='lat' dir='ltr'><strong>ad</strong></span> <span class='ocrx_word' id='word_1_20' title='bbox 1063 506 1304 564; x_wconf 88' lang='lat' dir='ltr'><strong>ultimas</strong></span> <span class='ocrx_word' id='word_1_21' title='bbox 1331 504 1826 563; x_wconf 79' lang='lat' dir='ltr'><strong>intellectualium</strong></span> <span class='ocrx_word' id='word_1_22' title='bbox 1857 505 2323 565; x_wconf 88' lang='lat' dir='ltr'><strong>substantiarum</strong></span> <span class='ocrx_word' id='word_1_23' title='bbox 2352 510 2657 582; x_wconf 84' lang='lat' dir='ltr'><strong>pertingit,</strong></span> 
     </span>
     <span class='ocr_line' id='line_1_4' title="bbox 231 576 2660 649; baseline -0 -12"><span class='ocrx_word' id='word_1_24' title='bbox 231 578 404 637; x_wconf 85' lang='lat' dir='ltr'><strong>sicut</strong></span> <span class='ocrx_word' id='word_1_25' title='bbox 429 577 666 645; x_wconf 86' lang='lat' dir='ltr'><strong>dicitur,</strong></span> <span class='ocrx_word' id='word_1_26' title='bbox 684 576 815 646; x_wconf 67' lang='lat' dir='ltr'><strong>«lob,</strong></span> <span class='ocrx_word' id='word_1_27' title='bbox 833 588 976 646; x_wconf 79' lang='lat' dir='ltr'><strong>xxv,</strong></span> <span class='ocrx_word' id='word_1_28' title='bbox 1006 581 1039 635; x_wconf 82' lang='lat'><strong>3</strong></span> <span class='ocrx_word' id='word_1_29' title='bbox 1070 577 1392 647; x_wconf 78' lang='lat' dir='ltr'><strong>:Numquid</strong></span> <span class='ocrx_word' id='word_1_30' title='bbox 1414 581 1494 631; x_wconf 81' lang='lat' dir='ltr'><strong>est</strong></span> <span class='ocrx_word' id='word_1_31' title='bbox 1518 591 1774 632; x_wconf 79' lang='lat' dir='ltr'><strong>numerus</strong></span> <span class='ocrx_word' id='word_1_32' title='bbox 1800 577 2034 632; x_wconf 79' lang='lat' dir='ltr'><strong>militum</strong></span> <span class='ocrx_word' id='word_1_33' title='bbox 2060 577 2206 646; x_wconf 74' lang='lat' dir='ltr'><strong>eJ‘us3</strong></span> <span class='ocrx_word' id='word_1_34' title='bbox 2234 582 2285 633; x_wconf 84' lang='lat' dir='ltr'><strong>et</strong></span> <span class='ocrx_word' id='word_1_35' title='bbox 2316 593 2479 649; x_wconf 80' lang='lat' dir='ltr'><strong>super</strong></span> <span class='ocrx_word' id='word_1_36' title='bbox 2505 596 2660 649; x_wconf 79' lang='lat' dir='ltr'><strong>quem</strong></span> 
     </span>
     <span class='ocr_line' id='line_1_5' title="bbox 228 646 2660 719; baseline 0.001 -14"><span class='ocrx_word' id='word_1_37' title='bbox 228 664 350 705; x_wconf 75' lang='lat' dir='ltr'><strong>non</strong></span> <span class='ocrx_word' id='word_1_38' title='bbox 389 647 634 718; x_wconf 77' lang='lat' dir='ltr'><strong>splendet</strong></span> <span class='ocrx_word' id='word_1_39' title='bbox 674 648 854 704; x_wconf 83' lang='lat' dir='ltr'><strong>lumen</strong></span> <span class='ocrx_word' id='word_1_40' title='bbox 895 646 1018 717; x_wconf 59' lang='lat' dir='ltr'><strong>efres</strong></span> <span class='ocrx_word' id='word_1_41' title='bbox 1043 646 1204 704; x_wconf 74' lang='lat' dir='ltr'><strong>i’Sed</strong></span> <span class='ocrx_word' id='word_1_42' title='bbox 1239 646 1556 704; x_wconf 89' lang='lat' dir='ltr'><strong>inferiores</strong></span> <span class='ocrx_word' id='word_1_43' title='bbox 1609 646 1947 706; x_wconf 86' lang='lat' dir='ltr'><strong>intellectus</strong></span> <span class='ocrx_word' id='word_1_44' title='bbox 2004 658 2125 704; x_wconf 93' lang='lat' dir='ltr'><strong>non</strong></span> <span class='ocrx_word' id='word_1_45' title='bbox 2174 661 2244 705; x_wconf 88' lang='lat' dir='ltr'><strong>ea</strong></span> <span class='ocrx_word' id='word_1_46' title='bbox 2296 650 2660 719; x_wconf 81' lang='lat' dir='ltr'><strong>perfectione</strong></span> 
     </span>
     <span class='ocr_line' id='line_1_6' title="bbox 229 714 2660 791; baseline 0 -14"><span class='ocrx_word' id='word_1_47' title='bbox 229 719 440 791; x_wconf 84' lang='lat' dir='ltr'><strong>ipsam</strong></span> <span class='ocrx_word' id='word_1_48' title='bbox 486 717 806 789; x_wconf 89' lang='lat' dir='ltr'><strong>recipiunt,</strong></span> <span class='ocrx_word' id='word_1_49' title='bbox 834 717 995 790; x_wconf 86' lang='lat' dir='ltr'><strong>quod</strong></span> <span class='ocrx_word' id='word_1_50' title='bbox 1033 731 1138 789; x_wconf 91' lang='lat' dir='ltr'><strong>per</strong></span> <span class='ocrx_word' id='word_1_51' title='bbox 1192 730 1322 775; x_wconf 90' lang='lat' dir='ltr'><strong>eam</strong></span> <span class='ocrx_word' id='word_1_52' title='bbox 1374 714 1618 789; x_wconf 84' lang='lat' dir='ltr'><strong>singula</strong></span> <span class='ocrx_word' id='word_1_53' title='bbox 1663 731 1794 790; x_wconf 84' lang='lat' dir='ltr'><strong>quae</strong></span> <span class='ocrx_word' id='word_1_54' title='bbox 1841 717 1916 774; x_wconf 89' lang='lat' dir='ltr'><strong>ad</strong></span> <span class='ocrx_word' id='word_1_55' title='bbox 1952 718 2222 776; x_wconf 87' lang='lat' dir='ltr'><strong>ordinem</strong></span> <span class='ocrx_word' id='word_1_56' title='bbox 2272 719 2660 790; x_wconf 75' lang='lat' dir='ltr'><strong>providentiae</strong></span> 
     </span>
     <span class='ocr_line' id='line_1_7' title="bbox 231 786 2660 869; baseline -0 -20"><span class='ocrx_word' id='word_1_57' title='bbox 231 793 517 862; x_wconf 85' lang='lat' dir='ltr'><strong>spectant</strong></span> <span class='ocrx_word' id='word_1_58' title='bbox 556 787 631 845; x_wconf 88' lang='lat' dir='ltr'><strong>ab</strong></span> <span class='ocrx_word' id='word_1_59' title='bbox 676 787 830 859; x_wconf 91' lang='lat' dir='ltr'><strong>ipsis</strong></span> <span class='ocrx_word' id='word_1_60' title='bbox 875 786 1224 861; x_wconf 86' lang='lat' dir='ltr'><strong>exequenda</strong></span> <span class='ocrx_word' id='word_1_61' title='bbox 1265 800 1632 869; x_wconf 80' lang='lat' dir='ltr'><strong>cognoscere</strong></span> <span class='ocrx_word' id='word_1_62' title='bbox 1659 787 1914 858; x_wconf 89' lang='lat' dir='ltr'><strong>possint,</strong></span> <span class='ocrx_word' id='word_1_63' title='bbox 1933 786 2040 845; x_wconf 86' lang='lat' dir='ltr'><strong>sed</strong></span> <span class='ocrx_word' id='word_1_64' title='bbox 2086 788 2283 846; x_wconf 91' lang='lat' dir='ltr'><strong>solum</strong></span> <span class='ocrx_word' id='word_1_65' title='bbox 2310 789 2373 847; x_wconf 89' lang='lat' dir='ltr'><strong>in</strong></span> <span class='ocrx_word' id='word_1_66' title='bbox 2402 790 2660 863; x_wconf 88' lang='lat' dir='ltr'><strong>quadam</strong></span> 
     </span>
     <span class='ocr_line' id='line_1_8' title="bbox 229 857 2661 938; baseline 0 -20"><span class='ocrx_word' id='word_1_67' title='bbox 229 857 712 928; x_wconf 87' lang='lat' dir='ltr'><strong>communitate;</strong></span> <span class='ocrx_word' id='word_1_68' title='bbox 745 863 1086 931; x_wconf 87' lang='lat' dir='ltr'><strong>quantoque</strong></span> <span class='ocrx_word' id='word_1_69' title='bbox 1140 862 1282 916; x_wconf 91' lang='lat' dir='ltr'><strong>sunt</strong></span> <span class='ocrx_word' id='word_1_70' title='bbox 1334 858 1671 926; x_wconf 79' lang='lat' dir='ltr'><strong>inferioreS,</strong></span> <span class='ocrx_word' id='word_1_71' title='bbox 1701 862 1867 916; x_wconf 87' lang='lat' dir='ltr'><strong>tanto</strong></span> <span class='ocrx_word' id='word_1_72' title='bbox 1918 872 2022 938; x_wconf 86' lang='lat' dir='ltr'><strong>per</strong></span> <span class='ocrx_word' id='word_1_73' title='bbox 2106 859 2317 916; x_wconf 89' lang='lat' dir='ltr'><strong>rimam</strong></span> <span class='ocrx_word' id='word_1_74' title='bbox 2358 859 2661 919; x_wconf 89' lang='lat' dir='ltr'><strong>illumina-</strong></span> 
     </span>
     <span class='ocr_line' id='line_1_9' title="bbox 232 927 2662 1002; baseline 0.002 -15"><span class='ocrx_word' id='word_1_75' title='bbox 232 930 472 989; x_wconf 82' lang='lat' dir='ltr'><strong>tionem</strong></span> <span class='ocrx_word' id='word_1_76' title='bbox 499 929 789 986; x_wconf 82' lang='lat' dir='ltr'><strong>divinitus</strong></span> <span class='ocrx_word' id='word_1_77' title='bbox 835 934 1137 1000; x_wconf 84' lang='lat' dir='ltr'><strong>acceptam</strong></span> <span class='ocrx_word' id='word_1_78' title='bbox 1164 928 1368 986; x_wconf 90' lang='lat' dir='ltr'><strong>minus</strong></span> <span class='ocrx_word' id='word_1_79' title='bbox 1392 929 1455 985; x_wconf 91' lang='lat' dir='ltr'><strong>in</strong></span> <span class='ocrx_word' id='word_1_80' title='bbox 1487 927 1733 999; x_wconf 88' lang='lat' dir='ltr'><strong>speciali</strong></span> <span class='ocrx_word' id='word_1_81' title='bbox 1762 927 1947 985; x_wconf 85' lang='lat' dir='ltr'><strong>divini</strong></span> <span class='ocrx_word' id='word_1_82' title='bbox 1986 942 2053 986; x_wconf 87' lang='lat' dir='ltr'><strong>or</strong></span> <span class='ocrx_word' id='word_1_83' title='bbox 2095 928 2215 987; x_wconf 90' lang='lat' dir='ltr'><strong>inis</strong></span> <span class='ocrx_word' id='word_1_84' title='bbox 2253 931 2662 1002; x_wconf 85' lang='lat' dir='ltr'><strong>cognitionem</strong></span> 
     </span>
     <span class='ocr_line' id='line_1_10' title="bbox 233 998 2660 1073; baseline 0 -13"><span class='ocrx_word' id='word_1_85' title='bbox 233 1000 586 1073; x_wconf 85' lang='lat' dir='ltr'><strong>accipiunt;</strong></span> <span class='ocrx_word' id='word_1_86' title='bbox 625 999 691 1056; x_wconf 89' lang='lat' dir='ltr'><strong>in</strong></span> <span class='ocrx_word' id='word_1_87' title='bbox 730 1003 963 1057; x_wconf 85' lang='lat' dir='ltr'><strong>tantum</strong></span> <span class='ocrx_word' id='word_1_88' title='bbox 989 998 1151 1071; x_wconf 86' lang='lat' dir='ltr'><strong>quod</strong></span> <span class='ocrx_word' id='word_1_89' title='bbox 1185 999 1524 1056; x_wconf 89' lang='lat' dir='ltr'><strong>intellectus</strong></span> <span class='ocrx_word' id='word_1_90' title='bbox 1554 998 1874 1061; x_wconf 86' lang='lat' dir='ltr'><strong>humanus,</strong></span> <span class='ocrx_word' id='word_1_91' title='bbox 1907 999 2008 1071; x_wconf 88' lang='lat' dir='ltr'><strong>qui</strong></span> <span class='ocrx_word' id='word_1_92' title='bbox 2039 1004 2132 1057; x_wconf 90' lang='lat' dir='ltr'><strong>est</strong></span> <span class='ocrx_word' id='word_1_93' title='bbox 2171 999 2418 1058; x_wconf 82' lang='lat' dir='ltr'><strong>infimus</strong></span> <span class='ocrx_word' id='word_1_94' title='bbox 2446 1015 2660 1060; x_wconf 86' lang='lat' dir='ltr'><strong>secun-</strong></span> 
     </span>
     <span class='ocr_line' id='line_1_11' title="bbox 234 1068 2663 1142; baseline 0.001 -13"><span class='ocrx_word' id='word_1_95' title='bbox 234 1070 392 1129; x_wconf 90' lang='lat' dir='ltr'><strong>dum</strong></span> <span class='ocrx_word' id='word_1_96' title='bbox 444 1069 775 1128; x_wconf 83' lang='lat' dir='ltr'><strong>naturalem</strong></span> <span class='ocrx_word' id='word_1_97' title='bbox 828 1069 1259 1142; x_wconf 87' lang='lat' dir='ltr'><strong>cognitionem,</strong></span> <span class='ocrx_word' id='word_1_98' title='bbox 1314 1068 1513 1127; x_wconf 91' lang='lat' dir='ltr'><strong>solum</strong></span> <span class='ocrx_word' id='word_1_99' title='bbox 1562 1068 1957 1141; x_wconf 89' lang='lat' dir='ltr'><strong>quorumdam</strong></span> <span class='ocrx_word' id='word_1_100' title='bbox 2009 1070 2663 1131; x_wconf 85' lang='lat' dir='ltr'><strong>universalissimorum</strong></span> 
     </span>
     <span class='ocr_line' id='line_1_12' title="bbox 235 1138 2663 1212; baseline 0 -12"><span class='ocrx_word' id='word_1_101' title='bbox 235 1140 522 1200; x_wconf 79' lang='lat' dir='ltr'><strong>notitiam</strong></span> <span class='ocrx_word' id='word_1_102' title='bbox 544 1139 744 1199; x_wconf 84' lang='lat' dir='ltr'><strong>habet.</strong></span> <span class='ocrx_word' id='word_1_103' title='bbox 773 1139 1075 1212; x_wconf 83' lang='lat' dir='ltr'><strong>sicigitur</strong></span> <span class='ocrx_word' id='word_1_104' title='bbox 1101 1138 1454 1198; x_wconf 87' lang='lat' dir='ltr'><strong>substantiae</strong></span> <span class='ocrx_word' id='word_1_105' title='bbox 1508 1139 1942 1198; x_wconf 85' lang='lat' dir='ltr'><strong>intellectuales</strong></span> <span class='ocrx_word' id='word_1_106' title='bbox 1980 1140 2321 1210; x_wconf 87' lang='lat' dir='ltr'><strong>superiores</strong></span> <span class='ocrx_word' id='word_1_107' title='bbox 2350 1142 2663 1212; x_wconf 83' lang='lat' dir='ltr'><strong>perfectio·</strong></span> 
     </span>
     <span class='ocr_line' id='line_1_13' title="bbox 235 1209 2664 1285; baseline 0 -15"><span class='ocrx_word' id='word_1_108' title='bbox 235 1225 388 1270; x_wconf 88' lang='lat' dir='ltr'><strong>nem</strong></span> <span class='ocrx_word' id='word_1_109' title='bbox 417 1210 784 1285; x_wconf 81' lang='lat' dir='ltr'><strong>cognitionis</strong></span> <span class='ocrx_word' id='word_1_110' title='bbox 821 1209 1089 1283; x_wconf 83' lang='lat' dir='ltr'><strong>praedicti</strong></span> <span class='ocrx_word' id='word_1_111' title='bbox 1120 1209 1351 1269; x_wconf 88' lang='lat' dir='ltr'><strong>ordinis</strong></span> <span class='ocrx_word' id='word_1_112' title='bbox 1389 1209 1729 1267; x_wconf 83' lang='lat' dir='ltr'><strong>immediate</strong></span> <span class='ocrx_word' id='word_1_113' title='bbox 1758 1214 2212 1282; x_wconf 89' lang='lat' dir='ltr'><strong>consequuntur</strong></span> <span class='ocrx_word' id='word_1_114' title='bbox 2230 1225 2266 1268; x_wconf 89' lang='lat' dir='ltr'><strong>a</strong></span> <span class='ocrx_word' id='word_1_115' title='bbox 2293 1214 2451 1281; x_wconf 90' lang='lat' dir='ltr'><strong>Deo;</strong></span> <span class='ocrx_word' id='word_1_116' title='bbox 2484 1227 2664 1285; x_wconf 88' lang='lat' dir='ltr'><strong>quam</strong></span> 
     </span>
     <span class='ocr_line' id='line_1_14' title="bbox 234 1279 2662 1356; baseline 0.001 -16"><span class='ocrx_word' id='word_1_117' title='bbox 234 1281 490 1355; x_wconf 83' lang='lat' dir='ltr'><strong>quidem</strong></span> <span class='ocrx_word' id='word_1_118' title='bbox 517 1280 951 1353; x_wconf 78' lang='lat' dir='ltr'><strong>perfectionem</strong></span> <span class='ocrx_word' id='word_1_119' title='bbox 978 1287 1211 1352; x_wconf 88' lang='lat' dir='ltr'><strong>oportet</strong></span> <span class='ocrx_word' id='word_1_120' title='bbox 1238 1279 1398 1352; x_wconf 87' lang='lat' dir='ltr'><strong>quod</strong></span> <span class='ocrx_word' id='word_1_121' title='bbox 1423 1280 1556 1338; x_wconf 78' lang='lat' dir='ltr'><strong>aliae</strong></span> <span class='ocrx_word' id='word_1_122' title='bbox 1582 1279 1899 1338; x_wconf 80' lang='lat' dir='ltr'><strong>inferiores</strong></span> <span class='ocrx_word' id='word_1_123' title='bbox 1927 1295 2033 1352; x_wconf 91' lang='lat' dir='ltr'><strong>per</strong></span> <span class='ocrx_word' id='word_1_124' title='bbox 2063 1295 2169 1340; x_wconf 86' lang='lat' dir='ltr'><strong>eas</strong></span> <span class='ocrx_word' id='word_1_125' title='bbox 2195 1288 2662 1356; x_wconf 86' lang='lat' dir='ltr'><strong>consequantur,</strong></span> 
     </span>
     <span class='ocr_line' id='line_1_15' title="bbox 233 1350 2663 1433; baseline 0.001 -23"><span class='ocrx_word' id='word_1_126' title='bbox 233 1352 406 1411; x_wconf 84' lang='lat' dir='ltr'><strong>sicut</strong></span> <span class='ocrx_word' id='word_1_127' title='bbox 428 1366 612 1433; x_wconf 85' lang='lat' dir='ltr'><strong>supra</strong></span> <span class='ocrx_word' id='word_1_128' title='bbox 628 1350 912 1419; x_wconf 54' lang='lat' dir='ltr'><strong>diximum</strong></span> <span class='ocrx_word' id='word_1_129' title='bbox 939 1351 1100 1423; x_wconf 89' lang='lat' dir='ltr'><strong>quod</strong></span> <span class='ocrx_word' id='word_1_130' title='bbox 1120 1350 1478 1409; x_wconf 89' lang='lat' dir='ltr'><strong>universalis</strong></span> <span class='ocrx_word' id='word_1_131' title='bbox 1519 1350 1801 1422; x_wconf 90' lang='lat' dir='ltr'><strong>discipuli</strong></span> <span class='ocrx_word' id='word_1_132' title='bbox 1838 1351 2105 1424; x_wconf 85' lang='lat' dir='ltr'><strong>cognitio</strong></span> <span class='ocrx_word' id='word_1_133' title='bbox 2175 1366 2239 1409; x_wconf 89' lang='lat' dir='ltr'><strong>er</strong></span> <span class='ocrx_word' id='word_1_134' title='bbox 2257 1352 2663 1424; x_wconf 85' lang='lat' dir='ltr'><strong>cognitionem</strong></span> 
     </span>
     <span class='ocr_line' id='line_1_16' title="bbox 233 1421 2668 1503; baseline 0 -21"><span class='ocrx_word' id='word_1_135' title='bbox 233 1422 545 1496; x_wconf 83' lang='lat' dir='ltr'><strong>magistri,</strong></span> <span class='ocrx_word' id='word_1_136' title='bbox 575 1422 679 1501; x_wconf 78' lang='lat' dir='ltr'><strong>qui</strong></span> <span class='ocrx_word' id='word_1_137' title='bbox 724 1421 790 1478; x_wconf 90' lang='lat' dir='ltr'><strong>in</strong></span> <span class='ocrx_word' id='word_1_138' title='bbox 838 1421 1084 1493; x_wconf 85' lang='lat' dir='ltr'><strong>speciali</strong></span> <span class='ocrx_word' id='word_1_139' title='bbox 1137 1421 1469 1502; x_wconf 80' lang='lat' dir='ltr'><strong>cognoscit,</strong></span> <span class='ocrx_word' id='word_1_140' title='bbox 1501 1421 1844 1491; x_wconf 88' lang='lat' dir='ltr'><strong>perducitur</strong></span> <span class='ocrx_word' id='word_1_141' title='bbox 1888 1421 1962 1479; x_wconf 90' lang='lat' dir='ltr'><strong>ad</strong></span> <span class='ocrx_word' id='word_1_142' title='bbox 2016 1436 2121 1503; x_wconf 86' lang='lat' dir='ltr'><strong>per</strong></span> <span class='ocrx_word' id='word_1_143' title='bbox 2148 1429 2362 1480; x_wconf 90' lang='lat' dir='ltr'><strong>ectum.</strong></span> <span class='ocrx_word' id='word_1_144' title='bbox 2393 1424 2541 1482; x_wconf 83' lang='lat' dir='ltr'><strong>Hinc</strong></span> <span class='ocrx_word' id='word_1_145' title='bbox 2575 1431 2668 1482; x_wconf 92' lang='lat' dir='ltr'><strong>est</strong></span> 
     </span>
     <span class='ocr_line' id='line_1_17' title="bbox 231 1490 2668 1567; baseline 0 -16"><span class='ocrx_word' id='word_1_146' title='bbox 231 1493 407 1567; x_wconf 80' lang='lat' dir='ltr'><strong>quod</strong></span> <span class='ocrx_word' id='word_1_147' title='bbox 426 1493 754 1565; x_wconf 74' lang='lat' dir='ltr'><strong>Dionysius</strong></span> <span class='ocrx_word' id='word_1_148' title='bbox 777 1490 852 1549; x_wconf 91' lang='lat' dir='ltr'><strong>de</strong></span> <span class='ocrx_word' id='word_1_149' title='bbox 881 1492 1179 1563; x_wconf 85' lang='lat' dir='ltr'><strong>supremis</strong></span> <span class='ocrx_word' id='word_1_150' title='bbox 1207 1491 1714 1550; x_wconf 82' lang='lat' dir='ltr'><strong>intellectualibus</strong></span> <span class='ocrx_word' id='word_1_151' title='bbox 1742 1490 2119 1562; x_wconf 80' lang='lat' dir='ltr'><strong>substantiis,</strong></span> <span class='ocrx_word' id='word_1_152' title='bbox 2181 1506 2292 1550; x_wconf 89' lang='lat' dir='ltr'><strong>uas</strong></span> <span class='ocrx_word' id='word_1_153' title='bbox 2314 1494 2521 1564; x_wconf 79' lang='lat' dir='ltr'><strong>primae</strong></span> <span class='ocrx_word' id='word_1_154' title='bbox 2545 1494 2668 1552; x_wconf 85' lang='lat' dir='ltr'><strong>bie·</strong></span> 
     </span>
     <span class='ocr_line' id='line_1_18' title="bbox 232 1561 2669 1634; baseline -0.001 -10"><span class='ocrx_word' id='word_1_155' title='bbox 232 1563 519 1632; x_wconf 86' lang='lat' dir='ltr'><strong>rarchiae,</strong></span> <span class='ocrx_word' id='word_1_156' title='bbox 535 1562 597 1620; x_wconf 91' lang='lat' dir='ltr'><strong>id</strong></span> <span class='ocrx_word' id='word_1_157' title='bbox 618 1569 709 1621; x_wconf 89' lang='lat' dir='ltr'><strong>est</strong></span> <span class='ocrx_word' id='word_1_158' title='bbox 729 1561 883 1620; x_wconf 88' lang='lat' dir='ltr'><strong>sacri</strong></span> <span class='ocrx_word' id='word_1_159' title='bbox 900 1563 1288 1634; x_wconf 80' lang='lat' dir='ltr'><strong>principatuS,</strong></span> <span class='ocrx_word' id='word_1_160' title='bbox 1306 1562 1597 1632; x_wconf 90' lang='lat' dir='ltr'><strong>nominat,</strong></span> <span class='ocrx_word' id='word_1_161' title='bbox 1615 1562 1679 1618; x_wconf 89' lang='lat' dir='ltr'><strong>in</strong></span> <span class='ocrx_word' id='word_1_162' title='bbox 1702 1562 1956 1633; x_wconf 87' lang='lat' dir='ltr'><strong>septimo</strong></span> <span class='ocrx_word' id='word_1_163' title='bbox 1975 1576 2104 1633; x_wconf 88' lang='lat' dir='ltr'><strong>cap.</strong></span> <span class='ocrx_word' id='word_1_164' title='bbox 2210 1564 2325 1620; x_wconf 81' lang='lat' dir='ltr'><strong>lest.</strong></span> <span class='ocrx_word' id='word_1_165' title='bbox 2349 1565 2669 1623; x_wconf 65' lang='lat' dir='ltr'><strong>hierar-ohim</strong></span> 
     </span>
     <span class='ocr_line' id='line_1_19' title="bbox 232 1632 2667 1715; baseline 0.001 -22"><span class='ocrx_word' id='word_1_166' title='bbox 232 1633 387 1693; x_wconf 83' lang='lat' dir='ltr'><strong>dicit</strong></span> <span class='ocrx_word' id='word_1_167' title='bbox 430 1632 593 1715; x_wconf 80' lang='lat' dir='ltr'><strong>quod</strong></span> <span class='ocrx_word' id='word_1_168' title='bbox 620 1645 744 1690; x_wconf 91' lang='lat' dir='ltr'><strong>non</strong></span> <span class='ocrx_word' id='word_1_169' title='bbox 766 1646 873 1713; x_wconf 88' lang='lat' dir='ltr'><strong>per</strong></span> <span class='ocrx_word' id='word_1_170' title='bbox 915 1632 1066 1691; x_wconf 89' lang='lat' dir='ltr'><strong>alias</strong></span> <span class='ocrx_word' id='word_1_171' title='bbox 1099 1632 1468 1714; x_wconf 80' lang='lat' dir='ltr'><strong>substantias</strong></span> <span class='ocrx_word' id='word_1_172' title='bbox 1493 1632 1898 1713; x_wconf 78' lang='lat' dir='ltr'><strong>sanctificatae,</strong></span> <span class='ocrx_word' id='word_1_173' title='bbox 1929 1633 2036 1714; x_wconf 82' lang='lat' dir='ltr'><strong>sed</strong></span> <span class='ocrx_word' id='word_1_174' title='bbox 2073 1633 2148 1691; x_wconf 87' lang='lat' dir='ltr'><strong>ah</strong></span> <span class='ocrx_word' id='word_1_175' title='bbox 2191 1634 2325 1706; x_wconf 90' lang='lat' dir='ltr'><strong>ipsa</strong></span> <span class='ocrx_word' id='word_1_176' title='bbox 2360 1634 2667 1695; x_wconf 86' lang='lat' dir='ltr'><strong>divinitate</strong></span> 
     </span>
     <span class='ocr_line' id='line_1_20' title="bbox 230 1701 2667 1772; baseline 0.001 -7"><span class='ocrx_word' id='word_1_177' title='bbox 230 1704 302 1765; x_wconf 82' lang='lat' dir='ltr'><strong>in</strong></span> <span class='ocrx_word' id='word_1_178' title='bbox 356 1704 377 1762; x_wconf 91' lang='lat' dir='ltr'><strong>i</strong></span> <span class='ocrx_word' id='word_1_179' title='bbox 432 1717 504 1762; x_wconf 88' lang='lat' dir='ltr'><strong>sa</strong></span> <span class='ocrx_word' id='word_1_180' title='bbox 549 1701 893 1762; x_wconf 86' lang='lat' dir='ltr'><strong>immediate</strong></span> <span class='ocrx_word' id='word_1_181' title='bbox 939 1702 1356 1772; x_wconf 84' lang='lat' dir='ltr'><strong>extenduntur,</strong></span> <span class='ocrx_word' id='word_1_182' title='bbox 1386 1708 1565 1761; x_wconf 88' lang='lat' dir='ltr'><strong>etiam</strong></span> <span class='ocrx_word' id='word_1_183' title='bbox 1618 1703 1691 1759; x_wconf 87' lang='lat' dir='ltr'><strong>ad</strong></span> <span class='ocrx_word' id='word_1_184' title='bbox 1726 1702 2175 1762; x_wconf 84' lang='lat' dir='ltr'><strong>immaterialem</strong></span> <span class='ocrx_word' id='word_1_185' title='bbox 2216 1711 2274 1762; x_wconf 93' lang='lat' dir='ltr'><strong>et</strong></span> <span class='ocrx_word' id='word_1_186' title='bbox 2301 1705 2667 1768; x_wconf 83' lang='lat' dir='ltr'><strong>invisibilem</strong></span> 
     </span>
    </p>

    <p class='ocr_par' dir='ltr' id='par_1_3' title="bbox 276 1718 2669 1857">
     <span class='ocr_line' id='line_1_21' title="bbox 276 1718 2669 1857; baseline 0.003 -25"><span class='ocrx_word' id='word_1_187' title='bbox 276 1718 773 1857; x_wconf 59' lang='lat' dir='ltr'><strong>ulcssritudinem</strong></span> <span class='ocrx_word' id='word_1_188' title='bbox 798 1777 1088 1855; x_wconf 72' lang='lat' dir='ltr'><strong>quantum</strong></span> <span class='ocrx_word' id='word_1_189' title='bbox 1115 1773 1205 1831; x_wconf 83' lang='lat' dir='ltr'><strong>fas</strong></span> <span class='ocrx_word' id='word_1_190' title='bbox 1238 1779 1349 1855; x_wconf 79' lang='lat' dir='ltr'><strong>est,</strong></span> <span class='ocrx_word' id='word_1_191' title='bbox 1378 1773 1443 1830; x_wconf 91' lang='lat' dir='ltr'><strong>in</strong></span> <span class='ocrx_word' id='word_1_192' title='bbox 1485 1773 2049 1844; x_wconf 87' lang='lat' dir='ltr'><strong>contemplationem</strong></span> <span class='ocrx_word' id='word_1_193' title='bbox 2079 1774 2474 1847; x_wconf 89' lang='lat' dir='ltr'><strong>adducuntur,</strong></span> <span class='ocrx_word' id='word_1_194' title='bbox 2505 1782 2565 1834; x_wconf 91' lang='lat' dir='ltr'><strong>et</strong></span> <span class='ocrx_word' id='word_1_195' title='bbox 2593 1778 2669 1839; x_wconf 82' lang='lat' dir='ltr'><strong>ad</strong></span> 
     </span>
    </p>

    <p class='ocr_par' dir='ltr' id='par_1_4' title="bbox 235 1843 2664 1985">
     <span class='ocr_line' id='line_1_22' title="bbox 300 1843 2664 1925; baseline 0.002 -22"><span class='ocrx_word' id='word_1_196' title='bbox 300 1857 589 1903; x_wconf 84' lang='lat' dir='ltr'><strong>vinorum</strong></span> <span class='ocrx_word' id='word_1_197' title='bbox 620 1856 866 1925; x_wconf 78' lang='lat' dir='ltr'><strong>operum</strong></span> <span class='ocrx_word' id='word_1_198' title='bbox 896 1843 1141 1925; x_wconf 79' lang='lat' dir='ltr'><strong>scibiles</strong></span> <span class='ocrx_word' id='word_1_199' title='bbox 1169 1849 1432 1902; x_wconf 86' lang='lat' dir='ltr'><strong>rationes</strong></span> <span class='ocrx_word' id='word_1_200' title='bbox 1461 1862 1480 1924; x_wconf 55' lang='grc' dir='ltr'>ξ</span> <span class='ocrx_word' id='word_1_201' title='bbox 1506 1851 1568 1924; x_wconf 78' lang='lat' dir='ltr'><strong>et</strong></span> <span class='ocrx_word' id='word_1_202' title='bbox 1626 1857 1733 1914; x_wconf 90' lang='lat' dir='ltr'><strong>per</strong></span> <span class='ocrx_word' id='word_1_203' title='bbox 1760 1844 1870 1902; x_wconf 87' lang='lat' dir='ltr'><strong>has</strong></span> <span class='ocrx_word' id='word_1_204' title='bbox 1898 1844 2044 1903; x_wconf 91' lang='lat' dir='ltr'><strong>dicit</strong></span> <span class='ocrx_word' id='word_1_205' title='bbox 2080 1846 2427 1917; x_wconf 83' lang='lat' dir='ltr'><strong>suppositas</strong></span> <span class='ocrx_word' id='word_1_206' title='bbox 2453 1848 2664 1908; x_wconf 88' lang='lat' dir='ltr'><strong>coeles·</strong></span> 
     </span>
     <span class='ocr_line' id='line_1_23' title="bbox 235 1912 1558 1985; baseline -0.004 -10"><span class='ocrx_word' id='word_1_207' title='bbox 235 1914 398 1975; x_wconf 75' lang='lat' dir='ltr'><strong>tium</strong></span> <span class='ocrx_word' id='word_1_208' title='bbox 432 1918 832 1973; x_wconf 86' lang='lat' dir='ltr'><strong>essentiarum</strong></span> <span class='ocrx_word' id='word_1_209' title='bbox 857 1912 1286 1985; x_wconf 87' lang='lat' dir='ltr'><strong>dispositiones</strong></span> <span class='ocrx_word' id='word_1_210' title='bbox 1314 1914 1558 1972; x_wconf 86' lang='lat' dir='ltr'><strong>erudiri.</strong></span> 
     </span>
    </p>

    <p class='ocr_par' dir='ltr' id='par_1_5' title="bbox 236 1983 2667 2270">
     <span class='ocr_line' id='line_1_24' title="bbox 305 1983 2664 2065; baseline 0.002 -21"><span class='ocrx_word' id='word_1_211' title='bbox 305 1985 418 2045; x_wconf 83' lang='lat' dir='ltr'><strong>Sic</strong></span> <span class='ocrx_word' id='word_1_212' title='bbox 445 1998 593 2057; x_wconf 84' lang='lat' dir='ltr'><strong>ergo</strong></span> <span class='ocrx_word' id='word_1_213' title='bbox 621 1984 868 2044; x_wconf 88' lang='lat' dir='ltr'><strong>altiores</strong></span> <span class='ocrx_word' id='word_1_214' title='bbox 906 1983 1244 2042; x_wconf 89' lang='lat' dir='ltr'><strong>intellectus</strong></span> <span class='ocrx_word' id='word_1_215' title='bbox 1291 1984 1356 2041; x_wconf 91' lang='lat' dir='ltr'><strong>in</strong></span> <span class='ocrx_word' id='word_1_216' title='bbox 1386 1984 1583 2042; x_wconf 90' lang='lat' dir='ltr'><strong>altiori</strong></span> <span class='ocrx_word' id='word_1_217' title='bbox 1605 1983 1918 2065; x_wconf 32' lang='lat' dir='ltr'><strong>‘principio</strong></span> <span class='ocrx_word' id='word_1_218' title='bbox 1948 1986 2316 2057; x_wconf 84' lang='lat' dir='ltr'><strong>cognitionis</strong></span> <span class='ocrx_word' id='word_1_219' title='bbox 2346 1990 2664 2061; x_wconf 87' lang='lat' dir='ltr'><strong>perfectio·</strong></span> 
     </span>
     <span class='ocr_line' id='line_1_25' title="bbox 236 2054 2665 2129; baseline 0.002 -14"><span class='ocrx_word' id='word_1_220' title='bbox 236 2070 381 2116; x_wconf 88' lang='lat' dir='ltr'><strong>nem</strong></span> <span class='ocrx_word' id='word_1_221' title='bbox 411 2054 773 2128; x_wconf 87' lang='lat' dir='ltr'><strong>suscipiunt.</strong></span> <span class='ocrx_word' id='word_1_222' title='bbox 793 2056 863 2111; x_wconf 88' lang='lat' dir='ltr'><strong>In</strong></span> <span class='ocrx_word' id='word_1_223' title='bbox 882 2054 1142 2127; x_wconf 88' lang='lat' dir='ltr'><strong>qualibet</strong></span> <span class='ocrx_word' id='word_1_224' title='bbox 1163 2060 1358 2113; x_wconf 87' lang='lat' dir='ltr'><strong>autem</strong></span> <span class='ocrx_word' id='word_1_225' title='bbox 1388 2054 1786 2126; x_wconf 87' lang='lat' dir='ltr'><strong>dispositione</strong></span> <span class='ocrx_word' id='word_1_226' title='bbox 1809 2055 2195 2126; x_wconf 79' lang='lat' dir='ltr'><strong>providentiae</strong></span> <span class='ocrx_word' id='word_1_227' title='bbox 2214 2057 2350 2129; x_wconf 89' lang='lat' dir='ltr'><strong>ipsa</strong></span> <span class='ocrx_word' id='word_1_228' title='bbox 2365 2060 2665 2122; x_wconf 88' lang='lat' dir='ltr'><strong>ordinatio</strong></span> 
     </span>
     <span class='ocr_line' id='line_1_26' title="bbox 239 2124 2667 2206; baseline 0.003 -21"><span class='ocrx_word' id='word_1_229' title='bbox 239 2125 571 2186; x_wconf 85' lang='lat' dir='ltr'><strong>effectuum</strong></span> <span class='ocrx_word' id='word_1_230' title='bbox 624 2139 700 2183; x_wconf 85' lang='lat' dir='ltr'><strong>ex</strong></span> <span class='ocrx_word' id='word_1_231' title='bbox 744 2124 959 2205; x_wconf 44' lang='lat' dir='ltr'><strong>forma·</strong></span> <span class='ocrx_word' id='word_1_232' title='bbox 985 2125 1219 2206; x_wconf 80' lang='lat' dir='ltr'><strong>agentis</strong></span> <span class='ocrx_word' id='word_1_233' title='bbox 1260 2124 1579 2183; x_wconf 86' lang='lat' dir='ltr'><strong>derivatur.</strong></span> <span class='ocrx_word' id='word_1_234' title='bbox 1622 2126 1865 2195; x_wconf 88' lang='lat' dir='ltr'><strong>Oportet</strong></span> <span class='ocrx_word' id='word_1_235' title='bbox 1904 2125 2066 2183; x_wconf 90' lang='lat' dir='ltr'><strong>enim</strong></span> <span class='ocrx_word' id='word_1_236' title='bbox 2106 2125 2356 2187; x_wconf 83' lang='lat' dir='ltr'><strong>effectus</strong></span> <span class='ocrx_word' id='word_1_237' title='bbox 2395 2143 2436 2188; x_wconf 89' lang='lat' dir='ltr'><strong>a</strong></span> <span class='ocrx_word' id='word_1_238' title='bbox 2482 2146 2667 2192; x_wconf 88' lang='lat' dir='ltr'><strong>causa</strong></span> 
     </span>
     <span class='ocr_line' id='line_1_27' title="bbox 237 2193 1731 2270; baseline -0.002 -15"><span class='ocrx_word' id='word_1_239' title='bbox 237 2196 585 2256; x_wconf 78' lang='lat' dir='ltr'><strong>secundum</strong></span> <span class='ocrx_word' id='word_1_240' title='bbox 615 2195 879 2270; x_wconf 83' lang='lat' dir='ltr'><strong>aliquam</strong></span> <span class='ocrx_word' id='word_1_241' title='bbox 909 2193 1362 2253; x_wconf 88' lang='lat' dir='ltr'><strong>similitudinem</strong></span> <span class='ocrx_word' id='word_1_242' title='bbox 1389 2195 1731 2267; x_wconf 88' lang='lat' dir='ltr'><strong>procedere.</strong></span> 
     </span>
    </p>

    <p class='ocr_par' dir='ltr' id='par_1_6' title="bbox 235 2264 2670 3054">
     <span class='ocr_line' id='line_1_28' title="bbox 308 2264 2666 2343; baseline 0.002 -18"><span class='ocrx_word' id='word_1_243' title='bbox 308 2266 494 2337; x_wconf 85' lang='lat' dir='ltr'><strong>Quod</strong></span> <span class='ocrx_word' id='word_1_244' title='bbox 521 2270 720 2323; x_wconf 89' lang='lat' dir='ltr'><strong>autem</strong></span> <span class='ocrx_word' id='word_1_245' title='bbox 762 2277 949 2336; x_wconf 84' lang='lat' dir='ltr'><strong>agens</strong></span> <span class='ocrx_word' id='word_1_246' title='bbox 975 2278 1101 2322; x_wconf 83' lang='lat' dir='ltr'><strong>suae</strong></span> <span class='ocrx_word' id='word_1_247' title='bbox 1150 2266 1357 2322; x_wconf 80' lang='lat' dir='ltr'><strong>formae</strong></span> <span class='ocrx_word' id='word_1_248' title='bbox 1404 2265 1861 2322; x_wconf 88' lang='lat' dir='ltr'><strong>similitudinem</strong></span> <span class='ocrx_word' id='word_1_249' title='bbox 1904 2264 2217 2325; x_wconf 85' lang='lat' dir='ltr'><strong>effectibus</strong></span> <span class='ocrx_word' id='word_1_250' title='bbox 2243 2271 2666 2343; x_wconf 87' lang='lat' dir='ltr'><strong>communicet,</strong></span> 
     </span>
     <span class='ocr_line' id='line_1_29' title="bbox 235 2333 2666 2414; baseline 0.002 -18"><span class='ocrx_word' id='word_1_251' title='bbox 235 2344 333 2396; x_wconf 84' lang='lat' dir='ltr'><strong>est</strong></span> <span class='ocrx_word' id='word_1_252' title='bbox 355 2341 610 2410; x_wconf 89' lang='lat' dir='ltr'><strong>propter</strong></span> <span class='ocrx_word' id='word_1_253' title='bbox 632 2336 711 2394; x_wconf 86' lang='lat' dir='ltr'><strong>ali</strong></span> <span class='ocrx_word' id='word_1_254' title='bbox 758 2348 893 2392; x_wconf 89' lang='lat' dir='ltr'><strong>uem</strong></span> <span class='ocrx_word' id='word_1_255' title='bbox 922 2333 1124 2392; x_wconf 84' lang='lat' dir='ltr'><strong>finem.</strong></span> <span class='ocrx_word' id='word_1_256' title='bbox 1151 2335 1414 2393; x_wconf 89' lang='lat' dir='ltr'><strong>Primum</strong></span> <span class='ocrx_word' id='word_1_257' title='bbox 1451 2348 1597 2407; x_wconf 84' lang='lat' dir='ltr'><strong>ergo</strong></span> <span class='ocrx_word' id='word_1_258' title='bbox 1626 2333 1987 2405; x_wconf 88' lang='lat' dir='ltr'><strong>principium</strong></span> <span class='ocrx_word' id='word_1_259' title='bbox 2015 2335 2080 2392; x_wconf 92' lang='lat' dir='ltr'><strong>in</strong></span> <span class='ocrx_word' id='word_1_260' title='bbox 2103 2335 2501 2409; x_wconf 89' lang='lat' dir='ltr'><strong>dispositione</strong></span> <span class='ocrx_word' id='word_1_261' title='bbox 2526 2356 2666 2414; x_wconf 90' lang='lat' dir='ltr'><strong>pro-</strong></span> 
     </span>
     <span class='ocr_line' id='line_1_30' title="bbox 237 2404 2667 2483; baseline 0.002 -17"><span class='ocrx_word' id='word_1_262' title='bbox 237 2407 530 2467; x_wconf 78' lang='lat' dir='ltr'><strong>videntiae</strong></span> <span class='ocrx_word' id='word_1_263' title='bbox 583 2410 677 2465; x_wconf 84' lang='lat' dir='ltr'><strong>est</strong></span> <span class='ocrx_word' id='word_1_264' title='bbox 755 2405 872 2464; x_wconf 91' lang='lat' dir='ltr'><strong>nis.</strong></span> <span class='ocrx_word' id='word_1_265' title='bbox 919 2404 1276 2475; x_wconf 87' lang='lat' dir='ltr'><strong>Secundum,</strong></span> <span class='ocrx_word' id='word_1_266' title='bbox 1327 2405 1519 2463; x_wconf 81' lang='lat' dir='ltr'><strong>forma</strong></span> <span class='ocrx_word' id='word_1_267' title='bbox 1573 2405 1827 2477; x_wconf 80' lang='lat' dir='ltr'><strong>agentis.</strong></span> <span class='ocrx_word' id='word_1_268' title='bbox 1856 2405 2138 2476; x_wconf 86' lang='lat' dir='ltr'><strong>Tertium,</strong></span> <span class='ocrx_word' id='word_1_269' title='bbox 2158 2407 2294 2478; x_wconf 88' lang='lat' dir='ltr'><strong>ipsa</strong></span> <span class='ocrx_word' id='word_1_270' title='bbox 2349 2409 2667 2483; x_wconf 88' lang='lat' dir='ltr'><strong>dispositio</strong></span> 
     </span>
     <span class='ocr_line' id='line_1_31' title="bbox 240 2473 2667 2554; baseline 0.001 -15"><span class='ocrx_word' id='word_1_271' title='bbox 240 2478 485 2539; x_wconf 84' lang='lat' dir='ltr'><strong>ordinis</strong></span> <span class='ocrx_word' id='word_1_272' title='bbox 528 2473 869 2534; x_wconf 84' lang='lat' dir='ltr'><strong>effectuum.</strong></span> <span class='ocrx_word' id='word_1_273' title='bbox 899 2476 1246 2546; x_wconf 86' lang='lat' dir='ltr'><strong>supremum</strong></span> <span class='ocrx_word' id='word_1_274' title='bbox 1301 2475 1486 2549; x_wconf 81' lang='lat' dir='ltr'><strong>igitur</strong></span> <span class='ocrx_word' id='word_1_275' title='bbox 1532 2476 1597 2533; x_wconf 88' lang='lat' dir='ltr'><strong>in</strong></span> <span class='ocrx_word' id='word_1_276' title='bbox 1635 2474 1845 2533; x_wconf 87' lang='lat' dir='ltr'><strong>ordine</strong></span> <span class='ocrx_word' id='word_1_277' title='bbox 1894 2474 2237 2537; x_wconf 88' lang='lat' dir='ltr'><strong>intellectus</strong></span> <span class='ocrx_word' id='word_1_278' title='bbox 2264 2484 2359 2538; x_wconf 85' lang='lat' dir='ltr'><strong>est</strong></span> <span class='ocrx_word' id='word_1_279' title='bbox 2401 2481 2563 2554; x_wconf 88' lang='lat' dir='ltr'><strong>quod</strong></span> <span class='ocrx_word' id='word_1_280' title='bbox 2603 2484 2667 2542; x_wconf 91' lang='lat' dir='ltr'><strong>in</strong></span> 
     </span>
     <span class='ocr_line' id='line_1_32' title="bbox 237 2545 2667 2619; baseline 0 -8"><span class='ocrx_word' id='word_1_281' title='bbox 237 2548 360 2611; x_wconf 81' lang='lat' dir='ltr'><strong>fine</strong></span> <span class='ocrx_word' id='word_1_282' title='bbox 407 2547 644 2606; x_wconf 82' lang='lat' dir='ltr'><strong>ordinis</strong></span> <span class='ocrx_word' id='word_1_283' title='bbox 671 2547 826 2606; x_wconf 91' lang='lat' dir='ltr'><strong>ratio</strong></span> <span class='ocrx_word' id='word_1_284' title='bbox 871 2546 1244 2616; x_wconf 84' lang='lat' dir='ltr'><strong>attendatur;</strong></span> <span class='ocrx_word' id='word_1_285' title='bbox 1274 2545 1603 2604; x_wconf 89' lang='lat' dir='ltr'><strong>secundum</strong></span> <span class='ocrx_word' id='word_1_286' title='bbox 1642 2551 1862 2615; x_wconf 88' lang='lat' dir='ltr'><strong>autem,</strong></span> <span class='ocrx_word' id='word_1_287' title='bbox 1890 2545 2051 2619; x_wconf 89' lang='lat' dir='ltr'><strong>quod</strong></span> <span class='ocrx_word' id='word_1_288' title='bbox 2075 2547 2137 2604; x_wconf 91' lang='lat' dir='ltr'><strong>in</strong></span> <span class='ocrx_word' id='word_1_289' title='bbox 2163 2549 2393 2619; x_wconf 87' lang='lat' dir='ltr'><strong>forma;</strong></span> <span class='ocrx_word' id='word_1_290' title='bbox 2427 2554 2667 2612; x_wconf 88' lang='lat' dir='ltr'><strong>tertium</strong></span> 
     </span>
     <span class='ocr_line' id='line_1_33' title="bbox 235 2615 2667 2695; baseline 0.001 -16"><span class='ocrx_word' id='word_1_291' title='bbox 235 2633 413 2684; x_wconf 73' lang='lat' dir='ltr'><strong>vero,</strong></span> <span class='ocrx_word' id='word_1_292' title='bbox 457 2618 618 2692; x_wconf 87' lang='lat' dir='ltr'><strong>quod</strong></span> <span class='ocrx_word' id='word_1_293' title='bbox 659 2617 796 2689; x_wconf 83' lang='lat' dir='ltr'><strong>ipsa</strong></span> <span class='ocrx_word' id='word_1_294' title='bbox 821 2615 1055 2675; x_wconf 87' lang='lat' dir='ltr'><strong>ordinis</strong></span> <span class='ocrx_word' id='word_1_295' title='bbox 1102 2616 1419 2689; x_wconf 90' lang='lat' dir='ltr'><strong>dispositio</strong></span> <span class='ocrx_word' id='word_1_296' title='bbox 1448 2616 1512 2685; x_wconf 83' lang='lat' dir='ltr'><strong>in</strong></span> <span class='ocrx_word' id='word_1_297' title='bbox 1541 2615 1762 2687; x_wconf 88' lang='lat' dir='ltr'><strong>seipsa,</strong></span> <span class='ocrx_word' id='word_1_298' title='bbox 1791 2628 1915 2673; x_wconf 90' lang='lat' dir='ltr'><strong>non</strong></span> <span class='ocrx_word' id='word_1_299' title='bbox 1944 2616 2007 2673; x_wconf 88' lang='lat' dir='ltr'><strong>in</strong></span> <span class='ocrx_word' id='word_1_300' title='bbox 2036 2617 2239 2690; x_wconf 86' lang='lat' dir='ltr'><strong>aliquo</strong></span> <span class='ocrx_word' id='word_1_301' title='bbox 2267 2620 2465 2679; x_wconf 86' lang='lat' dir='ltr'><strong>altiori</strong></span> <span class='ocrx_word' id='word_1_302' title='bbox 2504 2626 2667 2695; x_wconf 89' lang='lat' dir='ltr'><strong>prin-</strong></span> 
     </span>
     <span class='ocr_line' id='line_1_34' title="bbox 240 2686 2670 2764; baseline 0.002 -14"><span class='ocrx_word' id='word_1_303' title='bbox 240 2691 410 2764; x_wconf 87' lang='lat' dir='ltr'><strong>cipio</strong></span> <span class='ocrx_word' id='word_1_304' title='bbox 460 2693 881 2760; x_wconf 85' lang='lat' dir='ltr'><strong>cognoscatur.</strong></span> <span class='ocrx_word' id='word_1_305' title='bbox 911 2686 1074 2744; x_wconf 91' lang='lat' dir='ltr'><strong>Unde</strong></span> <span class='ocrx_word' id='word_1_306' title='bbox 1116 2692 1176 2745; x_wconf 90' lang='lat' dir='ltr'><strong>et</strong></span> <span class='ocrx_word' id='word_1_307' title='bbox 1204 2701 1302 2745; x_wconf 88' lang='lat' dir='ltr'><strong>ars</strong></span> <span class='ocrx_word' id='word_1_308' title='bbox 1344 2701 1475 2760; x_wconf 83' lang='lat' dir='ltr'><strong>quae</strong></span> <span class='ocrx_word' id='word_1_309' title='bbox 1500 2686 1842 2744; x_wconf 88' lang='lat' dir='ltr'><strong>considerat</strong></span> <span class='ocrx_word' id='word_1_310' title='bbox 1877 2686 2058 2744; x_wconf 90' lang='lat' dir='ltr'><strong>finem</strong></span> <span class='ocrx_word' id='word_1_311' title='bbox 2087 2693 2180 2746; x_wconf 87' lang='lat' dir='ltr'><strong>est</strong></span> <span class='ocrx_word' id='word_1_312' title='bbox 2207 2691 2670 2755; x_wconf 82' lang='lat' dir='ltr'><strong>architectonica</strong></span> 
     </span>
     <span class='ocr_line' id='line_1_35' title="bbox 241 2755 2666 2833; baseline 0 -12"><span class='ocrx_word' id='word_1_313' title='bbox 241 2763 524 2833; x_wconf 84' lang='lat' dir='ltr'><strong>respectu</strong></span> <span class='ocrx_word' id='word_1_314' title='bbox 554 2759 686 2830; x_wconf 88' lang='lat' dir='ltr'><strong>ejus</strong></span> <span class='ocrx_word' id='word_1_315' title='bbox 721 2771 856 2831; x_wconf 81' lang='lat' dir='ltr'><strong>quae</strong></span> <span class='ocrx_word' id='word_1_316' title='bbox 889 2756 1230 2815; x_wconf 88' lang='lat' dir='ltr'><strong>considerat</strong></span> <span class='ocrx_word' id='word_1_317' title='bbox 1258 2758 1531 2827; x_wconf 83' lang='lat' dir='ltr'><strong>sormam,</strong></span> <span class='ocrx_word' id='word_1_318' title='bbox 1553 2757 1708 2815; x_wconf 86' lang='lat' dir='ltr'><strong>sicut</strong></span> <span class='ocrx_word' id='word_1_319' title='bbox 1747 2755 2172 2829; x_wconf 82' lang='lat' dir='ltr'><strong>gubernatoria</strong></span> <span class='ocrx_word' id='word_1_320' title='bbox 2198 2769 2473 2832; x_wconf 89' lang='lat' dir='ltr'><strong>respectu</strong></span> <span class='ocrx_word' id='word_1_321' title='bbox 2497 2766 2666 2822; x_wconf 88' lang='lat' dir='ltr'><strong>navi-</strong></span> 
     </span>
     <span class='ocr_line' id='line_1_36' title="bbox 243 2826 2668 2903; baseline 0 -11"><span class='ocrx_word' id='word_1_322' title='bbox 243 2831 517 2899; x_wconf 75' lang='lat' dir='ltr'><strong>iactivae3</strong></span> <span class='ocrx_word' id='word_1_323' title='bbox 549 2843 621 2886; x_wconf 89' lang='lat' dir='ltr'><strong>ea</strong></span> <span class='ocrx_word' id='word_1_324' title='bbox 646 2842 785 2887; x_wconf 88' lang='lat' dir='ltr'><strong>vero</strong></span> <span class='ocrx_word' id='word_1_325' title='bbox 815 2842 950 2901; x_wconf 83' lang='lat' dir='ltr'><strong>quae</strong></span> <span class='ocrx_word' id='word_1_326' title='bbox 996 2828 1337 2885; x_wconf 87' lang='lat' dir='ltr'><strong>considerat</strong></span> <span class='ocrx_word' id='word_1_327' title='bbox 1377 2827 1652 2897; x_wconf 86' lang='lat' dir='ltr'><strong>formam,</strong></span> <span class='ocrx_word' id='word_1_328' title='bbox 1679 2833 1953 2898; x_wconf 89' lang='lat' dir='ltr'><strong>respectu</strong></span> <span class='ocrx_word' id='word_1_329' title='bbox 2000 2826 2130 2899; x_wconf 85' lang='lat' dir='ltr'><strong>ejus</strong></span> <span class='ocrx_word' id='word_1_330' title='bbox 2167 2844 2300 2903; x_wconf 84' lang='lat' dir='ltr'><strong>quae</strong></span> <span class='ocrx_word' id='word_1_331' title='bbox 2328 2834 2668 2893; x_wconf 89' lang='lat' dir='ltr'><strong>considerat</strong></span> 
     </span>
     <span class='ocr_line' id='line_1_37' title="bbox 243 2897 2670 2972; baseline 0.001 -10"><span class='ocrx_word' id='word_1_332' title='bbox 243 2902 452 2963; x_wconf 82' lang='lat' dir='ltr'><strong>solum</strong></span> <span class='ocrx_word' id='word_1_333' title='bbox 502 2899 745 2957; x_wconf 88' lang='lat' dir='ltr'><strong>ordines</strong></span> <span class='ocrx_word' id='word_1_334' title='bbox 783 2905 1055 2957; x_wconf 90' lang='lat' dir='ltr'><strong>motuum</strong></span> <span class='ocrx_word' id='word_1_335' title='bbox 1110 2898 1212 2972; x_wconf 89' lang='lat' dir='ltr'><strong>qui</strong></span> <span class='ocrx_word' id='word_1_336' title='bbox 1262 2898 1618 2958; x_wconf 89' lang='lat' dir='ltr'><strong>ordinantur</strong></span> <span class='ocrx_word' id='word_1_337' title='bbox 1672 2897 1748 2957; x_wconf 89' lang='lat' dir='ltr'><strong>ad</strong></span> <span class='ocrx_word' id='word_1_338' title='bbox 1794 2897 2069 2969; x_wconf 88' lang='lat' dir='ltr'><strong>formam,</strong></span> <span class='ocrx_word' id='word_1_339' title='bbox 2102 2899 2261 2959; x_wconf 89' lang='lat' dir='ltr'><strong>sicut</strong></span> <span class='ocrx_word' id='word_1_340' title='bbox 2314 2904 2670 2965; x_wconf 85' lang='lat' dir='ltr'><strong>navifactiva</strong></span> 
     </span>
     <span class='ocr_line' id='line_1_38' title="bbox 245 2968 1770 3054; baseline -0.008 -22"><span class='ocrx_word' id='word_1_341' title='bbox 245 2975 530 3054; x_wconf 84' lang='lat' dir='ltr'><strong>respectu</strong></span> <span class='ocrx_word' id='word_1_342' title='bbox 559 2981 776 3027; x_wconf 91' lang='lat' dir='ltr'><strong>manus</strong></span> <span class='ocrx_word' id='word_1_343' title='bbox 803 2968 1117 3049; x_wconf 78' lang='lat' dir='ltr'><strong>artificum.</strong></span> <span class='ocrx_word' id='word_1_344' title='bbox 1534 3038 1548 3049; x_wconf 44' lang='lat'><strong>·</strong></span> <span class='ocrx_word' id='word_1_345' title='bbox 1758 3037 1770 3048; x_wconf 45' lang='lat'><strong>·</strong></span> 
     </span>
    </p>

    <p class='ocr_par' dir='ltr' id='par_1_7' title="bbox 244 3037 2666 3673">
     <span class='ocr_line' id='line_1_39' title="bbox 313 3037 2666 3116; baseline 0.002 -15"><span class='ocrx_word' id='word_1_346' title='bbox 313 3045 418 3102; x_wconf 86' lang='lat' dir='ltr'><strong>Sic</strong></span> <span class='ocrx_word' id='word_1_347' title='bbox 445 3054 590 3113; x_wconf 82' lang='lat' dir='ltr'><strong>ergo</strong></span> <span class='ocrx_word' id='word_1_348' title='bbox 632 3040 789 3097; x_wconf 90' lang='lat' dir='ltr'><strong>inter</strong></span> <span class='ocrx_word' id='word_1_349' title='bbox 832 3040 972 3097; x_wconf 90' lang='lat' dir='ltr'><strong>illos</strong></span> <span class='ocrx_word' id='word_1_350' title='bbox 1015 3037 1353 3097; x_wconf 87' lang='lat' dir='ltr'><strong>intellectus</strong></span> <span class='ocrx_word' id='word_1_351' title='bbox 1396 3038 1500 3111; x_wconf 87' lang='lat' dir='ltr'><strong>qui</strong></span> <span class='ocrx_word' id='word_1_352' title='bbox 1528 3038 1871 3096; x_wconf 87' lang='lat' dir='ltr'><strong>immediate</strong></span> <span class='ocrx_word' id='word_1_353' title='bbox 1916 3037 2145 3110; x_wconf 90' lang='lat' dir='ltr'><strong>inipso</strong></span> <span class='ocrx_word' id='word_1_354' title='bbox 2188 3043 2310 3099; x_wconf 88' lang='lat' dir='ltr'><strong>Deo</strong></span> <span class='ocrx_word' id='word_1_355' title='bbox 2342 3044 2666 3116; x_wconf 80' lang='lat' dir='ltr'><strong>perfectam</strong></span> 
     </span>
     <span class='ocr_line' id='line_1_40' title="bbox 249 3107 2666 3189; baseline 0.001 -17"><span class='ocrx_word' id='word_1_356' title='bbox 249 3112 663 3187; x_wconf 80' lang='lat' dir='ltr'><strong>cognitionem</strong></span> <span class='ocrx_word' id='word_1_357' title='bbox 688 3109 920 3168; x_wconf 90' lang='lat' dir='ltr'><strong>ordinis</strong></span> <span class='ocrx_word' id='word_1_358' title='bbox 948 3109 1333 3189; x_wconf 66' lang='lat' dir='ltr'><strong>providentiae</strong></span> <span class='ocrx_word' id='word_1_359' title='bbox 1357 3107 1575 3167; x_wconf 77' lang='lat' dir='ltr'><strong>divinae</strong></span> <span class='ocrx_word' id='word_1_360' title='bbox 1595 3108 1931 3189; x_wconf 87' lang='lat' dir='ltr'><strong>percipiunt</strong></span> <span class='ocrx_word' id='word_1_361' title='bbox 1963 3116 2057 3167; x_wconf 88' lang='lat' dir='ltr'><strong>est</strong></span> <span class='ocrx_word' id='word_1_362' title='bbox 2085 3111 2328 3183; x_wconf 87' lang='lat' dir='ltr'><strong>quidam</strong></span> <span class='ocrx_word' id='word_1_363' title='bbox 2349 3115 2519 3184; x_wconf 90' lang='lat' dir='ltr'><strong>ord0,</strong></span> <span class='ocrx_word' id='word_1_364' title='bbox 2544 3129 2666 3189; x_wconf 87' lang='lat' dir='ltr'><strong>quo</strong></span> 
     </span>
     <span class='ocr_line' id='line_1_41' title="bbox 244 3177 2666 3260; baseline 0.001 -17"><span class='ocrx_word' id='word_1_365' title='bbox 244 3181 518 3255; x_wconf 86' lang='lat' dir='ltr'><strong>supremi</strong></span> <span class='ocrx_word' id='word_1_366' title='bbox 548 3185 608 3238; x_wconf 90' lang='lat' dir='ltr'><strong>et</strong></span> <span class='ocrx_word' id='word_1_367' title='bbox 629 3180 804 3251; x_wconf 88' lang='lat' dir='ltr'><strong>primi</strong></span> <span class='ocrx_word' id='word_1_368' title='bbox 837 3179 1068 3260; x_wconf 78' lang='lat' dir='ltr'><strong>ordinis</strong></span> <span class='ocrx_word' id='word_1_369' title='bbox 1087 3177 1472 3258; x_wconf 81' lang='lat' dir='ltr'><strong>providentiae</strong></span> <span class='ocrx_word' id='word_1_370' title='bbox 1505 3184 1799 3237; x_wconf 89' lang='lat' dir='ltr'><strong>rationem</strong></span> <span class='ocrx_word' id='word_1_371' title='bbox 1827 3179 2034 3250; x_wconf 85' lang='lat' dir='ltr'><strong>partici</strong></span> <span class='ocrx_word' id='word_1_372' title='bbox 2082 3187 2183 3238; x_wconf 89' lang='lat' dir='ltr'><strong>ant</strong></span> <span class='ocrx_word' id='word_1_373' title='bbox 2209 3183 2431 3255; x_wconf 88' lang='lat' dir='ltr'><strong>inipso</strong></span> <span class='ocrx_word' id='word_1_374' title='bbox 2453 3186 2666 3245; x_wconf 88' lang='lat' dir='ltr'><strong>ultimo</strong></span> 
     </span>
     <span class='ocr_line' id='line_1_42' title="bbox 245 3249 2666 3326; baseline 0.001 -14"><span class='ocrx_word' id='word_1_375' title='bbox 245 3254 393 3323; x_wconf 76' lang='lat' dir='ltr'><strong>fine,</strong></span> <span class='ocrx_word' id='word_1_376' title='bbox 422 3251 525 3326; x_wconf 87' lang='lat' dir='ltr'><strong>qui</strong></span> <span class='ocrx_word' id='word_1_377' title='bbox 554 3256 649 3309; x_wconf 90' lang='lat' dir='ltr'><strong>est</strong></span> <span class='ocrx_word' id='word_1_378' title='bbox 673 3250 875 3308; x_wconf 80' lang='lat' dir='ltr'><strong>divina</strong></span> <span class='ocrx_word' id='word_1_379' title='bbox 926 3251 1185 3308; x_wconf 85' lang='lat' dir='ltr'><strong>bonitas.</strong></span> <span class='ocrx_word' id='word_1_380' title='bbox 1217 3249 1469 3317; x_wconf 83' lang='lat' dir='ltr'><strong>Quidam</strong></span> <span class='ocrx_word' id='word_1_381' title='bbox 1522 3254 1725 3308; x_wconf 88' lang='lat' dir='ltr'><strong>tamen</strong></span> <span class='ocrx_word' id='word_1_382' title='bbox 1754 3263 1963 3308; x_wconf 90' lang='lat' dir='ltr'><strong>eorum</strong></span> <span class='ocrx_word' id='word_1_383' title='bbox 2012 3265 2048 3308; x_wconf 90' lang='lat' dir='ltr'><strong>a</strong></span> <span class='ocrx_word' id='word_1_384' title='bbox 2074 3251 2149 3310; x_wconf 91' lang='lat' dir='ltr'><strong>iis</strong></span> <span class='ocrx_word' id='word_1_385' title='bbox 2204 3252 2449 3325; x_wconf 86' lang='lat' dir='ltr'><strong>clarius,</strong></span> <span class='ocrx_word' id='word_1_386' title='bbox 2477 3260 2537 3311; x_wconf 90' lang='lat' dir='ltr'><strong>et</strong></span> <span class='ocrx_word' id='word_1_387' title='bbox 2563 3257 2666 3314; x_wconf 88' lang='lat' dir='ltr'><strong>isti</strong></span> 
     </span>
     <span class='ocr_line' id='line_1_43' title="bbox 246 3319 2666 3395; baseline 0.001 -13"><span class='ocrx_word' id='word_1_388' title='bbox 246 3324 534 3382; x_wconf 89' lang='lat' dir='ltr'><strong>dicuntur</strong></span> <span class='ocrx_word' id='word_1_389' title='bbox 559 3322 693 3380; x_wconf 85' lang='lat' dir='ltr'><strong>Sera</strong></span> <span class='ocrx_word' id='word_1_390' title='bbox 734 3321 865 3389; x_wconf 78' lang='lat' dir='ltr'><strong>him,</strong></span> <span class='ocrx_word' id='word_1_391' title='bbox 891 3319 1066 3393; x_wconf 88' lang='lat' dir='ltr'><strong>quasi</strong></span> <span class='ocrx_word' id='word_1_392' title='bbox 1098 3319 1374 3379; x_wconf 89' lang='lat' dir='ltr'><strong>ardentes</strong></span> <span class='ocrx_word' id='word_1_393' title='bbox 1420 3319 1513 3377; x_wconf 80' lang='lat' dir='ltr'><strong>vel</strong></span> <span class='ocrx_word' id='word_1_394' title='bbox 1562 3319 1973 3389; x_wconf 85' lang='lat' dir='ltr'><strong>incendentes,</strong></span> <span class='ocrx_word' id='word_1_395' title='bbox 2002 3321 2145 3393; x_wconf 89' lang='lat' dir='ltr'><strong>quia</strong></span> <span class='ocrx_word' id='word_1_396' title='bbox 2178 3336 2284 3395; x_wconf 91' lang='lat' dir='ltr'><strong>per</strong></span> <span class='ocrx_word' id='word_1_397' title='bbox 2321 3324 2666 3385; x_wconf 87' lang='lat' dir='ltr'><strong>incendium</strong></span> 
     </span>
     <span class='ocr_line' id='line_1_44' title="bbox 246 3389 2666 3466; baseline 0.001 -13"><span class='ocrx_word' id='word_1_398' title='bbox 246 3392 557 3466; x_wconf 85' lang='lat' dir='ltr'><strong>designari</strong></span> <span class='ocrx_word' id='word_1_399' title='bbox 612 3404 684 3449; x_wconf 93' lang='lat' dir='ltr'><strong>so</strong></span> <span class='ocrx_word' id='word_1_400' title='bbox 710 3396 769 3449; x_wconf 89' lang='lat' dir='ltr'><strong>et</strong></span> <span class='ocrx_word' id='word_1_401' title='bbox 823 3390 1086 3450; x_wconf 89' lang='lat' dir='ltr'><strong>intensio</strong></span> <span class='ocrx_word' id='word_1_402' title='bbox 1143 3391 1368 3449; x_wconf 90' lang='lat' dir='ltr'><strong>amoris</strong></span> <span class='ocrx_word' id='word_1_403' title='bbox 1410 3390 1503 3448; x_wconf 78' lang='lat' dir='ltr'><strong>vel</strong></span> <span class='ocrx_word' id='word_1_404' title='bbox 1532 3389 1835 3459; x_wconf 85' lang='lat' dir='ltr'><strong>desiderii,</strong></span> <span class='ocrx_word' id='word_1_405' title='bbox 1860 3389 1963 3462; x_wconf 84' lang='lat' dir='ltr'><strong>qui</strong></span> <span class='ocrx_word' id='word_1_406' title='bbox 1993 3398 2135 3449; x_wconf 88' lang='lat' dir='ltr'><strong>sunt</strong></span> <span class='ocrx_word' id='word_1_407' title='bbox 2188 3392 2261 3453; x_wconf 92' lang='lat' dir='ltr'><strong>de</strong></span> <span class='ocrx_word' id='word_1_408' title='bbox 2313 3392 2452 3452; x_wconf 85' lang='lat' dir='ltr'><strong>fine.</strong></span> <span class='ocrx_word' id='word_1_409' title='bbox 2502 3397 2666 3455; x_wconf 90' lang='lat' dir='ltr'><strong>Unde</strong></span> 
     </span>
     <span class='ocr_line' id='line_1_45' title="bbox 246 3460 2665 3537; baseline 0.002 -14"><span class='ocrx_word' id='word_1_410' title='bbox 246 3463 581 3537; x_wconf 79' lang='lat' dir='ltr'><strong>Dionysius</strong></span> <span class='ocrx_word' id='word_1_411' title='bbox 607 3461 771 3532; x_wconf 86' lang='lat' dir='ltr'><strong>dicit,</strong></span> <span class='ocrx_word' id='word_1_412' title='bbox 800 3461 864 3519; x_wconf 89' lang='lat' dir='ltr'><strong>in</strong></span> <span class='ocrx_word' id='word_1_413' title='bbox 891 3460 1147 3533; x_wconf 89' lang='lat' dir='ltr'><strong>septimo</strong></span> <span class='ocrx_word' id='word_1_414' title='bbox 1174 3475 1243 3518; x_wconf 92' lang='lat' dir='ltr'><strong>ca</strong></span> <span class='ocrx_word' id='word_1_415' title='bbox 1290 3503 1304 3519; x_wconf 92' lang='lat'><strong>.</strong></span> <span class='ocrx_word' id='word_1_416' title='bbox 1351 3461 1588 3518; x_wconf 74' lang='lat' dir='ltr'><strong>Goelestis</strong></span> <span class='ocrx_word' id='word_1_417' title='bbox 1633 3461 1969 3525; x_wconf 61' lang='lat' dir='ltr'><strong>hierarchiae,</strong></span> <span class='ocrx_word' id='word_1_418' title='bbox 2001 3462 2163 3533; x_wconf 87' lang='lat' dir='ltr'><strong>quod</strong></span> <span class='ocrx_word' id='word_1_419' title='bbox 2190 3477 2262 3521; x_wconf 88' lang='lat' dir='ltr'><strong>ex</strong></span> <span class='ocrx_word' id='word_1_420' title='bbox 2294 3464 2409 3523; x_wconf 88' lang='lat' dir='ltr'><strong>hoc</strong></span> <span class='ocrx_word' id='word_1_421' title='bbox 2456 3479 2665 3529; x_wconf 88' lang='lat' dir='ltr'><strong>eorum</strong></span> 
     </span>
     <span class='ocr_line' id='line_1_46' title="bbox 247 3531 2663 3604; baseline 0.001 -11"><span class='ocrx_word' id='word_1_422' title='bbox 247 3535 498 3593; x_wconf 86' lang='lat' dir='ltr'><strong>nomine</strong></span> <span class='ocrx_word' id='word_1_423' title='bbox 525 3531 876 3604; x_wconf 81' lang='lat' dir='ltr'><strong>designatur</strong></span> <span class='ocrx_word' id='word_1_424' title='bbox 919 3538 979 3589; x_wconf 91' lang='lat' dir='ltr'><strong>et</strong></span> <span class='ocrx_word' id='word_1_425' title='bbox 1004 3531 1250 3590; x_wconf 90' lang='lat' dir='ltr'><strong>immobi</strong></span> <span class='ocrx_word' id='word_1_426' title='bbox 1279 3531 1393 3590; x_wconf 89' lang='lat' dir='ltr'><strong>itas</strong></span> <span class='ocrx_word' id='word_1_427' title='bbox 1442 3544 1651 3589; x_wconf 90' lang='lat' dir='ltr'><strong>eorum</strong></span> <span class='ocrx_word' id='word_1_428' title='bbox 1697 3532 1857 3590; x_wconf 85' lang='lat' dir='ltr'><strong>circa</strong></span> <span class='ocrx_word' id='word_1_429' title='bbox 1896 3531 2117 3603; x_wconf 86' lang='lat' dir='ltr'><strong>divina,</strong></span> <span class='ocrx_word' id='word_1_430' title='bbox 2149 3532 2385 3592; x_wconf 88' lang='lat' dir='ltr'><strong>fervens</strong></span> <span class='ocrx_word' id='word_1_431' title='bbox 2412 3540 2472 3593; x_wconf 91' lang='lat' dir='ltr'><strong>et</strong></span> <span class='ocrx_word' id='word_1_432' title='bbox 2496 3536 2663 3595; x_wconf 83' lang='lat' dir='ltr'><strong>flexi-</strong></span> 
     </span>
     <span class='ocr_line' id='line_1_47' title="bbox 247 3600 1988 3673; baseline -0.002 -10"><span class='ocrx_word' id='word_1_433' title='bbox 247 3602 416 3673; x_wconf 84' lang='lat' dir='ltr'><strong>bilis,</strong></span> <span class='ocrx_word' id='word_1_434' title='bbox 446 3610 506 3661; x_wconf 93' lang='lat' dir='ltr'><strong>et</strong></span> <span class='ocrx_word' id='word_1_435' title='bbox 531 3602 803 3661; x_wconf 89' lang='lat' dir='ltr'><strong>reductio</strong></span> <span class='ocrx_word' id='word_1_436' title='bbox 825 3602 1178 3661; x_wconf 81' lang='lat' dir='ltr'><strong>inferiorum</strong></span> <span class='ocrx_word' id='word_1_437' title='bbox 1205 3602 1271 3659; x_wconf 88' lang='lat' dir='ltr'><strong>in</strong></span> <span class='ocrx_word' id='word_1_438' title='bbox 1298 3603 1485 3660; x_wconf 89' lang='lat' dir='ltr'><strong>Deum</strong></span> <span class='ocrx_word' id='word_1_439' title='bbox 1517 3601 1677 3660; x_wconf 85' lang='lat' dir='ltr'><strong>sicut</strong></span> <span class='ocrx_word' id='word_1_440' title='bbox 1701 3602 1765 3659; x_wconf 92' lang='lat' dir='ltr'><strong>in</strong></span> <span class='ocrx_word' id='word_1_441' title='bbox 1787 3600 1988 3660; x_wconf 85' lang='lat' dir='ltr'><strong>finem.</strong></span> 
     </span>
    </p>

    <p class='ocr_par' dir='ltr' id='par_1_8' title="bbox 244 3671 2666 4026">
     <span class='ocr_line' id='line_1_48' title="bbox 319 3671 2663 3744; baseline 0 -11"><span class='ocrx_word' id='word_1_442' title='bbox 319 3673 578 3733; x_wconf 83' lang='lat' dir='ltr'><strong>Secundi</strong></span> <span class='ocrx_word' id='word_1_443' title='bbox 631 3678 830 3731; x_wconf 85' lang='lat' dir='ltr'><strong>antem</strong></span> <span class='ocrx_word' id='word_1_444' title='bbox 888 3672 1181 3731; x_wconf 87' lang='lat' dir='ltr'><strong>rationein</strong></span> <span class='ocrx_word' id='word_1_445' title='bbox 1231 3672 1462 3731; x_wconf 90' lang='lat' dir='ltr'><strong>ordinis</strong></span> <span class='ocrx_word' id='word_1_446' title='bbox 1508 3672 1894 3742; x_wconf 79' lang='lat' dir='ltr'><strong>providentiae</strong></span> <span class='ocrx_word' id='word_1_447' title='bbox 1932 3671 1999 3729; x_wconf 91' lang='lat' dir='ltr'><strong>in</strong></span> <span class='ocrx_word' id='word_1_448' title='bbox 2040 3671 2177 3744; x_wconf 90' lang='lat' dir='ltr'><strong>ipsa</strong></span> <span class='ocrx_word' id='word_1_449' title='bbox 2220 3672 2414 3734; x_wconf 87' lang='lat' dir='ltr'><strong>forma</strong></span> <span class='ocrx_word' id='word_1_450' title='bbox 2461 3674 2663 3734; x_wconf 85' lang='lat' dir='ltr'><strong>divina</strong></span> 
     </span>
     <span class='ocr_line' id='line_1_49' title="bbox 244 3741 2663 3823; baseline -0 -20"><span class='ocrx_word' id='word_1_451' title='bbox 244 3745 509 3817; x_wconf 84' lang='lat' dir='ltr'><strong>perfecte</strong></span> <span class='ocrx_word' id='word_1_452' title='bbox 533 3748 930 3816; x_wconf 85' lang='lat' dir='ltr'><strong>cognoscunt,</strong></span> <span class='ocrx_word' id='word_1_453' title='bbox 958 3749 1017 3801; x_wconf 90' lang='lat' dir='ltr'><strong>et</strong></span> <span class='ocrx_word' id='word_1_454' title='bbox 1060 3742 1120 3800; x_wconf 88' lang='lat' dir='ltr'><strong>hi</strong></span> <span class='ocrx_word' id='word_1_455' title='bbox 1151 3742 1431 3801; x_wconf 90' lang='lat' dir='ltr'><strong>dicuntur</strong></span> <span class='ocrx_word' id='word_1_456' title='bbox 1468 3742 1775 3811; x_wconf 76' lang='lat' dir='ltr'><strong>cherubim,</strong></span> <span class='ocrx_word' id='word_1_457' title='bbox 1804 3742 1966 3823; x_wconf 89' lang='lat' dir='ltr'><strong>quod</strong></span> <span class='ocrx_word' id='word_1_458' title='bbox 2002 3741 2421 3815; x_wconf 86' lang='lat' dir='ltr'><strong>interpretatur</strong></span> <span class='ocrx_word' id='word_1_459' title='bbox 2467 3744 2663 3803; x_wconf 89' lang='lat' dir='ltr'><strong>scien-</strong></span> 
     </span>
     <span class='ocr_line' id='line_1_50' title="bbox 245 3812 2666 3887; baseline 0 -13"><span class='ocrx_word' id='word_1_460' title='bbox 245 3816 351 3874; x_wconf 81' lang='lat' dir='ltr'><strong>tiae</strong></span> <span class='ocrx_word' id='word_1_461' title='bbox 392 3813 720 3887; x_wconf 88' lang='lat' dir='ltr'><strong>plenitudo.</strong></span> <span class='ocrx_word' id='word_1_462' title='bbox 752 3813 1013 3873; x_wconf 85' lang='lat' dir='ltr'><strong>scientia</strong></span> <span class='ocrx_word' id='word_1_463' title='bbox 1055 3813 1217 3872; x_wconf 88' lang='lat' dir='ltr'><strong>enim</strong></span> <span class='ocrx_word' id='word_1_464' title='bbox 1258 3825 1365 3884; x_wconf 90' lang='lat' dir='ltr'><strong>per</strong></span> <span class='ocrx_word' id='word_1_465' title='bbox 1390 3812 1646 3872; x_wconf 88' lang='lat' dir='ltr'><strong>formam</strong></span> <span class='ocrx_word' id='word_1_466' title='bbox 1686 3812 1919 3872; x_wconf 88' lang='lat' dir='ltr'><strong>scibilis</strong></span> <span class='ocrx_word' id='word_1_467' title='bbox 1955 3813 2277 3884; x_wconf 82' lang='lat' dir='ltr'><strong>perficitur.</strong></span> <span class='ocrx_word' id='word_1_468' title='bbox 2310 3814 2474 3872; x_wconf 89' lang='lat' dir='ltr'><strong>Unde</strong></span> <span class='ocrx_word' id='word_1_469' title='bbox 2519 3815 2666 3874; x_wconf 87' lang='lat' dir='ltr'><strong>dicit</strong></span> 
     </span>
     <span class='ocr_line' id='line_1_51' title="bbox 248 3882 2665 3966; baseline 0 -22"><span class='ocrx_word' id='word_1_470' title='bbox 248 3884 576 3966; x_wconf 73' lang='lat' dir='ltr'><strong>Dionysius</strong></span> <span class='ocrx_word' id='word_1_471' title='bbox 669 3884 788 3943; x_wconf 89' lang='lat' dir='ltr'><strong>uod</strong></span> <span class='ocrx_word' id='word_1_472' title='bbox 831 3884 972 3965; x_wconf 81' lang='lat' dir='ltr'><strong>talis</strong></span> <span class='ocrx_word' id='word_1_473' title='bbox 1013 3883 1346 3965; x_wconf 77' lang='lat' dir='ltr'><strong>nominatio</strong></span> <span class='ocrx_word' id='word_1_474' title='bbox 1395 3883 1447 3942; x_wconf 86' lang='lat' dir='ltr'><strong>si</strong></span> <span class='ocrx_word' id='word_1_475' title='bbox 1523 3882 1899 3965; x_wconf 38' lang='lat' dir='ltr'><strong>,ificatfluod</strong></span> <span class='ocrx_word' id='word_1_476' title='bbox 1930 3891 2074 3943; x_wconf 87' lang='lat' dir='ltr'><strong>sunt</strong></span> <span class='ocrx_word' id='word_1_477' title='bbox 2125 3885 2569 3957; x_wconf 83' lang='lat' dir='ltr'><strong>contemplativi</strong></span> <span class='ocrx_word' id='word_1_478' title='bbox 2598 3886 2665 3945; x_wconf 89' lang='lat' dir='ltr'><strong>in</strong></span> 
     </span>
     <span class='ocr_line' id='line_1_52' title="bbox 250 3952 1792 4026; baseline 0 -14"><span class='ocrx_word' id='word_1_479' title='bbox 250 3966 448 4026; x_wconf 85' lang='lat' dir='ltr'><strong>prima</strong></span> <span class='ocrx_word' id='word_1_480' title='bbox 473 3968 650 4026; x_wconf 88' lang='lat' dir='ltr'><strong>opera</strong></span> <span class='ocrx_word' id='word_1_481' title='bbox 676 3957 797 4013; x_wconf 89' lang='lat' dir='ltr'><strong>rice</strong></span> <span class='ocrx_word' id='word_1_482' title='bbox 821 3959 1037 4014; x_wconf 82' lang='lat' dir='ltr'><strong>virtute</strong></span> <span class='ocrx_word' id='word_1_483' title='bbox 1068 3954 1283 4012; x_wconf 67' lang='lat' dir='ltr'><strong>divinae</strong></span> <span class='ocrx_word' id='word_1_484' title='bbox 1304 3952 1444 4025; x_wconf 91' lang='lat' dir='ltr'><strong>pulc</strong></span> <span class='ocrx_word' id='word_1_485' title='bbox 1489 3953 1792 4012; x_wconf 83' lang='lat' dir='ltr'><strong>ritudlms.</strong></span> 
     </span>
    </p>

    <p class='ocr_par' dir='ltr' id='par_1_9' title="bbox 241 4022 2665 4380">
     <span class='ocr_line' id='line_1_53' title="bbox 325 4022 2663 4100; baseline 0.002 -18"><span class='ocrx_word' id='word_1_486' title='bbox 325 4024 502 4083; x_wconf 86' lang='lat' dir='ltr'><strong>Tertii</strong></span> <span class='ocrx_word' id='word_1_487' title='bbox 545 4039 684 4083; x_wconf 84' lang='lat' dir='ltr'><strong>vero</strong></span> <span class='ocrx_word' id='word_1_488' title='bbox 734 4026 755 4084; x_wconf 87' lang='lat' dir='ltr'><strong>i</strong></span> <span class='ocrx_word' id='word_1_489' title='bbox 800 4039 931 4085; x_wconf 89' lang='lat' dir='ltr'><strong>sam</strong></span> <span class='ocrx_word' id='word_1_490' title='bbox 977 4022 1438 4096; x_wconf 87' lang='lat' dir='ltr'><strong>dispositionem</strong></span> <span class='ocrx_word' id='word_1_491' title='bbox 1504 4024 1843 4082; x_wconf 86' lang='lat' dir='ltr'><strong>divinorum</strong></span> <span class='ocrx_word' id='word_1_492' title='bbox 1889 4022 2251 4095; x_wconf 86' lang='lat' dir='ltr'><strong>judiciorum</strong></span> <span class='ocrx_word' id='word_1_493' title='bbox 2329 4026 2394 4084; x_wconf 90' lang='lat' dir='ltr'><strong>in</strong></span> <span class='ocrx_word' id='word_1_494' title='bbox 2462 4028 2663 4100; x_wconf 88' lang='lat' dir='ltr'><strong>seipsa</strong></span> 
     </span>
     <span class='ocr_line' id='line_1_54' title="bbox 252 4040 2665 4177; baseline 0.001 -22"><span class='ocrx_word' id='word_1_495' title='bbox 252 4095 656 4166; x_wconf 88' lang='lat' dir='ltr'><strong>considerant,</strong></span> <span class='ocrx_word' id='word_1_496' title='bbox 678 4100 736 4154; x_wconf 89' lang='lat' dir='ltr'><strong>et</strong></span> <span class='ocrx_word' id='word_1_497' title='bbox 755 4040 821 4154; x_wconf 62' lang='lat' dir='ltr'><strong>fii</strong></span> <span class='ocrx_word' id='word_1_498' title='bbox 844 4096 1127 4177; x_wconf 76' lang='lat' dir='ltr'><strong>dicuntur</strong></span> <span class='ocrx_word' id='word_1_499' title='bbox 1156 4097 1380 4153; x_wconf 79' lang='lat' dir='ltr'><strong>Throm&#39;.</strong></span> <span class='ocrx_word' id='word_1_500' title='bbox 1408 4096 1555 4153; x_wconf 76' lang='lat' dir='ltr'><strong>Nam</strong></span> <span class='ocrx_word' id='word_1_501' title='bbox 1582 4108 1688 4168; x_wconf 90' lang='lat' dir='ltr'><strong>per</strong></span> <span class='ocrx_word' id='word_1_502' title='bbox 1726 4095 2010 4153; x_wconf 88' lang='lat' dir='ltr'><strong>thronum</strong></span> <span class='ocrx_word' id='word_1_503' title='bbox 2056 4099 2320 4167; x_wconf 88' lang='lat' dir='ltr'><strong>potestas</strong></span> <span class='ocrx_word' id='word_1_504' title='bbox 2343 4095 2665 4169; x_wconf 88' lang='lat' dir='ltr'><strong>judiciaria</strong></span> 
     </span>
     <span class='ocr_line' id='line_1_55' title="bbox 251 4163 2664 4239; baseline 0 -14"><span class='ocrx_word' id='word_1_505' title='bbox 251 4163 620 4239; x_wconf 78' lang='lat' dir='ltr'><strong>designatur,</strong></span> <span class='ocrx_word' id='word_1_506' title='bbox 652 4166 985 4226; x_wconf 88' lang='lat' dir='ltr'><strong>secundum</strong></span> <span class='ocrx_word' id='word_1_507' title='bbox 1031 4165 1185 4224; x_wconf 90' lang='lat' dir='ltr'><strong>illud</strong></span> <span class='ocrx_word' id='word_1_508' title='bbox 1213 4164 1369 4224; x_wconf 87' lang='lat' dir='ltr'><strong>Psal.</strong></span> <span class='ocrx_word' id='word_1_509' title='bbox 1408 4176 1495 4234; x_wconf 82' lang='lat' dir='ltr'><strong>rx,</strong></span> <span class='ocrx_word' id='word_1_510' title='bbox 1525 4169 1559 4223; x_wconf 81' lang='lat'>5</span> <span class='ocrx_word' id='word_1_511' title='bbox 1588 4183 1602 4221; x_wconf 76' lang='grc' dir='ltr'><strong>ε</strong></span> <span class='ocrx_word' id='word_1_512' title='bbox 1637 4164 1841 4223; x_wconf 70' lang='lat' dir='ltr'><strong>sedisti·</strong></span> <span class='ocrx_word' id='word_1_513' title='bbox 1873 4180 2037 4235; x_wconf 80' lang='lat' dir='ltr'><strong>super</strong></span> <span class='ocrx_word' id='word_1_514' title='bbox 2067 4166 2321 4222; x_wconf 77' lang='lat' dir='ltr'><strong>thronum</strong></span> <span class='ocrx_word' id='word_1_515' title='bbox 2360 4171 2414 4223; x_wconf 83' lang='lat' dir='ltr'><strong>et</strong></span> <span class='ocrx_word' id='word_1_516' title='bbox 2438 4167 2664 4237; x_wconf 74' lang='lat' dir='ltr'><strong>judicas</strong></span> 
     </span>
     <span class='ocr_line' id='line_1_56' title="bbox 241 4234 2661 4316; baseline 0 -22"><span class='ocrx_word' id='word_1_517' title='bbox 241 4235 541 4309; x_wconf 66' lang='lat' dir='ltr'><strong>imtitiam.</strong></span> <span class='ocrx_word' id='word_1_518' title='bbox 571 4237 736 4296; x_wconf 90' lang='lat' dir='ltr'><strong>Unde</strong></span> <span class='ocrx_word' id='word_1_519' title='bbox 763 4237 909 4295; x_wconf 90' lang='lat' dir='ltr'><strong>dicit</strong></span> <span class='ocrx_word' id='word_1_520' title='bbox 935 4236 1262 4309; x_wconf 76' lang='lat' dir='ltr'><strong>Dionysius</strong></span> <span class='ocrx_word' id='word_1_521' title='bbox 1301 4234 1462 4316; x_wconf 80' lang='lat' dir='ltr'><strong>quod</strong></span> <span class='ocrx_word' id='word_1_522' title='bbox 1488 4248 1596 4307; x_wconf 92' lang='lat' dir='ltr'><strong>per</strong></span> <span class='ocrx_word' id='word_1_523' title='bbox 1622 4234 1777 4293; x_wconf 88' lang='lat' dir='ltr'><strong>hanc</strong></span> <span class='ocrx_word' id='word_1_524' title='bbox 1805 4235 2276 4294; x_wconf 86' lang='lat' dir='ltr'><strong>nominationem</strong></span> <span class='ocrx_word' id='word_1_525' title='bbox 2310 4237 2661 4310; x_wconf 80' lang='lat' dir='ltr'><strong>designatur</strong></span> 
     </span>
     <span class='ocr_line' id='line_1_57' title="bbox 248 4304 2512 4380; baseline -0.002 -13"><span class='ocrx_word' id='word_1_526' title='bbox 248 4307 410 4380; x_wconf 84' lang='lat' dir='ltr'><strong>quod</strong></span> <span class='ocrx_word' id='word_1_527' title='bbox 424 4313 567 4367; x_wconf 85' lang='lat' dir='ltr'><strong>sunt</strong></span> <span class='ocrx_word' id='word_1_528' title='bbox 587 4307 818 4378; x_wconf 85' lang='lat' dir='ltr'><strong>deiferi,</strong></span> <span class='ocrx_word' id='word_1_529' title='bbox 848 4312 909 4365; x_wconf 90' lang='lat' dir='ltr'><strong>et</strong></span> <span class='ocrx_word' id='word_1_530' title='bbox 934 4306 1009 4365; x_wconf 90' lang='lat' dir='ltr'><strong>ad</strong></span> <span class='ocrx_word' id='word_1_531' title='bbox 1034 4320 1248 4365; x_wconf 87' lang='lat' dir='ltr'><strong>omnes</strong></span> <span class='ocrx_word' id='word_1_532' title='bbox 1276 4305 1510 4363; x_wconf 87' lang='lat' dir='ltr'><strong>divinas</strong></span> <span class='ocrx_word' id='word_1_533' title='bbox 1531 4304 1949 4378; x_wconf 87' lang='lat' dir='ltr'><strong>susceptiones</strong></span> <span class='ocrx_word' id='word_1_534' title='bbox 1975 4304 2345 4366; x_wconf 87' lang='lat' dir='ltr'><strong>familiariter</strong></span> <span class='ocrx_word' id='word_1_535' title='bbox 2368 4308 2512 4380; x_wconf 87' lang='lat' dir='ltr'><strong>apti.</strong></span> 
     </span>
    </p>

    <p class='ocr_par' dir='ltr' id='par_1_10' title="bbox 251 4373 2656 4523">
     <span class='ocr_line' id='line_1_58' title="bbox 318 4373 2655 4456; baseline -0.002 -19"><span class='ocrx_word' id='word_1_536' title='bbox 318 4379 446 4438; x_wconf 80' lang='lat' dir='ltr'><strong>Non</strong></span> <span class='ocrx_word' id='word_1_537' title='bbox 489 4376 701 4438; x_wconf 84' lang='lat' dir='ltr'><strong>autem&#39;</strong></span> <span class='ocrx_word' id='word_1_538' title='bbox 721 4377 813 4438; x_wconf 87' lang='lat' dir='ltr'><strong>sic</strong></span> <span class='ocrx_word' id='word_1_539' title='bbox 865 4378 1181 4450; x_wconf 75' lang='lat' dir='ltr'><strong>praemissa</strong></span> <span class='ocrx_word' id='word_1_540' title='bbox 1230 4373 1623 4448; x_wconf 86' lang='lat' dir='ltr'><strong>intelligenda</strong></span> <span class='ocrx_word' id='word_1_541' title='bbox 1674 4379 1836 4445; x_wconf 89' lang='lat' dir='ltr'><strong>sunt,</strong></span> <span class='ocrx_word' id='word_1_542' title='bbox 1877 4375 2051 4456; x_wconf 79' lang='lat' dir='ltr'><strong>quasi</strong></span> <span class='ocrx_word' id='word_1_543' title='bbox 2111 4377 2271 4436; x_wconf 89' lang='lat' dir='ltr'><strong>aliud</strong></span> <span class='ocrx_word' id='word_1_544' title='bbox 2329 4378 2409 4435; x_wconf 88' lang='lat' dir='ltr'><strong>sit</strong></span> <span class='ocrx_word' id='word_1_545' title='bbox 2452 4375 2655 4434; x_wconf 86' lang='lat' dir='ltr'><strong>divina</strong></span> 
     </span>
     <span class='ocr_line' id='line_1_59' title="bbox 251 4444 2656 4523; baseline -0.002 -18"><span class='ocrx_word' id='word_1_546' title='bbox 251 4445 509 4522; x_wconf 62' lang='lat' dir='ltr'><strong>bonitate,</strong></span> <span class='ocrx_word' id='word_1_547' title='bbox 529 4449 697 4511; x_wconf 87' lang='lat' dir='ltr'><strong>aliud</strong></span> <span class='ocrx_word' id='word_1_548' title='bbox 742 4448 874 4523; x_wconf 81' lang='lat' dir='ltr'><strong>ejus</strong></span> <span class='ocrx_word' id='word_1_549' title='bbox 916 4448 1204 4521; x_wconf 83' lang='lat' dir='ltr'><strong>essentia,</strong></span> <span class='ocrx_word' id='word_1_550' title='bbox 1232 4451 1295 4509; x_wconf 86' lang='lat' dir='ltr'><strong>et</strong></span> <span class='ocrx_word' id='word_1_551' title='bbox 1319 4445 1482 4509; x_wconf 87' lang='lat' dir='ltr'><strong>aliud</strong></span> <span class='ocrx_word' id='word_1_552' title='bbox 1515 4444 1649 4519; x_wconf 78' lang='lat' dir='ltr'><strong>ejus</strong></span> <span class='ocrx_word' id='word_1_553' title='bbox 1689 4445 1946 4509; x_wconf 85' lang='lat' dir='ltr'><strong>scientia</strong></span> <span class='ocrx_word' id='word_1_554' title='bbox 1976 4460 2172 4508; x_wconf 85' lang='lat' dir='ltr'><strong>rerum</strong></span> <span class='ocrx_word' id='word_1_555' title='bbox 2199 4445 2656 4519; x_wconf 87' lang='lat' dir='ltr'><strong>dispositionem</strong></span> 
     </span>
    </p>
   </div>
   <div class='ocr_carea' id='block_1_3' title="bbox 3055 23 3058 770">
    <p class='ocr_par' dir='ltr' id='par_1_11' title="bbox 3055 23 3058 770">
     <span class='ocr_line' id='line_1_60' title="bbox 3055 23 3058 770; baseline 0 0"><span class='ocrx_word' id='word_1_556' title='bbox 3055 23 3058 770; x_wconf 95' lang='lat' dir='ltr'><strong> </strong></span> 
     </span>
    </p>
   </div>
   <div class='ocr_carea' id='block_1_4' title="bbox 3054 919 3060 1940">
    <p class='ocr_par' dir='ltr' id='par_1_12' title="bbox 3054 919 3060 1940">
     <span class='ocr_line' id='line_1_61' title="bbox 3054 919 3060 1940; baseline 0 0"><span class='ocrx_word' id='word_1_557' title='bbox 3054 919 3060 1940; x_wconf 95' lang='lat' dir='ltr'><strong> </strong></span> 
     </span>
    </p>
   </div>
  </div>
 </body>
</html>
