3076 5025
440 279 545 334 6:12
1307 274 1444 331 ΠΒ.
1482 275 1575 342 1V,
1612 274 1765 332 CAP.
1803 274 2005 332 mn.

442 400 600 457 sicut
627 398 681 457 si
716 396 877 456 esset
901 396 984 455 ibi
1013 395 1386 467 substantia3
1417 402 1627 469 utputa
1656 398 1707 455 si
1735 397 1940 454 vinum
1969 399 2127 453 esset
2146 394 2522 465 calefactum,
2550 397 2614 452 et
2642 394 2713 452 in

445 470 709 532 daretur,
739 474 841 526 aut
865 473 1119 526 mutaret
1147 482 1422 539 saporem
1451 473 1554 526 aut
1584 468 1809 548 aliquid
1838 466 2201 547 hujusmodi.
2659 536 2671 547 ·

515 539 630 596 Sed
679 540 939 596 maxima
986 538 1310 596 difficultas
1351 543 1593 609 apparet
1638 553 1797 596 circa
1839 542 2283 611 generationem
2313 541 2372 594 et
2400 541 2722 608 corruptio

441 610 662 692 quaein
693 610 806 667 hoc
837 612 1224 690 sacramento·
1237 609 1514 689 videntur
1542 609 1828 666 accidere.
1861 611 2029 677 Nam,
2060 608 2113 689 si
2142 607 2280 679 quis
2330 607 2389 665 in
2430 620 2660 687 magna
2690 621 2733 678 q

439 687 608 739 titate
648 680 763 737 hoc
811 680 1227 737 sacramentali
1273 679 1409 737 cibo
1454 683 1738 747 uteretur,
1768 683 2088 737 sustentari
2133 682 2359 750 posset,
2389 682 2449 734 et
2492 690 2643 734 vino
2702 691 2743 734 0

438 750 744 818 inebriari,
777 750 1110 807 secundum
1137 750 1288 807 illud
1313 750 1583 821 Apostoli
1617 769 1630 806 :
1662 751 1825 806 Alius
1853 749 2070 820 quidem
2098 752 2287 816 esurit,
2317 749 2460 803 alius
2489 753 2677 803 autem
2698 762 2735 801 e

440 826 540 878 est.
574 820 624 891 (Ι
650 821 793 889 Gor„
823 832 908 889 xs,
936 820 1051 892 21.)
1084 822 1226 888 Quae
1256 821 1493 893 quidem
1524 821 1793 878 accidere
1822 833 1944 879 non
1973 825 2240 891 possent,
2263 819 2383 875 nisi
2414 833 2488 875 ex
2529 818 2667 898 boc·

439 895 648 950 mento
690 904 831 948 caro
878 895 938 947 et
981 891 1236 963 sanguis
1278 895 1691 962 generaretur;
1739 904 1876 948 nam
1924 889 2347 947 nutrimentum
2400 893 2789 947 convertitur

443 961 846 1020 substantiam
874 961 1080 1018 nutriti
1106 978 1121 1029 ;
1153 962 1423 1042 quamvis
1452 961 1691 1034 quidam
1725 961 1925 1018 dicant
1951 961 2255 1018 hominem
2287 960 2401 1018 hoc
2447 972 2779 1017 sacramen

443 1033 581 1090 cibo
609 1044 732 1088 non
758 1044 938 1112 posse
967 1031 1202 1099 nutriri,
1232 1032 1340 1089 sed
1373 1032 1571 1089 solum
1596 1032 1919 1089 confortari
1950 1037 2009 1087 et
2036 1031 2376 1099 refocillari,
2407 1030 2566 1087 sicut
2588 1042 2789 1109 quum

445 1102 691 1160 odorem
720 1102 843 1158 vini
870 1101 1257 1159 confortatur.
1286 1102 1398 1159 Sed
1431 1102 1557 1159 baec
1585 1102 1821 1174 quidem
1851 1102 2209 1160 confortatio
2236 1101 2312 1160 ad
2350 1101 2561 1159 boram
2602 1098 2801 1179 accid·

442 1177 679 1245 potest;
711 1185 832 1229 non
859 1176 1055 1229 autem
1100 1171 1322 1230 sufficit
1365 1172 1440 1231 ad
1482 1173 1937 1231 sustentandum
1969 1173 2294 1241 hominem,
2326 1171 2378 1229 si
2423 1171 2528 1228 diu
2558 1171 2696 1229 sine
2744 1184 2783 1227 c

442 1248 788 1315 permaneat
812 1260 826 1310 ;
860 1242 1263 1314 experimento
1287 1249 1486 1300 autem
1514 1245 1587 1301 de
1615 1244 1776 1301 facili
1804 1243 2171 1300 inveniretur
2196 1243 2503 1300 hominem
2532 1240 2639 1299 diu
2669 1254 2785 1297 sac

441 1313 690 1371 mentali
743 1313 879 1370 cibo
944 1313 1268 1371 sustentari
1319 1327 1520 1384 posse.
1575 1313 1904 1372 Mirandum
1960 1313 2139 1371 etiam
2202 1313 2438 1370 videtur
2487 1325 2597 1370 cur
2649 1325 2729 1368 110

445 1383 750 1442 bominem
803 1382 918 1442 hoc
952 1385 1367 1441 sacramentali
1420 1384 1558 1442 cibo
1595 1398 1777 1456 posse
1822 1384 2058 1453 nutriri,
2088 1383 2453 1457 refugientes
2504 1382 2623 1440 hoc
2670 1395 2892 1440 sacra-

447 1459 715 1512 mentum
770 1453 832 1510 in
886 1467 1126 1511 carnem
1173 1459 1231 1510 et
1280 1455 1637 1535 sanguinem
1687 1468 1869 1526 posse
1923 1454 2209 1522 converti,
2254 1467 2439 1526 quum
2493 1452 2568 1511 ad
2620 1465 2893 1510 sensum

446 1529 727 1595 appareat
767 1524 926 1596 quod
966 1538 1071 1596 per
1114 1525 1604 1596 putrefactionem
1633 1526 1723 1582 vel
1757 1525 2231 1583 combustionem
2258 1524 2318 1581 in
2367 1524 2542 1581 aliam
2587 1522 2891 1580 substan-

443 1595 613 1662 tiam,
637 1594 865 1653 scilicet
888 1595 1106 1653 cineris
1134 1600 1193 1653 et
1217 1596 1501 1667 pulveris,
1519 1601 1901 1654 convertatur
1924 1613 1940 1665 ;
1964 1594 2125 1667 quod
2144 1594 2385 1667 quidem
2406 1592 2647 1652 difficile
2671 1598 2893 1650 tamen

442 1664 680 1723 videtur
702 1707 715 1733 ,
765 1678 839 1723 eo
892 1665 1052 1738 quod
1107 1678 1220 1723 nec
1273 1665 1543 1723 videatur
1612 1667 1898 1738 possibile
1954 1665 2112 1738 qnod
2168 1679 2265 1745 ex·
2304 1663 2719 1744 accidentibus
2776 1662 2895 1721 siat

445 1735 806 1801 substantia,
839 1748 948 1793 nec
992 1736 1153 1794 credi
1197 1736 1288 1793 fas
1334 1737 1408 1793 sit
1452 1738 1609 1808 quod
1655 1736 1993 1795 substantia
2032 1748 2304 1807 corporis
2350 1735 2583 1803 Christi,
2615 1747 2761 1806 quae
2788 1739 2891 1792 est

444 1805 862 1875 impassibilis,
894 1806 956 1862 in
996 1805 1175 1863 aliam
1202 1806 1597 1864 substantiam
1629 1813 2021 1865 convertatur.

516 1876 574 1933 Si
607 1875 740 1955 quis
763 1882 959 1957 autem
979 1876 1172 1957 dicere
1200 1878 1337 1934 velit
1367 1878 1547 1949 quod,
1568 1878 1725 1935 sicut
1743 1877 2103 1936 miraculose
2125 1877 2300 1949 panis
2326 1875 2389 1933 in
2414 1888 2636 1946 corpus
2650 1874 2885 1933 Christi

447 1950 848 2013 convertitur,
903 1952 982 2002 ita
1035 1946 1394 2004 miraculose
1464 1948 1795 2006 accidentia
1838 1950 1901 2005 in
1954 1948 2349 2006 substantiam
2415 1950 2886 2016 convertuntur,

442 2014 704 2087 primum
750 2014 987 2087 quidem
1030 2016 1146 2073 hoc
1187 2029 1309 2073 non
1356 2017 1588 2074 videtur
1622 2019 1915 2077 miraculo
1956 2032 2091 2077 esse
2133 2016 2498 2076 conveniens
2543 2016 2711 2087 quod
2762 2016 2887 2096 hoc

448 2091 889 2165 sacramentum
918 2089 1219 2156 putrescat
1242 2087 1336 2143 vel
1359 2102 1467 2158 per
1490 2088 1969 2147 combustionem
2022 2089 2422 2155 dissolvatur3
2459 2086 2699 2153 deinde,
2732 2101 2887 2159 qma

443 2157 801 2226 putrefactio
856 2160 916 2212 et
968 2155 1330 2225 combustio,
1375 2164 1670 2215 consueto
1726 2164 1952 2218 naturae
2008 2160 2239 2227 ordine,
2295 2158 2436 2215 huic
2487 2164 2885 2216 sacramento

449 2226 716 2284 accidere
744 2225 1157 2293 inveniuntur;
1188 2226 1348 2299 quod
1377 2241 1498 2286 non
1530 2229 1683 2286 solet
1714 2243 1849 2287 0330
1880 2231 1941 2286 in
1971 2228 2070 2288 his
2118 2243 2249 2302 quae
2288 2228 2649 2286 miraculose
2693 2226 2881 2285 fiunt.

513 2297 599 2353 Ad
624 2296 777 2353 hanc
806 2295 1236 2354 dubitationem
1255 2297 1578 2357 tollendam
1609 2301 1878 2371 quaedam
1906 2300 2141 2359 famosa
2167 2299 2388 2372 positio
2415 2304 2509 2356 est
2526 2297 2881 2360 adinventa.

444 2380 578 2440 quae
626 2380 661 2422 a
715 2364 921 2424 multis
960 2371 1216 2425 tenetur.
1263 2368 1476 2425 Dicunt
1520 2370 1682 2427 enim
1720 2371 1901 2443 quod,
1945 2385 2131 2445 quum
2176 2370 2474 2437 contingit
2512 2369 2629 2426 hoc
2673 2382 2885 2427 saera-

442 2440 712 2520 mentum
764 2437 826 2493 in
875 2451 1114 2495 carnem
1169 2440 1431 2496 converti
1481 2447 1585 2500 aut
1621 2442 1974 2516 sanguinem
2018 2457 2124 2515 per
2163 2441 2613 2509 nutrimentum,
2657 2439 2756 2497 vel
2812 2439 2881 2497 in

445 2523 703 2566 cinerem
747 2523 852 2580 pei·
888 2508 1363 2567 combustionem
1396 2516 1499 2568 aut
1544 2514 2058 2583 putrefactionem,
2089 2526 2208 2570 non
2255 2516 2688 2570 convertuntur
2712 2511 2879 2568 acci·

447 2578 648 2659 dentia
673 2580 736 2635 in
766 2579 1162 2661 substantiam
1192 2587 1384 2653 neque
1413 2583 1751 2654 substantia
1772 2585 2043 2657 corporis
2071 2583 2310 2646 Christi,
2337 2582 2445 2640 sed
2484 2582 2637 2639 redit
2663 2581 2877 2639 divino

443 2650 732 2706 miraculo
762 2650 1099 2707 substantia
1124 2651 1295 2721 panis
1324 2666 1454 2723 quae
1490 2654 1656 2724 prius
1694 2655 1903 2718 fuerat,
1944 2660 2003 2711 et
2051 2668 2126 2712 ex
2166 2668 2239 2711 ea
2307 2660 2631 2710 enerantur
2671 2652 2785 2709 illa
2812 2654 2879 2709 111

444 2733 578 2791 quae
609 2721 720 2845 hoto
749 2724 1188 2845 stacramentum
1214 2722 1477 2779 converti
1507 2724 1826 2782 invenitur.
1852 2724 1966 2783 Sed
1994 2724 2109 2782 hoc
2143 2725 2246 2797 qui
2291 2737 2386 2782 em
2416 2723 2666 2781 omnino
2709 2729 2875 2781 stare

443 2803 570 2846 non
600 2804 679 2861 po
706 2804 770 2848 es
802 2833 816 2846 .

517 2861 836 2941 ostensum
857 2865 956 2941 ‘est
983 2861 1372 2942 enimosupra
1423 2864 1584 2936 quod
1614 2865 1945 2923 substantia
1972 2866 2148 2937 panis
2203 2865 2266 2922 in
2296 2864 2699 2923 substantiam
2746 2878 2875 2923 cor-

444 2943 609 3002 poris
659 2931 870 2988 Christi
913 2937 1294 2989 convertitur.
1328 2934 1497 3002 Quod
1541 2941 1738 2992 autem
1778 2936 1842 2991 in
1888 2936 2113 3008 aliquid
2161 2948 2520 2993 conversum
2549 2942 2649 2993 est
2674 2936 2871 2992 redire

445 3012 564 3057 non
618 3006 832 3080 potest,
883 3001 1000 3081 nisi
1055 3016 1087 3058 e
1142 3015 1432 3061 converso
1483 3005 1631 3062 illud
1688 3010 2129 3064 reconvertatur
2176 3007 2238 3062 in
2279 3007 2515 3088 ipsum.
2576 3007 2640 3063 Si
2689 3006 2873 3077 igitur

445 3069 779 3150 substantia
826 3084 1000 3140 panis
1030 3071 1202 3142 redit,
1229 3074 1500 3145 sequitur
1528 3075 1684 3146 quod
1716 3076 2053 3134 substantia
2095 3089 2365 3148 corporis
2390 3075 2612 3134 Christi
2664 3089 2872 3134 recon-

443 3146 688 3197 vertitur
715 3153 777 3196 in
808 3154 1042 3211 panem,
1075 3143 1235 3215 quod
1265 3149 1354 3201 est
1385 3144 1731 3203 absurdum.

511 3211 728 3290 Adhuc,
758 3210 810 3267 si
842 3212 1177 3291 substantia
1205 3215 1377 3285 panis
1407 3215 1575 3283 redit,
1604 3230 1851 3274 necesse
1880 3222 1971 3275 est
2007 3216 2165 3288 quod
2195 3215 2287 3275 vel
2318 3216 2520 3274 redeat
2547 3217 2867 3287 speciebus

439 3294 617 3362 panis
644 3282 1024 3362 manentibus
1050 3283 1144 3340 vel
1175 3285 1485 3355 speciebus
1531 3287 1704 3356 panis
1759 3286 1873 3343 'am
1903 3286 2239 3344 destructis,
2270 3287 2596 3362 Speciebus
2624 3287 2864 3360 quidem

440 3364 615 3432 panis
662 3351 1035 3421 durantibus,
1075 3354 1413 3412 substantia
1452 3357 1631 3436 panis
1674 3302 1862 3414 redire
1894 3369 2017 3413 non
2062 3361 2296 3428 potest3
2352 3357 2510 3429 quia,
2574 3358 2865 3429 quamdiu

444 3435 673 3493 species
722 3426 980 3484 manent,
1013 3429 1213 3481 manet
1255 3426 1368 3482 sub
1412 3440 1498 3483 eis
1542 3426 1875 3485 substantia
1920 3441 2026 3486 cor
2065 3427 2187 3485 oris
2228 3428 2483 3496 Christi;
2515 3434 2865 3500 sequeretur

441 3506 586 3573 ergo
615 3493 774 3573 quod
801 3492 983 3550 simul
1011 3501 1173 3551 esset
1196 3494 1277 3552 ibi
1306 3496 1643 3553 substantia
1662 3497 1832 3568 panis
1862 3501 1920 3555 et
1944 3511 2016 3555 su
2094 3499 2283 3554 tantia
2306 3499 2579 3570 corporis
2626 3498 2860 3556 Christi.

440 3562 724 3620 Similiter
751 3564 1151 3644 etiam-neque
1179 3571 1473 3636 corruptis
1500 3567 1816 3637 speciebus
1855 3568 2052 3640 paniS‚
2083 3568 2421 3627 substantia
2447 3570 2629 3639 panis
2677 3569 2865 3626 redire

439 3639 659 3703 potest,
692 3639 816 3690 tum
851 3648 992 3705 quia
1032 3635 1369 3694 substantia
1397 3638 1569 3707 panis
1599 3651 1721 3695 non
1766 3643 1857 3696 est
1902 3638 2034 3696 sine
2076 3639 2334 3711 propriis
2365 3639 2711 3709 speciebus,
2738 3645 2862 3697 111111

441 3704 605 3784 quia,
646 3704 962 3785 destructis
1007 3706 1320 3775 speciebus
1365 3709 1560 3778 panis,
1585 3708 1709 3779 jam
1759 3714 2043 3780 generata
2080 3714 2175 3767 est
2218 3709 2335 3767 alia
2376 3709 2739 3781 substantia,
2792 3707 2861 3767 ad

442 3786 513 3832 cu
547 3781 1094 3855 usgenerationem
1122 3777 1454 3846 ponebatur
1478 3779 1638 3850 quod
1666 3779 2003 3838 substantia
2030 3780 2204 3851 panis
2229 3779 2469 3837 rediret.

570 3846 733 3924 elius.
779 3852 981 3927 igitur,
1002 3846 1329 3926 ‘dicendum
1380 3848 1610 3907 videtur
1664 3850 1823 3921 quod
1876 3851 1940 3907 in
1992 3850 2125 3921 ipsa
2178 3851 2659 3922 consecratione,
2712 3850 2860 3909 sicut

440 3913 776 3993 substantia
799 3929 968 3985 panis
997 3930 1058 3971 in
1081 3930 1299 3987 corpus
1329 3919 1541 3974 Christi
1573 3920 1933 3978 miraculose
1966 3922 2351 3989 convertitur,
2384 3921 2467 3979 ita
2494 3921 2857 3979 miraculose

440 3985 772 4043 accidentib
819 3999 850 4043 3
875 3987 1178 4044 confertur
1204 3988 1362 4060 quod
1383 3990 1735 4060 subsistant,
1765 3991 1924 4063 quod
1955 3998 2048 4049 est
2070 3991 2374 4063 proprium
2403 3991 2787 4060 substantia
2807 3997 2857 4049 et

438 4065 545 4121 pei·
569 4069 791 4128 conseq
838 4070 946 4137 ens
984 4058 1141 4137 quod
1173 4058 1376 4138 omnia
1413 4065 1663 4131 possent
1688 4062 1879 4118 facere
1902 4066 1961 4118 et
1985 4063 2105 4143 pati
2135 4075 2268 4134 quae
2292 4061 2634 4121 substantia
2660 4067 2857 4134 posset

439 4121 634 4179 facere
673 4131 729 4181 et
774 4133 915 4197 pati,
947 4140 998 4184 si
1047 4128 1382 4186 substantia
1424 4131 1697 4196 adesset;
1741 4132 1919 4199 unde,
1953 4145 2082 4192 31110
2113 4145 2269 4190 110νο
2300 4133 2621 4202 miraculo,
2650 4134 2855 4189 011110-

434 4187 630 4273 briare
687 4201 744 4251 et
795 4198 1020 4277 nutrire
1076 4203 1138 4280 et
1174 4199 1491 4280 incinerari
1533 4206 1611 4282 ‚et
1657 4202 1959 4273 putrefieri
2004 4207 2281 4292 possunt,
2325 4202 2538 4262 eodem
2580 4202 2761 4263 modo
2804 4206 2857 4258 et

438 4262 645 4319 ordine
666 4277 736 4321 ac
764 4279 816 4322 si
844 4267 1182 4327 substantia
1207 4283 1379 4340 panis
1405 4275 1464 4327 et
1490 4285 1614 4328 vini
1641 4272 1898 4331 adesset.
