3076 5025
1178 266 1316 323 ΠΒ.
1354 266 1427 336 11,
1467 266 1623 323 CAP.
1662 264 1897 324 mxxv,
2644 275 2744 333 23¹

384 390 665 461 Amplius,
693 392 1003 469 ostensum
1035 392 1130 446 est
1149 400 1338 459 supra
1364 386 1427 460 (l.
1474 403 1517 458 1,
1549 403 1602 446 c.
1632 386 1725 460 27)
1763 387 1921 460 quod
1956 388 2117 446 Deus
2163 390 2395 450 nullius
2440 392 2526 450 rei
2557 392 2753 455 forma

316 473 455 520 esse
481 464 700 531 potest.
723 464 935 517 Anima
976 464 1175 517 autem
1211 458 1476 517 bumana
1509 464 1601 516 est
1647 459 1840 517 forma
1875 472 1980 517 cor
2021 460 2166 530 oris,
2219 465 2287 519 ut
2314 465 2627 523 ostensum
2655 471 2750 524 est

313 530 391 606 (c.
417 536 484 588 57
514 535 575 587 ει
601 533 672 587 68
701 535 759 587 ει
791 530 948 587 infra
976 572 990 586 .
1021 531 1154 587 Non·
1178 528 1363 601 igitur
1388 533 1480 587 est
1500 528 1572 586 de
1601 528 1939 588 substantia
2002 529 2183 589 ivina.

382 603 677 669 Praeterea,
706 613 884 681 omne
905 600 949 656 il
977 598 1056 657 ud
1099 614 1173 680 ex
1200 612 1320 672 quo
1345 598 1416 657 fit
1442 600 1677 681 ‘aliquid
1707 599 1887 680 estin
1912 601 2182 682 potentia
2208 601 2283 659 ad
2306 600 2371 660 id
2393 603 2552 676 quod
2583 604 2649 663 tit
2674 619 2751 666 ex

318 684 416 732 eo.
439 671 786 729 Substantia
815 674 1012 728 autem
1043 671 1148 728 Dei
1178 683 1300 728 non
1322 674 1502 728 estin
1529 675 1796 741 potentia
1833 670 1908 728 ad
1955 670 2034 729 ali
2079 671 2202 740 uid,
2243 685 2427 744 quum
2453 674 2536 731 sit
2562 688 2750 746 purus

317 748 515 805 actus,
549 747 615 799 ut
643 754 824 812 supra
847 740 909 811 (1.
937 744 1065 810 150.
1100 740 1189 813 16)
1219 745 1533 799 ostensum
1578 745 1690 799 est.
1736 740 2058 812 Impossibi
2083 756 2117 799 e
2158 746 2252 800 est
2276 743 2460 815 igitur
2488 746 2650 819 quod
2676 759 2751 806 ex

317 811 664 876 substantia
693 812 796 869 Dei
826 808 929 868 fiat
955 810 1156 869 anima
1177 810 1274 868 vel
1304 811 1722 883 quodcumque
1752 809 1935 869 aliud.

387 884 609 945 Adhuc,
641 881 790 943 illud
813 896 886 937 ex
923 895 1046 955 quo
1090 879 1157 939 fit
1197 881 1360 939 aliud
1406 882 1609 955 aliquo
1639 881 1818 939 modo
1864 886 2126 939 mutatur
2154 899 2172 940 z
2199 883 2358 941 Deus
2400 888 2599 942 autem
2657 891 2751 945 est

315 953 568 1015 omino
596 952 950 1022 immobilis,
985 957 1059 1027 ιιι
1098 965 1282 1023 supra
1327 951 1388 1024 (l.
1418 965 1462 1022 1,
1509 967 1564 1010 c.
1602 952 1691 1023 14)
1731 951 2046 1024 probatum
2088 956 2200 1010 est.
2248 955 2629 1024 Impossibile
2657 961 2752 1016 est

315 1026 503 1100 igitur
571 1022 792 1103 uod-ex
819 1035 895 1103 eo
923 1020 1308 1102 aliquidttieri
1333 1021 1547 1093 possit.

384 1038 661 1166 Ᾱπρῗήιο,
692 1105 757 1149 ιιι
786 1104 988 1150 anima
1015 1092 1331 1151 manifeste
1368 1096 1612 1164 apparet
1644 1091 1898 1151 variatio
1939 1091 2273 1151 secundum
2316 1094 2636 1155 scientiam
2684 1102 2745 1156 et

314 1165 594 1224 virtutem
624 1168 686 1221 et
713 1177 920 1222 eorum
954 1163 1247 1242 opposita.
1277 1165 1434 1220 Deus
1465 1168 1662 1220 autem
1685 1168 1779 1233 est
1796 1164 2046 1222 omnino
2067 1164 2441 1222 invariabilis
2471 1171 2529 1223 et
2550 1180 2657 1239 per
2676 1178 2752 1226 se

317 1240 510 1363 ‘tfffl'
537 1233 837 1295 accidens.
862 1236 993 1291 Non
1017 1234 1203 1307 igitur
1233 1233 1436 1290 anima
1472 1237 1829 1303 potestesse
1855 1234 1932 1292 de
1960 1233 2163 1291 divina
2184 1235 2541 1294 substantia.

415 1311 541 1369 tem,
569 1316 757 1376 supra
781 1310 1098 1363 ostensum
1123 1309 1217 1361 est
1246 1303 1307 1375 (l.
1336 1317 1381 1374 1,
1409 1318 1463 1361 c.
1495 1303 1584 1374 16)
1612 1303 1772 1375 qnod
1808 1305 1967 1361 Deus
1996 1310 2089 1362 est
2114 1309 2283 1362 actus
2307 1319 2516 1377 purus,
2540 1306 2602 1364 in
2627 1320 2779 1380 quot

320 1376 490 1437 nulla
518 1376 928 1449 potentialitas
959 1374 1280 1432 invenitur.
1314 1376 1378 1430 In
1420 1373 1621 1430 anima
1661 1378 1860 1431 autem
1902 1373 2166 1432 humana
2208 1375 2510 1435 invenitur
2548 1382 2605 1435 et
2644 1390 2752 1450 po·

317 1447 509 1507 tentia
537 1452 596 1505 et
625 1451 825 1514 actus;
859 1450 953 1503 est
978 1444 1140 1502 enim
1169 1444 1229 1500 in
1266 1457 1339 1502 ea
1382 1443 1723 1502 intellectus
1764 1444 2097 1516 possibilis,
2129 1445 2231 1516 qui
2262 1450 2355 1504 est
2381 1448 2647 1517 potentia
2671 1448 2747 1507 ad

325 1517 535 1579 omnia
561 1515 989 1587 intelligibilia,
1018 1520 1079 1572 et
1104 1513 1443 1573 intellectus
1467 1527 1678 1586 agens,
1703 1520 1769 1573 ut
1798 1529 1872 1573 ex
1897 1514 2257 1585 supradictis
2296 1514 2372 1589 (c.
2401 1521 2474 1576 76
2513 1523 2572 1577 ει
2597 1518 2751 1593 seq.)

323 1594 508 1665 patet.
538 1590 670 1646 Non
701 1592 794 1645 est
823 1587 839 1643 i
887 1586 1006 1642 itur
1032 1585 1232 1643 anima
1256 1584 1521 1643 hnmana
1548 1585 1622 1642 de
1649 1591 1864 1645 natura
1891 1585 2111 1644 divina.

397 1661 554 1727 Item,
585 1671 767 1729 quum
796 1671 866 1714 ειι
914 1655 1135 1713 stantia
1168 1655 1370 1713 divina
1397 1655 1479 1714 sit
1514 1656 1764 1714 omnino
1809 1655 2210 1728 impartibilis,
2241 1669 2366 1717 non
2411 1661 2607 1731 potest
2641 1657 2751 1718 ali·

326 1729 474 1811 quid
505 1727 857 1787 substantiae
879 1726 1012 1799 ejus
1038 1738 1175 1785 esse
1195 1726 1421 1795 anima,
1453 1726 1572 1784 nisi
1603 1726 1683 1784 sit
1722 1731 1849 1785 tota
1891 1725 2231 1786 substantia
2267 1728 2422 1800 ejus.
2472 1729 2755 1788 Substan-

328 1805 478 1857 tiam
506 1804 705 1856 autem
736 1798 1121 1877 divinamest
1149 1796 1521 1878 impossibile
1563 1797 1844 1879 essenisi
1869 1810 2073 1867 unam,
2102 1802 2170 1855 ut
2191 1811 2374 1870 supra
2400 1798 2464 1868 (l.
2493 1813 2537 1870 1,
2572 1815 2625 1857 c.
2660 1801 2752 1873 42)

329 1875 644 1929 ostensum
689 1873 799 1926 est.
846 1869 1125 1939 Sequitur
1150 1872 1337 1939 igitur
1363 1868 1523 1940 quod
1546 1880 1814 1926 omnium
1852 1867 2166 1927 bominum
2188 1868 2272 1926 sit
2292 1875 2521 1929 tantum
2550 1870 2755 1929 anima

322 1953 465 2006 uva,
487 1943 782 2012 quantum
807 1938 881 1995 ad
907 1938 1305 2006 intellectum
1340 1944 1399 1995 et
1439 1937 1556 1996 hoc
1584 1950 1769 2010 supra
1794 1935 1991 2014 (ομ-15)
2028 1938 2432 2013 improbatum
2471 1945 2586 2001 est.
2613 1943 2748 2002 Non

332 2012 471 2070 esti
542 2016 639 2068 tur
667 2009 869 2067 anima
893 2008 966 2065 de
994 2008 1332 2066 substantia
1356 2007 1578 2067 divina.

398 2025 644 2162 'Vigetur
672 2082 870 2161 autem
897 2078 1023 2136 haec
1050 2078 1260 2149 opinio
1291 2090 1364 2137 ex
1392 2079 1609 2151 triplici
1644 2080 1807 2162 sonte
1838 2079 2235 2163 processisse.

396 2151 652 2220 Quidam
678 2162 839 2207 emm
867 2153 1199 2220 posuerunt
1229 2149 1455 2208 nullam
1485 2150 1886 2210 substantiam
1935 2165 2105 2210 mcor
2148 2164 2350 2213 oream
2394 2166 2562 2225 esse;
2589 2153 2751 2214 unde

328 2221 778 2281 nobilissimum
825 2233 1141 2290 corporum
1190 2221 1375 2277 Deum
1422 2234 1559 2279 esse
1603 2221 1901 2291 dicebant,
1931 2223 2058 2280 sive
2149 2236 2222 2281 oc
2254 2230 2415 2283 esset
2461 2240 2585 2293 aer,
2624 2226 2751 2284 sive

327 2293 512 2367 ignis,
544 2292 670 2350 sive
693 2289 1111 2363 quodcumque
1139 2290 1300 2348 aliud
1391 2291 1709 2362 rincipium
1741 2291 2070 2364 ponebant3
2101 2297 2161 2349 et
2200 2293 2274 2351 de
2303 2301 2513 2353 natura
2541 2296 2752 2367 hujus·

331 2364 496 2422 modi
539 2362 811 2433 corporis
853 2360 1115 2418 animam
1155 2373 1291 2418 esse
1378 2361 1643 2431 icebant;
1690 2375 1831 2420 nam
1875 2375 2089 2420 omnes
2135 2361 2198 2419 id
2243 2364 2404 2435 quod
2452 2367 2757 2435 ponebant

332 2432 716 2505 principium,
748 2431 963 2489 animae
985 2429 1409 2500 attribuebant,
1460 2437 1526 2489 ut
1553 2436 1713 2502 patet
1756 2446 1863 2503 per
1900 2432 2281 2490 Aristotelem
2332 2433 2432 2505 (De
2470 2438 2683 2500 aniaerta,
2703 2447 2753 2506 1,

331 2508 474 2563 text.
501 2517 721 2563 comm.
754 2506 824 2560 19
849 2507 910 2560 et
947 2500 1147 2574 infra),
1189 2507 1248 2560 et
1280 2502 1372 2560 sic
1415 2503 1778 2583 sequebatur
1819 2504 2080 2566 animam
2109 2517 2247 2561 esse
2293 2502 2366 2562 de
2410 2504 2757 2564 substantia

334 2575 556 2635 divina.
597 2577 666 2631 Et
699 2589 774 2630 ex
817 2573 932 2630 hac
974 2573 1174 2630 radice
1227 2571 1545 2644 pullulavit
1588 2573 1811 2644 positio
1857 2574 2190 2642 Manichaei,
2239 2574 2339 2645 qui
2390 2576 2757 2635 existimavit

331 2648 520 2704 Deum
550 2658 685 2703 esse
715 2643 1034 2717 quamdam
1064 2642 1259 2700 lucem
1288 2655 1636 2714 corpoream
1662 2657 1767 2714 per
1795 2643 2032 2700 infinita
2056 2657 2086 2700 ε
2129 2643 2250 2701 atia
2276 2644 2628 2714 distensam,
2658 2658 2759 2705 cu-

327 2715 429 2790 ius
457 2715 777 2789 quamdam
824 2712 1179 2785 particulam
1225 2713 1549 2770 humanam
1588 2715 1851 2771 animam
1893 2725 2029 2771 esse
2116 2714 2324 2772 icebat.
2373 2716 2510 2773 Haec
2554 2721 2754 2776 autem

334 2788 560 2859 positio
575 2800 760 2857 supra
778 2785 839 2856 (l.
855 2797 899 2853 1,
918 2799 971 2840 c.
989 2783 1080 2855 20)
1104 2783 1434 2854 improbata
1453 2790 1545 2841 est
1563 2798 1668 2855 per
1687 2785 1802 2842 hoc
1819 2785 1978 2856 quod
1995 2789 2304 2842 ostensum
2322 2790 2415 2842 est
2432 2788 2615 2845 Deum
2632 2800 2758 2845 non

334 2872 470 2916 esse
498 2869 739 2928 corpus,
769 2861 825 2912 et
854 2868 959 2926 per
976 2854 1091 2912 boc
1109 2853 1270 2934 quod
1291 2859 1603 2912 ostensum
1623 2853 1805 2926 est(c.
1829 2857 1900 2912 49
1931 2859 1990 2911 et
2016 2855 2106 2927 65)
2140 2855 2402 2913 animam
2433 2857 2758 2916 humanam

339 2941 561 2999 corpus
595 2939 716 2984 non
737 2939 896 2993 esse,
927 2937 1039 2982 nec
1068 2924 1328 2997 anquam
1361 2923 1822 2992 intellectualem
1849 2924 2251 2983 substantiam
2288 2925 2445 2997 (esse
2491 2927 2756 3002 corpus).

401 2997 659 3068 Quidam
684 3009 825 3054 vero
855 3000 1185 3068 posuerunt
1216 2994 1583 3054 intellectum
1613 2997 1882 3054 omnium
1908 2996 2218 3056 hominum
2251 3010 2388 3055 esse
2423 3012 2633 3068 unum,
2663 2998 2758 3057 vel

338 3073 611 3151 agentem
636 3070 886 3134 tantum,
914 3066 1006 3123 vel
1053 3070 1326 3140 agentem
1368 3073 1428 3122 et
1463 3067 1816 3137 possibilem
1865 3066 2065 3135 simul,
2111 3067 2269 3126 sicut
2307 3082 2491 3140 supra
2530 3069 2608 3141 (c.
2654 3068 2750 3141 ’76)

337 3139 561 3200 dictum
587 3143 708 3206 est·,
733 3143 813 3207 et,
886 3137 984 3194 uia
1007 3135 1336 3210 quamlibet
1357 3137 1754 3195 substantiam
1783 3144 2118 3209 separatam
2143 3137 2372 3210 antiqui
2404 3140 2591 3198 Deum
2615 3153 2753 3200 esse

338 3210 632 3272 dicebant,
663 3219 848 3288 seque
891 3213 1024 3264 atur
1049 3207 1311 3264 animam
1337 3214 1629 3277 nostram,
1660 3208 1721 3267 id
1766 3213 1861 3266 εει
1900 3208 2268 3267 intellectum
2314 3222 2433 3282 quo
2464 3210 2751 3282 intelligi-

337 3294 496 3350 ιιιιιε,
533 3293 673 3338 εεεε
714 3279 930 3336 divinae
963 3283 1219 3347 naturae3
1265 3277 1425 3335 unde
1466 3283 1525 3335 et
1562 3291 1599 3336 a
1624 3277 1983 3352 quibusdam
2022 3278 2212 3338 nostri
2259 3281 2549 3351 temporis
2593 3280 2757 3339 cbri-

340 3351 550 3410 stianae
581 3349 718 3406 fidei
758 3347 1226 3428 professoribus,
1255 3350 1620 3419 ponentibus
1665 3348 2029 3408 intellectum
2076 3353 2352 3422 agentem
2390 3356 2756 3421 separatum,

341 3422 564 3479 dictum
589 3425 680 3478 est
708 3431 989 3490 expresse
1019 3418 1178 3491 quod
1204 3417 1545 3478 intellectus
1579 3433 1766 3492 agens
1808 3420 1888 3478 sit
1933 3421 2111 3478 Deus
2140 3421 2279 3479 Haec
2308 3426 2506 3480 autem
2532 3421 2758 3494 positio

340 3490 412 3549 de
438 3492 664 3549 unitate
691 3489 1031 3546 intellectus
1058 3488 1249 3570 nostri
1275 3501 1458 3560 supra
1489 3488 1562 3561 (c.
1588 3493 1663 3547 73
1692 3495 1752 3547 et
1775 3489 1870 3563 75)
1900 3490 2235 3562 improbata
2252 3493 2365 3549 est.

409 3562 609 3619 Potuit
634 3565 831 3617 autem
861 3574 934 3620 ex
959 3560 1090 3630 ipsa
1120 3559 1515 3618 similitudine
1558 3561 1775 3618 animae
1800 3566 2020 3619 nostrae
2048 3561 2123 3619 ad
2151 3563 2337 3619 Deum
2378 3560 2508 3620 baec
2545 3561 2755 3634 opinio

341 3633 531 3691 nasci.
586 3631 923 3703 Intelligere
969 3629 1151 3702 enim,
1201 3630 1361 3701 quod
1407 3631 1664 3688 maxime
1707 3632 2037 3690 aestimatur
2072 3632 2377 3703 proprium
2420 3633 2547 3701 Dei,
2604 3633 2758 3694 nulli

338 3703 694 3762 substantiae
724 3701 787 3757 in
817 3699 1042 3757 mundo
1091 3700 1361 3758 inferiori
1392 3702 1710 3759 convenire
1758 3701 2059 3759 invenitur
2097 3701 2223 3759 nisi‘
2252 3703 2484 3759 bomini
2519 3709 2759 3774 propter

342 3774 633 3841 animam3
666 3771 823 3829 unde
845 3770 1032 3828 videri
1062 3770 1255 3851 potuit
1293 3771 1555 3828 animam
1602 3772 1680 3829 ad
1721 3778 1995 3830 naturam
2041 3772 2302 3829 divinam
2351 3774 2664 3843 pertinere,
2697 3778 2759 3832 et

340 3843 672 3917 praesertim
713 3840 872 3912 apud
913 3841 1192 3924 homines
1232 3840 1296 3898 in
1368 3853 1587 3922 ,uorum
1653 3842 2043 3923 opinionibus
2084 3848 2210 3901 erat
2249 3841 2549 3901 firmatum
2592 3844 2761 3916 quod

342 3915 545 3973 annua
572 3913 837 3972 hominis
861 3917 1024 3970 esset
1059 3917 1301 3969 immort
1364 3926 1435 3970 ιε.
1467 3913 1674 3970 Adbuc
1717 3918 1899 3970 etiam
1938 3912 2290 3984 coadjuvare
2314 3912 2545 3971 videtur
2574 3914 2761 3987 quod,

341 3990 657 4058 postquam
710 3983 934 4041 dictum
977 3988 1069 4040 est
1105 4001 1128 4039 t
1164 3984 1450 4039 Faciamus
1496 3981 1758 4039 hominem
1809 3983 1885 4039 ad
1922 3985 2215 4053 imaqinem
2236 3981 2241 3988 ’
2261 3986 2316 4039 et
2346 3986 2779 4046 emanantium.

341 4061 586 4113 nostram
616 4053 803 4126 (Gea,
828 4067 871 4123 1,
898 4052 1011 4125 26),
1055 4053 1375 4112 subditur:
1410 4054 1685 4109 chavz't
1738 4057 2001 4111 Dominus
2033 4058 2177 4110 Deus
2225 4054 2493 4110 hominem
2530 4058 2596 4111 de
2636 4058 2767 4113 limo

342 4129 520 4197 terrae,
549 4126 915 4194 “inspiravit
938 4126 1001 4180 in
1025 4123 1225 4192 faciem
1250 4124 1368 4193 qius
1392 4125 1726 4195 spiraculum
1752 4128 1879 4180 vitae
1907 4123 2100 4197 (ibim,
2125 4135 2193 4191 11,
2226 4123 2333 4196 Π).
2364 4127 2446 4182 Ex
2482 4139 2605 4199 quo
2629 4125 2764 4199 qui-

342 4196 480 4257 dam
500 4194 630 4254 acci
675 4209 773 4251 ere
808 4195 1125 4252 voluerunt
1255 4194 1333 4253 od
1380 4194 1582 4252 anima
1619 4194 1698 4251 sit
1725 4193 1797 4252 de
1829 4200 2042 4254 natura
2084 4192 2317 4262 divina;
2360 4196 2462 4268 qui
2504 4197 2764 4254 enimin

342 4207 843 4346 faciemafterius
867 4264 1185 4345 inspirat,i
1232 4278 1327 4345 em
1369 4278 1619 4322 numero
1692 4265 1805 4344 uod
1838 4265 1902 4345 in
1948 4264 2091 4345 ipso·
2106 4267 2238 4322 erat
2277 4264 2338 4322 in
2371 4267 2556 4347 alium
2588 4265 2760 4343 emit-

339 4338 440 4408 tit3
470 4343 533 4396 et
554 4336 647 4394 sic
670 4335 901 4392 videtur
926 4337 1228 4405 Scriptura
1252 4349 1502 4392 mnuere
1532 4348 1650 4406 quo
1721 4334 1948 4414 aliquid
1977 4334 2244 4394 divinum
2270 4350 2311 4394 a
2337 4338 2459 4394 Deo
2480 4350 2545 4394 ιιι
2571 4336 2761 4394 homi-

341 4421 507 4476 nem,
535 4405 616 4467 ad
643 4406 844 4478 ipsum
872 4404 1312 4475 vivificandum,
1339 4405 1685 4465 immissum
1713 4409 1813 4462 sit.
