3076 5025
1150 309 1285 366 ΠΒ.
1322 309 1421 378 ni,
1462 310 1615 367 GAP.
1657 310 1764 368 Lx·
2559 317 2664 373 333

231 433 463 504 vident,
495 436 559 491 ut
581 431 846 491 rationes
874 431 1055 490 modo
1095 430 1355 491 inductae
1398 431 1744 490 ostendunt.
1796 433 1938 490 Cum
1986 431 2145 491 enim
2192 433 2529 494 intellectus
2584 438 2665 496 sit

236 502 683 577 quodammodo
704 503 928 570 omnia,
947 515 1336 575 quaecumque
1358 502 1430 560 ad
1453 502 1877 572 perfectionem
1901 507 2127 561 naturae
2148 505 2445 575 pertinent
2460 509 2665 566 omnia

238 575 418 634 etiam
450 574 746 644 pertinent
770 573 844 630 ad
872 572 1295 642 perfectionem
1336 586 1472 630 esse
1502 573 1922 645 intelligibiliS,
1965 579 2207 645 propter
2248 576 2429 647 quod,
2452 591 2664 635 secun-

237 645 382 703 dum
403 644 821 715 augustinum,
846 644 1022 713 Super
1046 643 1180 701 Gen.
1211 644 1286 698 ad
1314 644 1552 699 litteram
1583 643 1704 714 (lib.
1736 656 1801 710 11,
1827 658 1955 715 cap.
1988 644 2064 716 8),
2105 659 2492 718 quaecumque
2516 649 2669 706 sacta

236 720 384 774 sunt
409 729 513 796 per
541 714 644 770 Dei
670 713 945 784 Verbum,
972 714 1122 771 utin
1169 713 1361 785 prima
1408 719 1617 771 natura
1661 712 2077 783 subsisterent,
2118 715 2337 774 fiebant
2382 719 2556 775 etiam
2602 719 2664 775 in

237 784 433 844 intelli
479 786 640 841 entia
666 784 959 855 angelica,
992 789 1057 841 ut
1078 783 1153 841 ab
1181 783 1414 856 angelis
1443 783 1932 864 intelligerentur.
1965 786 2047 841 De
2073 785 2433 856 perfectione
2466 795 2665 850 autem

237 862 455 914 natura
482 856 534 912 is
563 868 696 913 esse
725 860 867 913 sunt
893 859 1120 912 naturae
1150 854 1482 936 specierum
1534 860 1593 911 et
1629 867 1830 911 earum
1875 853 2265 925 proprietates
2306 863 2364 914 et
2398 857 2663 918 virtutes.

236 926 328 984 Ad
358 932 602 984 naturas
630 925 788 982 enim
818 924 1150 995 specierum
1181 924 1431 982 intentio
1462 929 1687 982 naturai
1716 925 1920 982 fertur.
1966 924 2275 983 individua
2319 929 2476 985 enim
2526 934 2669 987 sunt

239 1001 485 1068 propter
509 996 790 1066 speciem.
823 994 1081 1053 Pertinet
1107 994 1290 1067 igitur
1310 994 1382 1053 ad
1396 995 1827 1076 perfectionem
1852 995 2273 1054 intellectualis
2294 998 2664 1070 substantiae,

240 1071 311 1124 ut
335 1066 602 1124 omnium
630 1066 961 1147 specierum
990 1071 1235 1124 naturas
1260 1070 1318 1122 et
1352 1071 1623 1134 virtutes,
1673 1071 1732 1122 et
1778 1065 2021 1136 propria
2066 1066 2397 1125 accidentia
2443 1082 2667 1142 cogno-

242 1142 396 1195 scat.
429 1139 549 1194 Hoc
595 1137 779 1209 igitur
819 1136 881 1193 in
927 1135 1091 1193 finali
1137 1135 1501 1194 beatitudine
1544 1135 1934 1208 consequitur
1979 1149 2086 1207 per
2125 1136 2338 1195 divinae
2390 1140 2666 1198 essentiae

238 1207 562 1266 visionem.
593 1209 704 1264 Per
731 1206 1133 1279 cognitionem
1165 1210 1363 1264 autem
1395 1205 1804 1264 naturaliums
1847 1205 2105 1265 ecierum
2127 1213 2185 1264 et
2204 1207 2510 1267 individua
2553 1210 2667 1270 sub

239 1277 561 1349 speciebus
582 1277 926 1349 hujusmodi
957 1277 1272 1336 existentia
1290 1281 1742 1349 cognoscuntur
1764 1291 1798 1334 a
1869 1276 2174 1335 intellectu
2199 1279 2382 1336 Deum
2407 1279 2665 1352 vidente,

241 1353 313 1405 ut
337 1362 413 1405 ex
438 1348 536 1405 liis
565 1361 695 1420 quae
724 1347 883 1405 dicta
908 1354 1051 1406 sunt
1075 1361 1258 1418 supra
1285 1349 1433 1419 (cap.
1466 1352 1534 1404 55
1568 1352 1625 1404 et
1654 1347 1765 1420 56),
1797 1346 1868 1404 de
1896 1347 2240 1420 cognitione
2269 1349 2371 1406 Dei
2403 1354 2462 1407 et
2493 1364 2670 1423 ange·

239 1418 466 1487 lorum,
496 1425 851 1490 potestesse
895 1418 1303 1476 manifestum.
1348 1418 1406 1475 Si
1453 1431 1595 1476 vero
1620 1431 1726 1489 per
1770 1418 1974 1476 omnia
2013 1418 2425 1491 intelligantur
2463 1420 2671 1480 omnia

237 1503 379 1562 quae
406 1490 565 1547 Deus
585 1501 757 1546 suam
789 1488 1115 1547 essentiam
1133 1488 1390 1547 videndo
1427 1487 1761 1560 cognoscit,
1810 1488 2014 1547 nullus
2051 1488 2387 1549 intellectus
2432 1496 2669 1551 creatus

244 1559 452 1617 omnia
479 1558 544 1615 in
577 1559 680 1616 Dei
711 1559 1049 1617 substantia
1069 1558 1248 1628 videt,
1280 1565 1552 1630 utsupra
1572 1563 1882 1617 ostensum
1912 1565 2023 1617 est.

317 1631 441 1688 Hoc
471 1635 668 1687 autem
702 1629 1068 1687 considerari
1091 1635 1287 1700 potest
1313 1635 1601 1702 quantum
1631 1630 1702 1686 ad
1734 1629 1923 1700 plura.
1956 1629 2153 1689 Primo
2194 1630 2434 1703 quidem
2480 1645 2669 1704 quan-

244 1705 371 1758 tum
394 1700 470 1757 ad
498 1714 568 1758 ea
598 1713 730 1771 quae
763 1703 920 1757 Deus
949 1698 1141 1757 faeere
1168 1705 1382 1771 potest,
1412 1700 1519 1758 sed
1535 1714 1647 1757 nec
1671 1699 1831 1769 facit,
1859 1713 1968 1758 nec
1994 1700 2258 1759 facturus
2274 1707 2363 1759 est
2382 1715 2666 1774 unquam.

244 1770 464 1828 Omnia
490 1769 650 1827 enim
681 1768 1023 1841 hujusmodi
1054 1770 1339 1843 cognosci
1383 1784 1506 1827 non
1537 1776 1792 1840 possunt
1831 1770 1949 1827 nisi
1989 1771 2119 1842 ejus
2163 1771 2352 1830 virtus
2400 1786 2670 1845 compre-

245 1841 628 1909 henderetur,
662 1840 821 1912 quod
869 1853 991 1898 non
1041 1846 1130 1897 est
1179 1840 1469 1911 possibile
1516 1840 1695 1898 alicui
1741 1840 2066 1898 intellectui
2119 1847 2339 1912 creato,
2387 1849 2453 1901 ut
2488 1857 2671 1914 supra

247 1911 404 1983 (cap.
436 1910 527 1981 55)
561 1917 870 1969 ostensum
898 1915 1007 1969 est.
1042 1911 1189 1968 Hinc
1217 1917 1309 1968 est
1347 1910 1679 1983 quod,Job,
1721 1923 1802 1974 xi,
1841 1916 1898 1980 7,
1946 1914 1998 1982 8,
2029 1915 2082 1979 9,
2137 1911 2388 1970 dicitur:
2417 1915 2671 1970 Forsitan

243 1983 481 2049 vestivit:
506 1983 607 2037 Dei
633 1981 1057 2052 comprehendes,
1090 1985 1142 2036 et
1165 1997 1335 2053 usque
1365 1981 1749 2052 adperfectum
1773 1983 2192 2052 Omuipotentem
2208 1986 2438 2053 reperies
2460 2003 2478 2039 ε
2499 1986 2670 2040 ezecel-

245 2054 361 2108 sior
386 2051 511 2108 coelo
538 2055 636 2120 est,
665 2056 716 2108 et
742 2053 880 2133 quid
902 2053 1074 2119 facies
1093 2054 1122 2106 ?
1139 2053 1473 2122 profundior
1529 2053 1767 2120 inferno,
1815 2056 1867 2107 et
1916 2052 2059 2107 unde
2098 2068 2375 2122 coqnosces
2403 2057 2432 2109 ?
2460 2056 2671 2124 lonqior

243 2126 399 2177 terra
423 2137 678 2178 mensura
700 2138 818 2191 ejus
840 2126 891 2177 et
918 2123 1083 2177 latior
1107 2125 1268 2179 mari.
1303 2125 1431 2179 Non
1464 2122 1623 2179 enim
1658 2123 1782 2179 haec
1820 2121 2099 2181 dicuntur
2124 2125 2296 2196 quasi
2343 2124 2669 2183 dimensio-

246 2192 429 2250 nibus
459 2193 807 2264 quantitatis
845 2195 1002 2249 Deus
1031 2192 1112 2250 sit
1139 2206 1414 2264 magnuS,
1447 2193 1553 2250 sed
1583 2192 1725 2265 quia
1751 2192 1880 2264 ejus
1910 2193 2244 2251 virtus-non
2275 2194 2561 2253 limitatur
2590 2195 2664 2254 ad

244 2263 454 2321 omnia
480 2278 612 2335 quae
641 2276 860 2335 magna
896 2276 1030 2320 esse
1058 2262 1351 2332 videntur,
1379 2263 1524 2336 quin
1556 2263 1749 2334 possit
1776 2263 1953 2320 etiam
1983 2263 2211 2335 majora
2240 2265 2453 2323 facere.

319 2334 616 2401 SecundO,
644 2339 929 2405 quantum
958 2332 1034 2390 ad
1058 2333 1349 2391 rationem
1389 2347 1589 2391 rerum
1640 2334 1947 2402 factarum,
1996 2347 2147 2406 quas
2188 2348 2399 2393 omnes
2447 2349 2671 2408 cogno-

245 2416 416 2462 scere
448 2416 569 2461 non
598 2410 794 2473 potest
813 2403 1174 2473 intellectus,
1195 2404 1341 2475 quin
1365 2403 1625 2461 divinam
1649 2403 1973 2461 bonitatem
1994 2404 2475 2475 comprehendat.
2500 2406 2670 2465 Ratio

249 2473 410 2534 enim
439 2473 756 2556 cujuslibet
785 2473 869 2531 rei
902 2473 1069 2532 factae
1115 2475 1488 2555 sumiturex
1533 2472 1651 2532 fine
1696 2487 1872 2555 quem
1918 2473 2145 2534 faciens
2192 2474 2466 2533 intendit.
2508 2477 2670 2536 Finis

248 2551 446 2603 autem
478 2557 748 2603 omnium
779 2547 960 2602 aDeo
1003 2544 1293 2603 factorum
1343 2545 1545 2603 divina
1585 2543 1824 2603 bonitas
1870 2548 1980 2602 est.
2033 2545 2202 2602 Ratio
2244 2545 2428 2617 igitur
2471 2560 2669 2604 rerum

248 2616 540 2674 factarum
570 2620 664 2674 est
714 2620 780 2673 ut
806 2614 1005 2672 divina
1052 2614 1292 2673 bonitas
1330 2612 1698 2673 diffundatur
1733 2614 1796 2671 in
1836 2613 2034 2672 rebus.
2084 2614 2179 2672 Sic
2232 2616 2413 2688 igitur
2450 2616 2670 2688 aliquis

249 2699 462 2744 omnes
492 2686 756 2745 rationes
784 2698 979 2743 rerum
1011 2691 1339 2743 creatarum
1363 2690 1774 2766 cognosceret,
1801 2684 1853 2743 si
1875 2693 2265 2757 cognosceret
2289 2687 2493 2745 omnia
2510 2687 2669 2745 bona

251 2770 384 2829 quae
412 2757 477 2814 iii
504 2755 685 2814 rebus
713 2756 930 2814 creatis
960 2755 1292 2813 secundum
1320 2755 1592 2813 ordinem
1620 2754 1835 2836 divinae
1866 2754 2506 2882 sapientiaelprovenire
2530 2771 2668 2829 pos-

248 2832 432 2895 sunt;
463 2827 625 2901 quod
654 2832 815 2883 esset
836 2826 1097 2883 divinam
1129 2825 1454 2884 bonitatem
1479 2831 1536 2882 et
1560 2832 1911 2897 sapientiam
1942 2838 2179 2905 compre
2227 2826 2461 2899 endere,
2511 2828 2670 2900 quod

249 2896 459 2956 nullus
521 2896 861 2955 intellectus
912 2900 1148 2954 creatus
1196 2902 1409 2967 potest.
1468 2896 1616 2953 Hinc
1670 2901 1761 2953 est
1821 2895 1979 2968 quod
2034 2896 2269 2966 dicitur,
2311 2899 2487 2965 Eccl.,
2536 2912 2669 2970 viii,

252 2972 314 3026 17
345 2985 359 3024 ε
384 2968 636 3023 Intellexi
664 2967 809 3037 quod
833 2969 1074 3023 omnium
1098 2982 1320 3038 operum
1344 2970 1446 3023 Dei
1465 2982 1575 3022 non
1600 2969 1771 3037 possit
1798 2966 1951 3022 homo
1985 2969 2227 3022 invenire
2272 2970 2554 3025 rationem.

320 3038 534 3102 Tertio,
566 3042 852 3110 quantum
882 3037 955 3094 ad
987 3050 1055 3095 ea
1084 3051 1216 3110 quae
1245 3051 1316 3095 ex
1344 3037 1476 3095 sola
1495 3036 1599 3094 Dei
1630 3036 1930 3094 voluntate
1958 3037 2309 3110 dependent,
2342 3040 2498 3096 sicut
2525 3052 2672 3109 prae-

252 3107 597 3177 destinatio,
627 3107 860 3176 electio,
882 3106 1232 3180 J'ustificatio
1262 3113 1321 3165 et
1346 3108 1465 3165 alia
1495 3105 1839 3179 hujusmodi
1865 3121 1997 3178 quae
2035 3107 2107 3165 ad
2139 3108 2671 3167 sanctificationem

249 3178 549 3304 {guinem
589 3183 896 3237 creaturae.
928 3177 1076 3235 Hinc
1102 3178 1372 3251 estquod
1403 3178 1639 3245 dicitur,
1668 3177 1997 3245 Icorintli„
2023 3192 2088 3245 11,
2127 3182 2191 3236 {4
2228 3196 2242 3235 ε
2274 3179 2676 3245 Quaesuntntsi

321 3250 482 3304 minis
504 3265 656 3305 uerno
694 3251 848 3305 novit
892 3250 1006 3305 nisi
1055 3250 1285 3319 spiritus
1323 3249 1556 3305 hominis
1583 3251 1681 3319 qui
1704 3250 1766 3305 in
1791 3250 1909 3319 ipso
1934 3251 2031 3307 est.
2060 3251 2148 3305 Ita
2174 3253 2227 3304 et
2262 3264 2382 3319 quae
2420 3252 2549 3305 sunt
2575 3250 2676 3304 Dei

250 3320 482 3390 spiritus
507 3321 629 3377 Dei.
658 3318 704 3392 (1
731 3324 905 3394 part„
934 3333 992 3393 q.
1024 3331 1132 3391 xii,
1163 3325 1273 3379 art.
1299 3318 1375 3392 8).

1253 3539 1505 3603 CAPUT
1561 3539 1685 3603 LX.

640 3719 794 3774 QUOD
838 3718 1126 3766 vinnms
1161 3718 1326 3765 nmm
1365 3718 1551 3765 OMNIA
1596 3718 1768 3764 smmi
1803 3720 2023 3766 vinnm·
2057 3722 2120 3767 IN
2144 3721 2291 3767 IPSO.

325 3884 468 3941 Cum
500 3886 695 3940 autem
726 3886 1040 3940 ostensum
1067 3878 1151 3940 sit
1175 3878 1334 3952 quod
1361 3878 1697 3937 intellectus
1724 3886 1960 3938 creatus
1987 3879 2247 3938 divinam
2278 3879 2676 3940 substantiam

253 3950 486 4019 videns„
514 3951 580 4009 in
601 3951 734 4022 ipsa
760 3951 863 4009 Dei
886 3949 1224 4011 substantia
1250 3962 1461 4007 omnes
1486 3949 1719 4019 species
1738 3963 1936 4007 rerum
1957 3950 2270 4021 intelligat,
2292 3965 2677 4022 -quaecum-

256 4035 374 4094 que
403 4026 600 4079 autem
634 4035 755 4079 una
781 4021 981 4103 specie
1026 4020 1321 4088 videntur,
1364 4025 1597 4090 oportet
1641 4019 1823 4078 simul
1872 4033 1992 4078 una
2027 4019 2259 4077 visione
2281 4021 2488 4084 videri,
2541 4038 2677 4080 cum

253 4090 415 4150 visio
444 4090 738 4162 principio
768 4092 1026 4150 visionis
1050 4089 1406 4163 respondeat
1425 4119 1515 4159 -,
1547 4102 1794 4148 necesse
1817 4096 1909 4148 est
1935 4095 2001 4147 ut
2028 4088 2365 4149 intellectus
2392 4092 2493 4163 qui
2528 4093 2676 4152 divi-

255 4172 400 4221 nam
428 4160 824 4219 substantiam
844 4161 1024 4225 videt,
1055 4174 1177 4220 non
1208 4160 1570 4240 successive,
1602 4160 1707 4218 sed
1751 4160 1931 4218 simul
1977 4159 2181 4218 omnia
2223 4163 2673 4234 contempletur.

322 4234 480 4302 Item,
513 4244 747 4290 summa
771 4237 829 4288 et
847 4231 1106 4302 pei-secta
1150 4231 1404 4289 felicitas
1450 4230 1872 4289 intellectualis
1914 4235 2138 4289 naturae
2183 4230 2248 4288 in
2300 4233 2401 4289 Dei
2444 4234 2679 4292 visione

256 4302 565 4373 consistit,
591 4307 660 4361 ut
686 4314 869 4372 supra
893 4301 1042 4374 (cap.
1070 4301 1163 4377 25)
1192 4305 1501 4361 ostensum
1531 4307 1644 4360 est.
1675 4300 1948 4381 Felicitas
1976 4305 2175 4359 autem
2202 4315 2326 4360 non
2355 4309 2446 4362 cst
2465 4318 2676 4363 secun·

256 4373 398 4433 dum
427 4373 719 4440 habitum,
750 4372 855 4430 sed
885 4373 1213 4432 secundum
1245 4378 1464 4442 actum,
1494 4386 1630 4430 cum
1661 4371 1739 4430 sit
1764 4371 1973 4429 ultima
2009 4372 2292 4443 perfectio
2335 4381 2389 4431 et
2436 4375 2676 4449 ultimus

253 4441 415 4506 finis.
448 4447 531 4504 Ea
558 4443 743 4517 igitur
771 4457 902 4517 quae
929 4442 1205 4505 videntur
1255 4458 1360 4517 per
1385 4442 1682 4503 visionem
1726 4438 1941 4501 divinae
1969 4443 2318 4504 substantia>
2366 4458 2484 4516 qua
2519 4443 2675 4499 beati
