3076 5025
1094 293 1230 349 LIB.
1269 293 1358 361 IV,
1398 293 1554 350 CAP.
1590 294 1680 350 xl.
2499 297 2597 350 511

159 416 245 474 tio
279 414 612 485 relationis,
659 417 837 486 prout
861 412 1115 472 Verbum
1141 413 1396 472 refertur
1433 413 1508 472 ad
1536 413 1966 484 concipientem
1992 417 2061 473 ut
2100 429 2137 474 a
2161 428 2283 488 quo
2311 418 2421 473 est.
2455 414 2603 476 Hinc

163 485 442 557 estquod
472 488 734 543 loannes
761 484 1147 559 evangelista,
1173 485 1311 554 quia
1332 484 1593 542 dixerat:
1617 487 1759 541 Deus
1785 489 1905 541 erat
1932 486 2166 543 Verbum
2187 485 2428 557 (Ionum,
2458 501 2502 549 1,
2526 486 2600 568 1),

159 569 241 615 ne
267 557 521 614 omnino
550 553 848 613 distinctio
877 554 1110 612 sublata
1139 553 1568 628 intelligeretur
1590 554 1765 612 Verbi
1788 568 1825 612 a
1853 558 1974 613 Deo
1995 555 2224 613 dicente
2251 557 2374 628 siye
2397 570 2603 615 conci·-

159 625 363 757 fiiente
390 626 671 694 Verbum,
711 625 1054 683 sub'unxit:
1086 627 1197 681 Hoc
1222 631 1340 680 erat
1380 627 1442 680 in
1464 627 1741 696 principio
1947 628 2138 694 Deum,
2179 627 2353 700 quasi
2390 627 2547 685 dicat
2584 646 2599 685 ε

214 710 288 755 oc
314 696 593 764 Verbum,
621 695 781 768 quod
859 709 996 753 eum
1028 709 1163 753 esse
1193 695 1331 764 dixi,
1357 695 1560 767 aliquo
1587 695 1768 753 modo
1835 696 2141 754 istinctum
2167 701 2260 755 est
2286 712 2323 754 a
2350 699 2472 755 Deo
2511 696 2601 757 di-

162 773 356 834 cente,
388 772 448 823 et
475 767 564 824 sic
629 772 792 824 osset
820 766 934 824 dici
963 765 1118 838 apud
1148 768 1332 824 Deum
1363 778 1519 824 esse.
1557 767 1807 824 Verbum
1837 772 2033 824 autem
2061 767 2313 826 interius
2342 781 2597 840 concep-

159 842 292 896 tum
318 841 412 895 est
433 851 569 910 quae
612 851 708 894 am
728 836 878 895 ratio
897 840 958 895 et
976 836 1299 894 similitudo
1323 837 1409 894 rei
1435 836 1750 895 intellectae
1774 855 1789 906 ;
1815 837 2139 895 similitudo
2162 838 2321 895 enim
2347 838 2601 910 alicujus

157 908 226 967 in
256 908 448 966 altero
475 908 740 965 existens
783 907 875 965 vel
904 907 1101 965 rhabet
1144 908 1432 965 rationem
1461 907 1837 990 exemplariS,
1867 907 1921 965 si
1949 920 2015 966 se
2046 907 2262 966 habeat
2294 912 2359 965 ut
2384 908 2602 980 princi—

157 979 352 1052 pium,
377 978 473 1035 vel
503 978 682 1036 habet
747 978 905 1036 otius
945 978 1232 1036 rationem
1264 977 1564 1051 imaginis,
1593 991 1646 1036 si
1674 991 1740 1035 se
1770 977 1985 1035 babeat
2011 978 2086 1035 ad
2113 978 2173 1035 id
2201 978 2375 1048 cujus
2404 983 2496 1036 est
2520 979 2602 1040 si·

157 1049 439 1108 militudo
470 1049 624 1130 sicut
650 993 743 1106 arf
755 1048 1145 1131 principi-um..
1167 1049 1481 1130 Utriusque
1507 1048 2076 1131 autem-exemplum·
2095 1047 2159 1106 in
2192 1055 2399 1107 nostro
2426 1049 2602 1131 intel-

158 1118 324 1178 lectu
341 1122 695 1190 perspicitur
715 1137 731 1189 ;
757 1133 898 1192 quia
916 1132 1073 1176 enim
1095 1119 1420 1177 similitudo
1443 1119 1733 1177 artificiati
1767 1122 2028 1176 existens
2057 1132 2120 1177 in
2142 1124 2337 1177 mente
2358 1118 2601 1178 artificis

165 1193 261 1247 est
297 1190 652 1260 principium
692 1189 1053 1260 operationis
1082 1204 1188 1260 per
1215 1204 1392 1262 quam
1417 1188 1790 1247 artificiatum
1818 1194 1929 1253 est,
1961 1193 2339 1262 comparatur
2366 1190 2438 1248 ad
2469 1190 2603 1250 arti·

165 1259 430 1319 ficiatum
481 1265 544 1316 ut
593 1259 893 1332 exemplar
933 1260 1006 1317 ad
1053 1261 1487 1331 exemplatum3
1535 1260 1643 1318 sed
1684 1259 2009 1318 similitudo
2051 1259 2136 1318 rei
2178 1260 2489 1328 naturaliS,
2534 1260 2601 1319 in

163 1336 378 1388 nostro
401 1330 704 1388 intellectu
736 1335 1043 1401 concepta,
1069 1335 1450 1402 comparatur
1474 1330 1551 1387 ad
1575 1344 1698 1388 rem
1729 1330 1901 1403 cujus
1939 1330 2265 1389 similitudo
2308 1331 2507 1390 existit
2536 1336 2602 1391 ut

163 1401 242 1460 ad
267 1414 450 1459 suum
481 1399 855 1472 principium,
895 1401 1038 1473 quia
1071 1405 1344 1458 nostrum
1377 1401 1565 1458 intelli
1614 1415 1711 1458 ere
1749 1416 1784 1458 a
1810 1400 2092 1460 sensibus
2120 1401 2474 1473 principium
2502 1415 2605 1460 ac·

165 1471 326 1543 cipit,
354 1471 458 1543 qui
503 1486 605 1542 pei·
651 1485 748 1529 res
797 1472 1102 1529 naturales
1128 1471 1537 1529 immutantur.
1622 1486 1764 1530 uum
1795 1478 1992 1529 autem
2036 1475 2195 1531 Deus
2234 1478 2292 1530 et
2333 1472 2601 1553 seipsum

165 1540 461 1613 intelligat
488 1546 544 1598 et
570 1541 708 1608 alia,
750 1544 814 1598 ut
839 1547 1152 1599 ostensum
1182 1545 1273 1601 est
1301 1542 1362 1614 (l.
1394 1556 1438 1611 1,
1465 1558 1520 1601 c.
1550 1543 1662 1614 49),
1716 1542 1846 1615 ejus
1874 1541 2206 1615 intelligere
2249 1542 2599 1614 principium

169 1615 268 1669 est
291 1625 486 1669 rerum
513 1611 947 1669 intellectarum
975 1609 1050 1669 ab
1077 1612 1230 1693 ἰρεο,
1253 1626 1439 1685 quum
1469 1612 1543 1670 ab
1572 1625 1644 1670 eo
1670 1617 1994 1671 causentur
2017 1625 2124 1685 per
2145 1613 2513 1670 intellectum
2543 1617 2601 1670 et

173 1682 571 1750 voluntatem3
603 1680 709 1740 sed
752 1682 827 1739 ad
863 1681 1249 1763 intelligibile,
1282 1682 1442 1755 quod
1470 1687 1564 1740 est
1593 1683 1745 1755 ipse,
1782 1686 2163 1754 comparatur
2190 1689 2254 1740 ut
2282 1683 2357 1740 ad
2383 1683 2600 1755 princi·

167 1752 370 1825 pium;
413 1755 507 1809 est
532 1752 692 1809 enini
720 1752 837 1809 hoc
883 1751 1250 1825 intelligibile
1287 1752 1443 1809 idem
1488 1767 1625 1811 cum
1672 1753 1975 1812 intellectu
2002 1753 2391 1827 intelligente,
2425 1752 2599 1825 cujus

210 1822 441 1882 uaedam
487 1821 784 1880 emanatio
824 1827 917 1880 est
943 1823 1186 1881 verbum
1225 1829 1599 1895 conceptum.
1651 1825 1893 1896 Oportet
1931 1822 2114 1897 igitur
2152 1824 2310 1896 quod
2341 1824 2598 1882 Verbum

216 1893 269 1950 ei
298 1895 676 1964 comparetur
701 1893 776 1950 ad
814 1906 912 1949 res
958 1892 1106 1951 alias
1133 1894 1466 1951 intellectas
1508 1908 1546 1951 a
1589 1895 1711 1952 Deo
1758 1893 1911 1952 sicut
1946 1907 2119 1962 exem
2159 1895 2248 1952 lar
2283 1894 2357 1951 ad
2402 1893 2600 1965 ipsum

166 1965 377 2045 Deum,
408 1964 582 2034 cujus
625 1966 718 2021 est
755 1964 1022 2032 verbum,
1069 1963 1222 2021 sicut
1265 1963 1394 2032 ejus
1422 1964 1641 2036 imago.
1673 1964 1820 2022 Hinc
1847 1969 1941 2023 est
1972 1909 2153 2038 quocf
2177 1965 2249 2023 de
2278 1963 2468 2023 Verbo
2496 1963 2602 2023 Dei

167 2034 384 2093 dicitur
420 2033 580 2105 quod
611 2037 690 2089 est
710 2035 892 2103 imago
918 2037 1020 2090 Dei
1043 2035 1357 2090 invisbiilis.
1393 2034 1636 2105 (Coloss.‚
1664 2048 1707 2104 1,
1737 2034 1849 2106 15.)

241 2107 343 2162 Est
365 2111 563 2161 autem
594 2102 925 2162 differentia
953 2105 1108 2162 inter
1133 2105 1498 2162 intellectum
1520 2110 1580 2163 et
1604 2118 1892 2176 sensum3
1941 2118 2082 2164 nam
2132 2118 2354 2165 sensus
2391 2118 2601 2179 appre-

167 2174 380 2234 hendit
408 2189 533 2231 rem
563 2181 850 2246 quantum
882 2174 954 2231 ad
983 2176 1276 2232 exteriora
1304 2175 1434 2246 eJ'us
1464 2175 1811 2244 accidentia,
1845 2188 1979 2256 quae
2007 2182 2150 2234 sunt
2178 2177 2366 2246 color,
2397 2190 2595 2250 sapor.

166 2245 473 2318 quantitas
503 2250 560 2301 et
588 2245 705 2302 alia
732 2245 1098 2315 hujusmodi,
1130 2246 1236 2303 sed
1261 2245 1601 2303 intellectus
1650 2246 1984 2318 ingreditur
2010 2246 2084 2303 ad
2135 2247 2424 2306 interiora
2468 2247 2555 2306 rei
2581 2266 2601 2317 ς,

166 2321 245 2384 et,
272 2316 417 2388 quia
434 2315 631 2373 omnis
661 2315 922 2387 cognitio
951 2315 1254 2388 perficitur
1278 2315 1607 2373 secundum
1638 2316 2088 2373 similitudinem
2118 2330 2249 2388 quae
2296 2324 2389 2375 est
2442 2318 2601 2376 inter

167 2399 551 2466 cognoscens
579 2390 639 2442 et
664 2385 992 2458 cognitum,
1024 2398 1059 2442 o
1105 2390 1258 2442 ortet
1289 2385 1448 2465 quod
1474 2387 1540 2441 in
1570 2399 1754 2442 sensu
1783 2385 1862 2442 sit
1904 2386 2233 2443 similitudo
2280 2387 2366 2443 rei
2405 2387 2599 2446 sensi·

163 2457 305 2516 bilis
335 2462 624 2528 quantum
655 2455 728 2512 ad
758 2455 888 2526 ejus
918 2456 1044 2512 acci
1089 2457 1268 2521 entia,
1301 2469 1364 2511 ln
1393 2454 1696 2511 intellectu
1723 2467 1865 2512 vero
1893 2455 1975 2512 sit
2002 2455 2330 2514 similitudo
2369 2458 2455 2515 rei
2507 2457 2598 2516 in-

164 2527 421 2586 tellectae
453 2533 741 2599 quantum
767 2526 839 2584 ad
870 2527 1001 2597 ejus
1024 2526 1368 2583 essentiam.
1402 2525 1655 2582 vei-bum
1682 2525 1863 2599 igitur
1895 2524 1961 2582 in
2010 2525 2313 2584 intellectu
2347 2541 2600 2600 concep·

166 2604 294 2656 tum
328 2603 420 2655 est
448 2598 646 2670 imago
677 2597 768 2654 vel
797 2597 1097 2669 exemplar
1125 2596 1477 2654 substantiae
1498 2597 1582 2653 rei
1603 2596 1936 2653 intellectae.
1961 2597 2155 2664 Quum
2179 2610 2322 2670 ergo
2345 2598 2598 2657 Verbum

167 2666 273 2726 Dei
301 2668 381 2725 sit
407 2668 606 2741 imago
628 2668 752 2737 Dei,
778 2673 845 2725 ut
872 2674 1181 2726 ostensum
1212 2672 1324 2734 est,
1350 2679 1597 2723 necesse
1623 2666 1901 2739 estquod
1930 2665 2011 2724 sit
2035 2666 2234 2740 imago
2272 2668 2376 2724 Dei
2403 2682 2597 2741 quan-

167 2743 296 2797 tum
325 2738 398 2795 ad
429 2739 561 2809 eius
586 2738 931 2795 essentiam.
964 2738 1114 2794 Hinc
1142 2742 1233 2794 est
1261 2735 1420 2809 quod
1446 2737 1765 2817 Apostolus
1795 2735 1937 2817 dicit
1963 2736 2122 2809 quod
2150 2741 2243 2794 est
2265 2740 2448 2809 figura
2473 2740 2603 2796 sub·

167 2812 391 2868 stantia
409 2810 528 2866 Dei.
562 2808 767 2881 (Hebr.,
795 2823 839 2878 1,
870 2808 947 2881 3.)
970 2810 1174 2880 Imago
1206 2812 1404 2864 autem
1434 2808 1687 2878 allquuS
1732 2820 1819 2864 rei
1876 2811 1969 2865 est
2008 2806 2247 2879 duplex.
2296 2811 2397 2866 Est
2439 2810 2600 2869 enim

168 2878 372 2951 aliqua
395 2879 597 2952 imago
621 2893 755 2951 quoe
784 2892 909 2936 non
929 2878 1335 2935 communicat
1367 2878 1430 2933 in
1460 2883 1673 2937 natura
1699 2890 1835 2935 cum
1866 2890 1938 2935 eo
1992 2877 2167 2950 cujus
2215 2884 2307 2936 est
2345 2878 2545 2954 imago
2582 2899 2598 2938 :

170 2949 297 3009 sive
327 2949 413 3006 sit'
435 2950 635 3022 imago
665 2949 793 3021 ejus
813 2955 1099 3022 quantum
1136 2949 1209 3006 ad
1243 2948 1536 3005 exteriora
1581 2948 1932 3019 accidentia,
1981 2948 2140 3006 sicut
2187 2954 2387 3008 statua
2435 2964 2602 3009 aenea

171 3025 265 3078 est
290 3020 491 3093 imago
523 3019 782 3077 hominis
824 3034 933 3077 nec
967 3024 1164 3076 tamen
1213 3025 1307 3076 est
1350 3018 1569 3088 bomo;
1629 3019 1754 3076 sive
1804 3018 1881 3077 sit
1931 3017 2133 3092 imago
2184 3026 2472 3092 quantum
2526 3021 2599 3080 ad

171 3089 572 3148 substantiam
593 3090 725 3163 ,rei3
758 3090 909 3147 ratio
937 3090 1095 3146 enim
1128 3090 1393 3147 bominis
1413 3089 1474 3145 in
1498 3089 1804 3147 intellectu
1832 3101 1957 3146 non
1993 3096 2086 3147 est
2116 3090 2330 3161 bomo;
2376 3105 2513 3150 nam
2544 3096 2602 3149 et

173 3160 583 3231 Philosophus
612 3160 755 3217 dicit
785 3178 799 3216 ε
831 3179 862 3210 «
887 3162 1018 3218 Non
1048 3159 1200 3230 lapis
1230 3159 1410 3218 estin
1441 3160 1657 3229 anima,
1697 3159 1803 3218 sed
1853 3160 2088 3231 species
2128 3180 2183 3217 ».
2234 3161 2337 3233 (De
2383 3162 2601 3233 anima,

170 3229 216 3288 l.
245 3242 336 3297 111,
365 3237 506 3287 text.
538 3244 757 3287 comm.
790 3230 900 3301 38.)
929 3233 1134 3304 Imago
1172 3237 1366 3288 autem
1395 3230 1648 3300 alicujus
1693 3230 1777 3287 rei
1820 3244 1953 3303 quae
2008 3230 2276 3288 eamdem
2330 3238 2601 3290 naturam

170 3300 353 3359 habet
379 3314 517 3358 cum
544 3314 605 3357 re
635 3301 809 3371 cujus
839 3306 931 3357 est
962 3301 1183 3370 image,
1216 3306 1308 3358 est
1332 3301 1488 3359 sicut
1515 3299 1677 3357 filius
1706 3300 1888 3373 regis,
1915 3301 1980 3357 in
2009 3313 2129 3374 qno
2172 3302 2372 3376 imago
2416 3301 2601 3375 patris

169 3374 418 3442 apparet
442 3375 500 3427 et
528 3376 619 3429 est
647 3370 913 3442 ejusdem
943 3377 1169 3429 naturae
1198 3385 1331 3428 cum
1363 3371 1515 3441 ipso.
1546 3371 1867 3429 ostensum
1897 3375 1991 3430 est
2034 3376 2234 3431 autem
2263 3372 2421 3445 quod
2465 3374 2601 3430 Ver·

168 3441 314 3499 bum
347 3441 450 3498 Dei
483 3446 576 3498 est
601 3441 804 3515 imago
829 3441 1081 3499 dicentis
1110 3447 1396 3513 quantum
1424 3441 1498 3498 ad
1525 3440 1720 3513 ipsam
1759 3441 1890 3513 ejus
1932 3443 2278 3511 essentiam,
2329 3448 2388 3500 et
2485 3441 2603 3502 uod

168 3512 234 3569 in
263 3511 474 3570 eadem
504 3517 716 3569 natura
743 3525 878 3568 cum
911 3512 1142 3569 dicente
1163 3512 1583 3570 communicat.
1605 3512 1983 3584 Relinquitur
2001 3527 2143 3588 ergo
2165 3514 2323 3586 quod
2346 3516 2456 3571 Ver
2503 3525 2601 3571 um

168 3582 275 3642 Dei
305 3596 429 3641 non
460 3584 658 3639 solum
684 3582 762 3640 sit
787 3582 1010 3654 imago,
1044 3582 1148 3640 sed
1178 3583 1353 3639 etiam
1377 3581 1535 3641 filius
1562 3600 1577 3651 ;
1608 3595 1731 3640 non
1765 3583 1922 3639 enim
1954 3584 2043 3641 sic
2086 3598 2220 3643 esse
2276 3583 2602 3656 imaginem

169 3652 433 3724 alicujus
462 3658 524 3709 ut
548 3652 815 3725 ejusdem
847 3659 1071 3710 naturae
1103 3666 1239 3710 cum
1268 3653 1375 3710 illo
1404 3654 1502 3716 sit,
1535 3652 1599 3710 in
1626 3653 1830 3726 aliquo
1851 3654 2152 3712 invenitur
2171 3655 2272 3726 qui
2293 3654 2458 3712 filius
2488 3652 2605 3712 dici

168 3737 295 3781 non
331 3723 547 3804 possit,
578 3722 902 3805 dummodo
932 3723 1049 3780 hoc
1076 3722 1139 3779 in
1169 3723 1502 3781 viventibus
1532 3724 1897 3795 accipiatur3
1944 3739 2084 3782 nam
2129 3725 2288 3797 quod
2341 3723 2606 3795 procedit

167 3807 245 3854 ex
275 3794 354 3850 ali
406 3808 483 3852 uo
512 3794 828 3851 viventem
860 3793 1312 3851 similitudinem
1337 3794 1578 3863 speciei
1610 3794 1827 3852 dicitur
1876 3793 2037 3853 filius
2093 3794 2246 3866 ejns.
2309 3796 2460 3853 Hinc
2513 3798 2606 3853 est

167 3864 334 3938 quod
357 3809 583 3921 dicitur
613 3883 626 3919 ε
658 3866 921 3920 Dominus
943 3865 1094 3920 dixit
1121 3864 1196 3919 ad
1220 3880 1304 3919 me
1332 3881 1350 3919 ε
1384 3865 1556 3919 Filius
1584 3878 1733 3945 meus
1761 3881 1816 3920 es
1838 3868 1921 3920 tu.
1948 3865 2173 3937 (Psalm.
2198 3865 2364 3938 11,7.)

240 3937 476 3993 Rursus
504 3935 1006 3992 considerandum
1039 3935 1334 4006 estquod,
1365 3947 1549 4006 quum
1598 3948 1664 3991 in
1716 3936 1979 4008 qualibet
2037 3940 2246 3993 natura
2295 3935 2607 4007 processio

167 4002 346 4072 filiia
377 4011 541 4077 patre
571 4005 651 4062 sit
677 4006 991 4072 naturalis,
1024 4019 1094 4061 ex
1140 4019 1260 4076 qno
1313 4005 1566 4060 Verbum
1614 4004 1715 4061 Dei
1747 4006 1933 4063 Filius
1973 4006 2076 4063 Dei
2112 4005 2347 4075 dicitur,
2375 4011 2608 4078 oportet

167 4076 334 4148 quod
359 4075 710 4133 naturaliter
737 4081 1053 4157 generetur
1075 4079 1133 4132 et
1157 4089 1192 4132 a
1216 4077 1385 4131 Patre
1414 4073 1694 4145 procedat
1717 4093 1732 4145 3
1757 4080 1814 4133 et
1840 4076 1954 4133 hoc
1984 4077 2222 4148 quidem
2244 4077 2605 4148 supradictis

166 4146 474 4216 convenit,
504 4151 569 4204 ut
597 4161 670 4203 ex
697 4147 794 4204 his
822 4161 956 4219 quae
983 4146 1045 4202 in
1075 4146 1379 4202 intellectu
1408 4151 1617 4202 nostro
1647 4144 1923 4203 accidunt
1949 4147 2204 4218 perspici
2250 4152 2468 4220 potest.
2509 4149 2607 4205 In·

165 4215 450 4274 tellectus
477 4217 636 4273 enim
670 4223 876 4274 noster
902 4216 1102 4289 aliqua
1132 4214 1479 4273 naturaliter
1515 4216 1849 4288 cognoscit,
1892 4216 2050 4287 sicut
2088 4217 2282 4290 prima
2322 4217 2607 4292 intelligi·

166 4284 379 4345 bilium
411 4287 725 4359 principia,
756 4300 1010 4359 qnorum
1031 4286 1440 4359 intelligibiles
1467 4285 1914 4357 conceptiones,
1946 4300 2078 4358 quae
2116 4287 2295 4346 verba
2323 4289 2609 4346 interiora

171 4355 480 4426 dicuntur,
505 4357 850 4414 naturaliter
871 4358 933 4413 in
955 4357 1094 4427 ipso
1120 4357 1384 4412 existunt
1409 4359 1562 4412 etex
1593 4369 1664 4413 eo
1689 4355 2052 4426 procedunt;
2076 4363 2220 4414 sunt
2249 4359 2426 4415 etiam
2455 4370 2610 4429 quae·

171 4424 308 4486 dam
334 4426 742 4499 intelligibilia
768 4439 901 4499 qnae
929 4439 1054 4484 non
1085 4426 1432 4484 naturaliter
1452 4424 1793 4484 intellectus
1818 4432 2025 4484 noster
2051 4428 2387 4501 cognoscit,
2408 4425 2512 4484 sed
2542 4425 2607 4479 in
