3076 5025
1061 350 1196 405 Lm.
1237 350 1328 414 lv,
1367 350 1517 405 CAP.
1562 350 1704 406 vul.
2492 350 2599 407 5⁰3

203 470 348 529 nasi
375 470 450 529 de
479 483 637 528 novo
666 469 992 528 claritatem
1038 469 1362 541 accipienS,
1392 484 1575 542 quum
1631 485 1760 528 eam
1791 469 2136 542 profiteatur
2161 469 2395 528 se'ante
2419 485 2597 529 mun·

159 487 308 599 gum
357 541 685 609 babuisse;
717 542 822 599 sed
874 541 1183 613 oportebat
1231 540 1391 612 quod
1441 554 1555 597 sua
1600 540 1865 610 claritas,
1895 555 2026 614 quae
2082 540 2195 598 sub
2249 540 2596 599 infirmitate

153 611 370 669 carnis
404 616 533 669 erat
576 612 893 680 occultata,
923 625 1028 683 per
1067 611 1266 668 carnis
1300 609 1796 691 glorificationem
1842 616 1902 668 et
1928 611 2355 670 miraculorum
2384 626 2592 684 opera-

165 683 398 739 tionem
459 681 963 748 manifestaretur,
993 682 1053 738 in
1105 680 1220 739 fide
1274 681 1640 739 credentium
1711 681 2106 752 populorum;
2138 682 2297 740 unde
2342 682 2413 740 de
2463 683 2593 755 ejus

162 752 573 811 occultatione
615 752 833 809 dicitur
862 770 878 809 :
907 756 979 808 Et
1004 754 1165 822 quast·
1191 751 1535 807 absconditus
1560 753 1845 809 estvultus
1871 754 2014 822 ejus.
2035 794 2050 808 .
2071 771 2115 820 ,ς
2144 754 2289 807 unde
2312 769 2407 808 nec
2434 770 2595 824 repu-

156 827 408 880 tavimus
436 840 575 878 emn.
609 822 784 894 (lsai.,
812 836 935 892 mn,
966 825 1046 894 3.)
1073 822 1355 880 Similiter
1371 828 1591 892 autem,
1616 824 1946 880 secundum
1975 823 2088 880 hoc
2119 823 2389 881 Christus
2406 824 2596 881 susci-

161 901 331 951 tatus
362 900 455 951 est
501 893 659 965 quod
705 899 796 950 est
823 907 1041 964 passus
1072 897 1129 950 et
1158 898 1448 962 mortuuS,
1482 893 1543 950 id
1571 899 1661 950 est
1690 893 2023 951 secundum
2070 907 2307 951 carnem
2338 912 2352 961 ;
2378 894 2597 952 dicitur

159 965 332 1022 enim
368 983 381 1020 ε
415 965 625 1022 Christo
642 979 807 1044 passo
834 967 895 1018 in
915 980 1096 1026 carne,
1127 967 1177 1018 et
1203 979 1298 1019 vos
1325 964 1510 1019 eadem
1546 966 1869 1032 copitatione
1897 966 2209 1019 amamini.
2238 965 2293 1034 (Ι
2314 966 2487 1027 Petr„
2510 979 2594 1034 Π,

171 1035 250 1107 1.)
291 1035 548 1092 Exaltari
578 1041 754 1091 etiam
802 1048 936 1091 eum
993 1034 1260 1105 oportuit
1298 1034 1628 1092 secundum
1680 1035 1793 1093 hoc
1840 1034 2000 1106 quod
2043 1034 2157 1090 fuit
2202 1034 2593 1093 humiliatus·

165 1118 308 1163 nam
357 1113 417 1161 et
458 1105 782 1177 Apostolus
825 1104 969 1162 dicit
1007 1122 1022 1160 :
1070 1105 1393 1160 Humiliavit
1429 1108 1769 1175 semetipsum
1795 1106 1978 1173 tactus
2021 1105 2267 1161 obediens
2308 1121 2478 1174 usque
2522 1079 2598 1160 αᾶ

163 1180 453 1232 mortem..
476 1218 517 1240 .,
540 1179 765 1246 propter
804 1175 950 1245 quod
975 1179 1026 1230 et
1062 1178 1204 1231 Deus
1249 1176 1516 1230 exaltavit
1563 1177 1742 1232 illum.
1771 1174 1964 1247 (Phia,
2000 1190 2069 1244 11,
2097 1180 2153 1257 8,
2182 1177 2260 1248 9.)
2289 1177 2383 1234 Sic
2428 1190 2595 1250 erge,

166 1261 275 1319 per
303 1247 420 1304 hoc
449 1246 605 1319 quod
635 1248 807 1303 Pater
833 1244 1118 1303 clarificat
1139 1245 1352 1303 Filium
1406 1246 1659 1304 suscitat
1686 1252 1744 1304 et
1771 1247 2009 1316 exaltat,
2041 1247 2227 1305 Filius
2248 1260 2373 1304 non
2400 1252 2598 1305 osten-

168 1316 334 1399 ditur
358 1318 557 1374 minor
606 1320 797 1384 Patre,
820 1317 939 1374 nisi
983 1315 1314 1396 secundum
1359 1287 1681 1397 humanam
1728 1322 2232 1399 naturammam,
2263 1317 2595 1399 secundum

163 1386 434 1445 divinam
473 1392 767 1456 naturam,
798 1401 920 1459 qua
943 1392 1034 1444 est
1079 1389 1233 1444 Patri
1264 1387 1535 1459 aequalts,
1570 1393 1661 1444 est
1702 1389 1907 1445 eadem
1942 1395 2126 1446 virtus
2154 1391 2348 1446 Patris
2377 1394 2436 1445 et
2461 1388 2595 1445 Filii

161 1463 228 1515 et
258 1458 467 1516 eadem
512 1459 777 1530 operatio
803 1477 817 1527 ;
848 1457 1006 1515 unde
1049 1464 1107 1513 et
1147 1457 1276 1528 ipse
1308 1457 1492 1515 Filius
1521 1458 1764 1530 propria
1789 1459 2003 1517 virtute
2034 1472 2099 1516 se
2119 1459 2358 1526 exaltat,
2380 1473 2595 1517 secun·

169 1529 314 1586 dum
362 1528 507 1586 illud
561 1528 938 1587 Psalmistae:
979 1529 1264 1592 Eoealtare,
1295 1531 1537 1598 Domine,
1578 1531 1637 1584 in
1678 1533 1879 1584 virtute
1930 1535 2028 1585 tua
2075 1529 2298 1600 (Psalm.
2335 1543 2439 1599 xx,
2472 1530 2595 1602 14);

172 1599 307 1669 ipse
337 1600 604 1670 seipsum
643 1599 915 1667 suscitat,
943 1599 1100 1672 quod
1137 1599 1210 1656 de
1249 1612 1315 1656 se
1346 1598 1530 1655 dicit:
1557 1602 1878 1656 potestatem
1906 1600 2074 1656 habeo
2086 1601 2330 1670 ponendi
2356 1603 2598 1657 animam

172 1686 366 1751 meam,
417 1676 564 1727 et...
599 1672 796 1752 iterum
849 1669 1097 1751 sumendi
1142 1685 1260 1724 eam
1308 1669 1553 1751 (Ionum,
1577 1684 1641 1751 ξ,
1666 1671 1793 1751 18))
1821 1671 1950 1741 ipse
1999 1670 2175 1756 etiam
2226 1685 2346 1756 non
2401 1671 2601 1729 solum

167 1754 439 1867 &aare
452 1739 941 1893 30„st
965 1742 1476 1891 &afflasti
1493 1740 2597 1893 {¹'seraaiteraturam,

167 1888 500 1953 assumptae
530 1888 607 1939 sit
637 1881 993 1949 occultatae,
1025 1882 1129 1939 sed
1161 1894 1284 1938 suae
1327 1881 1741 1939 mvtslblhtate
1768 1888 1993 1939 naturae
2018 1901 2033 1950 ;
2062 1896 2182 1952 quo
2211 1889 2389 1939 ettam
2418 1883 2603 1944 moda

169 1950 363 2009 Filius
389 1958 480 2010 est
504 1953 777 2010 occultus
804 1951 1136 2009 secundum
1178 1951 1438 2008 divinam
1488 1958 1761 2009 naturam
1787 1971 1803 2021 ;
1831 1965 1966 2009 nam
1996 1952 2151 2009 Patri
2179 1959 2235 2010 et
2264 1954 2415 2011 Filio
2442 1968 2599 2011 com·

167 2036 360 2081 mune
402 2023 681 2096 estquod
727 2023 986 2079 dicitur:
1024 2024 1159 2078 Vere
1182 2027 1246 2078 tu
1270 2038 1323 2078 es
1363 2026 1506 2078 Deus
1549 2023 1895 2079 absconditus
1940 2025 2131 2092 Israel,
2162 2027 2304 2079 Deus
2324 2025 2597 2080 Salvam.

169 2094 356 2165 usai„
389 2105 527 2163 xm,
560 2093 671 2166 15.)
703 2093 888 2150 Filius
918 2098 1116 2150 autem
1146 2095 1376 2151 Patrem
1425 2093 1735 2164 clarificat,
1765 2107 1885 2151 non
1935 2094 2263 2152 claritatem
2294 2095 2347 2151 ei
2377 2093 2595 2162 dandO,

170 2164 280 2223 sed
330 2177 464 2221 eum
518 2164 744 2221 mundo
787 2163 1266 2232 manifestand03
1295 2177 1434 2220 nam
1487 2169 1544 2220 et
1599 2165 1728 2235 ipse
1773 2163 1993 2222 ibidem
2022 2163 2169 2221 dicit
2198 2184 2212 2221 ε
2242 2167 2605 2234 Manifestum·

167 2251 366 2291 nomen
393 2240 546 2291 tuum
578 2235 900 2291 hominibus.
931 2234 1170 2306 (Joann.,
1202 2247 1361 2315 XVII,
1394 2234 1469 2307 6.)

242 2308 378 2363 Non
409 2310 503 2363 est
535 2308 732 2363 autem
759 2304 1118 2363 credendum
1149 2304 1308 2378 quod
1339 2318 1398 2361 1n
1426 2305 1527 2361 Dei
1578 2305 1722 2363 Filio
1760 2305 1840 2363 sit
1873 2305 2093 2390 aliquis
2135 2309 2447 2377 potestatis
2490 2307 2599 2365 de-

169 2377 390 2445 fectuS,
422 2391 604 2449 quum
634 2377 762 2447 ipse
795 2375 949 2432 dicat
975 2394 989 2432 t
1020 2379 1166 2431 Data
1191 2381 1270 2431 est
1294 2376 1432 2429 mihi
1458 2379 1633 2430 omnis
1671 2379 1911 2445 potestas
1961 2393 2025 2430 m
2067 2378 2195 2432 coelo
2234 2383 2285 2432 et
2326 2380 2390 2433 in
2430 2382 2599 2434 tenu.

171 2448 421 2521 (Marta.
454 2460 664 2510 xxvltl,
700 2446 808 2519 18.)
835 2445 998 2503 Unde
1025 2446 1184 2519 quod
1212 2446 1339 2518 ipse
1369 2444 1508 2501 dicit
1554 2460 1571 2497 ε
1627 2446 1820 2501 Sedere
1856 2446 1931 2500 ad
1975 2448 2255 2502 dexteram
2300 2464 2473 2503 nicam
2517 2449 2605 2503 vel

165 2521 460 2575 sinistram
484 2535 593 2573 non
619 2522 698 2574 est
725 2534 901 2573 meum
928 2518 1061 2573 dare
1087 2519 1256 2585 vobis,
1282 2516 1380 2571 sed
1427 2517 1587 2571 uibus
1601 2521 1861 2585 paratam
1890 2522 2027 2572 esta
2043 2520 2207 2573 Patre
2223 2534 2338 2574 meo
2360 2520 2603 2592 (Mamm,

169 2601 279 2656 xx,
311 2589 426 2661 23),
469 2602 592 2646 non
623 2589 884 2646 ostendit
925 2586 1084 2660 quod
1145 2586 1328 2644 Filius
1391 2533 1937 2668 gistiibuendmjum
1985 2586 2317 2669 coelestium
2370 2589 2604 2647 sedium

169 2664 526 2732 potestatem
584 2672 706 2715 non
733 2658 965 2727 babeat,
998 2672 1134 2715 cum
1182 2671 1288 2728 per
1313 2655 1656 2727 hujusmodi
1686 2670 2021 2715 sessionem
2058 2659 2429 2730 participatio
2472 2660 2607 2717 vitae

168 2737 410 2788 aeternae
437 2729 822 2803 intelligatur,
854 2730 1026 2800 quus
1048 2727 1427 2785 collationem
1447 2727 1522 2783 ad
1551 2741 1617 2785 se
1641 2728 1933 2797 pertinere
1949 2729 2208 2786 ostendit
2225 2744 2409 2801 quum
2422 2731 2564 2788 dicit
2582 2749 2601 2788 z

172 2802 310 2858 Oves
335 2816 462 2855 meae
488 2816 664 2855 vocem
694 2817 867 2855 meam
896 2800 1164 2866 audiunt3
1200 2803 1250 2854 et
1276 2814 1369 2867 eqo
1397 2813 1649 2867 coquosco
1676 2813 1786 2861 eas,
1817 2804 1868 2854 et
1905 2803 2206 2869 sequuntur
2243 2816 2328 2856 me
2345 2819 2363 2869 3
2415 2806 2467 2856 et
2509 2817 2609 2870 eoo

173 2874 350 2927 vitam
378 2875 635 2926 artemam
662 2872 730 2926 do
758 2874 833 2926 eis
865 2870 1102 2942 (loetum,
1131 2874 1301 2938 x‚27‚
1331 2868 1443 2941 28);
1471 2869 1688 2926 dicitur
1714 2870 1891 2927 etiam
1920 2871 2067 2940 quod
2088 2873 2318 2928 Pater...
2345 2888 2497 2927 omne
2522 2875 2608 2929 in·

173 2943 382 2997 dicium
407 2942 558 2997 dedit
582 2942 722 2997 Filio
749 2940 986 3012 (Joann.‚
1014 2955 1076 3007 v,
1107 2944 1218 3008 22);
1248 2939 1322 2996 ad
1352 2939 1637 2997 indicium
1681 2944 1879 2997 autem
1906 2941 2161 3011 pertinet
2188 2947 2256 2998 ut
2289 2956 2398 3023 pro
2424 2943 2607 3000 meri-

174 3012 259 3069 tis
288 3013 464 3084 aliqui
493 3012 555 3068 in
587 3013 813 3069 coelesti
845 3011 1040 3084 gloria
1064 3010 1472 3079 collocentur,
1496 3010 1657 3067 unde
1682 3016 1739 3067 et
1767 3010 1984 3068 dicitnr
2009 3012 2167 3084 quod
2197 3012 2382 3070 Filius
2413 3013 2604 3071 bomi-

178 3082 281 3139 nis
306 3086 507 3138 statuet
541 3098 660 3138 oves
688 3098 724 3137 a
764 3082 971 3137 dextris
1019 3085 1154 3147 suis,
1185 3081 1364 3136 haedos
1420 3085 1600 3136 autem
1654 3099 1690 3136 a
1739 3084 1978 3137 sinistris
2033 3084 2275 3155 (Mania,
2313 3096 2456 3146 xxv,
2486 3084 2606 3157 3³);

177 3154 435 3224 pertinet
457 3166 601 3234 ergo
628 3152 701 3210 ad
730 3156 1082 3223 potestatem
1114 3150 1244 3208 Filii
1298 3157 1560 3209 statuere
1606 3151 1864 3224 aliquem
1910 3152 2003 3210 vel
2060 3168 2097 3211 a
2145 3153 2371 3212 dextris
2422 3155 2515 3211 vel
2567 3169 2611 3212 a

177 3223 466 3294 sinistris»,
498 3238 625 3281 sive
659 3229 973 3295 utrumque
1000 3221 1289 3279 referatur
1316 3222 1389 3279 ad
1420 3221 1791 3279 differentem
1821 3223 2029 3296 gloriae
2064 3225 2601 3295 participationem,

177 3294 306 3353 sive
339 3308 526 3352 unum
554 3293 844 3351 referatur
870 3293 942 3351 ad
973 3293 1224 3367 gloriam
1256 3298 1315 3350 et
1340 3293 1591 3350 alterum
1622 3292 1909 3350 reseratur
1935 3293 2006 3351 ad
2056 3308 2319 3366 poenam.
2365 3297 2608 3367 Oportet

176 3364 364 3438 igitur
387 3370 454 3422 ut
478 3363 638 3422 verbi
665 3364 954 3436 propositi
985 3378 1204 3421 sensus
1237 3377 1312 3420 ex
1333 3362 1665 3434 praemissis
1695 3370 1985 3422 sumatur.
2018 3367 2399 3424 Praemittitur
2438 3380 2611 3423 nam·

172 3451 294 3563 que
321 3436 565 3508 matth„
596 3448 698 3505 XX,
728 3440 798 3493 20
826 3440 974 3492 etse
1022 3434 1060 3506 .)
1091 3433 1476 3514 quod-mater
1525 3433 1788 3492 filiorum
1836 3434 2099 3493 Zebedaei
2147 3441 2483 3495 accesserat
2531 3436 2611 3495 ad

207 3516 405 3575 esum,
436 3509 644 3578 petens
676 3510 740 3563 ut
765 3518 922 3563 unus
951 3503 990 3562 fi
1022 3506 1208 3562 'orum
1232 3518 1361 3576 eJus
1390 3503 1623 3562 sederet
1646 3504 1720 3562 ad
1750 3504 2046 3563 dexteram
2078 3506 2209 3578 ejus
2251 3514 2313 3564 et
2346 3508 2503 3567 alius
2531 3507 2605 3566 ad

174 3577 517 3646 sinistram3
549 3582 605 3634 et
633 3577 708 3634 ad
736 3577 850 3636 boc
870 3576 1186 3648 petendum
1215 3580 1377 3632 mota
1401 3574 1707 3633 videbatur
1728 3591 1803 3633 ex
1829 3576 2085 3649 quadam
2113 3578 2330 3636 fiducia
2364 3578 2606 3650 propin·

176 3647 428 3720 quitatis
457 3647 716 3705 carnalis
789 3662 922 3704 uam
953 3646 1206 3704 babebat
1243 3645 1316 3703 ad
1345 3645 1653 3703 hominem
1674 3646 1992 3704 Christum.
2021 3650 2313 3707 Dominus
2331 3663 2475 3722 ergo
2495 3662 2613 3707 sua

175 3718 580 3788 responsione
612 3732 736 3775 non
805 3718 909 3775 ixit
933 3717 1094 3790 quod
1122 3717 1193 3775 ad
1220 3716 1350 3789 ejus
1380 3721 1736 3787 potestatem
1763 3731 1884 3775 non
1914 3719 2236 3790 pertineret
2272 3720 2413 3777 dare
2445 3719 2607 3792 quod

173 3789 510 3859 petebatur,
543 3788 648 3846 sed
719 3787 837 3846 uod
865 3787 937 3845 ad
964 3802 1101 3847 eum
1131 3801 1252 3845 non
1320 3788 1611 3845 ertinebat
1634 3788 1757 3845 illis
1786 3789 1926 3846 dare
1952 3802 2063 3862 pro
2093 3789 2312 3862 quibus
2354 3790 2606 3863 rogaba-

174 3867 297 3917 tur.
330 3862 461 3916 Non
492 3858 648 3915 enim
677 3804 823 3916 dixit
854 3877 867 3915 :
896 3858 1109 3916 Sedere
1133 3858 1205 3916 ad
1293 3863 1553 3938 exteram
1604 3872 1797 3916 meam
1840 3859 1931 3915 vel
1992 3859 2298 3918 sinistram
2345 3874 2467 3917 non
2516 3865 2610 3919 est

173 3944 382 3986 meum
413 3929 553 3986 dare
582 3930 793 3997 alicui;
834 3930 979 4002 quin
1008 3930 1208 4000 potius
1239 3928 1500 3986 ostendit
1527 3929 1687 4000 quod
1744 3943 1922 3987 suum
1972 3935 2100 3988 erat
2142 3930 2259 3989 hoc
2300 3930 2442 3988 dare
2488 3931 2608 3991 illis

173 4000 402 4072 quibus
433 4006 559 4057 erat
586 4004 852 4072 paratum
883 4015 918 4057 a
948 4003 1116 4056 Patre
1146 4012 1286 4057 suo,
1312 4001 1442 4056 Non
1475 4000 1632 4056 enim
1661 4000 1775 4057 hoc
1802 4000 1939 4057 dare
1974 4002 2048 4058 ad
2098 4016 2234 4059 eum
2280 4002 2609 4083 pertinebat

177 4070 514 4129 secundum
537 4071 696 4143 quod
727 4077 849 4128 erat
875 4069 1038 4127 filius
1062 4069 1346 4143 Virginis,
1379 4070 1485 4126 sed
1515 4071 1844 4128 secuudum
1871 4071 2031 4143 quod
2072 4078 2198 4130 erat
2244 4073 2426 4130 Filius
2475 4075 2606 4143 Dei;

174 4147 237 4198 et
261 4139 398 4198 ideo
425 4154 546 4198 non
576 4149 701 4198 erat
727 4154 899 4199 suum
932 4141 1047 4198 hoc
1077 4140 1216 4199 dare
1240 4140 1562 4213 aliquibus,
1588 4146 1827 4222 propter
1854 4142 1970 4199 hoc
1998 4142 2157 4214 quod
2186 4143 2259 4201 ad
2298 4158 2436 4201 eum
2478 4159 2609 4216 per-

174 4211 409 4268 tinebat
437 4212 765 4269 secundum
797 4210 956 4284 quod
998 4216 1124 4268 erat
1171 4210 1333 4268 filius
1388 4210 1486 4267 Vir
1532 4210 1664 4280 ‘nts,
1722 4212 2053 4269 secundum
2104 4227 2214 4284 pro
2259 4215 2609 4287 inquitatem

177 4282 508 4352 carnalem,
536 4282 642 4339 sed
668 4288 911 4363 propter
941 4280 1054 4339 boc
1083 4282 1412 4353 pertinebat
1440 4295 1475 4338 a
1544 4296 1682 4339 eum
1717 4282 2045 4340 secundum
2076 4298 2195 4355 quo
2266 4289 2393 4342 erat
2426 4286 2607 4343 Filius

177 4352 315 4420 Dei,
343 4353 564 4425 quibus
594 4353 820 4412 scilicet
845 4357 1120 4424 paratum
1147 4357 1337 4410 erata
1362 4354 1530 4410 Patre
1561 4367 1665 4423 per
1692 4353 2275 4423 praedestinationem
2304 4362 2606 4413 aeternam.

178 4421 296 4479 Sed
326 4422 487 4502 quod
535 4423 711 4481 etiam
739 4424 866 4482 baec
935 4424 1246 4494 raeparatio
1275 4423 1350 4480 ad
1392 4428 1746 4494 potestatem
1801 4422 1933 4480 Filii
1991 4423 2097 4482 Dei
2139 4426 2450 4497 pertineat,
2480 4425 2608 4495 ipse

181 4493 481 4551 Dominus
506 4493 843 4565 confitetur,
915 4495 1081 4553 icens
1113 4512 1127 4551 ε
1154 4496 1222 4551 In
1248 4492 1404 4553 domo
1422 4495 1611 4551 Patris
1633 4496 1741 4552 mei
1769 4496 2081 4554 mansiones
2118 4497 2305 4554 muita
2344 4499 2511 4562 mu
2558 4495 2613 4548 si
