3076 5025
1060 291 1191 347 Lm.
1229 290 1328 356 111,
1369 289 1522 345 mr.
1563 288 1760 344 cxxii.
2517 298 2620 373 427
2678 305 2683 310 ·

267 420 352 474 Ex
395 428 515 487 quo
552 419 712 486 patet
753 413 914 487 quod
942 417 1152 471 contra
1185 413 1412 470 bonum
1442 413 1706 470 hominis
1735 418 1826 470 est
1854 413 2055 472 omnis
2084 414 2333 473 emissio
2362 419 2615 477 seminis

192 487 303 546 tali
333 485 513 545 modo
547 483 707 558 quod
732 483 1038 557 generatio
1059 484 1228 557 sequi
1257 498 1379 541 non
1405 484 1627 555 possit3
1654 487 1735 546 et,
1753 483 1806 541 si
1828 498 1903 541 ex
1919 486 2228 557 proposito
2246 486 2360 543 hoc
2381 494 2615 568 agatur,
2676 493 2685 498 ·

195 561 434 631 oportet
466 571 602 614 esse
671 561 959 635 eccatumr
992 555 1137 612 Dico
1178 561 1371 635 autem
1405 554 1649 635 modum
1679 569 1753 611 ex
1779 568 1898 635 quo
1929 557 2235 627 generatio
2274 570 2443 631 sequi
2497 573 2623 616 non

191 634 396 703 potest
426 641 609 685 secun
657 640 756 684 um
786 640 875 694 se,
906 630 1063 683 sicut
1090 638 1290 683 omnis
1321 638 1569 682 emissio
1600 626 1849 683 seminis
1880 626 2011 684 sine
2041 628 2295 686 naturali
2328 631 2618 686 commix-

194 700 364 758 tione
394 698 577 755 maris
606 704 668 755 et
693 697 929 754 feminae
961 714 975 753 :
1003 702 1242 777 propter
1263 695 1421 769 quod
1453 695 1796 776 hujusmodi
1829 703 2070 777 peccata
2092 706 2301 757 contra
2344 705 2623 758 naturam

197 771 501 829 dicuntur.
527 770 589 825 Si
635 773 833 826 antem
872 781 976 838 per
1003 767 1283 824 accidens
1314 772 1621 839 generatio
1674 781 1746 824 ex
1794 768 2122 827 emissione
2163 770 2415 828 seminis
2446 771 2621 844 sequi

195 854 326 901 non
374 839 592 911 possit,
629 852 750 896 non
781 843 1018 910 propter
1067 837 1182 894 hoc
1224 842 1315 894 est
1341 842 1551 894 contra
1600 843 1896 908 naturam,
1943 852 2053 898 nec
2107 847 2437 913 peccatum,
2465 841 2624 900 sicut

197 912 253 971 si
283 911 594 982 contingat
623 909 933 966 mulierem
964 908 1229 966 sterilem
1258 920 1416 965 esse.

269 981 555 1040 Similiter
604 980 785 1038 etiam
830 984 1064 1050 oportet
1110 983 1317 1037 contra
1362 978 1589 1037 bonum
1630 978 1897 1039 hominis
1921 994 2076 1052 esse,
2108 982 2163 1040 si
2193 997 2398 1042 semen
2426 982 2628 1042 taliter

200 1052 509 1111 emittatur
545 1051 706 1132 quod
736 1050 1043 1123 generatio
1071 1049 1242 1122 sequi
1273 1049 1490 1122 possit,
1517 1048 1624 1129 sed
1647 1051 2013 1109 conveniens
2042 1053 2318 1112 educatio
2344 1055 2628 1125 impedia-

197 1127 319 1182 tur.
351 1124 453 1180 Est
497 1135 658 1179 euim
703 1120 1204 1179 considerandum
1235 1119 1395 1192 quod
1424 1120 1487 1176 in
1511 1121 1876 1180 animalibus
1899 1122 1960 1179 in
1990 1124 2211 1195 quibus
2240 1124 2375 1182 sola
2403 1125 2633 1183 femina

202 1191 429 1254 sufficit
470 1192 546 1250 ad
590 1191 778 1264 prolis
839 1191 1275 1259 educationem,
1307 1204 1437 1247 mas
1466 1195 1524 1248 et
1552 1191 1775 1248 femina
1799 1198 1937 1263 post
1963 1194 2186 1252 coitum
2241 1195 2408 1253 nullo
2466 1200 2645 1253 tem-¹

199 1277 350 1346 pore
378 1267 779 1332 commanent,
812 1261 969 1320 sicut
996 1268 1157 1333 patet
1179 1261 1240 1318 in
1271 1260 1547 1319 canibus.
1575 1262 1973 1336 Quaecumque
2004 1278 2141 1323 vero
2172 1265 2458 1324 animalia
2485 1271 2633 1324 sunt

203 1348 273 1394 in
341 1333 520 1393 uibus
549 1334 776 1391 femina
800 1346 923 1390 non
952 1331 1172 1391 sufficit
1217 1331 1292 1389 ad
1338 1331 1754 1390 educationem
1798 1334 2009 1404 prolis,
2039 1349 2167 1394 mas
2212 1342 2271 1393 et
2296 1336 2521 1395 semina
2552 1336 2631 1394 si-

203 1419 312 1463 mu
366 1409 501 1476 post
523 1404 746 1462 coitum
776 1407 1178 1472 commanent,
1206 1415 1520 1475 quousque
1547 1404 1957 1461 necessarium
1972 1405 2064 1463 es't
2093 1405 2167 1463 ad
2196 1406 2382 1478 prolis
2411 1407 2629 1466 educa-

206 1474 505 1535 cationem
531 1481 587 1531 et
607 1475 1084 1542 instructionem,
1118 1474 1272 1530 sicut
1299 1477 1457 1544 patet
1485 1474 1550 1529 in
1569 1473 1929 1554 quibusdam
1950 1476 2180 1545 avibus,
2206 1492 2456 1549 quarum
2479 1477 2631 1549 pulli

207 1559 336 1606 non
351 1546 553 1604 statim
569 1551 886 1617 postquam
912 1544 1033 1602 nati
1060 1544 1599 1616 suntpossuntsibi
1616 1545 1816 1603 cibum
1845 1561 2289 1618 quaererezcum
2322 1549 2481 1605 enim
2500 1548 2630 1606 avis

205 1630 336 1675 non
365 1616 587 1674 nutriat
614 1616 765 1674 lacte
789 1614 1010 1687 pullos,
1041 1614 1200 1696 quod
1229 1616 1290 1671 in
1321 1620 1598 1686 promptu
1622 1620 1713 1673 est
1738 1615 1898 1673 velut
1919 1631 1956 1675 a
1980 1623 2191 1676 natura
2211 1628 2633 1699 praeparatum,

206 1687 369 1746 sicut
396 1687 460 1744 in
490 1686 973 1760 quadrupedibus
1003 1685 1237 1755 accidit,
1270 1685 1375 1744 sed
1420 1691 1690 1757 oporteat
1730 1687 1891 1760 quod
1916 1688 2117 1746 cibum
2146 1689 2409 1747 alienum
2445 1689 2632 1761 pullis

251 1763 457 1826 uaerat,
487 1763 548 1814 et
575 1764 815 1829 propter
858 1757 974 1815 hoc
1004 1758 1066 1813 in
1096 1756 1351 1814 cibando
1383 1771 1487 1814 eos
1518 1757 1734 1824 foveat,
1769 1771 1893 1815 non
1920 1758 2222 1821 mfficeret
2250 1760 2323 1817 ad
2355 1760 2469 1818 hoc
2500 1759 2637 1819 sola

203 1774 472 1889 gemella.
492 1828 656 1886 Unde
683 1842 757 1885 ex
780 1826 982 1885 divina
1007 1827 1378 1898 providentia
1407 1832 1496 1884 est
1517 1827 1864 1885 naturaliter
1882 1829 2132 1886 inditum
2159 1830 2309 1886 mari
2328 1831 2390 1887 in
2409 1829 2634 1889 talibus

207 1898 576 1959 animalibus
627 1904 690 1957 ut
732 1903 1108 1956 commaneat
1145 1898 1396 1956 femellae
1441 1898 1517 1955 ad
1560 1899 1972 1956 educationem
2002 1901 2217 1970 foetus;
2250 1901 2634 1958 manifestum

209 1976 305 2030 est
331 1974 533 2028 autem
562 1969 721 2041 quod
751 1969 813 2026 in
843 1968 1042 2041 specie
1073 1969 1334 2026 bumana
1377 1968 1601 2026 femina
1620 1969 1865 2026 minime
1884 1969 2184 2027 sufficeret
2205 1971 2336 2028 sola
2356 1971 2428 2028 ad
2447 1971 2635 2042 prolis

208 2041 650 2109 educationem,
672 2054 809 2097 cum
833 2038 1164 2097 necessitas
1194 2040 1469 2097 humanae
1499 2040 1630 2097 vitae
1660 2040 1848 2097 multa
1870 2041 2150 2113 requirat,
2169 2055 2301 2114 quae
2326 2056 2429 2113 per
2449 2054 2636 2099 unum

211 2112 412 2170 solum
443 2111 638 2182 parari
670 2123 794 2168 non
821 2115 1095 2181 possunt.
1129 2113 1229 2167 Est
1249 2111 1433 2183 igitur
1458 2110 1827 2168 couveniens
1853 2111 2182 2170 seeundum
2211 2119 2483 2170 naturam
2524 2112 2636 2169 hu·

207 2196 453 2241 manain
486 2188 551 2239 ut
582 2182 762 2239 homo
795 2186 930 2252 post
957 2181 1179 2239 coitum
1209 2181 1446 2239 mulieri
1474 2186 1869 2250 commaneat,
1911 2186 1968 2238 et
2013 2195 2131 2239 non
2186 2183 2387 2240 statim
2430 2182 2637 2241 absce-

211 2254 334 2382 3at,
361 2251 771 2311 indifferenter
795 2251 869 2310 ad
897 2265 1336 2325 quamcumque
1363 2252 1675 2315 accedens,
1698 2251 1857 2310 sicut
1883 2252 2042 2324 apud
2069 2252 2462 2312 fornicatores
2490 2253 2643 2312 acci-

253 2325 320 2381 it.

284 2398 420 2453 Non
444 2399 644 2452 autem
690 2392 831 2451 huic
875 2392 1094 2452 rationi
1121 2392 1318 2451 obstat
1346 2393 1507 2464 quod
1532 2392 1735 2464 aliqua
1762 2392 1978 2450 mulier
2010 2393 2143 2452 suis
2171 2394 2397 2453 divitiis
2425 2401 2643 2466 potens

213 2473 308 2525 est
334 2470 400 2523 ut
435 2464 567 2523 sola
595 2464 822 2522 nutriat
843 2464 1074 2532 fretum,
1099 2464 1240 2536 quia
1262 2464 1554 2521 rectitudo
1577 2463 1867 2521 naturalis
1888 2463 1949 2528 in
1967 2464 2249 2523 humanis
2265 2466 2498 2523 actibus
2516 2478 2640 2523 non

213 2544 310 2596 est
347 2536 682 2595 secundum
720 2550 791 2592 ea
813 2549 946 2606 quae
972 2549 1080 2606 per
1105 2533 1385 2592 accidens
1416 2535 1775 2604 contingunt
1800 2534 1864 2591 in
1894 2549 2016 2592 uno
2042 2536 2371 2604 individuO,
2404 2536 2511 2593 sed
2541 2549 2638 2594 se-

211 2607 482 2668 cuudum
503 2621 575 2664 ea
602 2620 735 2680 quae
762 2611 944 2662 totam
972 2606 1231 2676 speeiem
1263 2611 1733 2676 consequuntur.

287 2681 518 2736 Rursus
563 2675 1068 2734 considerandum
1106 2682 1220 2742 est,
1250 2674 1408 2747 quod
1441 2675 1503 2731 in
1535 2674 1733 2746 specie
1763 2674 2003 2745 hmaua,
2035 2677 2235 2747 proles
2264 2691 2386 2735 non
2410 2676 2644 2750 indiget

215 2749 352 2808 sola
395 2748 723 2806 nutritione
751 2751 1040 2820 quantum
1069 2745 1145 2802 ad
1175 2758 1393 2815 corpus
1420 2751 1486 2802 ut
1514 2746 1579 2802 in
1604 2746 1988 2813 animalibuS,
2038 2746 2144 2803 sed
2173 2748 2350 2804 etiam
2381 2748 2641 2806 instruc·

213 2820 383 2878 tione
418 2823 710 2891 quantum
750 2817 828 2874 ad
868 2817 1129 2873 animam
1160 2834 1175 2873 ε
1207 2830 1347 2873 nam
1395 2816 1511 2873 alia
1550 2815 1837 2873 animalia
1886 2817 2234 2874 naturaliter
2259 2817 2475 2875 habent
2498 2832 2647 2878 suas

212 2889 589 2964 prudentias,
637 2887 857 2961 quibus
899 2886 1016 2944 sibi
1059 2886 1369 2958 providere
1398 2885 1663 2957 possint;
1712 2887 1894 2944 homo
1944 2893 2141 2944 autem
2201 2889 2432 2945 ratione
2476 2889 2642 2958 vivit,

217 2976 299 3035 qu
425 2973 530 3031 per
553 2958 718 3032 longi
749 2966 867 3016 tem
911 2958 1036 3015 oris
1057 2958 1524 3028 experimentum
1547 2957 1619 3013 ad
1636 2956 2025 3037 ,prudentiam
2047 2960 2351 3028 pervenire
2379 2966 2640 3030 oportet:

215 3046 304 3090 un
348 3046 382 3088 e
402 3043 651 3088 necesse
680 3034 860 3087 estut
922 3028 1009 3085 ltii
1040 3043 1078 3086 a
1102 3027 1450 3100 parentibus
1476 3041 1647 3099 quasi
1673 3040 1797 3098 Jam
1826 3028 2084 3099 expertis
2111 3029 2503 3100 instruantur,
2536 3044 2649 3089 nec

217 3102 404 3173 hujus
430 3100 849 3159 instructionis
905 3104 1050 3157 sunt
1092 3111 1511 3179 capaces-mox
1537 3097 1747 3170 geniti,
1777 3098 1884 3179 sed
1912 3104 2051 3170 post
2091 3099 2339 3171 longum
2385 3107 2651 3173 tempus,

220 3178 284 3231 et
313 3171 606 3244 praecipue
627 3184 766 3229 cum
794 3169 867 3229 ad
894 3182 1090 3235 annos
1119 3168 1500 3225 discretionis
1527 3170 2023 3239 pervener-inum
2048 3170 2200 3228 hanc
2220 3172 2410 3228 etiam*
2430 3172 2651 3230 instru-

221 3243 481 3302 ctionem
510 3243 755 3314 longum
786 3246 1026 3321 tempus
1052 3239 1374 3313 requiritur
1395 3257 1412 3309 ;
1431 3244 1489 3295 et
1507 3244 1652 3297 tunc
1679 3239 1857 3319 etiam
1879 3246 2118 3312 propter
2133 3242 2392 3312 impetus
2416 3242 2649 3314 passio·

219 3326 368 3371 num
397 3312 614 3385 quibus
638 3316 1038 3382 corrumpitur
1063 3310 1384 3368 aestimatio
1425 3309 1754 3381 prudentiae
1789 3310 2017 3383 indiget
2040 3325 2161 3369 non
2178 3313 2374 3370 solum
2396 3313 2657 3371 instruc-

219 3383 519 3452 tione,sed
530 3384 708 3440 etiam
727 3381 1210 3453 repressionem
1228 3382 1552 3439 bocautem
1565 3381 1782 3438 mulier
1792 3381 1925 3439 sola
1943 3394 2064 3439 non
2078 3382 2322 3453 sufficit,
2336 3383 2441 3441 sed
2454 3383 2653 3457 magis

219 3455 286 3513 in
317 3454 430 3515 hoc
449 3453 771 3526 requiritur
797 3466 951 3523 opus
971 3453 1176 3521 maris,
1203 3453 1265 3509 iu
1297 3466 1417 3525 quo
1445 3457 1536 3510 est
1582 3458 1640 3509 et
1678 3452 1828 3509 ratio
1876 3453 2192 3523 perfectior
2235 3455 2308 3512 ad
2349 3454 2651 3512 instruen-

220 3526 366 3585 dum
388 3531 447 3582 et
467 3524 656 3582 virtus
685 3524 985 3595 potentior
1013 3523 1087 3581 ad
1117 3522 1557 3595 castigandum.
1583 3524 1825 3594 Oportet
1852 3522 2035 3595 igitur
2064 3524 2127 3580 in
2154 3525 2353 3596 speeie
2384 3525 2653 3583 humana

220 3608 348 3654 non
375 3608 619 3667 parvum
654 3599 891 3666 tempus
920 3594 1197 3652 insistere
1228 3593 1594 3664 promotioni
1623 3592 2016 3672 prolis-sicut
2054 3595 2117 3651 in
2146 3596 2377 3666 avibuS,
2408 3597 2513 3655 sed
2544 3609 2650 3669 per

219 3679 510 3738 magnum
532 3665 790 3736 spatium
816 3666 976 3723 vitae.
998 3664 1184 3735 Unde,
1208 3678 1341 3721 cum
1366 3663 1772 3721 necessarium
1798 3668 1878 3720 sit
1897 3679 2119 3723 marem
2136 3666 2373 3725 femina}
2392 3681 2650 3725 comma-

219 3752 363 3794 nere
390 3737 453 3794 in
482 3736 765 3795 omnibus
786 3734 1149 3792 animalibus
1178 3748 1491 3815 quousque
1522 3748 1675 3806 opus
1704 3734 1891 3804 patris
1917 3738 2325 3795 necessarium
2350 3743 2442 3795 est
2471 3739 2646 3810 proli,

219 3808 493 3865 naturale
523 3812 615 3864 est
643 3806 875 3864 bomini
911 3805 1072 3886 quod
1102 3819 1224 3862 uon
1254 3805 1559 3886 modicum
1599 3809 1861 3877 tempus,
1887 3806 1992 3864 sed
2025 3807 2364 3865 diuturnam
2392 3810 2653 3866 societa-

217 3884 340 3936 tem
364 3877 684 3939 habeatvir
712 3876 787 3934 ad
816 3876 1267 3934 determinatam
1291 3875 1622 3933 mulierem.
1657 3878 1818 3934 Hanc
1848 3883 2045 3934 autem
2076 3879 2424 3937 societatem
2454 3879 2655 3936 matri-

218 3949 491 4008 monium
523 3961 830 4006 vocamuS.
860 3950 961 4005 Est
1010 3947 1194 4019 igitur
1223 3947 1667 4004 matrimonium
1718 3947 1950 4005 homini
1980 3950 2269 4019 naturate,
2302 3956 2361 4006 et
2390 3950 2650 4007 fornica-

218 4021 351 4079 rius
380 4020 597 4087 coitus,
628 4017 730 4090 qui
759 4022 850 4076 est
898 4021 1112 4099 praeter
1152 4017 1621 4087 matrimonium,
1649 4023 1743 4075 est
1768 4024 1977 4077 contra
2008 4019 2274 4077 hominis
2298 4017 2524 4078 bouum
2552 4036 2566 4073 ε
2597 4022 2658 4076 et

217 4096 465 4164 propter
496 4089 611 4146 hoc
638 4094 874 4159 oportet
895 4103 1095 4160 ipsum
1119 4104 1254 4148 esse
1283 4095 1611 4160 peccatum.

296 4164 416 4218 Nec
447 4165 644 4216 tamen
673 4164 905 4229 oportet
932 4161 1188 4230 reputari
1224 4161 1347 4217 leve
1389 4167 1693 4231 peccatum
1726 4174 1890 4230 esse,
1914 4159 1967 4218 si
1994 4159 2130 4232 quis
2178 4161 2431 4219 seminis
2479 4159 2657 4219 emis-

219 4233 464 4294 a'onem
512 4234 791 4302 procuret
817 4235 1029 4354 praeter
1066 4231 1328 4288 debitum
1359 4232 1769 4304 generationis
1796 4238 1857 4288 et
1882 4230 2255 4310 educationis
2284 4232 2483 4300 finem,
2516 4242 2653 4301 pro·

217 4310 354 4376 pter
383 4301 500 4360 hoc
522 4299 681 4373 quod
707 4305 810 4356 aut
860 4314 985 4363 eve,
1016 4308 1117 4359 aut
1145 4303 1376 4359 nullum
1407 4307 1713 4373 peccatum
1744 4307 1836 4358 est
1863 4300 1915 4358 si
1946 4313 2085 4372 quis
2112 4301 2313 4373 aliqua
2338 4303 2432 4359 sui
2448 4309 2650 4368 corpo·

221 4376 310 4433 ris
361 4378 529 4446 parte
581 4374 780 4428 utatur
834 4369 912 4428 ad
955 4370 1138 4429 alium
1194 4385 1368 4429 usum
1460 4387 1594 4429 uam
1650 4371 1726 4430 ad
1767 4383 1903 4428 eum
1947 4370 2022 4428 ad
2049 4385 2224 4443 quem
2256 4373 2341 4429 sit
2365 4371 2643 4439 ordinata-

224 4445 559 4504 secundum
610 4446 914 4515 naturam,
949 4445 1018 4503 ut
1042 4443 1095 4502 si
1124 4445 1282 4517 quiS,
1329 4458 1431 4502 ver
1470 4443 1490 4501 i
1520 4442 1735 4517 gratia,
1763 4438 2047 4502 manibus
2073 4442 2336 4502 ambulet
2364 4444 2465 4498 aut
2489 4432 2651 4506 pedi-
