3076 5025
396 325 501 381 618
896 373 901 377 .
1201 396 1210 403 .
1261 321 1395 375 LIB.
1437 320 1524 388 IV,
1571 320 1722 376 CAP.
1767 317 1980 374 LXXIX.

1329 568 1582 633 CAPUT
1630 568 1891 633 LXXIX..

701 760 853 811 QUOD
889 753 1003 804 PER
1036 758 1329 804 cmm
1358 755 1755 802 assumunt)
1794 754 2104 800 conpotum
2139 754 2231 799 SIT
2266 753 2521 799 runnu.

471 931 624 1000 Quia
650 943 791 988 vero
822 942 1004 999 supra
1030 933 1342 987 ostensum
1384 932 1476 986 est
1517 925 1678 1009 quod
1706 940 1810 999 per
1839 924 2132 984 Christum
2156 924 2620 1005 liberatisumus
2640 923 2722 982 ab
2745 922 2840 984 his

394 1016 527 1076 quae
555 1015 660 1072 per
698 1005 1003 1071 peccatum
1035 999 1210 1071 primi
1239 998 1501 1056 hominis
1528 997 1914 1066 incurrimuS‚
1943 1000 2223 1068 peccante
2267 1000 2465 1076 autem
2500 1007 2698 1065 primo
2726 994 2837 1052 bo·

397 1072 583 1139 mine,
614 1083 735 1127 non
762 1070 955 1128 solum
983 1070 1048 1127 in
1078 1084 1190 1128 nos
1268 1073 1536 1127 eccatum
1573 1068 1901 1125 derivatum
1950 1071 2061 1134 est,
2094 1065 2201 1124 sed
2246 1071 2425 1124 etiam
2471 1079 2662 1135 morS,
2707 1080 2839 1138 quae

395 1145 488 1200 est
527 1155 705 1212 poena
732 1140 980 1212 peccati,
1019 1154 1205 1199 secun
1256 1154 1352 1199 um
1412 1138 1560 1201 illud
1593 1138 1882 1209 Apostoli,
1917 1136 1993 1195 ad
2021 1138 2215 1205 Rom„
2244 1148 2308 1205 V,
2344 1140 2415 1193 12
2451 1151 2466 1190 :
2516 1137 2621 1192 Per
2666 1151 2840 1192 unam

397 1214 666 1270 hominem
703 1215 986 1282 peccatum
1029 1212 1091 1266 in
1136 1212 1278 1267 hunc
1309 1211 1573 1265 mundum
1614 1210 1863 1271 intravit,
1909 1211 1960 1264 et
1982 1222 2087 1278 per
2131 1212 2413 1278 peccatum
2437 1219 2840 1287 mors-„neces-

399 1283 627 1341 sarium
655 1287 746 1338 est
771 1282 929 1353 quod
952 1295 1058 1352 per
1084 1280 1381 1339 Christum
1411 1280 1482 1337 ab
1511 1284 1763 1351 utroque
1790 1278 2133 1345 liberemur,
2154 1281 2213 1334 et
2234 1292 2272 1336 a
2298 1277 2473 1348 culpa
2496 1276 2749 1347 scilicet,
2772 1283 2839 1335 et

395 1368 432 1412 a
457 1359 667 1410 morte.
702 1352 861 1409 Unde
891 1356 949 1409 et
975 1351 1192 1409 ibidem
1224 1351 1364 1409 dicit
1393 1351 1713 1420 Apostolus
1747 1368 1760 1406 :
1792 1350 1855 1406 Si
1876 1351 2017 1404 enim
2038 1350 2204 1405 unius
2251 1347 2443 1403 delicto
2468 1363 2615 1403 mors
2642 1363 2840 1418 reona-

391 1425 478 1479 vit
510 1439 611 1494 per
647 1438 834 1485 unum,
874 1422 1042 1478 multo
1077 1425 1254 1491 maqis
1285 1423 1605 1492 accipientes
1645 1420 2041 1475 abundantiam
2082 1418 2391 1474 donationis
2418 1422 2470 1474 et
2487 1418 2747 1498 justitiae,
2773 1421 2841 1475 in

391 1496 513 1549 vita
552 1493 857 1561 reonabunt
897 1508 994 1562 per
1032 1508 1202 1548 unum
1225 1494 1405 1551 Jesum
1453 1492 1747 1548 Christum.
1793 1492 1863 1547 Ut
1897 1490 1916 1546 i
1964 1490 2081 1547 itur
2121 1494 2439 1560 utrumque
2468 1488 2651 1546 nobis
2679 1501 2740 1545 in
2764 1502 2837 1569 se

394 1564 531 1636 ipso
575 1563 1029 1632 demonstraret,
1074 1570 1132 1620 et
1177 1562 1331 1620 mori
1393 1564 1456 1618 et
1496 1574 1810 1633 resurgere
1863 1573 1933 1617 vo
1964 1560 2066 1617 uit.
2127 1559 2275 1617 Mori
2325 1558 2564 1632 quidem
2623 1559 2832 1631 voluit,

289 1689 297 1697 ,
393 1639 463 1693 ut
493 1646 609 1690 nos
643 1647 678 1689 a
713 1637 954 1704 peccato
985 1638 1298 1706 purgaret:
1335 1632 1493 1689 unde
1541 1631 1862 1703 Apostolus
1901 1629 2059 1698 dicit,
2089 1629 2163 1687 ad
2203 1628 2371 1698 Heb„
2408 1642 2490 1697 ix,
2541 1634 2611 1686 27
2644 1646 2657 1683 :
2704 1629 2838 1697 Que-

393 1704 744 1761 madmodum
792 1707 1052 1759 statutum
1108 1707 1187 1758 est
1242 1703 1548 1758 hominibus
1612 1703 1769 1757 semel
1829 1703 1992 1757 mori.
2015 1742 2061 1758 ..
2126 1703 2207 1756 sic
2259 1704 2311 1755 et
2365 1700 2612 1758 Christus
2676 1701 2840 1756 semel

393 1775 606 1830 oblatus
631 1778 710 1829 est
738 1773 812 1828 ad
830 1775 1120 1830 multorum
1142 1773 1520 1828 exhaurienda
1540 1778 1780 1841 peccata.
1810 1774 2139 1843 Resurgere
2166 1774 2363 1828 autem
2385 1769 2593 1833 voluit,
2628 1774 2695 1826 ut
2720 1783 2835 1829 nos

395 1858 434 1902 a
469 1851 659 1901 morte
700 1843 979 1901 liberaret
1011 1858 1024 1896 :
1068 1844 1222 1901 unde
1266 1844 1610 1914 Apostolus,
1643 1845 1660 1899 1
1696 1845 1853 1909 Cor„
1899 1854 2000 1908 XV,
2035 1844 2145 1898 20:
2193 1841 2437 1898 chr-istus
2471 1844 2775 1897 resurrexit
2799 1857 2839 1897 a

394 1916 627 1969 mortuis
652 1916 919 1985 primitiae
948 1914 1329 1969 dormientium
1360 1930 1377 1964 .·
1444 1916 1663 1969 uoniam
1691 1912 1906 1982 quidem
1926 1911 2317 1992 per-hominem
2342 1926 2506 1973 mors,
2538 1917 2593 1967 et
2612 1927 2718 1981 per
2738 1913 2836 1967 lio-

392 1986 593 2039 minem
628 1986 948 2040 resurrectio
976 1989 1328 2041 mortuorwn.
1359 1986 1402 2041 Ε
1451 1989 1643 2041 ectum
1674 1983 1856 2055 igitur
1873 1986 2085 2040 mortis
2110 1981 2321 2040 Christi
2344 1982 2405 2037 in
2436 1983 2837 2041 sacramentis

400 2053 834 2123 consequimur
882 2060 1168 2125 quantum
1214 2053 1287 2111 ad
1336 2054 1756 2111 remissionem
1802 2052 2039 2124 culpae:
2086 2050 2309 2109 dictum
2339 2058 2430 2109 est
2456 2054 2621 2110 enim
2650 2066 2721 2112 su
2766 2066 2836 2111 ra

394 2122 551 2195 (cap.
599 2122 688 2192 56)
722 2122 880 2195 quod
933 2128 1306 2180 sacramenta
1348 2123 1406 2180 in
1438 2123 1649 2179 virtute
1680 2123 1980 2194 passionis
2030 2121 2241 2180 Christi
2268 2128 2630 2193 operantum
2662 2138 2697 2181 e
2742 2137 2835 2181 ec·

396 2198 524 2250 tum
541 2198 738 2249 autem
766 2193 1225 2251 resurrectionis
1252 2192 1792 2265 Christi,quantum
1815 2192 1890 2250 ad
1912 2192 2321 2251 liberationem
2346 2208 2382 2250 a
2399 2201 2616 2263 morte,
2635 2193 2699 2251 in
2710 2192 2833 2251 line

397 2263 604 2321 saeculi
623 2275 1081 2335 consequemur,
1104 2263 1343 2337 quando
1367 2277 1579 2320 omnes
1605 2263 2219 2334 perchristivirtutem
2235 2277 2653 2335 resurgemus:
2671 2264 2829 2322 unde

397 2333 545 2393 dicit
574 2333 920 2403 Apostolus,
948 2335 1148 2402 ICor.,
1176 2345 1280 2401 xv,
1305 2338 1370 2391 ¹2
1392 2352 1405 2390 :
1431 2333 2099 2405 SiGhristuspraedicatur
2126 2333 2270 2404 quod
2296 2338 2601 2390 resurrexit
2628 2351 2667 2390 a
2690 2350 2831 2392 mor-

393 2405 546 2471 tuis3
579 2402 840 2474 quomodo
891 2402 1114 2473 quidam
1156 2403 1346 2460 dicunt
1379 2420 1446 2458 ecc
1483 2406 1635 2460 vobis
1716 2406 1937 2460 uoniam
1971 2406 2289 2460 resurrectio
2333 2409 2672 2462 mortuorum
2715 2421 2829 2462 non

393 2477 490 2539 est,
515 2489 685 2544 neque
706 2473 951 2531 Christus
975 2476 1325 2530 resurrexit?
1351 2475 1413 2532 Si
1440 2478 1620 2531 autem
1640 2476 1679 2534 G
1716 2477 1883 2532 riscus
1903 2489 2010 2531 non
2028 2475 2347 2546 resurrexit,
2369 2478 2555 2532 inanis
2585 2481 2667 2533 est
2686 2491 2829 2549 prae-

393 2545 595 2601 dicatio
625 2549 832 2607 nostra,
869 2547 1056 2600 inanis
1085 2549 1166 2601 est
1191 2550 1241 2601 et
1266 2545 1398 2616 fides
1438 2551 1637 2602 vestra.
1676 2549 1777 2604 Est
1806 2546 1987 2619 igitur
2022 2545 2094 2603 de
2133 2546 2489 2604 necessitate
2526 2546 2669 2605 fidei
2697 2561 2825 2605 cre-

391 2615 531 2672 dere
560 2614 1058 2673 resurrectionem
1086 2619 1456 2673 mortuorum
1490 2617 1770 2674 futuram.

465 2684 715 2756 Quidam
740 2699 880 2743 vero
911 2685 1025 2742 boc
1054 2700 1327 2757 perverse
1347 2686 1768 2760 intelligentes,
1796 2688 2291 2745 resurrectionem
2320 2700 2641 2758 corporum
2672 2688 2829 2748 futu-

392 2769 517 2813 ram
564 2769 685 2812 non
733 2756 1020 2825 credunt;
1075 2756 1180 2814 sed
1227 2757 1386 2829 quod
1435 2757 1506 2814 de
1553 2758 1990 2815 resurrectione
2019 2757 2238 2831 legitur
2265 2757 2326 2814 in
2373 2757 2499 2815 Scri
2538 2759 2694 2816 turis
2746 2759 2829 2817 ad

393 2825 761 2897 spiritualem
812 2826 1304 2885 resurrectionem
1355 2827 1572 2884 referre
1620 2833 1934 2898 conantur,
1979 2826 2311 2886 secundum
2356 2841 2479 2901 quo
2573 2828 2758 2903 aliqui
2789 2842 2828 2887 a

390 2902 581 2977 morte
611 2897 835 2966 peccati
864 2909 1034 2954 resur
1078 2902 1185 2954 unt
1210 2911 1318 2969 per
1342 2898 1615 2970 gratiam.

463 2967 569 3022 Hic
588 2972 786 3022 autem
811 2980 975 3023 error
1004 2981 1037 3023 a
1107 2967 1238 3037 ipso
1268 2969 1551 3038 Apostolo
1568 2968 1946 3040 reprobatur;
1980 2968 2124 3026 dicit
2151 2968 2333 3039 enim,
2364 2972 2417 3028 11
2434 2970 2616 3040 Tim.,’
2638 2984 2705 3041 11,
2723 2976 2819 3030 lo:

388 3038 640 3105 Profana
668 3041 720 3091 et
743 3038 1065 3107 vaniloquia
1087 3037 1307 3105 devitem
1334 3040 1565 3094 multum
1592 3042 1733 3094 enim
1758 3042 2055 3110 proficiunt
2087 3040 2162 3096 ad
2190 3042 2538 3111 impietatem,
2570 3047 2623 3097 et
2646 3057 2825 3098 sermo

389 3121 572 3162 eorum
599 3110 661 3161 ut
688 3121 879 3162 cancer
901 3110 1075 3178 serpit
1093 3126 1111 3161 .-
1141 3124 1209 3163 ea·
1237 3109 1433 3178 quibus
1454 3114 1530 3164 est
1557 3111 1875 3178 Hymenaeus
1912 3113 1963 3165 et
1983 3109 2245 3173 Philetus,
2277 3114 2412 3182 quia
2437 3114 2669 3168 veritate
2694 3112 2826 3183 fidei

390 3177 730 3246 exciderunt,
761 3177 997 3234 dicentes
1024 3182 1463 3234 resurrectionem
1482 3180 1605 3249 jam
1631 3178 1841 3247 tactam
1868 3195 1979 3236 esse
2005 3199 2024 3235 ε
2053 3181 2214 3254 quod
2243 3194 2366 3238 non
2389 3186 2622 3251 poterat
2645 3182 2821 3240 intel·

389 3246 493 3319 ligi
525 3246 642 3303 nisi
667 3245 740 3304 de
769 3249 1202 3305 resurrectione
1230 3249 1546 3319 spirituali.
1578 3253 1675 3308 Est
1696 3264 1836 3323 ergo
1858 3254 2065 3308 contra
2088 3251 2398 3309 veritatem
2426 3250 2567 3310 fidei
2596 3265 2823 3330 ponere

388 3317 891 3375 resurrectionem
921 3332 951 3375 s
993 3318 1291 3377 iritualem
1319 3323 1377 3376 et
1409 3334 1627 3400 negare
1656 3321 2047 3392 corporalem.

455 3388 743 3468 Praeterea,
784 3332 1169 3446 manifiistum
1205 3395 1298 3447 est
1333 3404 1404 3472 ex
1447 3390 1545 3449 his
1588 3406 1718 3463 quae
1746 3391 2074 3473 Apostolus
2112 3392 2427 3450 Corinthiis
2470 3393 2615 3451 dicit
2660 3394 2824 3468 quod

385 3469 699 3528 praemissa
745 3458 927 3516 verba
953 3458 1025 3515 de
1062 3467 1498 3519 resurrectione
1528 3462 1824 3533 corporali
1869 3467 2012 3519 sunt
2057 3463 2480 3534 intelligenda3
2512 3477 2655 3522 nam
2682 3471 2823 3538 post

386 3540 582 3598 pauca
610 3527 810 3586 subdit
836 3546 850 3585 :
878 3529 1192 3586 seminatur
1214 3546 1408 3601 corpus
1437 3534 1692 3597 animale,
1720 3537 1905 3603 surget
1924 3547 1982 3588 co
2054 3548 2116 3588 us
2141 3535 2465 3604 spirituale,·
2498 3535 2602 3592 ubi
2630 3536 2821 3594 mani-

387 3598 537 3655 feste
569 3611 674 3655 cor
716 3600 839 3657 oris
872 3601 1368 3659 resurrectionem
1406 3604 1641 3676 tangit;
1672 3606 1731 3660 et
1765 3608 2001 3674 postmo
2046 3617 2145 3662 uin
2191 3603 2422 3662 subdit:
2452 3605 2678 3676 Oportet
2709 3622 2824 3663 cor-

384 3668 644 3738 ruptibile
677 3613 777 3724 goe
813 3669 1046 3752 induere·
1083 3673 1560 3752 incorruptionem,
1606 3678 1656 3730 et
1689 3674 1915 3730 mortale
1958 3674 2055 3730 hoc
2082 3674 2307 3730 induere
2331 3677 2817 3734 immortalitatem.

387 3738 509 3794 Hoc
546 3744 745 3866 auttem
788 3740 1172 3813 corruptibile
1216 3747 1273 3798 et
1305 3744 1555 3801 mortale
1596 3749 1689 3802 est
1723 3757 1961 3817 corpus.
2008 3745 2234 3819 Corpus
2272 3745 2455 3818 igitur
2511 3751 2608 3805 est
2657 3744 2820 3821 quod

373 3821 632 3880 resurge
665 3853 677 3864 .

431 3880 670 3958 Adhuc,
707 3880 1017 3946 Dominus,
1046 3882 1283 3945 loann..
1334 3896 1399 3954 V,
1443 3889 1534 3953 25,
1585 3889 1896 3959 utramque
1942 3887 2438 3946 resurrectionem
2480 3888 2817 3961 promittit3

386 3945 527 4004 dicit
556 3952 709 4006 enim
746 3966 760 4003 ε
792 3953 987 4015 Amen,
1021 3965 1176 4008 amen
1217 3954 1337 4010 dico
1375 3956 1547 4025 vobis,
1580 3958 1712 4026 quia
1750 3959 1899 4013 venit
1945 3957 2096 4022 hora,
2147 3962 2197 4014 et
2249 3974 2393 4015 nunc
2439 3963 2538 4028 est,
2600 3960 2820 4033 quando

379 4023 583 4074 mortui
609 4021 833 4102 audient
858 4037 1045 4104 vocem·
1062 4024 1194 4079 Filii
1217 4027 1336 4094 Dei,
1364 4030 1415 4080 et
1434 4029 1532 4106 qui
1559 4027 1855 4092 audierint,
1884 4030 2086 4093 vivent,
2115 4029 2275 4101 quod
2304 4030 2378 4086 ad
2416 4032 2819 4090 resurrectio·

383 4100 522 4143 nem
548 4092 919 4169 spiritualem
949 4106 1277 4152 animarum
1308 4099 1601 4166 pertinere
1621 4097 1862 4169 Videter,
1881 4111 2012 4171 quae
2030 4098 2315 4170 tuncjam
2342 4099 2470 4158 fieri
2495 4100 2821 4173 incipiebat

384 4155 526 4213 dum
556 4160 740 4241 aliqui
768 4177 872 4233 per
895 4161 1070 4244 fidem
1118 4164 1348 4245 Qbristo
1392 4167 1809 4235 adbaerebant;
1859 4168 1965 4226 sed
2010 4170 2392 4240 postmodum
2438 4173 2817 4242 corporalem

381 4237 880 4288 resurrectionem
908 4240 1199 4303 exprimit,
1231 4235 1437 4294 dicens
1467 4252 1482 4289 ε
1512 4240 1673 4293 Venit
1691 4239 1827 4294 hora
1848 4241 2037 4310 inqua
2054 4256 2230 4297 omnes
2251 4243 2348 4311 qui
2369 4243 2429 4296 in
2456 4246 2818 4299 monumentis

382 4302 512 4352 sunt
535 4298 760 4378 audient
781 4317 958 4358 vocem
984 4305 1117 4359 Filii
1142 4308 1261 4360 Dei.
1293 4307 1672 4366 Manifestum
1702 4315 1793 4365 est
1835 4310 1994 4366 enim
2035 4310 2194 4382 quod
2238 4311 2450 4368 animae
2494 4312 2554 4367 in
2602 4326 2815 4370 monu-

380 4373 599 4425 mentis
625 4382 746 4425 non
778 4378 937 4452 sunt,
970 4374 1074 4431 sed
1099 4388 1369 4446 corpora.
1399 4378 1738 4436 praedicitur
1760 4393 1903 4452 ergo
1940 4379 2037 4437 hic
2067 4394 2384 4452 corporum
2428 4384 2810 4440 resurrectio.

453 4439 739 4510 Expressa
769 4446 945 4499 etiam
972 4453 1289 4516 corporum
1327 4451 1684 4507 resurrectio
1710 4450 2138 4522 praenuntiatur
2155 4465 2191 4513 a
2215 4451 2325 4511 Job
2349 4471 2363 4525 ;
2388 4451 2605 4513 dicitur
2630 4452 2812 4527 enim,
