3076 5025
1169 307 1304 365 Lm.
1344 308 1446 378 111,
1484 308 1641 366 CAP.
1676 308 1741 366 X.
2569 308 2688 365 m

1272 498 1527 591 CAPUT
1551 527 1633 591 x.

981 696 1135 752 otton
1162 697 1356 745 CAUSA
1378 697 1527 744 ml
1553 698 1664 745 1³:3⁸1·
1705 697 1928 745 Bom-

308 857 385 913 ΕΣ
405 852 734 927 praemissis
762 856 962 913 autem
1000 842 1283 912 concludi
1316 856 1516 923 potest
1544 851 1706 926 quod
1748 853 1979 912 malum
2014 865 2139 911 non
2172 858 2458 913 causatur
2482 852 2607 914 nisi
2642 868 2686 913 a

260 926 541 1054 boStioe'nim
567 993 826 1067 aliqu'us
861 993 1006 1052 mali
1053 997 1146 1052 est
1172 1006 1360 1051 causa
1408 992 1638 1053 malum
1667 991 1916 1066 (malum
1970 999 2193 1062 autem,
2237 1000 2303 1053 ut
2337 995 2668 1068 probatum

248 1071 337 1146 est
353 1064 423 1137 (c.
451 1066 525 1147 9),
557 1077 685 1123 non
711 1066 836 1146 agit
862 1065 984 1123 nisi
1010 1064 1226 1122 virtute
1253 1064 1441 1137 boni),
1475 1070 1709 1137 oportet
1754 1064 1955 1136 ipsum
1982 1064 2212 1123 honum
2241 1079 2376 1124 esse
2411 1080 2670 1125 causam

262 1137 856 1275 prffilffixffmuffgln‘on
883 1210 996 1275 est,
1026 1206 1256 1267 nullius
1289 1210 1383 1265 est
1410 1219 1616 1264 causa.
1648 1204 1900 1264 Omnem
1930 1204 2117 1277 igitur
2142 1219 2391 1264 causam
2425 1211 2670 1278 oportet

249 1290 367 1336 esse
392 1278 603 1335 ensai
653 1277 795 1335 uod.
843 1277 1060 1337 Malum
1106 1284 1305 1336 autem
1335 1290 1461 1334 non
1507 1283 1603 1335 est
1631 1290 1740 1335 ens
1785 1275 2051 1350 aliquod,
2082 1281 2152 1334 ut
2194 1277 2521 1348 probatum
2581 1282 2680 1337 εει

250 1348 313 1419 (c.
338 1354 368 1405 7
392 1354 450 1406 et
474 1348 549 1420 9).
639 1348 804 1406 alum
841 1348 1028 1419 igitur
1074 1361 1198 1405 nou
1228 1354 1425 1419 potest
1454 1360 1591 1405 esse
1640 1346 1898 1419 alicujus
1944 1360 2149 1406 causa.
2188 1349 2432 1420 Oportet
2463 1347 2679 1421 igitur,

248 1417 388 1476 siah
415 1418 617 1491 aliquo
654 1424 943 1476 causatur
972 1418 1220 1483 malurn,
1250 1418 1405 1491 quod
1439 1418 1591 1476 illud
1618 1418 1964 1476 sitbouum.
2610 1444 2616 1450 ·

306 1490 449 1554 Item,
480 1488 780 1570 quidquid
811 1495 905 1547 est
932 1489 1173 1561 proprie
1222 1497 1278 1546 et
1307 1504 1410 1559 per
1452 1502 1518 1547 se
1561 1487 1819 1561 alicujus
1848 1501 2035 1547 causa
2060 1486 2253 1546 tendit
2275 1487 2338 1544 in
2364 1487 2682 1560 proprium

250 1557 540 1623 effectum:
571 1560 625 1618 si
660 1559 848 1633 igitur
891 1560 1119 1618 malum
1168 1568 1326 1617 esset
1357 1573 1462 1632 per
1506 1574 1574 1617 se
1605 1559 1859 1632 aliquus
1905 1573 2109 1629 causa,
2138 1558 2410 1617 tenderet
2449 1561 2516 1619 in
2541 1574 2690 1632 pro-

259 1630 435 1701 prium
466 1629 778 1693 effectum,
811 1631 1044 1688 scilicet
1087 1631 1331 1689 malum.
1379 1632 1500 1688 [loc
1548 1635 1745 1688 autem
1778 1636 1868 1688 est
1898 1630 2322 1700 falsum3nam
2365 1637 2688 1689 ostensum

251 1707 329 1759 εει
355 1701 425 1772 (c.
455 1705 508 1771 3)
533 1700 700 1774 quod
727 1714 911 1759 omne
943 1716 975 1758 a
1022 1714 1131 1759 ens
1170 1700 1429 1759 intendit
1455 1700 1705 1760 honum.
1735 1701 1952 1759 Malum
1982 1700 2169 1773 igitur
2195 1714 2302 1771 per
2330 1714 2396 1759 εε
2436 1715 2561 1760 non
2589 1706 2689 1759 est

252 1785 417 1830 causa
443 1771 732 1845 aliqu'uS,
763 1771 870 1830 sed
905 1785 975 1829 so
1006 1786 1102 1829 um
1129 1786 1235 1843 per
1259 1770 1563 1831 accidens,
1588 1772 1798 1830 Omnis
1825 1777 2022 1829 autem
2054 1785 2241 1830 causa
2261 1785 2369 1843 per
2398 1770 2689 1832 accidens

258 1841 543 1901 reducitur
593 1843 673 1901 ad
721 1856 966 1901 causam
1015 1855 1121 1914 per
1149 1856 1235 1900 se.
1283 1842 1486 1901 Solum
1528 1847 1728 1901 autem
1774 1842 2003 1901 bonum
2046 1848 2247 1915 potest
2302 1856 2438 1901 εεεε
2467 1856 2578 1916 ρει·
2613 1856 2690 1900 sc

253 1926 438 1971 causa.
476 1913 700 1972 nalum
731 1912 916 1985 igitur
946 1919 1260 1971 causatum
1294 1919 1449 1971 esta
1474 1912 1661 1971 hono,

309 1985 588 2049 Praeterea,
622 1985 828 2043 omnis
857 1997 1044 2041 causa
1070 1984 1164 2041 vel
1193 1990 1283 2042 est
1325 1983 1597 2052 materia,
1625 1983 1720 2042 vel
1760 1984 1973 2054 forma,
2007 1983 2100 2041 vel
2149 1997 2357 2057 agens,
2383 1984 2475 2042 vel
2513 1982 2684 2042 finis.

255 2053 448 2112 Malum
470 2061 674 2113 autem
718 2067 842 2112 non
889 2060 1089 2124 potest
1139 2068 1275 2112 esse
1306 2067 1500 2126 neque
1530 2055 1801 2119 materia,
1852 2068 2049 2127 neque
2091 2055 2329 2123 sorma;
2363 2061 2688 2114 ostensum

256 2130 333 2181 εει
377 2125 533 2182 enim
573 2139 761 2196 supra
790 2124 864 2197 (c.
891 2132 924 2182 7
958 2132 1017 2182 et
1044 2125 1098 2197 9)
1131 2124 1291 2198 quod
1318 2131 1440 2183 tam
1487 2139 1598 2183 ens
1636 2130 1773 2183 actu
1818 2139 1997 2198 quarn
2029 2139 2137 2183 ens
2178 2126 2244 2183 in
2289 2126 2562 2197 potentia
2587 2130 2688 2181 est

256 2193 477 2254 honum.
494 2196 788 2255 Similiter
811 2208 934 2253 non
958 2202 1154 2267 potest
1181 2210 1316 2254 esse
1344 2209 1555 2267 agens,
1579 2209 1765 2269 quum
1797 2196 2270 2269 unumquodque
2301 2203 2439 2269 agat
2468 2209 2688 2255 secun·

256 2264 380 2323 dum
417 2267 579 2339 quod
606 2273 704 2325 est
744 2272 878 2324 actu
933 2274 992 2323 et
1046 2266 1298 2324 formam
1357 2266 1557 2324 habet.
1611 2269 1814 2339 Neque
1847 2268 2027 2324 etiam
2077 2273 2275 2336 ροιεει
2329 2280 2468 2326 εεεε
2511 2265 2684 2332 finis,

254 2349 420 2406 quum
447 2339 528 2395 sit
552 2342 771 2410 praeter
802 2337 1218 2404 intentionem,
1262 2343 1330 2394 ιιι
1362 2337 1679 2407 probatum
1710 2342 1803 2393 est
1829 2337 1904 2408 (c.
1934 2336 2012 2407 4).
2059 2338 2280 2394 Malum
2315 2338 2503 2409 igitur
2552 2349 2682 2393 non

257 2412 588 2486 potestesse
623 2406 881 2478 alicujus
911 2422 1111 2468 causa.
1160 2407 1218 2465 Si
1255 2407 1441 2481 igitur
1481 2405 1712 2480 aliquid
1741 2406 1821 2464 sit
1848 2420 2034 2465 causa
2065 2406 2210 2464 mali
2245 2412 2484 2478 oportet
2516 2404 2684 2480 quod

258 2483 325 2533 ειι
350 2490 384 2536 a
405 2477 563 2539 bono
592 2485 934 2538 causatum.

322 2550 505 2616 Quum
535 2558 738 2608 autem
766 2549 994 2607 honum
1045 2556 1105 2606 ει
1140 2547 1365 2606 malum
1395 2548 1519 2607 sint
1559 2547 1859 2629 opposita,
1901 2561 2091 2628 unum
2139 2555 2339 2607 autem
2370 2562 2407 2607 o
2450 2549 2684 2631 posito-

260 2632 375 2675 rum
424 2635 545 2678 non
573 2626 939 2693 potestesse
995 2633 1181 2677 causa
1230 2618 1479 2676 alterius
1538 2618 1658 2676 nisi
1691 2632 1796 2688 per
1849 2617 2156 2684 accidens,
2192 2619 2345 2676 sicut
2418 2619 2686 2691 rigidum

260 2688 528 2761 calefacit,
555 2698 623 2750 ut
652 2690 872 2749 dicitur
900 2690 960 2747 in
1001 2695 1210 2746 octavo
1246 2689 1605 2756 physicorum
1649 2687 1812 2760 (text.
1844 2701 2065 2745 comm.
2098 2687 2175 2760 8),
2207 2689 2479 2762 sequitur
2516 2688 2686 2763 quod

260 2756 461 2818 honum
490 2775 615 2820 non
636 2762 833 2833 possit
858 2773 993 2817 esse
1023 2772 1209 2817 causa
1237 2759 1431 2816 activa
1460 2758 1601 2818 mali
1630 2758 1751 2816 nisi
1782 2772 1888 2830 ρει·
1918 2758 2219 2816 accidens,

325 2831 436 2889 Hoc
464 2839 664 2961 autctzrm
710 2831 992 2892 accidens
1036 2830 1101 2888 iu
1142 2829 1516 2888 naturalibus
1563 2834 1762 2901 potest
1804 2841 1940 2887 esse
1970 2833 2030 2887 et
2056 2843 2130 2887 ex
2159 2836 2325 2901 parte
2355 2829 2596 2904 agentis
2620 2835 2688 2888 et

260 2911 325 2958 ex
384 2909 504 2960 arte
529 2918 560 2961 e
612 2908 806 2961 ectus,

323 2914 397 3028 El}
421 2980 582 3044 parte
613 2973 859 3054 quidem
906 2971 1162 3046 agentis,
1208 2970 1370 3029 sicut
1410 2984 1596 3043 quum
1644 2983 1833 3042 agens
1859 2969 2085 3042 patitur
2110 2970 2409 3030 defectum
2438 2969 2687 3029 virtutis

264 3052 326 3097 ex
347 3055 458 3114 quo
486 3049 764 3117 sequitur
834 3043 951 3101 uod
996 3043 1152 3100 actio
1187 3042 1269 3100 sit
1302 3041 1595 3099 defectiva
1620 3047 1680 3098 ει
1707 3040 1959 3099 effectus
2006 3039 2294 3100 deficiens
2323 3059 2337 3110 ;
2378 3048 2462 3106 ιιι,
2491 3055 2688 3123 quum

264 3110 430 3171 virtus
477 3114 729 3173 membri
828 3114 1114 3185 igerentis
1162 3119 1255 3171 est
1302 3112 1538 3181 debilis,
1566 3111 1839 3183 sequitur
1892 3112 2240 3184 imperfecta
2295 3113 2569 3171 decoctio
2622 3116 2690 3170 et

266 3179 458 3260 {tumor
482 3185 843 3259 indigestus,
877 3199 1007 3257 quae
1034 3189 1176 3241 sunt
1203 3183 1475 3256 quaedam
1504 3183 1666 3240 mala
1694 3190 1941 3240 naturae.
1970 3183 2200 3241 Accidit
2227 3188 2426 3241 autem
2451 3182 2686 3255 agenti,

266 3262 321 3307 m
351 3262 631 3325 quantum
658 3262 752 3313 est
795 3270 831 3313 a
874 3268 1005 3323 ene,
1051 3252 1212 3327 quod
1253 3249 1551 3312 defectum
1594 3252 1835 3310 virtutis
1879 3253 2176 3325 patiatur;
2208 3266 2332 3312 non
2363 3253 2525 3311 enim
2555 3268 2590 3311 a
2638 3253 2690 3308 ‘t

264 3327 570 3401 secundum
612 3324 775 3399 quod
862 3324 1021 3405 esscit
1066 3326 1123 3382 ei
1148 3324 1361 3404 yirtus,
1407 3314 1515 3381 sed
1559 3323 1890 3406 secundum
1943 3323 2105 3396 quod
2134 3323 2315 3382 habet
2343 3323 2572 3405 aliquid
2592 3267 2682 3381 {le

267 3399 497 3465 virtute;
532 3396 779 3456 sienim
826 3401 1069 3466 penitus
1113 3400 1328 3452 virtute
1376 3400 1626 3465 careret,
1674 3407 1923 3452 omuino
1955 3407 2079 3452 non
2113 3399 2336 3466 ageret.
2359 3397 2454 3452 Sic
2493 3401 2688 3467 igitur

270 3463 467 3524 malum
492 3474 777 3526 causatur
800 3479 907 3538 per
961 3464 1241 3524 accidens
1291 3470 1553 3535 exparte
1604 3465 1862 3534 agentis,
1892 3465 1957 3522 in
2001 3472 2291 3537 quantum
2347 3459 2536 3537 agetis
2584 3469 2686 3522 est

268 3529 574 3596 deficientis
594 3536 872 3605 virtutis;
902 3543 1143 3607 propter
1165 3534 1327 3609 quod
1356 3535 1575 3593 dicitur
1603 3535 1764 3607 quod
1795 3535 2021 3593 malum
2057 3548 2182 3592 non
2220 3534 2399 3594 habet
2426 3549 2678 3594 causam

270 3601 623 3684 efficientem,
650 3606 758 3666 sed
787 3606 1180 3674 deficientem,
1225 3606 1369 3686 quia
1394 3605 1622 3663 malum
1650 3618 1774 3663 non
1830 3618 1896 3668 se
1944 3607 2105 3663 uitur
2149 3620 2223 3663 ex
2250 3620 2436 3664 causa
2459 3613 2681 3679 agente

273 3683 375 3752 nist
395 3691 455 3735 ιιι
504 3684 794 3752 quantum
824 3684 917 3735 est
963 3677 1296 3735 deficientis
1329 3676 1587 3745 virtutiS,
1636 3681 1696 3733 ει
1727 3690 1913 3735 secun
1960 3690 2059 3734 um
2110 3676 2227 3734 hoc
2254 3689 2379 3735 ιιοιι
2408 3682 2501 3735 εει
2547 3674 2682 3735 effl-

272 3754 435 3804 ειειιε.
465 3751 530 3807 ln
558 3749 719 3807 idem
765 3755 964 3806 autem
1005 3747 1158 3806 redit
1195 3747 1248 3805 si
1289 3746 1559 3805 defectus
1607 3746 1864 3804 actionis
1893 3753 1952 3805 et
1981 3745 2230 3805 effectus
2261 3746 2576 3819 proveniat
2600 3761 2683 3804 ex

274 3809 482 3876 defectu
519 3819 908 3878 instrumenti
954 3818 1046 3875 vel
1098 3817 1531 3889 cujuscumque
1561 3817 1808 3875 alterius
1852 3817 2013 3890 quod
2039 3817 2362 3890 requiritur
2384 3817 2458 3876 ad
2486 3818 2680 3876 actio-

274 3893 393 3965 nem
417 3891 667 3961 agentiS‚
695 3890 854 3949 sicut
877 3902 1065 3961 quum
1112 3889 1304 3948 virtus
1331 3889 1556 3946 motiva
1600 3887 1877 3959 producit
1905 3887 2401 3946 claudicationem
2432 3895 2684 3961 propter

280 3952 420 4015 tibiae
438 3962 782 4019 curvitatem
810 3977 825 4028 ;
853 3967 1106 4031 utroque
1136 3959 1296 4016 enim
1326 3972 1515 4031 agens
1546 3958 1689 4031 agit,
1725 3965 1785 4016 et
1809 3958 2026 4016 virtute
2050 3963 2110 4016 ει
2141 3958 2566 4019 instrumento.

338 4026 411 4084 Ex
435 4038 593 4100 parte
622 4043 765 4089 vero
796 4029 1070 4100 effectuS,
1101 4029 1324 4088 malum
1355 4044 1428 4087 ex
1469 4028 1633 4088 bono
1675 4035 1958 4087 causatur
1983 4043 2091 4101 per
2116 4029 2418 4099 accidens,
2449 4037 2578 4090 tum
2601 4043 2680 4088 ex

278 4102 420 4172 parte
441 4101 701 4160 materiae
752 4099 1023 4169 effectus,
1053 4106 1182 4158 tum
1214 4113 1287 4158 ex
1332 4104 1498 4172 parte
1545 4099 1741 4170 ipsius
1768 4101 1994 4158 sormae.
2024 4100 2083 4158 Si
2114 4101 2274 4159 enim
2319 4101 2570 4160 materia
2595 4102 2686 4158 sit

281 4164 607 4249 indisposita
634 4171 708 4231 ad
732 4170 1136 4252 recipiendam
1166 4170 1634 4241 impressionem
1676 4170 1934 4242 agentiS,
1974 4182 2222 4229 necesse
2252 4179 2344 4231 εει
2377 4172 2680 4230 desectum

284 4243 431 4319 Sequi
458 4241 517 4299 in
540 4241 792 4312 effectu3
822 4247 979 4301 sicut
1004 4254 1190 4314 quum
1218 4241 1595 4299 monstruosi
1621 4246 1829 4312 partus
1870 4247 2202 4315 sequuntur
2229 4250 2470 4314 propter
2493 4248 2684 4299 mate»
2751 4268 2764 4283 ›

280 4313 368 4362 rue
390 4310 867 4384 indigestionem.
923 4314 1044 4370 Nec
1082 4312 1198 4370 hoc
1238 4311 1566 4383 imputatur
1591 4310 1668 4369 ad
1695 4310 1958 4382 aliquem
2006 4311 2302 4373 defectum
2328 4312 2590 4385 agentis,
2618 4310 2676 4369 si

283 4380 558 4455 materiam
592 4382 1016 4455 indispositam
1046 4395 1170 4440 non
1216 4385 1582 4439 transmutat
1607 4379 1683 4461 ad
1721 4387 1920 4441 actum
1951 4383 2314 4455 perfectum3
2348 4381 2682 4453 unicuique

278 4451 422 4508 enim
462 4455 657 4528 agenti
716 4453 976 4514 naturali
1031 4457 1125 4513 est
1174 4452 1368 4511 virtus
1421 4451 1819 4513 determinata
1864 4455 2197 4514 secundum
2254 4452 2498 4511 modum
2545 4463 2683 4509 suae

772 4701 803 4726 N.
