3076 5025
434 343 503 399 92
1275 330 1409 387 Lm.
1450 330 1496 396 1,
1536 327 1689 384 CAP.
1732 323 2040 404 Lxxxvin.

436 475 570 535 quae
600 462 742 517 sunt
772 459 1013 529 propter
1036 452 1256 513 melius
1301 450 1514 523 ipsius.
1536 446 1870 521 Aliquando
1904 445 2088 519 igitur
2112 443 2266 502 ratio
2295 441 2518 522 divinae·
2535 439 2873 500 voluntatis

438 530 706 590 eontinet
732 526 926 587 solam
955 525 1308 590 decentiam,
1339 519 1662 593 aliquando
1707 517 2042 598 utilitatem,
2073 514 2395 588 aliquando
2444 518 2624 569 etiam
2657 525 2876 570 neees-

438 602 699 663 sitatem.
732 612 864 672 quae
910 601 1003 655 est
1028 611 1100 653 ex
1152 591 1605 666 suppositione:
1637 592 2055 646 necessitatem
2098 599 2240 645 vero
2270 583 2609 644 absolutam
2664 582 2873 642 solum

439 685 577 733 cum
606 670 733 728 vult
759 668 1050 741 seipsum.
1085 665 1128 739 (1
1154 671 1326 738 part„
1358 677 1416 735 q.
1447 674 1576 725 xlx,
1603 664 1714 718 art.
1743 659 1819 730 5.)

1324 847 1578 913 CAPUT
1641 845 1980 910 LXXXVII.

811 995 965 1052 ouon
1004 993 1223 1041 ervum
1258 992 1619 1039 votum-Ans
1654 991 1821 1038 unm„
1851 988 2069 1036 ronst·
2103 990 2245 1036 esse
2281 989 2492 1038 causa.

520 1135 803 1208 Quamvis
832 1137 1030 1193 autem
1073 1132 1273 1204 aliqua
1326 1130 1477 1188 ratio
1532 1129 1748 1186 divinae
1791 1128 2115 1210 yoluntatis
2159 1128 2455 1203 assignari
2507 1129 2726 1201 possit,
2751 1144 2880 1190 non

448 1214 647 1269 tamen
694 1206 965 1279 sequitur
1008 1202 1167 1275 quod
1211 1200 1533 1259 voluntatis
1585 1200 1713 1272 ejus
1746 1206 1839 1281 ‚sit
1886 1199 2086 1272 aliqua
2130 1214 2333 1258 eausa.
2363 1201 2660 1259 Voluntati
2712 1203 2882 1261 enim

451 1293 637 1340 eausa
660 1275 894 1335 volendi
928 1280 1021 1333 est
1048 1273 1226 1341 ssnis3
1258 1272 1396 1328 fluis
1448 1275 1643 1328 autem
1702 1271 1915 1328 divinae
1945 1271 2270 1329 voluntatis
2324 1278 2416 1330 est
2444 1285 2558 1330 sua
2590 1273 2879 1331 bonitas:

450 1350 584 1423 ipsa
606 1350 897 1422 igiturest
928 1349 1048 1402 Deo
1078 1358 1262 1401 causa
1297 1341 1557 1407 volendi,
1591 1355 1722 1414 quae
1750 1347 1841 1398 est
1869 1341 2045 1398 etiam
2078 1342 2271 1412 ipsum
2305 1356 2480 1399 suum
2512 1343 2684 1400 velle.
2714 1344 2884 1402 Alio·

451 1436 583 1480 rum
616 1425 812 1477 autem
853 1432 889 1474 a
939 1418 1059 1472 Deo
1089 1414 1403 1471 volitorum
1463 1412 1693 1468 nullum
1745 1418 1837 1470 est
1865 1414 1984 1469 Deo
2034 1426 2217 1469 causa
2245 1413 2505 1482 volendi,
2537 1414 2639 1471 sed
2685 1427 2881 1473 unum

453 1504 659 1550 eorum
704 1493 794 1545 est
828 1486 994 1544 alteri
1025 1498 1208 1542 causa
1257 1490 1321 1541 ut
1348 1482 1617 1539 ordinem
1648 1482 1901 1539 babeant
1929 1482 1998 1539 ad
2033 1482 2290 1541 divinam
2323 1483 2667 1552 bonitatem,
2700 1491 2758 1542 et
2787 1485 2887 1545 sic

454 1560 809 1632 intelligitur
834 1559 989 1613 Deus
1008 1560 1246 1626 propter
1275 1566 1458 1610 uuum
1484 1565 1688 1633 eorum
1719 1553 1879 1634 aliud
1909 1553 2079 1611 velle.
2119 1555 2284 1611 Patet
2313 1560 2506 1612 tamen
2539 1555 2694 1628 quod
2745 1569 2883 1615 non

457 1635 691 1702 oportet
742 1627 1078 1686 discursum
1112 1624 1369 1696 aliquem
1400 1636 1707 1693 ponerem
1764 1626 1864 1680 Dei
1910 1624 2231 1682 voluntate.
2262 1627 2404 1682 Nam
2441 1625 2540 1683 ubi
2591 1632 2680 1682 est
2706 1640 2884 1686 unus

457 1708 627 1760 actus
675 1711 796 1756 non
847 1696 1260 1754 consideratur
1301 1694 1635 1761 discursu5‚
1670 1698 1727 1750 ut
1761 1707 1942 1764 supra
1968 1693 2054 1766 (ea
2102 1737 2116 1750 .
2149 1694 2238 1766 57)
2296 1696 2455 1754 circa
2506 1697 2883 1755 intellectum

459 1777 769 1830 ostensum
800 1771 909 1849 est.
942 1769 1100 1848 Deus
1150 1770 1347 1823 autem
1379 1778 1500 1845 uno
1529 1771 1667 1822 actu
1695 1764 1817 1821 vult
1845 1778 2018 1823 suam
2059 1709 2389 1824 Bonitatem
2417 1773 2473 1824 et
2503 1767 2708 1826 omnia
2732 1767 2883 1838 alia,

458 1855 593 1902 cum
627 1854 738 1897 sua
765 1843 923 1896 actio
953 1842 1033 1895 sit
1061 1850 1170 1894 sua
1202 1841 1484 1893 essentia.

530 1914 641 1969 Per
687 1908 968 1981 praedicta
1017 1911 1210 1965 autem
1267 1905 1602 1963 excluditur
1662 1918 1827 1963 error
1879 1906 2270 1979 quorumdam
2306 1907 2629 1965 dicentium
2676 1909 2886 1967 omnia

461 1980 782 2054 procedere
811 1993 844 2036 a
876 1981 995 2037 Deo
1043 1977 1373 2036 seeundum
1416 1976 1745 2047 simplicem
1788 1977 2175 2045 voluntatem,
2202 1984 2263 2035 ut
2291 1978 2364 2035 de
2422 1980 2590 2036 nullo
2613 1985 2890 2050 oporteat

461 2053 754 2110 rationem
781 2049 1044 2118 reddere,
1078 2048 1193 2106 nisi
1224 2048 1365 2128 quia
1395 2049 1552 2104 Deus
1580 2048 1721 2104 vult.
1753 2047 1920 2115 Quod
1947 2048 2122 2128 etiam
2152 2048 2465 2130 Scripturae
2496 2050 2715 2108 divinae
2739 2064 2890 2107 con·

460 2124 760 2189 trenetur,
786 2133 917 2192 quie
975 2121 1153 2176 Deum
1191 2118 1456 2188 perbibet
1503 2116 1831 2175 secundum
1869 2117 2138 2176 ordinem
2168 2121 2475 2189 saplentiae
2527 2134 2653 2179 suae
2680 2121 2891 2178 omnia

464 2192 703 2261 secisse,
759 2189 1088 2249 secundum
1138 2188 1286 2246 illud
1334 2191 1428 2245 Ρε.
1486 2200 1576 2252 111,
1633 2193 1703 2244 24
1734 2206 1745 2244 ε
1774 2189 1970 2245 Omnia
2007 2191 2068 2244 in
2112 2192 2386 2259 sapientia
2433 2193 2648 2259 recise&
2675 2197 2736 2249 et
2789 2193 2892 2249 Ee-

462 2263 585 2324 eii..
637 2275 680 2331 1,
731 2266 819 2331 ¹0,
865 2260 1082 2318 dicitur
1112 2260 1271 2332 quod
1322 2261 1479 2316 Deus
1512 2259 1711 2328 effudit
1753 2262 2081 2328 sapientiam
2116 2275 2278 2331 super
2321 2264 2504 2317 omnia
2552 2277 2722 2334 opera
2763 2277 2888 2320 sna.

464 2333 511 2407 (l
538 2337 714 2406 part„
744 2347 804 2405 q.
831 2343 957 2403 xlx,
988 2335 1098 2390 art.
1130 2334 1194 2398 ὅς
1224 2334 1283 2387 et
1309 2332 1386 2386 De
1410 2332 1592 2393 verit„
1624 2341 1793 2403 q.v1,
1821 2335 1930 2386 art.
1960 2329 2043 2402 2.)

1337 2519 1591 2584 CAPUT
1639 2518 2010 2583 LXXXVIII.

1064 2690 1216 2746 QUOD
1252 2690 1316 2737 m
1349 2690 1467 2737 DEO
1509 2690 1621 2736 1³:8¹1·
1656 2690 1911 2736 multtum
1945 2690 2284 2740 Anmntnm.

539 2833 619 2890 Ex
644 2829 944 2902 praedietis
999 2834 1195 2887 autem
1239 2827 1472 2886 ostendi
1521 2832 1738 2899 potest,
1770 2827 1928 2900 quod
1983 2827 2046 2885 in
2091 2831 2211 2887 Deo
2260 2826 2513 2886 liberum
2574 2828 2893 2890 arbitrium

470 2901 791 2959 invenitur.
817 2904 959 2958 Nam
1004 2901 1252 2957 liberum
1311 2898 1619 2955 arbitrium
1651 2898 1868 2955 dieitur
1907 2905 2173 2970 respectu
2229 2913 2435 2957 eorum
2470 2914 2603 2971 quae
2635 2914 2759 2958 non
2790 2914 2896 2959 ne·

469 2972 750 3029 cessitate
780 2971 916 3042 quis
964 2971 1108 3049 vult,
1142 2968 1247 3026 sed
1263 2969 1515 3095 1propria
1546 2974 1779 3038 sponte.
1812 2969 1974 3026 Unde
2028 2969 2089 3026 in
2123 2968 2296 3027 nobis
2327 2975 2419 3028 est
2459 2971 2707 3029 liberum
2740 2971 2900 3029 arbi·

468 3043 647 3098 trium
682 3045 951 3110 respectu
982 3053 1111 3111 ejus
1139 3052 1258 3111 quo
1328 3039 1605 3095 volumus
1630 3053 1864 3096 currere
1894 3039 1985 3095 vel
2014 3040 2337 3097 ambulare.
2363 3043 2519 3099 Deus
2547 3047 2737 3098 autem
2766 3041 2899 3100 alia

473 3126 511 3169 a
547 3124 612 3168 se
642 3124 761 3168 non
792 3125 864 3166 ex
895 3109 1250 3167 necessitate
1283 3109 1426 3174 vult,
1456 3113 1516 3165 ut
1565 3122 1744 3189 supra
1768 3108 2027 3183 (eap.81)
2066 3117 2378 3169 ostensum
2407 3117 2518 3169 est.
2556 3113 2672 3168 Deo
2700 3110 2896 3183 igitur

472 3179 724 3239 liberum
755 3179 1060 3238 arbitrium
1096 3179 1311 3236 habere
1337 3184 1638 3249 competit.

542 3252 760 3318 Adhuc,
791 3250 1067 3314 voluntas
1096 3249 1298 3305 divina
1324 3248 1384 3306 in
1414 3249 1508 3307 bis
1537 3249 1611 3307 ad
1641 3265 1772 3323 quae
1802 3264 1920 3309 nou
1952 3252 2279 3309 secundum
2304 3257 2573 3310 naturam
2588 3264 2761 3309 suam
2789 3249 2897 3311 de-

473 3323 846 3390 terminatur,
877 3321 1200 3378 inclinatur
1219 3319 1661 3393 quodammodo
1728 3337 1793 3378 er
1820 3336 1993 3380 suum
2027 3322 2496 3391 intellectum,ut
2534 3336 2603 3380 su
2654 3337 2718 3379 ra
2762 3334 2896 3394 cap.

476 3396 877 3474 82)ostensum
916 3397 1008 3449 est
1036 3408 1050 3447 ε
1084 3389 1188 3448 sed
1219 3405 1291 3447 ex
1318 3391 1432 3472 boe
1465 3392 1646 3449 bomo
1670 3336 1889 3474 «ficitur
1930 3406 2052 3473 prae·
2092 3393 2328 3474 caeteris
2357 3393 2600 3474 animali
2652 3406 2723 3450 us
2776 3392 2902 3451 ibe-

472 3477 604 3521 rum
637 3464 942 3521 arbitrium
978 3461 1215 3528 habere,
1248 3475 1388 3532 quia
1422 3462 1492 3519 ad
1526 3465 1841 3520 volendum
1867 3464 2096 3533 judicto
2114 3471 2366 3522 rationis
2398 3465 2745 3533 inclinatur,
2768 3475 2900 3522 nou

474 3533 698 3604 impetu
724 3537 949 3589 naturae
979 3532 1135 3589 sicut
1165 3533 1352 3589 bruta.
1388 3535 1537 3603 Ergo
1574 3535 1634 3590 in
1669 3536 1787 3591 Deo
1817 3540 1905 3591 est
1939 3535 2186 3591 liberum
2220 3533 2551 3592 arbitrium.

543 3606 695 3673 item,
726 3602 1055 3661 secundum
1090 3603 1538 3674 Philosophum,
1563 3604 1623 3660 iu
1648 3605 1819 3661 tertio
1838 3605 1965 3660 Eth.
2000 3603 2150 3676 (cap.
2178 3606 2259 3671 7),
2282 3606 2561 3662 voluntas
2599 3607 2694 3662 est
2721 3601 2897 3673 flni83

475 3673 687 3733 electio
714 3679 931 3739 autem,
963 3686 1169 3731 eorum
1196 3688 1327 3746 quae
1352 3674 1423 3732 ad
1458 3675 1631 3731 tinem
1684 3680 1844 3732 sunt.
1878 3676 2020 3732 Cum
2051 3674 2234 3747 igitur
2257 3678 2412 3733 Deus
2460 3675 2730 3745 seipsum
2773 3680 2902 3733 tan·

475 3758 650 3817 quam
684 3743 859 3800 finem
888 3743 1049 3813 velit,
1075 3745 1192 3802 alia
1221 3758 1360 3802 vero
1389 3745 1546 3803 sicut
1573 3758 1705 3816 quae
1733 3744 1805 3802 ad
1838 3745 2013 3803 finem
2045 3752 2207 3813 sunt,
2240 3746 2529 3818 sequitur,
2566 3744 2731 3817 quod
2768 3757 2901 3804 res·

472 3821 645 3885 pectu
677 3814 771 3871 sui
805 3813 1016 3871 habeat
1044 3816 1404 3874 voluntatem
1436 3821 1687 3884 tantum,
1724 3823 1990 3886 respectu
2009 3822 2206 3873 autem
2227 3817 2481 3875 aliorum
2504 3815 2894 3874 electionem.

464 3884 696 4011 {lectio
717 3889 1177 4011 autemssemper
1206 3899 1311 3957 per
1337 3886 1590 3944 liberum
1622 3885 1931 3944 arbitrium
1959 3885 2045 3943 fit.
2076 3889 2198 3945 Deo
2226 3886 2410 3961 igitur
2436 3887 2693 3945 liberum
2725 3886 2900 3945 arbi·

504 3968 654 4010 rium
689 3968 895 4025 compe
924 3962 989 4013 it.

544 4027 829 4089 Praeti-rea,
865 4026 1043 4084 bomo
1073 4040 1177 4098 per
1205 4026 1319 4084 hoe
1346 4026 1504 4100 quod
1536 4025 1715 4083 habet
1743 4026 1996 4084 liberum
2026 4026 2358 4095 arbitrium,
2389 4027 2609 4086 dicitur
2644 4037 2901 4085 suarum

477 4097 778 4153 actionum
828 4096 1128 4155 dominus,
1175 4097 1296 4154 Hoc
1338 4105 1532 4154 autem
1585 4098 1839 4154 maxime
1891 4098 2171 4168 competit
2219 4098 2408 4169 primo
2458 4097 2684 4170 agenti,
2721 4096 2902 4169 eujus

476 4172 645 4223 actus
675 4167 747 4224 ab
777 4167 897 4226 alio
928 4180 1047 4224 non
1074 4167 1381 4238 dependet.
1417 4170 1547 4249 lpse
1575 4167 1757 4247 igitur
1783 4171 1939 4225 Deus
1969 4168 2218 4225 liberum
2249 4168 2556 4248 arbitrium
2588 4167 2794 4224 babet.

548 4237 670 4293 Hoc
706 4238 882 4294 etiam
937 4252 1009 4296 ex
1053 4238 1187 4309 ipsa
1229 4239 1493 4297 nominis
1535 4245 1763 4295 ratione
1809 4238 2009 4295 baberi
2039 4244 2252 4309 potest.
2306 4241 2450 4296 Nam
2504 4238 2760 4294 liberum
2812 4238 2904 4296 est

477 4307 636 4380 quod
665 4307 759 4364 sui
792 4321 977 4366 causa
1001 4317 1111 4378 est,
1142 4312 1467 4367 secundum
1506 4309 1932 4379 Philosophum
1965 4308 2024 4365 in
2055 4309 2347 4380 principio
2380 4309 2616 4379 Metapli.
2645 4310 2774 4365 Hoc
2800 4320 2908 4366 au·

468 4382 594 4436 -tem
652 4378 800 4435 nulli
849 4379 1041 4451 magis
1081 4380 1380 4449 competit,
1430 4393 1605 4452 quam
1639 4380 1840 4449 priniae
1887 4392 2106 4450 causae,
2146 4394 2278 4451 quae
2308 4381 2465 4436 Deus
2494 4384 2604 4437 est.
2638 4380 2685 4452 (t
2716 4381 2906 4450 part„

474 4461 537 4524 q.
564 4458 693 4521 xlx,
722 4453 833 4507 art.
867 4454 953 4515 ¹0,
984 4452 1042 4507 et
1068 4451 1094 4507 1
1125 4450 1298 4520 sent„
1330 4450 1469 4508 dist.
1499 4454 1590 4519 25,
1617 4457 1678 4507 et
1699 4452 1779 4507 De
1805 4451 1964 4508 vm‘t.
1996 4464 2054 4524 q.
2084 4461 2255 4520 m,
2290 4455 2399 4508 art.
2429 4448 2510 4523 3.)
