3076 5025
1148 334 1280 390 LlB.
1322 335 1394 402 11,
1434 331 1587 390 CAP.
1624 332 1730 389 XC.
2555 331 2655 389 241

235 460 442 519 anima
468 457 752 525 humane,
781 456 836 513 si
865 460 1028 514 esset
1070 454 1408 513 substantia
1446 451 1891 518 intellectualis.
1919 454 2051 511 Non
2081 451 2266 525 igitur
2310 456 2471 510 esset
2496 451 2663 511 diffe-

235 530 434 591 rentia
461 526 789 586 secundum
821 526 1082 597 speciem
1111 526 1269 583 inter
1295 524 1445 584 illud
1475 524 1698 582 animal
1726 528 1785 581 et
1816 523 2144 581 hominem.

304 599 590 659 Similiter
629 603 826 655 autem
863 610 1057 670 neque
1104 597 1340 668 corpori
1388 595 1671 666 simplici,
1700 598 1845 665 puta
1870 593 1992 652 aeri
2038 598 2142 652 aut
2183 607 2353 666 aquae
2394 598 2499 652 aut
2530 593 2658 665 igni

236 677 338 730 ant
362 676 552 738 terrae,
582 667 742 725 uniri
771 671 967 738 potest
994 666 1331 725 substantia
1371 664 1796 723 intellectualis
1842 669 1907 721 ut
1937 664 2147 722 forma.
2181 663 2657 736 Unumquodque

235 742 389 799 enim
435 739 651 796 borum
681 751 998 809 corporum
1044 743 1136 796 est
1163 737 1362 795 simile
1391 737 1454 794 in
1482 742 1609 794 toto
1636 740 1697 793 et
1723 734 1992 806 partibus
2016 751 2032 803 ;
2060 734 2325 806 ejusdem
2358 735 2519 792 enim
2551 747 2657 791 na·

235 819 377 869 turae
406 815 466 865 et
490 808 710 879 speciei
741 814 832 866 est
859 822 999 880 pars
1026 808 1183 866 aeris
1203 813 1263 865 et
1288 811 1452 865 totus
1484 820 1587 864 aer
1609 825 1625 875 ;
1657 804 2172 886 etenim-eumdem
2195 810 2424 863 motum
2444 804 2654 873 habet;

235 890 293 938 et
316 879 596 940 similiter
620 878 691 937 de
734 879 891 937 aliis,
921 878 1229 938 similibus
1254 883 1452 936 autem
1478 875 1812 935 motoribus
1838 875 2070 933 similes
2104 876 2310 933 sormae
2341 876 2649 933 debentur.

234 951 294 1010 Si
322 950 509 1024 igitur
534 949 736 1022 aliqua
759 962 897 1020 pars
927 948 1181 1022 aliquus
1210 948 1504 1007 dictorum
1532 960 1850 1019 corporum
1872 944 1952 1003 sit
1971 947 2233 1004 animata
2261 946 2464 1006 anima
2488 945 2659 1003 intel-

233 1021 495 1090 lectuali,
527 1025 672 1092 puta
701 1020 879 1087 aeris,
905 1024 1067 1078 totus
1111 1033 1212 1077 aer
1252 1024 1311 1077 et
1357 1031 1570 1077 omnes
1598 1023 1797 1089 partes
1824 1016 1954 1088 ejus
1984 1017 2189 1074 eadem
2221 1017 2453 1074 ratione
2482 1021 2659 1074 erunt

231 1091 514 1150 animata.
547 1092 683 1170 Hoc·
705 1095 922 1171 autem·
947 1090 1261 1148 manifeste
1288 1094 1531 1216 apparet
1558 1102 1694 1146 esse
1724 1087 1986 1170 salsum3
2018 1100 2156 1145 nam
2188 1086 2357 1144 nulla
2385 1087 2653 1157 operatio

229 1164 366 1220 vitae
394 1176 468 1232 ap
513 1166 731 1218 aretin
776 1161 1046 1232 partibus
1088 1161 1246 1218 acris
1292 1174 1360 1217 ve
1412 1160 1669 1218 aliorum
1721 1159 2093 1230 simplicium
2149 1170 2493 1228 corporum.
2524 1160 2654 1214 Non

229 1232 417 1313 igitur
441 1245 476 1289 a
502 1230 621 1359 itciui
665 1231 819 1301 parti
861 1232 1019 1289 aeris
1066 1231 1159 1289 vel
1189 1230 1480 1289 similium
1511 1243 1831 1301 corporum
1860 1227 2198 1287 substantia
2225 1228 2653 1286 intellectualis

233 1309 501 1361 unituru
581 1315 767 1360 orma.
959 1310 978 1329 ¹

301 1372 520 1436 Adhuc,
549 1371 603 1429 si
631 1371 810 1430 alicui
840 1371 1206 1444 simplicium
1234 1385 1306 1430 co
1380 1384 1554 1430 orum
1578 1370 1785 1429 unitur
1811 1369 2012 1443 aliqua
2041 1368 2380 1427 substantia
2398 1368 2661 1426 intellec·

231 1443 416 1502 tualis
442 1446 507 1499 ut
537 1443 746 1510 forma,
779 1448 881 1500 aut
911 1442 1150 1501 habebit
1183 1442 1326 1499 intel
1354 1446 1551 1500 ectum
1580 1445 1809 1499 tantum
1840 1446 1943 1498 aut
1974 1440 2215 1498 habebit
2245 1440 2396 1499 alias
2452 1444 2662 1512 poten-

232 1514 373 1583 tias,
407 1517 611 1593 utpote
640 1527 772 1594 quae
799 1513 1098 1583 pertinent
1124 1512 1199 1570 ad
1228 1519 1454 1583 partem
1484 1512 1834 1571 sensitivam
1864 1515 1968 1569 aut
1999 1510 2361 1579 nutritivam,
2386 1511 2545 1568 sicut
2572 1513 2664 1568 est

235 1584 300 1642 in
327 1583 593 1642 bomine.
622 1584 907 1641 Stantem
961 1583 1139 1642 babet
1188 1583 1557 1641 intellectum
1602 1587 1854 1650 tantum,
1886 1582 2109 1639 frustra
2154 1581 2357 1638 unitur
2402 1580 2662 1653 corpori.

234 1655 448 1714 Omnis
476 1653 637 1711 enim
694 1654 888 1712 forma
914 1653 1184 1726 corporis
1219 1653 1396 1711 habet
1439 1653 1702 1726 aliquam
1744 1652 2042 1724 propriam
2100 1652 2506 1723 operationem
2557 1664 2664 1722 per

237 1738 479 1796 corpus.
531 1723 872 1783 Intellectus
927 1730 1125 1782 autem
1172 1737 1293 1782 non
1341 1723 1516 1782 babet
1562 1723 1822 1795 aliquam
1872 1721 2277 1803 operationem
2321 1722 2394 1780 ad
2443 1734 2665 1793 corpus

236 1795 656 1867 pertinentem,
689 1795 811 1852 nisi
843 1795 1173 1853 secundum
1208 1795 1367 1867 quod
1389 1799 1585 1852 movet
1613 1807 1870 1864 corpus;
1900 1793 2232 1866 intelligere
2279 1794 2438 1851 enim
2468 1793 2666 1864 ipsum

239 1879 361 1924 non
386 1870 480 1923 est
504 1865 770 1936 operatio
797 1879 929 1937 quae
956 1879 1061 1936 per
1089 1878 1380 1937 organum
1410 1865 1681 1937 corporis
1710 1868 2053 1922 exerceatur
2077 1880 2092 1931 ;
2120 1869 2180 1922 et
2193 1863 2399 1922 eadem
2413 1865 2666 1936 ratione,

237 1950 349 1994 nec
394 1935 569 1993 velle.
602 1935 1041 1994 Elementorum
1092 1937 1270 1993 etiam
1314 1940 1513 1993 motus
1563 1939 1706 1993 sunt
1755 1948 1791 1993 a
1840 1932 2218 1993 moventibus
2268 1934 2640 1994 naturalibus

238 2006 541 2065 sciliceta
571 2007 1017 2078 generantibus,
1042 2011 1100 2064 et
1127 2019 1250 2086 non
1280 2011 1521 2063 movent
1565 2006 1797 2077 seipsa·
1852 2004 2010 2063 unde
2057 2019 2176 2063 non
2226 2011 2459 2076 oportet
2547 1979 2666 2065 uod

239 2090 352 2150 pro
373 2082 482 2159 ,ter
505 2090 714 2133 eorum
744 2081 972 2157 motum
995 2077 1126 2158 ,si-nt
1153 2081 1434 2134 ammata.
1465 2076 1525 2133 Si
1557 2082 1756 2157 autem
1783 2048 1965 2157 habet
2007 2075 2346 2135 substantia
2395 2076 2517 2133 inte
2547 2077 2663 2135 lec-

239 2156 344 2206 tua
368 2160 444 2218 is,
475 2160 609 2219 quae
637 2153 880 2218 ponitur
906 2161 1064 2205 uniri
1103 2146 1399 2205 elemento
1446 2152 1551 2204 aut
1595 2151 1744 2218 parti
1794 2160 1945 2218 eJuS,
1995 2146 2145 2205 alias
2191 2148 2406 2205 animae
2443 2152 2665 2218 partes,

240 2231 426 2290 quum
453 2222 651 2289 partes
680 2218 799 2274 illae
830 2217 954 2277 sint
979 2221 1180 2289 partes
1209 2218 1548 2290 aliquorum
1577 2230 1964 2289 organorum,
1997 2218 2293 2288 oportebit
2322 2218 2384 2274 in
2415 2231 2664 2288 corpore

240 2288 521 2346 elementi
562 2288 830 2345 invenire
873 2288 1272 2346 diversitatem
1320 2302 1388 2345 or
1431 2302 1683 2346 anorum
1711 2306 1726 2357 3
1758 2288 1919 2358 quod
1964 2293 2257 2359 repugnat
2296 2288 2665 2360 simplicitati

242 2361 260 2416 i
305 2360 457 2417 sius.
490 2361 620 2416 Non
652 2358 835 2431 igitur
866 2358 1204 2439 substantia
1246 2303 1670 2417 intelfectualis
1716 2364 1912 2416 potest
1937 2358 2096 2415 uniri
2134 2364 2198 2415 ut
2247 2358 2442 2416 forma
2485 2359 2666 2418 alicui

243 2446 275 2487 e
301 2433 542 2487 emento
571 2434 670 2488 aut
702 2428 853 2500 parti
885 2444 1036 2502 ejus.

313 2500 591 2572 Amplius,
621 2504 845 2573 quanto
868 2498 1110 2574 aliquod
1138 2514 1360 2572 corpus
1386 2503 1480 2558 est
1502 2497 1902 2580 propinquius
1930 2499 2193 2558 materiae
2239 2500 2467 2571 primae,
2496 2503 2662 2559 tanto

241 2577 337 2630 est
363 2570 713 2644 ignobilius,
746 2576 943 2642 utpote
973 2571 1168 2643 magis
1198 2571 1263 2628 in
1291 2574 1560 2643 potentia
1584 2570 1850 2627 existens
1876 2574 1933 2625 et
1980 2569 2180 2628 minus
2211 2570 2275 2627 in
2328 2575 2463 2628 actu
2502 2584 2664 2629 com·

239 2642 422 2714 pleto.
455 2641 757 2722 {elementa
784 2648 981 2722 autem
1011 2642 1323 2723 ipsasunt·
1340 2640 1771 2713 propinquiora
1796 2639 2058 2697 materiae
2086 2640 2289 2722 primae
2328 2654 2507 2721 quam
2532 2654 2662 2699 cor·

239 2725 391 2794 pora
415 2717 619 2779 mixta,
651 2726 836 2784 quum
865 2718 923 2769 et
947 2725 1082 2783 ipsa
1107 2716 1233 2770 sint
1247 2717 1567 2768 mixtorum
1583 2723 1898 2782 corporum
1923 2714 2171 2767 materia
2193 2724 2484 2782 proxlma.
2516 2713 2668 2768 Sunt

239 2783 428 2864 igitur
455 2782 884 2840 elementorum
915 2796 1166 2853 corpora
1193 2780 1577 2854 ignobiliora,
1602 2779 1936 2839 secundum
1956 2794 2125 2837 suam
2148 2794 2178 2839 s
2222 2781 2429 2852 eciem,
2454 2793 2667 2853 corpo-

239 2854 412 2912 ribus
436 2853 659 2911 mixtis.
691 2854 885 2920 Quum
915 2853 1098 2926 igitur
1121 2851 1438 2911 nobilioris
1464 2851 1737 2923 corporis
1783 2851 1863 2908 sit
1882 2849 2148 2908 nobilior
2197 2864 2384 2920 orma,
2438 2852 2668 2923 impos-

240 2924 420 2983 sibile
447 2929 541 3005 est
565 2924 725 2997 quod
754 2923 1136 2982 nobilissima
1158 2923 1370 2993 forma,
1399 2936 1532 2995 quae
1569 2927 1661 2980 est
1688 2922 1890 2980 anima
1928 2921 2311 2994 intellectiva,
2359 2922 2438 2980 sit
2489 2922 2658 2981 unita

241 2994 600 3066 corporibus
634 2993 1083 3053 elementorum.

313 3067 466 3128 Item,
495 3065 549 3123 si
580 3077 830 3135 corpora
855 3064 1285 3124 elementorum
1314 3069 1417 3122 aut
1445 3063 1661 3136 aliquae
1687 3068 1888 3135 partes
1915 3075 2122 3121 eorum
2152 3069 2357 3121 essent
2398 3064 2665 3122 animata

239 3135 644 3195 nobilissimis
696 3136 1032 3205 animabus,
1081 3149 1214 3209 quae
1258 3140 1401 3193 sunt
1441 3135 1658 3193 animae
1708 3133 2105 3202 intellectivae,
2152 3139 2450 3206 oporteret
2496 3135 2661 3208 quod

244 3212 472 3288 quanto
499 3207 577 3263 ali
621 3220 699 3263 ua
727 3220 978 3278 corpora
1005 3212 1207 3264 essent
1247 3204 1541 3263 viciniora
1592 3203 1926 3274 elementiS,
1979 3210 2184 3262 essent
2237 3205 2668 3277 propinquiora

242 3277 322 3336 ad
347 3281 548 3335 vitam.
630 3290 701 3334 oc
731 3282 929 3334 autem
956 3291 1077 3335 non
1115 3283 1375 3348 apparet,
1408 3276 1515 3334 sed
1560 3275 1756 3347 magis
1802 3276 2211 3346 contrarium;
2256 3289 2394 3332 nam
2444 3276 2664 3345 plantae

238 3348 448 3406 minus
477 3345 698 3405 habent
725 3347 950 3413 deivita
977 3362 1155 3421 quam
1206 3346 1511 3415 animalia,
1562 3359 1746 3421 quum
1793 3350 1991 3404 tamen
2038 3346 2159 3404 sint
2205 3345 2667 3418 propinquiores

239 3423 416 3477 terrae
444 3435 458 3487 ;
484 3423 542 3476 et
570 3417 901 3487 minei-alia,
930 3433 1064 3492 quae
1091 3423 1233 3476 sunt
1256 3416 1451 3475 adhuc
1479 3416 1929 3499 propinquiora,
1961 3416 2113 3474 nihil
2141 3416 2361 3475 habent
2403 3416 2474 3473 de
2520 3417 2663 3475 vita.

240 3491 377 3616 Rp?
404 3489 588 3561 igitur
614 3489 951 3547 substantia
973 3488 1395 3547 intellectualis
1424 3488 1630 3546 unitur
1656 3486 1834 3547 alicui
1861 3487 2156 3546 elemento
2192 3487 2284 3545 vel
2330 3485 2481 3558 parti
2532 3486 2664 3559 eJ'us

241 3573 285 3618 u
366 3573 555 3617 orma.

315 3630 535 3699 Adhuc,
577 3630 846 3688 omnium
875 3629 1242 3688 moventium
1269 3628 1747 3711 corruptibilium
1772 3628 1894 3686 vita
1934 3641 2041 3698 per
2065 3627 2478 3685 excellentiam
2528 3641 2671 3686 con-

237 3701 567 3759 trarietatis
594 3701 1032 3782 corrumpitur;
1063 3713 1202 3757 nam
1230 3700 1515 3758 animalia
1538 3704 1602 3758 et
1645 3699 1862 3771 plantae
1890 3697 2324 3757 mortificantur
2371 3699 2445 3756 ab
2477 3700 2671 3756 excel-

239 3771 392 3829 lenti
420 3771 616 3830 calido
639 3777 696 3830 et
725 3771 966 3843 frigido,
995 3770 1242 3829 humido
1271 3776 1375 3828 aut
1398 3771 1586 3829 sicco.
1616 3772 1683 3827 ln
1711 3769 2066 3840 corporibus
2115 3774 2314 3826 autem
2343 3770 2671 3827 elemento-

239 3855 380 3899 rum
425 3849 568 3899 sunt
616 3843 915 3914 praecipue
961 3841 1328 3900 excellentiae
1370 3838 1583 3899 harum
1627 3840 2132 3899 contrarietatum.
2170 3842 2299 3896 Non
2348 3839 2532 3911 igitur
2580 3843 2673 3898 est

238 3911 536 3994 possibile
566 3913 725 3985 quod
764 3914 827 3970 in
857 3913 947 3971 eis
985 3912 1066 3971 sit
1103 3912 1267 3979 vita3
1322 3911 1698 3983 impossibile
1753 3916 1848 3968 est
1891 3910 2075 3984 igitur
2127 3909 2288 3982 quod
2330 3909 2672 3968 substantia

239 3983 613 4043 lntellectiva
642 3983 883 4041 uniatur
910 3983 1000 4042 eis
1030 3987 1095 4040 ut
1123 3983 1335 4041 forma.

313 4055 424 4111 Am
464 4055 593 4122 lius,
628 4055 941 4125 elementa,
973 4053 1087 4112 etsi
1127 4053 1460 4111 secundum
1500 4058 1694 4111 totum
1748 4052 1874 4111 sint
1917 4050 2417 4132 incorruptibilia,
2470 4056 2672 4110 tamen

237 4125 426 4197 singu
454 4138 505 4183 ω
557 4130 755 4195 partes
808 4131 951 4183 sunt
992 4124 1431 4196 corruptibiles,
1479 4128 1684 4195 utpote
1739 4126 2216 4180 contrarietatem
2271 4122 2579 4181 babentes.
2612 4121 2677 4180 Si

237 4194 432 4267 igitur
459 4193 678 4267 aliquae
708 4201 907 4266 partes
934 4195 1364 4254 elementorum
1396 4192 1654 4252 habeant
1680 4194 1796 4252 sibi
1832 4193 2032 4274 unitas
2055 4192 2391 4252 subtantias
2419 4207 2677 4276 cognos-

239 4270 474 4336 centes,
507 4266 763 4323 maxime
774 4266 1007 4325 videtur
1022 4265 1182 4339 quod
1195 4266 1542 4338 assignetur
1564 4265 1654 4323 eis
1672 4265 1766 4323 vis
1790 4264 2105 4322 discretiva
2125 4276 2361 4322 corrum
2405 4271 2633 4323 entium
2654 4279 2673 4331 ς

240 4350 380 4417 quae
396 4336 641 4410 quidem
671 4342 763 4395 est
790 4351 1008 4397 sensus
1035 4341 1251 4406 tactuS,
1283 4337 1385 4409 qui
1415 4339 1508 4392 est
1531 4336 1889 4394 discretivus
1913 4333 2088 4392 calidi
2122 4340 2179 4392 et
2204 4335 2340 4408 frigi
2386 4336 2485 4393 iet
2512 4332 2678 4393 simi·

233 4407 397 4488 lium
424 4408 937 4477 contrarietatum,
969 4413 1208 4481 propter
1237 4406 1399 4480 quod
1426 4405 1627 4475 etiam,
1659 4406 1832 4478 quasi
1865 4405 2246 4464 necessarius
2266 4407 2337 4463 ad
2360 4417 2678 4478 praeserva-

234 4483 473 4538 ttonem
504 4492 542 4538 a
575 4479 979 4550 corruptione,
1024 4476 1308 4536 omnibus
1343 4476 1705 4536 animalibus
1749 4477 1928 4537 inest.
1973 4478 2142 4536 Hunc
2181 4481 2380 4536 autem
2426 4484 2674 4534 sensum

2431 4589 2492 4634 Μ
