3076 5025
383 260 492 315 366
1249 251 1384 306 LIB.
1425 249 1524 317 111,
1565 247 1719 304 CAP.
1760 245 1969 302 LXXXI.

1330 520 1586 586 CAPUT
1640 516 1904 583 LXXXI.

780 707 861 752 DE
890 702 1287 752 ORDINATIONE
1320 701 1598 748 Eoumuu
1630 700 1711 745 AD
1746 697 2013 754 mvlcmt,
2050 696 2128 742 m·
2159 695 2240 741 An
2276 694 2437 742 mn.

467 874 628 930 Inter
651 868 806 928 alias
844 880 986 926 vero
1031 866 1464 925 intellectuales
1508 864 1907 944 substantiaS,
1954 860 2499 944 humanae-animae
2555 858 2835 942 intimum

394 941 650 1016 gradum
683 938 924 1006 babent,
953 937 1115 1011 quia,
1148 936 1303 995 sicut
1334 950 1518 1008 supra
1547 936 1698 1008 (cap.
1726 937 1817 1004 80)
1851 934 2075 992 dictum
2105 938 2218 1001 est,
2247 945 2312 989 in
2332 944 2525 1004 prlma
2550 943 2646 988 sui
2668 936 2839 1012 insu-

392 1012 628 1071 tutione
656 1009 1063 1090 cognitionem
1093 1006 1326 1065 ordinis
1353 1007 1740 1079 providentiae
1770 1005 1986 1062 divinae
2015 1004 2079 1062 in
2131 1002 2268 1084 sola
2293 1002 2549 1082 quadam
2598 1014 2839 1081 univer-

393 1082 514 1142 sali
544 1080 889 1154 cognitione
919 1077 1258 1150 suscipiunt
1284 1096 1300 1146 ;
1335 1078 1411 1135 ad
1438 1077 1760 1149 perfectam
1786 1087 1928 1133 vero
1958 1073 2190 1133 ordinis
2218 1072 2836 1153 sigulartumssognl·

393 1153 626 1211 tionem
676 1153 907 1221 oportet
929 1148 1089 1220 quod
1118 1162 1191 1205 ex
1217 1148 1369 1220 ipsis
1397 1146 1577 1205 rebus
1607 1147 1670 1204 in
1717 1145 1938 1219 quibus
1981 1144 2132 1202 ordo
2174 1143 2397 1224 divinae
2441 1141 2839 1215 prOVldentlae

387 1230 515 1293 jam
546 1219 982 1294 particulariter
1009 1218 1320 1277 institutus
1350 1223 1460 1281 est,
1493 1215 1918 1289 perducantur.
1949 1215 2112 1273 Unde
2162 1216 2429 1294 oportuit
2460 1213 2625 1287 quod
2654 1212 2839 1294 habe-

397 1297 536 1355 tent
561 1304 790 1363 organa
820 1302 1127 1362 corporea,
1153 1303 1258 1360 per
1285 1302 1417 1362 quae
1443 1302 1479 1345 a
1505 1288 1685 1346 rebus
1714 1284 2129 1369 corporalibus
2174 1287 2583 1366 cognitionem
2634 1282 2841 1341 hauri·

395 1367 554 1431 rent,
585 1376 658 1419 ex
678 1360 898 1443 quibus
926 1366 1127 1418 tamen
1153 1366 1391 1431 propter
1421 1358 1787 1416 debilitatem
1830 1355 2255 1415 intellectualis
2303 1355 2572 1423 luminis,
2607 1353 2840 1434 perfec-5

393 1438 520 1492 tam
547 1431 822 1490 notitiam
853 1443 1062 1489 eorum
1091 1444 1223 1502 quae
1253 1429 1326 1487 ad
1357 1429 1666 1487 hominem
1690 1433 1981 1500 spectant,
2012 1426 2264 1509 adipisci
2291 1438 2415 1507 non
2462 1424 2685 1506 valent,
2719 1437 2839 1481 nisi

477 1517 507 1560 r
530 1501 872 1574 superiores
909 1500 1158 1572 spiritus
1187 1499 1560 1571 adjuventur,
1591 1500 1705 1557 hoc
1735 1499 2008 1572 exigente
2052 1497 2253 1556 divina
2304 1495 2729 1567 dispositione.
2770 1498 2843 1551 ut

414 1573 720 1631 mseriores
747 1585 853 1698 petr
879 1571 1221 1644 superiores
1245 1570 1496 1642 spiritus
1519 1569 1943 1641 perfectionem
1965 1568 2295 1641 acquirant,
2317 1572 2384 1624 ut
2400 1562 2841 1638 supra(cap.79)

473 1714 627 1781 Quia
649 1718 850 1770 tamen
893 1710 1122 1783 aliquid
1166 1710 1348 1769 homo
1379 1711 1450 1769 de
1488 1710 1716 1768 lumine
1741 1706 2132 1767 intellectuali
2164 1707 2500 1781 participat,
2533 1708 2587 1766 ei
2620 1721 2841 1767 secuu-

402 1783 547 1843 dum
577 1782 967 1855 providentiae
989 1781 1260 1839 ordinem
1292 1781 1631 1840 subduntur
1659 1779 1945 1838 animalia
1970 1779 2165 1848 bruta,
2186 1794 2319 1852 quae
2340 1778 2647 1837 intellectu
2669 1778 2844 1838 nullo

402 1852 585 1913 modo
589 1852 987 1977 ²{n‘trticipann
1018 1852 1180 1909 Unde
1209 1851 1443 1920 dicitur,
1466 1853 1636 1919 Gen„
1657 1861 1683 1909 1
1730 1852 1841 1908 26:
1870 1851 2157 1906 Faciamus
2173 1850 2437 1906 hominem
2456 1848 2532 1904 ad
2547 1850 2847 1919 imaginem

631 1939 652 1977 2

407 1928 458 1981 et
482 1925 586 1979 sim
655 1923 900 1978 tudinem
924 1925 1188 1990 nostram,
1221 1921 1449 1980 scilicet
1480 1890 1811 1979 secundum
1840 1921 2003 1993 quod
2030 1918 2399 1978 intellectum
2417 1918 2616 1988 habet,
2634 1924 2687 1975 et
2692 1935 2844 1991 μνω-

407 1995 486 2053 sit
502 1992 749 2064 piscibus
775 1993 947 2047 maris
974 1995 1026 2047 et
1046 1992 1359 2049 volatilibus
1378 1992 1517 2060 eceli,
1553 1995 1607 2046 et
1633 1991 1815 2047 bestiis
1844 1995 2019 2048 terrae.

474 2062 772 2120 Animalia
792 2074 933 2120 vero
961 2060 1156 2130 bruta,
1186 2061 1298 2119 etsi
1338 2060 1644 2119 intellectu
1689 2067 1950 2130 careant,
1997 2060 2140 2133 quia
2185 2065 2383 2119 tamen
2432 2060 2846 2133 cognitionem

403 2132 669 2205 aliquam
702 2131 943 2200 habent,
971 2132 1192 2203 plantis
1217 2137 1277 2188 et
1303 2131 1442 2191 aliis
1470 2131 1978 2204 quaecognitione
2007 2136 2229 2201 carent,
2258 2129 2590 2189 secundum
2619 2130 2843 2189 divinae

399 2202 792 2276 providentiae
819 2202 1092 2259 ordinem
1120 2200 1534 2271 praeferuntur.
1566 2201 1731 2259 Unde
1758 2201 1996 2265 dicitur,
2024 2202 2191 2270 Gen.,
2224 2216 2266 2268 1,
2290 2205 2381 2263 29,
2417 2204 2486 2259 30
2518 2219 2531 2257 ε
2562 2203 2697 2257 Ecce
2716 2200 2850 2257 dedi

405 2274 556 2330 nobis
584 2287 790 2329 omnem
818 2272 1039 2328 herbam
1066 2272 1378 2341 afferentem
1399 2286 1581 2328 semen
1605 2286 1771 2342 super
1795 2274 2017 2335 terram,
2046 2275 2101 2326 et
2122 2270 2555 2340 universalique
2584 2287 2705 2342 quae
2752 2272 2848 2328 lta-

403 2344 532 2468 begzt
557 2345 615 2397 in
635 2344 933 2414 semetipsis
954 2346 1237 2398 sementem
1263 2344 1475 2411 ceneris
1498 2344 1609 2411 sui,
1632 2346 1697 2398 ut
1720 2345 1836 2397 sint
1857 2343 2010 2397 vobis
2027 2343 2089 2397 in
2110 2357 2282 2397 escam
2297 2345 2349 2398 et
2369 2343 2576 2397 cunctis
2596 2345 2851 2398 animan·

403 2415 454 2472 §i
491 2429 555 2469 us
583 2416 760 2470 teu-tw.
941 2439 954 2448 ·

478 2486 640 2541 Inter
665 2497 736 2541 ea
762 2494 903 2540 vero
931 2495 1065 2556 quae
1090 2481 1332 2552 penitus
1361 2482 1709 2555 cognitione
1736 2488 1959 2548 carent,
1992 2497 2181 2542 unum
2218 2482 2489 2557 subjacet
2532 2483 2707 2543 alteri
2750 2496 2848 2543 se-

406 2554 672 2615 cundum
702 2553 863 2627 quod
891 2559 981 2610 est
1010 2565 1197 2610 unum
1227 2554 1414 2612 altero
1441 2555 1747 2626 potentius
1771 2554 1831 2611 in
1864 2555 2117 2627 agendo.
2147 2557 2277 2612 Non
2328 2555 2490 2613 enim
2529 2555 2851 2626 participat

409 2623 634 2697 aliquid
665 2623 737 2681 de
768 2623 1164 2695 dispositione
1194 2624 1604 2695 providentiae,
1637 2625 1744 2683 sed
1773 2624 1971 2684 solum
2002 2624 2073 2684 de
2095 2625 2467 2684 executione.

480 2695 633 2763 Quia
659 2707 798 2752 vero
828 2693 1011 2752 homo
1036 2693 1214 2751 babet
1241 2695 1610 2753 intellectum
1640 2700 1700 2753 et
1753 2708 2001 2754 sensum
2050 2701 2110 2755 et
2137 2696 2505 2766 corporalem
2539 2696 2847 2762 virtutem.

408 2765 536 2823 baec
565 2765 630 2823 in
657 2764 791 2835 ipso
819 2763 1174 2844 adinvicem
1204 2766 1558 2824 ordinantur
1585 2766 1916 2825 secundum
1945 2766 2160 2823 divinae
2178 2765 2566 2838 providentiae
2588 2766 2851 2846 disposi-

409 2835 634 2893 tionem
662 2834 737 2891 ad
765 2834 1221 2893 similitudinem
1251 2834 1482 2895 ordinis
1519 2837 1624 2909 qui
1671 2836 1734 2894 in
1782 2837 2062 2895 universo
2108 2835 2430 2895 invenitur.
2460 2839 2607 2895 Nam
2649 2843 2846 2895 virtus

408 2917 696 2976 corporea
720 2904 998 2963 subditur
1019 2905 1321 2963 sensitivae
1350 2912 1409 2963 et
1444 2906 1824 2965 intellectivae
1851 2907 2075 2976 virtuti,
2102 2907 2262 2965 velut
2282 2920 2586 2980 exequens
2637 2921 2848 2965 earum

409 2975 753 3104 {gper'ium
784 2977 1090 3102 Itp‘satvero
1114 2976 1404 3035 sensitiva
1422 2977 1692 3048 potentia
1718 2976 2094 3035 intellectivae
2123 2977 2421 3047 subditur,
2453 2983 2511 3036 et
2553 2977 2671 3036 sub
2716 2978 2848 3050 ejus

496 3059 659 3116 perio
688 3057 803 3102 con
832 3059 929 3103 ine
959 3060 1048 3104 ur.

478 3118 563 3174 Ex
592 3115 798 3173 eadem
829 3122 1028 3175 autem
1074 3116 1326 3187 ratione,
1357 3121 1417 3175 et
1441 3117 1600 3175 inter
1628 3117 1646 3174 i
1691 3131 1796 3176 sos
1824 3118 2103 3177 homines
2145 3119 2293 3176 ordo
2341 3118 2664 3177 invenitur.
2698 3120 2846 3176 Nam

404 3184 496 3245 mi
567 3186 628 3243 ui
684 3186 990 3244 intellectu
1017 3188 1405 3259 praeeminent
1430 3191 1643 3245 natura
1671 3188 1779 3245 iter
1808 3188 2193 3248 dominantur
2223 3207 2238 3245 ι
2271 3188 2362 3247 illi
2384 3203 2526 3247 vero
2557 3190 2661 3261 qui
2703 3194 2849 3247 sunt

407 3200 716 3338 lnte‘iftectu
746 3255 1114 3338 deficientes,
1141 3272 1389 3330 corpore
1416 3271 1558 3340 vero
1588 3258 1842 3340 robusti,
1873 3273 1909 3316 a
1939 3264 2152 3318 natura
2168 3259 2445 3341 videntur
2472 3259 2734 3317 instituti
2773 3258 2849 3319 ad

406 3327 811 3395 serviendum,
841 3332 998 3385 s1cut
1019 3328 1368 3388 Aristoteles
1407 3328 1553 3387 dicit
1596 3343 1660 3386 1n
1709 3342 1823 3387 sua
1863 3330 2113 3399 Politice,
2148 3344 2244 3388 cm
2292 3334 2471 3387 ettam
2521 3330 2851 3389 concordat

410 3397 708 3457 sententia
736 3396 1076 3456 Salomonis
1105 3398 1206 3471 qui
1237 3399 1400 3468 dicit,
1426 3401 1621 3468 Prov.,
1642 3411 1726 3469 xl,
1754 3403 1826 3457 29
1856 3417 1870 3455 :
1903 3400 2009 3466 Qui
2034 3401 2232 3456 stultus
2261 3403 2339 3456 est
2355 3401 2552 3457 serviet
2572 3403 2847 3471 sapienti3

409 3470 469 3525 et
497 3468 701 3537 Exod„
727 3479 901 3535 xvm,
922 3472 1012 3536 2¹,
1037 3472 1128 3539 22,
1155 3469 1371 3527 dicitur
1400 3486 1417 3528 ε
1445 3469 1679 3526 Provide
1705 3469 1772 3525 de
1798 3472 1946 3526 omni
1960 3471 2119 3540 plebe
2134 3472 2283 3527 vivos
2303 3473 2571 3541 sapientes
2591 3475 2644 3527 et
2661 3474 2853 3528 timen-

414 3540 486 3595 tes
507 3540 674 3595 Deum
701 3540 798 3609 qui
819 3539 1061 3594 indicent
1084 3541 1346 3621 populum
1373 3543 1519 3596 omni
1547 3545 1799 3611 tempore.

480 3607 645 3666 Sicut
675 3614 868 3666 autem
902 3608 964 3666 in
1005 3609 1287 3680 operibus
1332 3610 1515 3668 unius
1565 3609 1832 3668 bominis
1880 3625 1955 3669 ex
1998 3611 2113 3670 hoc
2158 3610 2525 3669 inordinatio
2570 3612 2853 3683 provenit

406 3677 570 3752 quod
600 3678 937 3737 intellectus
967 3680 1311 3737 sensualem
1350 3681 1624 3738 virtutem
1654 3693 1719 3738 se
1766 3681 1945 3751 uitur,
1971 3682 2274 3740 sensualis
2294 3695 2434 3740 vero
2454 3682 2646 3742 virtus
2667 3695 2777 3755 pro

412 3751 500 3806 ter
530 3749 799 3830 corporis
829 3748 1355 3832 indispositionem
1402 3751 1659 3832 trabitur
1687 3695 1761 3809 aa
1789 3753 2059 3824 corporis
2089 3758 2338 3822 motum,
2383 3758 2450 3809 ut
2498 3753 2562 3810 in
2614 3753 2752 3812 clau
2798 3753 2847 3812 i·

343 3890 349 3897 ,
412 3820 686 3879 cantibus
717 3824 987 3891 appa1·et;
1024 3826 1107 3877 ita
1134 3826 1191 3878 et
1216 3835 1278 3878 m
1308 3835 1599 3894 regimine
1637 3820 1902 3880 humano
1932 3822 2294 3881 inordinatio
2338 3823 2615 3895 provenit
2660 3837 2735 3881 ex
2773 3835 2853 3883 eo

411 3889 569 3965 quod
602 3904 723 3971 non
789 3895 986 3971 ropter
1004 3889 1344 3950 intellectus
1367 3891 1875 3963 praeeminentiam
1896 3893 2115 3966 aliquis
2136 3898 2369 3965 praeest,
2388 3893 2495 3951 sed
2512 3894 2607 3950 vel
2627 3892 2853 3953 robore

410 3960 707 4040 corporali
776 3972 1068 4018 ominlum
1100 3960 1216 4019 sibi
1248 3967 1515 4033 usurpat,
1552 3961 1645 4019 vel
1672 3968 1914 4034 propter
1940 3964 2282 4022 sensualem
2310 3962 2689 4023 affectionem
2733 3964 2850 4023 ali-

412 4041 548 4101 quis
574 4030 649 4089 ad
675 4045 736 4088 re
781 4031 1001 4090 endum
1031 4031 1369 4102 praeficitur.
1402 4034 1591 4102 Quam
1624 4033 1863 4105 quidem
1891 4033 2397 4092 inordinationem
2419 4048 2531 4093 nec
2558 4035 2847 4094 Salomon

411 4102 584 4169 tacet,
616 4101 719 4174 qui
789 4102 911 4166 icit,
940 4102 1189 4174 Eccles,
1217 4114 1277 4171 x,
1306 4107 1359 4172 5,
1386 4106 1420 4160 6
1446 4122 1460 4161 z
1490 4104 1592 4159 Est
1615 4107 1667 4159 et
1692 4106 1899 4160 malum
1923 4104 2066 4175 quod
2090 4103 2213 4159 vidi
2237 4105 2336 4161 sub
2384 4106 2512 4173 sole,
2560 4108 2725 4176 quasi
2746 4118 2849 4177 per

411 4181 643 4226 errorem
662 4173 941 4240 eqrecliens
964 4188 1000 4229 a
1019 4174 1166 4240 tattie
1185 4175 1477 4244 principis,
1549 4175 1747 4231 ositum
1770 4175 1998 4230 stultum
2014 4176 2077 4230 in
2102 4174 2374 4245 diqnitate
2404 4175 2648 4233 sublimi.

481 4239 831 4311 Huiusmodi
858 4248 1057 4301 autem
1091 4243 1457 4302 inordinatio
1486 4189 1749 4302 ‹fivinmn
1777 4244 2212 4316 providentiam
2251 4258 2375 4304 non
2401 4245 2684 4304 excludit.
2709 4248 2853 4304 Pro·

415 4310 1213 4392 venituenim,·permissione
1244 4314 1465 4386 divina,
1500 4328 1575 4375 ex
1593 4314 1825 4375 defectu
1864 4314 2219 4376 inferiorum
2249 4316 2576 4391 agentium,
2602 4316 2763 4375 sicut
2788 4318 2847 4373 et

417 4379 484 4438 ie
511 4379 647 4439 alus
675 4382 851 4440 malis
875 4381 1099 4443 dictum
1128 4390 1241 4445 est.
