3076 5025
402 327 508 384 170
1293 286 1465 375 tte.
1505 320 1578 386 11,
1619 317 1769 372 cae.
1806 294 1914 372 ιν.

401 446 650 507 omnino
694 458 817 503 non
869 448 1025 503 ente.
1072 446 1140 502 In
1183 441 1546 501 substantiis
1593 443 1790 495 autem
1833 434 2359 505 intellectualibus,
2414 441 2477 494 ut
2511 440 2831 517 ostensum

399 525 493 577 est
523 517 595 589 (c.
625 516 737 588 53),
770 520 938 573 actus
967 519 1059 572 est
1083 514 1279 585 ipsum
1310 527 1484 580 esse;
1518 511 1648 580 ipsa
1665 515 1861 566 autem
1886 507 2222 564 substantia
2246 512 2338 587 est
2358 506 2514 564 sicut
2534 511 2823 577 potentia.

400 590 461 648 Si
493 589 675 659 igitur
703 585 1040 644 substantia
1065 583 1485 641 intellectualis
1505 583 1939 649 corrumpatur,
1970 578 2297 659 remanebit
2324 582 2460 648 post
2488 590 2665 658 suain
2696 590 2830 634 cor-

400 662 775 730 ruptionem;
807 655 965 737 quod
997 660 1089 713 est
1131 655 1379 735 omnino
1409 651 1804 725 impossibile.
1835 649 2043 706 Omnis
2073 654 2255 721 igitur
2284 648 2622 706 substantia
2648 646 2831 706 intel·

401 729 677 788 lectualis
707 734 798 785 est
825 726 1313 796 incorruptibilis.
2068 789 2080 800 ,
2338 789 2350 801 .

470 802 626 867 Item,
657 799 717 856 in
748 798 908 855 omni
945 796 1104 869 quod
1131 793 1549 866 corrumpitur,
1580 795 1814 864 oportet
1841 789 2001 863 quod
2031 793 2392 861 sitpotentia
2411 789 2482 848 ad
2507 802 2627 848 non
2659 803 2822 849 esse.

402 870 464 929 si
494 870 635 941 quid
667 870 849 941 igitur
875 868 1059 925 estin
1109 880 1228 939 quo
1275 880 1396 923 non
1441 870 1532 922 est
1577 862 1843 935 potentia
1869 860 1945 919 ad
1991 874 2110 942 non
2146 874 2301 928 esse,
2334 861 2449 918 boc
2478 873 2599 918 non
2629 864 2835 940 potest

402 954 541 1000 csse
566 939 969 1010 corruptibile.
1002 940 1068 994 In
1101 936 1434 994 substantia
1472 941 1670 991 autem
1719 930 2104 990 intellectuali
2150 944 2271 988 non
2314 937 2406 988 est
2452 938 2724 1012 potentia
2752 931 2832 991 ad

402 1023 526 1069 non
573 1025 734 1067 esse.
772 1009 1144 1067 Manifestum
1194 1013 1285 1064 est
1331 1006 1489 1063 enim
1531 1020 1604 1062 ex
1646 1003 1821 1061 dictis
1851 1002 1928 1074 (c.
1971 1002 2068 1083 54),
2108 1002 2264 1073 quod
2295 1002 2632 1060 substantia
2668 1016 2835 1082 com-

401 1081 562 1154 pleta
587 1087 678 1137 est
707 1080 1010 1151 proprium
1041 1078 1444 1149 susceptivum
1476 1076 1670 1145 ipsius
1691 1088 1846 1132 esse.
1869 1077 2175 1145 Proprium
2196 1078 2390 1153 autem
2416 1087 2592 1130 susce
2639 1078 2830 1131 tivum

403 1150 660 1223 alicujus
709 1157 880 1208 actus
928 1150 1011 1207 ita
1056 1155 1433 1218 comparatur
1477 1152 1537 1203 ut
1574 1146 1835 1217 potentia
1877 1145 1950 1201 ad
1991 1149 2184 1225 actum
2232 1143 2422 1211 illum,
2463 1157 2583 1216 quo
2658 1143 2831 1203 nullo

403 1222 585 1280 modo
616 1227 708 1279 est
749 1222 810 1279 in
840 1219 1105 1292 potentia
1134 1219 1205 1277 ad
1235 1218 1575 1290 oppositum
1601 1234 1616 1285 ;
1646 1216 1802 1273 sicut
1832 1216 1991 1286 ignis
2032 1221 2119 1296 ita
2156 1219 2534 1294 comparatur
2560 1213 2631 1271 ad
2652 1213 2833 1295 ‘calo-

403 1306 530 1350 rem
577 1297 640 1350 ut
667 1292 931 1363 potentia
978 1289 1049 1347 ad
1087 1297 1305 1358 actum,
1352 1288 1512 1369 quod
1558 1286 1933 1367 nullo-modo
1975 1291 2066 1342 est
2104 1297 2163 1340 in
2193 1290 2459 1365 potentia
2487 1285 2559 1342 ad
2592 1285 2828 1367 frigus3

404 1363 563 1421 unde
611 1376 722 1419 nec
768 1363 828 1418 in
876 1361 1025 1431 ipsis
1069 1359 1423 1418 substantiis
1453 1358 1864 1428 corporalibus
1902 1362 1990 1414 est
2025 1362 2289 1426 potentia
2320 1355 2394 1412 ad
2425 1369 2545 1413 non
2573 1369 2735 1436 esse,
2766 1369 2833 1414 in

404 1432 538 1505 ipsa
559 1431 894 1490 substantia
910 1435 1222 1502 completa,
1253 1430 1370 1487 nisi
1404 1430 1632 1487 ratione
1651 1428 1911 1484 materiae
1934 1445 1948 1495 ;
1969 1426 2029 1483 in
2058 1425 2411 1507 substantiis
2433 1433 2630 1508 autem
2663 1424 2839 1507 intel·

404 1502 763 1561 lectualibus
787 1516 904 1558 non
935 1507 1024 1558 est
1055 1500 1322 1569 materia,
1346 1500 1449 1557 sed
1470 1501 1615 1569 ipsae
1631 1503 1774 1556 sunt
1793 1499 2143 1577 substantiae
2160 1498 2468 1578 completae
2488 1497 2825 1578 simplices.

404 1574 594 1647 Igitur
618 1574 679 1629 in
705 1573 795 1629 eis
826 1584 944 1628 non
976 1577 1068 1629 est
1095 1572 1355 1641 potentia
1380 1570 1453 1627 ad
1485 1583 1603 1626 non
1637 1582 1791 1625 esse.
1826 1570 1970 1625 Sunt
2003 1568 2184 1639 igitur
2210 1569 2717 1649 incorruptibiles,

475 1646 761 1706 Praeterea‚
794 1641 856 1698 in
887 1641 1361 1722 quibuscumque
1394 1646 1485 1698 est
1528 1639 1886 1719 compositio
1932 1639 2207 1720 potentiis
2256 1643 2315 1695 et
2354 1644 2544 1719 actus,
2573 1638 2634 1697 id
2671 1640 2837 1713 quod

405 1718 569 1770 tenet
598 1713 794 1771 locum
825 1725 1030 1783 prlmae
1061 1718 1337 1784 potentiae
1367 1711 1491 1768 sive
1527 1710 1700 1782 primi
1739 1709 1990 1780 subjecti
2029 1714 2120 1768 est
2149 1709 2598 1789 incorruptibile
2625 1727 2642 1774 3
2669 1711 2835 1770 unde

408 1784 583 1841 etiam
609 1784 674 1839 in
704 1783 1060 1840 substantiis
1088 1781 1576 1862 corruptibilibus
1607 1780 1854 1837 materia
1874 1780 2063 1850 prima
2084 1781 2689 1861 estincorrnptibilis..
2710 1781 2831 1840 Sed

407 1853 472 1913 in
504 1854 860 1911 substantiis
900 1852 1403 1910 intellectualibus
1443 1851 1504 1908 id
1550 1850 1706 1923 quod
1749 1857 1910 1907 tenet
1954 1851 2152 1908 locum
2203 1864 2407 1923 primae
2454 1858 2736 1932 potentiae
2782 1856 2843 1910 et

409 1924 685 1996 subjecti,
717 1930 810 1981 est
839 1924 970 1995 ipsa
1015 1936 1221 1980 eorum
1270 1922 1608 1979 substantia
1648 1922 1960 1992 completa.
1992 1922 2180 1992 Igitur
2221 1921 2558 1979 substantia
2584 1936 2718 1993 ipsa
2744 1927 2840 1982 est

408 1993 904 2066 incorruptibilis.
932 1993 1092 2050 Nihil
1119 2000 1316 2050 autem
1346 1997 1439 2048 est
1465 1993 1850 2061 corruptibile
1880 1991 1998 2049 nisi
2040 2005 2143 2061 per
2188 1990 2303 2049 hoc
2348 1993 2503 2073 quod
2548 2006 2663 2050 sua
2693 1994 2838 2075 sub-

407 2066 635 2194 ls'tantia
661 2064 1079 2134 corrumpitur.
1107 2063 1296 2136 Igitur
1318 2076 1530 2120 omnes
1561 2062 1992 2122 intellectuales
2023 2069 2249 2120 naturae
2290 2068 2434 2120 sunt
2471 2071 2840 2137 incorrupti-

479 2206 754 2277 Amplius,
787 2219 965 2262 omne
995 2204 1153 2277 quod
1178 2204 1597 2275 corrumpitur,
1619 2203 1711 2260 vel
1742 2204 2140 2275 corrumpitur
2156 2216 2262 2276 per
2275 2218 2362 2272 se,
2382 2204 2473 2260 vel
2496 2208 2839 2277 corrumpi-

410 2280 510 2333 tur
538 2291 643 2347 per
670 2276 969 2333 accidens,
1003 2277 1360 2333 substantiae
1390 2280 1587 2331 autem
1611 2274 2047 2332 intellectuales
2072 2288 2193 2332 non
2219 2280 2476 2346 possunt
2495 2290 2600 2346 per
2623 2290 2691 2334 se
2713 2291 2838 2334 cor-

409 2347 627 2417 rumpi.
677 2347 886 2404 Omnis
939 2346 1097 2407 enim
1145 2345 1447 2416 corruptio
1485 2351 1579 2403 est
1628 2359 1662 2402 a
1709 2346 2049 2414 contrario;
2097 2359 2284 2417 agens
2316 2347 2497 2414 enim,
2527 2361 2663 2403 cum
2699 2352 2839 2420 agat

411 2417 742 2476 secundum
774 2416 932 2489 quod
962 2423 1053 2474 est
1080 2429 1190 2473 ens
1220 2421 1374 2479 actu,
1400 2429 1637 2487 semper
1664 2428 1700 2472 a
1740 2414 1897 2472 endo
1923 2415 2085 2471 ducit
2113 2416 2186 2472 ad
2216 2416 2454 2488 aliquod
2488 2431 2624 2475 esse
2654 2424 2788 2476 actu
2818 2437 2835 2488 ;

410 2487 571 2547 unde
597 2488 647 2546 si
679 2502 784 2559 per
816 2486 1155 2559 hujusmodi
1180 2500 1314 2544 esse
1343 2490 1477 2545 actu
1510 2486 1695 2558 aliqui
1730 2492 2174 2567 ,corrumpatur
2196 2486 2487 2569 desinens·
2507 2502 2645 2546 esse
2672 2494 2835 2558 actu,

413 2565 647 2631 oportet
675 2559 831 2630 quod
866 2560 979 2616 boc
1009 2559 1318 2630 contingat
1347 2571 1449 2628 per
1486 2563 1959 2615 contrarietatem
1989 2571 2193 2615 eorum
2243 2558 2318 2616 ad
2368 2572 2622 2617 invicem
2650 2579 2665 2630 ;
2698 2575 2842 2619 narn

414 2630 711 2689 contraria
738 2634 880 2686 sunt
904 2642 1035 2701 quae
1064 2634 1272 2685 mutuo
1294 2642 1359 2684 se
1379 2629 1682 2699 expellunt
1702 2646 1718 2697 ;
1739 2634 1795 2683 el
1826 2633 2062 2754 profiter
2092 2629 2203 2686 boc
2224 2635 2456 2699 oportet
2474 2643 2654 2711 omne
2670 2633 2838 2704 quod

414 2700 815 2769 corrumpitur
840 2714 945 2771 per
973 2713 1059 2765 se,
1090 2700 1181 2755 vel
1210 2698 1425 2755 babere
1442 2700 1826 2779 contrariu-m,
1858 2713 1925 2754 ve
1979 2712 2112 2755 esse
2142 2714 2213 2780 eit
2242 2702 2834 2784 contrariiscompo-

414 2771 616 2829 situm.
649 2773 931 2827 Neutrum
962 2776 1159 2826 autem
1195 2770 1406 2826 borum
1437 2769 2310 2828 substantiisintellectualibus
2331 2778 2629 2840 convenit,
2653 2787 2830 2844 cujus

412 2841 655 2913 signum
679 2848 771 2898 est
796 2840 958 2912 quia,
979 2841 1042 2896 in
1065 2841 1391 2901 intellectu,
1411 2855 1482 2896 ea
1500 2841 1678 2898 etiam
1698 2853 1830 2911 quae
1847 2839 2176 2897 secundum
2198 2854 2367 2899 suain
2391 2847 2662 2900 naturam
2688 2850 2839 2902 sunt

414 2912 714 2970 contraria
756 2910 1039 2969 desinunt
1083 2923 1218 2968 esse
1263 2910 1580 2968 contraria.
1611 2910 1823 2968 Album
1852 2911 2011 2990 euim
2060 2917 2119 2967 et
2163 2911 2399 2984 nigrum
2430 2913 2490 2969 in
2523 2913 2839 2973 intellectu

416 2993 537 3039 non
567 2987 706 3038 sunt
737 2981 1073 3048 contraria;
1105 2993 1225 3037 non
1253 2981 1410 3036 enim
1446 2994 1513 3037 se
1543 2980 1865 3051 expellunt,
1885 2995 2007 3038 imo
2037 2982 2231 3053 magis
2266 2996 2332 3040 se
2361 2991 2839 3056 consequuntur.
2872 3005 2881 3016 ,

416 3053 526 3108 Per
553 3050 916 3107 intellectum
950 3051 1108 3107 enim
1160 3051 1340 3107 unius
1386 3064 1593 3108 eorum
1640 3050 1994 3122 intelligitur
2036 3051 2217 3109 aliud.
2261 3053 2612 3111 Substantiae
2642 3055 2839 3127 igitur

413 3120 846 3179 intellectuales
875 3133 996 3177 non
1029 3126 1172 3178 sunt
1199 3121 1616 3190 corruptibiles
1660 3136 1762 3191 per
1788 3135 1875 3178 se.
1916 3122 2202 3180 Similiter
2238 3130 2438 3181 autem
2486 3139 2673 3196 neque
2720 3139 2839 3197 per

415 3191 693 3250 accidens
722 3209 736 3259 ;
766 3191 855 3248 sic
881 3191 1039 3248 enim
1070 3196 1531 3262 corrumpuntur
1560 3191 1891 3248 accidentia
1919 3200 1974 3249 et
2016 3193 2228 3274 formae‘
2254 3208 2373 3251 non
2402 3196 2835 3255 subsistentes.

415 3263 731 3321 ostensum
764 3267 858 3320 est
883 3268 1077 3319 autem
1109 3276 1290 3332 supra
1319 3269 1469 3333 (cap.
1500 3262 1592 3334 5¹)
1623 3263 1779 3334 quod
1825 3263 2175 3322 substantiae
2213 3266 2645 3324 intellectuales
2690 3272 2842 3328 sunt

417 3333 836 3392 subsistentes.
869 3335 1015 3389 Sunt
1038 3332 1221 3404 igitur
1249 3333 1495 3390 omnino
1525 3333 2031 3404 incorruptibiles.

484 3403 700 3465 Adhuc,
751 3403 1051 3473 corruptio
1095 3410 1186 3461 est
1220 3404 1469 3461 mutatio
1514 3403 1805 3475 quaedam,
1836 3419 2014 3476 quam
2054 3412 2282 3476 oportet
2328 3422 2465 3466 esse
2512 3408 2842 3467 terminum

415 3482 637 3541 motus,
672 3479 735 3531 ut
765 3475 824 3530 in
854 3475 1101 3543 Physicis
1145 3473 1309 3546 (text.
1342 3489 1564 3531 comm.
1600 3480 1631 3530 7
1697 3481 1789 3531 est
1820 3476 2169 3544 probatum:
2213 3479 2370 3536 unde
2413 3485 2648 3551 oportet
2673 3480 2843 3559 quod

417 3558 594 3603 omne
623 3544 783 3616 quod
827 3545 1227 3616 corrumpitur
1255 3549 1581 3602 moveatur.
1664 3551 1933 3603 stensuin
1976 3554 2175 3605 autem
2220 3555 2312 3606 est
2352 3550 2414 3606 in
2460 3551 2842 3610 naturalibus

419 3616 604 3697 §Pbis
636 3628 718 3680 vi,
752 3621 890 3672 text.
922 3630 1138 3674 comm.
1172 3616 1258 3688 36)
1289 3616 1445 3696 quod
1478 3629 1655 3673 omne
1679 3619 1838 3687 quod
1869 3624 2138 3676 movetur
2184 3625 2278 3676 est
2317 3634 2556 3691 corpus.
2596 3625 2848 3693 Oportet

418 3687 601 3812 ιῗίιυι·
626 3699 804 3743 omne
834 3687 990 3757 quod
1022 3694 1420 3757 corrumpitur
1462 3701 1597 3744 esse
1629 3701 1867 3759 corpus,
1905 3688 1954 3745 si
2000 3703 2103 3760 per
2155 3704 2220 3748 se
2265 3697 2701 3762 corrumpatur,
2743 3691 2843 3749 vel

418 3770 451 3814 a
480 3757 675 3828 iquam
713 3758 960 3814 tormam
1002 3771 1110 3815 seu
1157 3759 1430 3814 virtutem
1480 3758 1751 3828 corporis
1780 3773 1816 3815 a
1855 3773 2102 3831 corpore
2146 3761 2599 3834 dependentem,
2627 3763 2678 3820 si
2711 3776 2843 3821 cor·

419 3833 725 3896 rumpatur
753 3842 856 3898 per
882 3828 1180 3885 accidens·
1203 3828 1557 3886 Substantiae
1579 3834 1772 3885 autem
1798 3829 2226 3890 intellectuales
2248 3845 2371 3889 non
2394 3839 2534 3890 sunt
2561 3847 2841 3904 corpora,

418 3909 612 3967 neque
654 3899 918 3961 virtutes,
956 3912 1062 3956 seu
1112 3899 1316 3957 foi-mae
1364 3913 1400 3956 a
1442 3913 1690 3970 corpore
1730 3900 2150 3969 dependentes.
2184 3906 2335 3983 Ergo
2375 3918 2568 3976 neque
2618 3918 2724 3975 per
2775 3918 2845 3964 se

419 3977 610 4091 neque
637 3981 743 4038 per
771 3970 1047 4026 accidens
1077 3975 1558 4050 corrumpuntur.
1589 3972 1738 4026 Sunt
1766 3970 1949 4051 igitur
1979 3975 2225 4031 omnino
2255 3973 2769 4055 incorruptibiles.

517 4042 639 4105 cem,
663 4052 839 4095 omne
863 4039 1022 4111 quod
1044 4048 1462 4110 corrumpitur,
1482 4048 1881 4111 corrumpitur
1907 4056 2008 4111 per
2032 4044 2143 4101 boc
2162 4045 2319 4116 quod
2345 4045 2569 4119 aliquid
2596 4049 2832 4117 patitur.

418 4107 562 4163 Nam
586 4113 645 4162 et
669 4110 859 4177 ipsum
881 4111 1178 4180 corrumpi
1208 4110 1613 4182 estquoddam
1634 4113 1772 4182 pati.
1794 4114 1966 4169 Nulla
1994 4120 2188 4171 autem
2213 4116 2548 4174 substantia
2569 4117 2831 4174 intellec·

419 4177 601 4232 tualis
625 4187 817 4247 potest
835 4181 949 4249 pati
976 4182 1075 4237 tali
1107 4182 1386 4252 passione
1415 4196 1548 4253 quae
1567 4183 1750 4261 ducat
1767 4183 1839 4238 ad
1864 4185 2340 4255 corruptionem;
2375 4200 2509 4244 nam
2538 4188 2656 4268 pati
2690 4185 2829 4244 reci·

419 4259 557 4319 pere
579 4249 875 4318 quoddam
898 4257 1016 4317 est;
1033 4252 1194 4324 quod
1215 4259 1411 4309 autem
1438 4253 1715 4323 recipitur
1737 4265 1795 4309 in
1818 4254 2154 4313 substantia
2170 4257 2578 4325 intellectuali,
2603 4260 2837 4330 oportet

421 4316 579 4390 quod
630 4319 947 4397 recipiatur
979 4322 1038 4377 in
1080 4337 1154 4379 co
1194 4337 1296 4394 pei·
1335 4322 1577 4380 modum
1608 4323 1819 4394 ipsius,
1866 4325 2096 4381 scilicet
2126 4328 2626 4400 intelligibiliter;
2679 4327 2843 4403 quod

421 4401 561 4446 vero
590 4401 768 4445 sicin
819 4390 1151 4450 substantia
1199 4393 1583 4450 intellectuali
1630 4394 1930 4464 recipitur,
1964 4402 2055 4453 est
2083 4396 2395 4477 perficiens
2436 4398 2845 4457 substantiam

423 4459 882 4519 intellectualem
938 4467 998 4520 et
1047 4475 1171 4522 non
1225 4478 1616 4537 coi-rumpens
1678 4480 1808 4524 eam
1840 4483 1857 4536 ;
1904 4465 2284 4541 intelligibile
2343 4469 2504 4529 enim
2559 4477 2656 4530 est
2708 4484 2846 4544 per-
