3076 5025
413 293 521 348 ³38
1288 285 1426 340 ΗΒ.
1461 286 1563 351 111,
1603 285 1759 340 CAP.
1799 283 1971 339 LXIV.

419 411 724 470 tristantis
751 414 853 467 aut
884 406 1316 466 sollicitudinis
1364 404 1622 476 alicuius
1666 405 2064 469 molestantis,
2112 404 2184 464 de
2228 420 2347 478 qua
2399 405 2618 463 dicitur
2660 407 2727 464 in
2752 409 2855 467 ΡΒ.

419 495 614 549 mv,
642 485 695 549 9,
724 497 738 536 ε
765 480 1194 536 Inebriabuntur
1235 478 1307 533 ab
1330 476 1575 531 uberum
1617 476 1805 532 domm
1851 482 1977 541 ωε,
2004 480 2063 532 et
2101 481 2336 533 torrente
2380 478 2678 548 voluptatis
2748 483 2859 539 tuae

492 553 634 609 tabis
659 567 765 607 eos.
1578 577 1591 586 =

415 569 596 681 lmEst
642 622 822 679 etiam
866 619 1137 678 naturale
1187 617 1551 676 desiderium
1599 617 1881 676 omnibus
1928 616 2107 676 rebus
2154 631 2475 676 commune
2517 632 2624 690 per
2687 619 2852 692 quod

422 692 938 753 conservationem
972 690 1068 748 sui
1099 689 1462 756 desiderant,
1489 688 1822 746 secundum
1854 688 2014 760 quod
2040 689 2332 760 possibile
2378 695 2489 756 est,
2521 703 2627 760 pei·
2673 690 2850 762 cujus

421 761 942 824 immoderantiam
992 759 1270 817 homines
1321 758 1511 816 timidi
1563 759 1910 827 redduntur,
1960 765 2017 815 et
2064 760 2246 817 nimis
2294 774 2329 816 a
2376 759 2684 817 laboribus
2733 761 2851 818 sibi

465 839 757 892 arcentes,
789 831 957 899 Quod
988 830 1229 904 quidem
1262 828 1623 887 desiderium
1672 835 1815 886 tunc
1864 831 2112 887 omnino
2158 830 2574 900 complebitur,
2608 832 2848 902 quando

421 850 581 964 Beati
629 902 947 975 perfectam
1007 897 1537 970 sempiternitatem
1592 907 2054 972 consequentur,
2107 900 2181 957 ab
2246 914 2408 957 omni
2488 909 2854 960 nocumento

425 975 645 1043 securi,
678 972 1008 1030 secundum
1059 970 1210 1028 illud
1260 971 1398 1028 lsai.
1457 984 1618 1039 xux,
1654 975 1740 1035 10,
1772 976 1829 1027 et
1873 971 2138 1043 Apocal„
2166 984 2277 1039 vn,
2311 975 2373 1028 16
2406 989 2419 1027 ε
2451 973 2573 1030 Non
2621 975 2860 1029 esurient

423 1060 598 1114 neque
620 1046 808 1099 sitient
836 1043 1093 1111 amplius,
1124 1057 1296 1111 neque
1322 1014 1478 1096 cadet
1498 1057 1662 1112 super
1688 1041 1811 1096 illos
1837 1042 1933 1104 sol,
1965 1057 2135 1111 neque
2160 1043 2305 1097 ullus
2332 1045 2514 1098 aestus.

496 1116 590 1172 Sic
621 1114 804 1186 igitur
829 1118 990 1193 patet
1016 1111 1175 1184 quod
1207 1125 1311 1184 per
1336 1111 1632 1170 visionem
1676 1111 1938 1168 divinam
1982 1117 2438 1193 consequuntur
2483 1112 2856 1193 intellectua-

428 1186 519 1243 les
548 1184 899 1242 substantiae
925 1196 1124 1240 veram
1163 1182 1528 1252 felicitatem,
1562 1183 1625 1240 in
1667 1196 1785 1254 qua
1831 1195 2080 1240 omnino
2129 1183 2486 1240 desiderium
2534 1187 2854 1254 quietatur,

428 1262 490 1315 et
511 1256 573 1312 'in
604 1268 724 1326 qua
752 1260 844 1312 est
873 1253 1051 1325 plena
1079 1252 1442 1311 sufficientia
1467 1253 1737 1311 omnium
1768 1253 2086 1316 bonorum,
2119 1267 2255 1326 quae
2281 1253 2611 1310 secundum
2640 1254 2861 1312 Aristo-

425 1328 602 1383 telem
641 1325 876 1396 (Etbic.‚
928 1336 990 1393 x,
1041 1339 1169 1394 cap.
1199 1323 1257 1396 7)
1288 1324 1364 1382 ad
1410 1324 1755 1381 felicitatem
1806 1323 2152 1397 requiritur.
2188 1324 2347 1381 Unde
2394 1329 2452 1381 et
2482 1323 2730 1382 Boetius
2761 1324 2862 1396 (De

430 1397 649 1459 consol„
684 1396 723 1452 l.
755 1408 848 1464 111,
877 1407 1038 1466 pros.
1063 1395 1118 1465 2)
1154 1393 1318 1457 dicit,
1352 1394 1512 1466 quod
1540 1394 1848 1453 beatitudo
1877 1400 1970 1453 est
1996 1400 2189 1453 status
2237 1394 2507 1453 omnium
2554 1393 2854 1453 bonorum

433 1466 899 1539 congregatione
929 1465 1248 1536 periectus.

505 1536 690 1607 lluJus
719 1541 920 1592 autem
949 1536 1172 1593 ultimae
1202 1540 1258 1592 et
1326 1535 1560 1594 erfectae
1584 1535 1892 1594 felicitatis
1934 1535 2001 1592 iu
2051 1535 2162 1593 hac
2207 1536 2329 1592 vita
2369 1535 2523 1592 nihil
2572 1541 2665 1593 est
2710 1535 2862 1594 adeo

432 1607 650 1669 simile,
680 1606 838 1663 sicut
863 1606 985 1663 vita
1012 1611 1288 1677 contemp
1314 1605 1544 1664 antium
1576 1606 1905 1674 veritatem,
1934 1607 2263 1664 secuudum
2314 1605 2475 1679 quod
2522 1611 2614 1664 est
2704 1607 2863 1665 ossi-

430 1677 551 1735 bile
575 1677 637 1732 in
667 1676 780 1733 hac
806 1676 945 1733 vita.
975 1678 1043 1732 Et
1070 1676 1205 1734 ideo
1233 1677 1579 1748 philosophi
1610 1677 1713 1748 qui
1760 1676 1834 1734 de
1881 1677 1986 1733 illa
2031 1676 2313 1735 felicitate
2356 1676 2569 1735 ultima
2620 1690 2658 1747 p
2682 1690 2864 1735 enam

432 1747 707 1804 notitiam
734 1745 956 1803 habere
983 1760 1104 1803 non
1137 1752 1480 1817 potuerunt,
1509 1748 1571 1804 in
1604 1747 2109 1818 contemplatione
2137 1762 2270 1820 quae
2299 1753 2392 1804 est
2433 1747 2749 1818 possibilis
2797 1748 2864 1805 in

433 1817 546 1874 hac
592 1817 733 1882 vita,
789 1817 1054 1874 ultimam
1109 1816 1450 1875 felicitatem
1505 1818 1772 1876 hominis
1836 1824 2170 1889 posuerunt
2219 1818 2454 1889 (Etbic.,
2501 1831 2563 1887 x,
2608 1832 2739 1889 cap.
2784 1819 2861 1889 8).

437 1889 681 1958 Propter
711 1887 828 1945 hoc
854 1888 1052 1955 etiam,
1086 1888 1241 1944 inter
1285 1887 1435 1946 alias
1463 1888 1641 1957 vitas,
1668 1888 1729 1945 in
1762 1889 2069 1961 Scriptura
2111 1887 2313 1946 divina
2360 1889 2555 1973 magis
2598 1893 2865 1946 contem-

430 1958 656 2029 plativa
674 1957 1147 2026 commendatur,
1179 1958 1412 2015 dicente
1450 1959 1726 2026 DominO,
1751 1962 1943 2028 Luem,
1964 1972 2024 2027 x,
2052 1963 2123 2016 42
2141 1977 2155 2014 ε
2174 1962 2358 2014 Maria
2374 1963 2867 2029 optimampmem

417 2029 609 2096 elegit,
644 2026 882 2086 scilicet
906 2029 1472 2099 contemplationem
1502 2029 1793 2099 veritatis»,
1822 2045 1940 2099 quae
1965 2044 2076 2084 non
2105 2031 2387 2097 auferetur
2427 2030 2498 2085 ab
2539 2045 2623 2086 ea.
2654 2029 2869 2100 incipit

433 2099 594 2154 enim
620 2097 1045 2169 contemplatio
1071 2099 1340 2157 veritatis
1378 2100 1440 2157 in
1486 2099 1601 2157 hac
1641 2100 1782 2167 vita,
1809 2100 1917 2157 sed
1965 2100 2032 2157 in
2078 2099 2283 2158 futura
2324 2100 2863 2160 consummabitur.

430 2168 634 2227 Activa
657 2181 794 2226 vero
819 2174 878 2226 et
905 2168 1102 2227 civilis
1135 2169 1258 2227 vita
1282 2169 1461 2242 hujus
1490 2165 1627 2227 vitae
1660 2170 1951 2229 terminos
1976 2182 2102 2228 non
2130 2170 2582 2232 transcendunt.

1401 2388 1658 2454 CAPUT
1695 2390 1899 2458 LXIV.

931 2567 1086 2622 QUOD
1121 2568 1272 2614 ntus
1309 2568 1423 2614 sm
1456 2568 1862 2616 movilium
1897 2568 2205 2617 GmtmmAT
2240 2572 2368 2618 RES.

505 2733 588 2789 Ex
611 2731 710 2789 his
737 2737 936 2811 autem
965 2745 1097 2859 guin
1127 2732 1441 2803 praemissa
1467 2737 1628 2801 sunt,
1661 2732 2032 2792 sufficienter
2075 2733 2327 2793 habetur
2374 2734 2536 2808 quod
2564 2736 2724 2793 Deus
2768 2739 2862 2815 est

433 2816 637 2859 reruni
666 2815 935 2859 omnium
1011 2814 1127 2859 nis.
1155 2805 1238 2859 Ex
1265 2816 1384 2875 quo
1411 2802 1619 2861 haberi
1691 2808 1847 2862 otest
1888 2805 2138 2864 ulterius
2185 2805 2392 2879 quodi
2437 2819 2501 2863 se
2532 2818 2643 2864 sua
2714 2818 2871 2862 rovi-

423 2871 636 2929 -dentia
663 2872 974 2944 gubernat,
998 2871 1092 2929 vel
1123 2873 1276 2945 regit
1301 2873 1604 2931 universa.
1683 2875 2137 2948 nandocumque
2167 2875 2327 2934 enim
2359 2890 2394 2934 a
2421 2876 2561 2949 iqua
2588 2888 2624 2933 o
2702 2877 2871 2934 inan·

433 2947 531 2999 tur
582 2941 653 2999 ad
710 2942 971 3014 aliquem
1018 2941 1223 3010 tinem,
1272 2944 1477 3000 omnia
1522 2943 1913 3016 dispositioni
1959 2947 2124 3005 illius
2168 2946 2504 3019 subiacent,
2556 2945 2634 3004 ad
2689 2960 2869 3019 quem

433 3011 846 3083 principaliter
891 3013 1149 3083 pertinet
1195 3012 1297 3071 ille
1340 3013 1502 3084 finiS,
1531 3016 1692 3072 sicut
1733 3016 1796 3072 in
1841 3018 2102 3075 exercitu
2146 3023 2409 3088 apparet.
2442 3018 2663 3077 Omnes
2706 3018 2868 3074 enini

434 3087 636 3153 partes
664 3082 961 3140 exercitus
991 3089 1049 3139 et
1078 3096 1285 3141 eorum
1312 3098 1496 3155 opera
1537 3086 1895 3144 ordinantur
1937 3088 2010 3145 ad
2060 3087 2287 3146 honum
2340 3089 2533 3157 ducis,
2566 3087 2728 3161 quod
2778 3091 2873 3145 est

433 3152 705 3221 victoria,
751 3152 908 3234 sic-ut
953 3152 1018 3210 in
1060 3153 1338 3212 ultimum
1394 3154 1595 3219 finem,
1653 3164 1709 3214 et
1755 3164 1994 3228 propter
2044 3157 2157 3216 hoc
2206 3159 2279 3216 ad
2327 3158 2539 3216 ducem
2604 3158 2866 3229 pertinet

433 3228 624 3280 totum
657 3229 980 3281 exercitum
1011 3224 1369 3296 gubernare.
1401 3227 1689 3284 Similiter
1717 3241 1815 3285 ars
1845 3242 1977 3300 quae
2003 3234 2094 3287 est
2123 3229 2196 3287 de
2224 3229 2343 3287 fine
2387 3230 2641 3301 imperat
2676 3234 2737 3286 et
2764 3228 2865 3286 dat

433 3293 601 3374 leges
633 3294 744 3350 arti
774 3309 906 3376 quae
930 3300 1024 3352 est
1054 3294 1126 3353 de
1155 3295 1252 3354 his
1278 3311 1410 3369 quae
1439 3303 1585 3354 sunt
1613 3298 1686 3355 ad
1717 3296 1917 3367 finem,
1952 3305 2015 3356 ut
2043 3300 2238 3358 civilis
2266 3300 2532 3364 militari,
2561 3303 2620 3356 et
2643 3299 2867 3358 milita-

433 3377 531 3490 {ti-
545 3369 1046 3493 eiieiss'knffii?
1071 3365 1919 3496 {issiffsswsit³0?issfi⁰3¹effi·
1933 3370 2871 3522 3³5235335m01¹32321033ffit702z

439 3504 549 3574 18),
575 3510 817 3587 oportet·
839 3506 998 3578 quod
1031 3508 1190 3588 Deus
1216 3509 1291 3566 ad
1320 3523 1498 3590 quem
1525 3482 1936 3580 principalite’r
1978 3510 2084 3569 illa
2120 3511 2358 3569 bonitas
2402 3516 2683 3583 pertinet,
2708 3511 2867 3570 sicut

433 3575 915 3634 substantialiter
963 3576 1169 3637 habita
1222 3585 1282 3636 et
1335 3579 1640 3637 intellecta
1687 3586 1746 3637 et
1790 3587 2007 3651 amata,
2061 3582 2140 3640 sit
2182 3582 2547 3655 gubernator
2591 3582 2863 3640 omnium

431 3658 651 3702 rerum.

505 3716 726 3785 Adhuc,
759 3718 1122 3792 quicumque
1153 3719 1298 3777 facit
1338 3720 1569 3801 aliquid
1610 3727 1854 3793 propter
1894 3722 2097 3794 finem,
2144 3723 2330 3782 utitur
2379 3724 2489 3782 illo
2535 3724 2606 3782 ad
2657 3722 2860 3783 finem.

433 3786 752 3844 ostensum
782 3794 874 3846 est
903 3796 1100 3848 autem
1129 3804 1311 3862 supra
1334 3790 1462 3862 (lib.
1487 3805 1557 3858 11,
1587 3807 1717 3863 cap.
1752 3792 1839 3864 45)
1896 3794 2055 3867 quod
2081 3794 2287 3852 omnia
2314 3809 2446 3867 quae
2474 3795 2697 3852 habent
2734 3807 2870 3853 esse

429 3870 806 3983 quocumque
836 3860 1039 3929 modo,
1069 3866 1212 3943 sunt
1239 3860 1487 3941 effectus
1512 3863 1643 3931 Dei,
1668 3868 1729 3920 et
1757 3864 1882 3945 (lib.
1911 3879 2001 3933 111,
2022 3879 2152 3937 cap.
2181 3865 2291 3936 17),
2314 3866 2473 3937 quod
2491 3868 2649 3923 Deus
2665 3865 2871 3923 omnia

434 3933 573 4005 ‚acit
603 3933 842 3999 propter
868 3928 1069 4001 finem,
1102 3947 1201 4005 qui
1232 3937 1324 3990 est
1352 3945 1502 4002 ipse.
1537 3936 1669 4005 lpse
1700 3934 1882 4007 igitur
1905 3936 2093 3993 utitur
2118 3936 2400 3994 omnibus
2430 3936 2747 4008 dirigendo
2799 3948 2871 3994 ea

428 4009 494 4077 iii
521 3995 719 4055 finem.
753 4000 878 4080 iloc
903 4006 1100 4059 autem
1131 4006 1222 4059 est
1272 4001 1629 4075 gubernare.
1661 4007 1765 4063 Est
1790 4006 1974 4078 igitur
1998 4008 2157 4065 Deus
2184 4021 2290 4078 per
2333 4020 2505 4065 suam
2554 4006 2868 4079 providen-

429 4069 574 4123 tiam
603 4082 873 4127 omnium
902 4072 1286 4144 gubernator.

497 4138 774 4210 Amplius,
806 4147 1116 4201 ostensum
1146 4148 1239 4202 est
1268 4143 1394 4216 (lib.
1424 4158 1490 4214 11,
1531 4160 1661 4218 cap.
1692 4145 1778 4217 13)
1818 4146 1978 4219 quod
2006 4149 2166 4207 Deus
2193 4154 2289 4207 est
2326 4149 2584 4220 primum
2616 4161 2868 4208 movens

427 4217 550 4263 non
582 4216 832 4289 motum.
863 4213 1124 4296 Primum
1183 4220 1381 4297 autem
1410 4229 1661 4276 movens
1707 4230 1829 4275 non
1870 4217 2073 4276 minus
2116 4224 2316 4278 movet
2366 4232 2541 4300 quam
2600 4219 2872 4277 secunda

426 4284 748 4350 moventia,
779 4282 886 4340 sed
916 4297 1134 4357 magis,
1161 4300 1303 4359 quia
1330 4299 1464 4345 sine
1494 4301 1568 4345 eo
1596 4302 1720 4347 non
1754 4294 1994 4345 movent
2038 4289 2175 4348 alia.
2223 4291 2436 4349 Omnia
2482 4293 2679 4348 autem
2734 4303 2871 4363 quae

425 4354 761 4430 moventur,
791 4360 1106 4413 moventur
1131 4370 1238 4427 pro
1282 4362 1370 4415 ter
1397 4356 1599 4428 finem,
1634 4365 1697 4417 ut
1726 4371 1909 4430 supra
1936 4358 2090 4432 (cap.
2118 4364 2176 4434 2)
2206 4367 2517 4420 ostensum
2574 4365 2686 4418 est.
2734 4363 2864 4420 Ho-

424 4422 522 4476 vet
551 4425 738 4492 igitur
761 4425 921 4484 Deus
963 4427 1169 4488 omnia
1195 4372 1276 4488 ag
1313 4427 1467 4491 fines
1506 4434 1679 4503 suos,
1703 4434 1763 4490 et
1808 4443 1917 4505 per
1961 4430 2351 4495 intellectum.
2402 4433 2724 4494 ostensum
2775 4436 2873 4496 ωσι
