3076 5025
1143 300 1276 353 Ltss.
1319 300 1414 365 111,
1457 299 1609 354 CAP.
1653 299 1821 353 LXtX.
2578 305 2678 359 347

237 419 575 479 causalitas
624 419 941 478 effectuum
991 418 1344 477 inferiorum
1388 425 1478 477 est
1508 421 1592 476 ita
1616 418 1993 476 attribuenda
2020 419 2236 478 divinae
2263 421 2489 491 virtuti,
2518 423 2679 495 quod

235 491 636 550 subtrahatur
665 491 990 549 causalitas
1019 490 1372 548 inferiorum
1402 490 1733 561 agentium.

314 564 448 618 Item
475 568 687 620 contra
738 562 1030 620 rationem
1083 561 1388 632 sapientiae
1417 566 1604 617 estut
1654 562 1732 618 sit
1761 560 1987 633 aliquid
2039 561 2261 619 frustra
2289 562 2351 619 in
2395 564 2680 633 operibus

233 632 557 703 sapientis.
591 634 652 690 Si
697 639 897 690 autem
942 645 1039 690 res
1070 637 1282 689 creatae
1312 632 1483 713 nullo
1514 630 1694 713 modo
1727 637 2049 714 operentur
2075 633 2148 689 ad
2181 632 2431 690 effectus
2460 635 2679 704 produ·

237 702 493 774 cendos,
519 703 627 760 sed
653 703 823 761 solus
844 706 1000 761 Deus
1022 707 1297 773 operetur
1321 716 1527 759 omnia
1548 702 1907 768 immediate,
1937 702 2157 760 frustra
2178 710 2382 761 essent
2399 705 2683 766 adhibitae

237 773 320 902 311)
347 774 481 853 ipso
507 774 640 854 aliae
673 788 767 855 res
800 775 874 832 ad
890 773 1308 846 producendos
1327 772 1600 842 effectuS,
1623 778 1916 846 repugnat
1934 773 2120 844 igitur
2146 774 2428 845 praedicta
2454 775 2679 847 positio

309 858 464 901 vlnae
494 857 562 902 sa
608 851 828 903 tentiae.
2344 865 2351 870 ·

315 915 538 983 Adhuc,
565 859 741 987 ‘quod
781 916 880 973 dat
925 915 1104 974 alicui
1134 914 1376 988 aliquod
1410 913 1758 986 principale,
1790 914 1890 971 dat
1928 913 2120 971 eidem
2152 915 2356 972 omnia
2383 932 2516 989 quae
2541 931 2659 976 con

239 992 584 1057 sequuntur
610 985 685 1043 ad
733 986 903 1055 illud,
943 987 1100 1044 sicut
1129 999 1315 1044 causa
1347 1000 1481 1059 quae
1516 986 1617 1043 dat
1645 985 1880 1065 corpori
1923 985 2269 1043 elementari
2307 989 2683 1066 gravitatem,

240 1056 350 1114 dat
379 1056 432 1112 ei
464 1062 690 1113 motum
723 1057 1023 1115 deorsum.
1067 1057 1280 1114 Facere
1334 1063 1531 1114 autem
1580 1056 1806 1129 aliquid
1860 1060 1995 1113 actu
2040 1063 2431 1128 consequitur
2467 1059 2539 1114 ad
2568 1059 2683 1116 ho<-

237 1125 410 1199 quod
438 1132 528 1183 est
553 1141 687 1185 esse
717 1133 871 1195 actu,
900 1132 965 1185 ut
996 1131 1156 1199 patet
1184 1127 1247 1184 in
1268 1128 1409 1184 Deo.
1439 1131 1571 1198 lpse
1592 1134 1683 1185 est
1703 1127 1862 1183 enim
1888 1132 2057 1184 actus
2078 1141 2285 1198 purus,
2310 1133 2369 1184 et
2392 1133 2485 1186 est
2502 1130 2683 1188 etiam

237 1198 444 1269 prima
471 1212 656 1254 causa
683 1198 922 1255 essendi
962 1197 1266 1266 omnibuS,
1303 1203 1368 1255 ut
1402 1197 1740 1279 supratlib..
1768 1210 1966 1278 neap.
1992 1201 2063 1277 jo
2091 1202 2148 1252 et
2167 1202 2231 1254 13
2252 1215 2265 1266 ;
2290 1197 2391 1255 111).
2420 1213 2487 1268 11,
2515 1215 2567 1255 c.
2592 1200 2686 1271 15).

239 1273 562 1327 ostensum
595 1273 705 1326 est.
737 1270 794 1326 Si
827 1269 1012 1340 igitur
1038 1269 1502 1326 communicavit
1531 1268 1668 1325 alus
1691 1267 2145 1326 similitudinem
2179 1276 2679 1341 suam,quantum

238 1337 324 1397 ad
355 1352 513 1408 esse,
552 1339 614 1395 in
651 1345 938 1419 quantum
969 1352 1066 1396 res
1113 1340 1176 1396 in
1215 1352 1350 1396 esse
1388 1339 1687 1409 produxit,
1718 1351 2098 1409 consequens
2124 1342 2214 1395 est
2254 1344 2319 1396 ut
2353 1341 2659 1399 communi

235 1408 473 1467 caverit
514 1409 604 1467 eis
634 1409 1087 1467 similitudinem
1135 1423 1306 1467 suam
1344 1418 1632 1481 quantum
1670 1408 1746 1466 ad
1793 1422 1990 1481 agere,
2032 1414 2096 1466 ut
2124 1410 2301 1467 etiam
2330 1423 2429 1471 res
2467 1416 2684 1470 creatae

237 1478 512 1536 habeant
538 1481 811 1551 proprias
839 1481 1127 1538 actiones.

313 1551 597 1620 Amplius,
629 1551 912 1620 perfectio
943 1549 1190 1607 effectus
1218 1550 1569 1608 determinat
1593 1549 2018 1622 perfectionem
2049 1564 2267 1608 causae.
2299 1550 2482 1621 Major
2521 1552 2677 1609 enim

235 1620 439 1678 virtus
476 1621 900 1692 perfectionem
949 1620 1267 1678 effectuum
1313 1621 1562 1678 inducit.
1611 1623 1769 1678 Deus
1815 1625 2013 1678 autem
2056 1626 2149 1678 est
2175 1621 2681 1692 perfectissimum

238 1704 459 1764 agens.
494 1692 734 1762 Oportet
755 1691 959 1762 igitur,
993 1691 1155 1763 quod
1187 1704 1279 1749 rcs
1305 1691 1378 1748 ab
1408 1691 1543 1762 ipso
1573 1696 1785 1748 creatae
1811 1691 2237 1761 perfectionem
2268 1691 2341 1749 ab
2370 1691 2502 1762 ipso
2532 1706 2678 1750 con-

233 1767 599 1833 sequantur.
651 1763 968 1818 Detrahere
1006 1776 1148 1834 ergo
1192 1762 1540 1832 perfectioni
1584 1767 1989 1819 creaturarum
2018 1767 2110 1819 est
2136 1762 2442 1820 detrahere
2488 1762 2680 1833 perfe-

239 1832 438 1890 ctioni
469 1833 684 1890 divinae
713 1832 970 1890 virtutis.
1003 1832 1138 1901 Sed,
1169 1833 1220 1890 si
1253 1832 1419 1890 nulla
1455 1837 1725 1889 creatura
1766 1831 1943 1889 habet
1984 1832 2242 1905 aliquam
2281 1832 2575 1890 actionem
2606 1832 2683 1892 ad

240 1903 514 1975 aliquem
544 1901 820 1960 effectum
849 1902 1320 1974 producendum,
1353 1904 1604 1960 multum
1638 1902 1965 1960 detrahitur
1991 1903 2340 1985 perfectioni
2371 1909 2679 1962 creaturae.

239 1974 334 2029 Ex
378 1972 744 2031 abundantia
791 1974 950 2030 enim
978 1973 1362 2044 perfectionis
1410 1980 1521 2042 est,
1570 1973 1729 2046 quod
1769 1973 2193 2045 perfectionem
2232 1988 2411 2047 quam
2454 1974 2683 2056 aliquid

239 2042 450 2170 husitiet,
507 2045 702 2115 possit
747 2043 916 2102 alteri
965 2044 1428 2103 communicare.
1481 2044 1746 2101 Detrahit
1792 2044 1973 2117 igitur
2019 2044 2146 2102 haec
2190 2045 2413 2116 positio
2459 2045 2675 2104 divinae

236 2128 293 2170 vi
369 2128 401 2170 u
433 2128 477 2171 1.

315 2184 473 2253 item,
520 2183 675 2242 sicut
713 2189 804 2242 est
849 2184 991 2242 boni
1029 2184 1252 2242 bonum
1303 2185 1517 2250 facere,
1551 2184 1635 2241 ita
1662 2189 1755 2241 est
1779 2185 1996 2242 summi
2026 2184 2170 2242 boni
2202 2185 2427 2257 aliquid
2457 2186 2683 2257 optime

239 2254 469 2313 facere.
511 2257 668 2312 Deus
719 2259 916 2312 autem
938 2259 1032 2311 est
1057 2268 1359 2312 summum
1388 2255 1634 2323 bonum,
1664 2260 1729 2312 ut
1751 2255 1815 2310 in
1837 2256 2032 2325 primo
2062 2255 2213 2326 (cap.
2248 2258 2336 2328 14)
2367 2262 2680 2316 ostensum

240 2331 365 2383 est.
415 2324 600 2395 igitur
651 2325 781 2396 ejus
810 2330 905 2383 est
932 2324 1153 2397 optime
1180 2325 1374 2383 facere
1406 2324 1629 2382 omnia.
1674 2325 1886 2383 Melius
1915 2332 2111 2382 autem
2143 2331 2235 2385 est
2264 2326 2423 2397 quod
2454 2327 2681 2386 bonum

240 2394 433 2452 alicui
466 2395 749 2452 collatum
796 2395 874 2454 sit
920 2396 1243 2453 multorum
1303 2409 1642 2464 commune,
1677 2409 1855 2468 quam
1881 2396 2040 2467 quod
2071 2394 2153 2453 sit
2178 2397 2503 2467 proprium,
2537 2398 2684 2468 quia

238 2464 478 2525 bonum
529 2479 846 2523 commune
896 2479 1131 2537 semper
1174 2466 1477 2524 invenitur
1522 2479 1657 2524 esse
1705 2465 1968 2524 divinius
2011 2479 2191 2539 quam
2231 2465 2453 2524 bonum
2497 2468 2682 2525 unius

235 2541 507 2596 tantum.
540 2536 653 2593 Sed
677 2537 903 2595 bonum
926 2536 1108 2595 unius
1137 2535 1202 2593 fit
1223 2537 1429 2595 multis
1459 2549 1796 2605 commune,
1822 2536 1873 2594 si
1897 2537 1969 2594 ab
1990 2549 2113 2595 uno
2132 2536 2195 2592 in
2219 2537 2335 2594 alia
2357 2537 2676 2607 derivatur,

242 2605 416 2680 quod
458 2620 578 2664 non
618 2613 814 2677 potest
842 2620 999 2676 esse,
1053 2607 1171 2664 nisi
1199 2608 1260 2663 in
1293 2612 1579 2679 quantum
1610 2605 1889 2663 diffundit
1919 2608 2114 2677 ipsum
2158 2606 2220 2663 in
2249 2607 2369 2664 alia
2395 2622 2500 2677 per
2540 2621 2678 2679 pro-

239 2676 443 2750 priam
474 2678 792 2735 actionem.
825 2678 885 2735 Si
915 2691 1055 2734 vero
1087 2681 1439 2749 potestatem
1467 2690 1589 2734 non
1622 2676 1795 2734 habet
1821 2676 1967 2733 illud
1993 2678 2051 2733 in
2085 2676 2203 2733 alia
2231 2678 2677 2748 tranfundendi,

241 2752 458 2806 manet
502 2747 736 2819 sibiipsi
788 2748 1114 2820 proprium.
1158 2748 1253 2805 Sic
1299 2748 1482 2819 igitur
1519 2749 1676 2804 Deus
1702 2747 1883 2804 rebus
1906 2747 2122 2806 creatis
2150 2760 2321 2804 suam
2350 2748 2677 2807 bonitatem

241 2819 740 2888 communicavit,
794 2824 856 2876 ut
900 2832 1019 2876 una
1073 2832 1170 2876 res
1218 2818 1379 2898 quod
1422 2817 1671 2889 accepit,
1749 2818 1899 2874 ossit
1927 2818 1993 2874 in
2025 2817 2201 2875 aliam
2233 2819 2673 2878 transfundere.

240 2889 569 2947 Detrahere
600 2903 664 2946 er
706 2903 742 2946 o
765 2888 1033 2947 actiones
1102 2902 1331 2957 roprias
1360 2887 1540 2946 rebus
1569 2892 1663 2945 est
1726 2887 1900 2945 ivinae
1926 2886 2179 2945 bonitati
2201 2887 2506 2961 derogare.

318 2959 548 3028 Adhuc,
600 2973 669 3016 su
717 2960 950 3017 trahere
979 2972 1049 3017 or
1091 2960 1249 3015 inem
1279 2957 1458 3016 rebus
1516 2959 1732 3016 creatis
1777 2963 1869 3017 est
1914 2959 2003 3018 eis
2040 2958 2388 3017 subtrahere
2426 2960 2484 3017 id
2517 2960 2680 3032 quod

243 3029 543 3101 optimum
581 3028 835 3095 habent;
864 3043 1002 3087 nam
1033 3029 1274 3111 singula
1300 3029 1364 3085 in
1402 3029 1621 3099 seipsis
1650 3032 1792 3087 sunt
1815 3028 1992 3087 hona.
2025 3030 2213 3087 Simul
2243 3035 2441 3087 autem
2473 3031 2682 3089 omnia

244 3106 396 3158 sunt
452 3099 677 3171 optima
732 3106 973 3171 propter
1015 3100 1284 3157 ordinem
1317 3100 1603 3156 universi.
1634 3101 1879 3171 Semper
1921 3099 2079 3157 enim
2109 3105 2298 3157 totum
2340 3107 2432 3159 est
2460 3101 2679 3159 melius

242 3168 524 3298 {artibus
560 3176 617 3226 et
653 3169 795 3228 finis
825 3171 1113 3241 ipsarum.
1145 3170 1201 3227 Si
1232 3176 1427 3228 autern
1458 3170 1636 3227 rebus
1667 3168 2094 3228 subtrahantur
2133 3172 2421 3240 actiones,
2443 3172 2677 3230 subtra-

293 3240 418 3297 itur
442 3240 588 3298 ordo
641 3255 836 3298 rerum
868 3241 939 3299 ad
962 3241 1238 3297 invicem.
1271 3243 1486 3298 Rerum
1535 3240 1695 3298 enim
1733 3256 1865 3313 quae
1894 3247 2037 3298 sunt
2063 3241 2311 3300 diversae
2343 3243 2676 3299 secundum

242 3323 396 3370 suas
440 3317 708 3380 naturas,
759 3325 879 3369 non
910 3318 1002 3369 est
1031 3312 1336 3383 colligatio
1381 3312 1442 3368 in
1482 3311 1712 3369 ordinis
1752 3312 2060 3380 unitatem,
2088 3311 2206 3370 nisi
2236 3326 2340 3383 per
2370 3313 2484 3369 hoc
2513 3312 2676 3384 quod

244 3380 521 3453 quaedam
551 3386 755 3454 agunt,
784 3386 842 3439 et
861 3382 1130 3454 quaedam
1160 3383 1483 3452 patiuntur.
1509 3382 1946 3439 inconveniens
1964 3382 2149 3454 igitur
2166 3388 2257 3440 est
2275 3381 2492 3445 dicere,
2511 3383 2675 3455 quod

241 3464 346 3509 res
377 3465 500 3509 non
529 3452 750 3510 habent
823 3452 1052 3523 roprias
1082 3453 1369 3510 actiones.
1796 3521 1806 3532 ι

319 3523 596 3592 Amplius,
628 3523 679 3581 si
712 3538 743 3579 e
793 3528 960 3581 ectus
990 3536 1111 3581 non
1144 3523 1555 3594 producuntur
1595 3536 1667 3579 ex
1695 3526 1931 3580 achone
1959 3535 2156 3580 rerum
2187 3526 2539 3589 creatarum,
2568 3522 2679 3582 sed

244 3592 447 3651 solum
501 3608 572 3649 ex
627 3594 862 3651 actione
905 3594 1029 3663 Dei,
1062 3593 1439 3664 impossibile
1491 3597 1583 3650 est
1632 3592 1796 3720 guod
1826 3607 1933 3664 per
1959 3591 2235 3650 effectum
2262 3594 2679 3650 manifestetur

243 3663 439 3720 virtus
469 3663 723 3736 alicujus
755 3678 952 3722 causae
981 3669 1214 3722 creatae.
1245 3666 1373 3721 Non
1406 3663 1565 3721 enim
1594 3679 1625 3721 e
1674 3668 1841 3722 ectus
1886 3663 2149 3721 ostendit
2172 3663 2443 3720 virtutem
2476 3676 2675 3721 causae

245 3732 628 3791 uisitatione
659 3734 935 3802 actionis,
999 3749 1130 3806 quae
1180 3750 1214 3791 a
1261 3735 1477 3790 virtute
1508 3734 1839 3805 procedens
1879 3734 1950 3791 ad
2000 3733 2275 3791 effectum
2302 3733 2670 3790 terminatur.

243 3804 470 3861 Natura
497 3810 692 3862 autem
739 3819 937 3863 causae
967 3817 1090 3862 non
1121 3805 1508 3876 cognoscitur
1551 3818 1656 3876 per
1697 3802 1971 3862 effectum
2005 3805 2122 3862 nisi
2152 3804 2217 3861 in
2295 3808 2544 3883 uantum
2570 3817 2677 3874 per

243 3874 446 3946 ipsum
477 3876 864 3946 cognoscitur
897 3874 1086 3933 virtus
1123 3875 1276 3948 ejuS,
1325 3889 1457 3949 quae
1503 3881 1778 3932 naturam
1826 3874 2233 3947 consequitur.
2314 3874 2549 3944 iigitur
2577 3887 2675 3933 res

245 3950 458 4003 creatae
487 3959 608 4003 non
640 3944 856 4005 habent
887 3947 1153 4004 actiones
1181 3946 1253 4003 ad
1278 3945 1726 4017 producendum
1752 3943 2021 4014 effectus,
2047 3944 2318 4018 sequitur
2341 3943 2499 4017 quod
2523 3956 2674 4001 nun-

221 4022 426 4087 'quam
457 4023 671 4073 natura
707 4016 961 4089 aliquus
1015 4016 1099 4073 rei
1148 4022 1359 4074 creatae
1410 4017 1627 4087 poterit
1672 4017 1960 4089 cognosci
1999 4029 2106 4096 per
2146 4013 2442 4082 effectum,
2475 4019 2533 4071 et
2583 4017 2674 4074 sic

243 4086 622 4143 subtrahitur
666 4086 841 4144 nobis
887 4087 1088 4146 omnis
1136 4087 1402 4156 cognitio
1449 4086 1716 4144 scientias
1764 4086 2076 4156 naturalis,
2106 4085 2172 4142 in
2217 4099 2336 4157 qua
2374 4085 2673 4158 praecipue

233 4154 794 4215 demonstrationes
820 4170 923 4228 per
949 4157 1223 4215 effectum
1256 4161 1595 4214 sumuntur.

317 4225 473 4287 Item,
526 4232 765 4297 apparet
811 4241 915 4297 per
957 4228 1367 4286 inductionem
1414 4226 1474 4284 in
1525 4225 1808 4285 omnibus
1861 4224 2020 4299 quod
2065 4223 2265 4282 simile
2310 4231 2448 4299 agat
2491 4240 2670 4284 suum

246 4293 471 4354 simile.
504 4295 567 4352 ld
597 4301 794 4353 autem
833 4297 992 4369 quod
1031 4302 1349 4370 generatur
1391 4297 1453 4354 in
1499 4298 1682 4355 rebus
1732 4297 1795 4354 in
1824 4295 2140 4366 erioribuS,
2174 4309 2297 4354 non
2342 4303 2435 4355 est
2480 4298 2672 4355 forma

247 4369 510 4435 tantum,
543 4366 647 4423 sed
679 4368 1073 4438 compositum
1104 4384 1174 4426 ex
1203 4366 1453 4426 materia
1482 4373 1541 4424 et
1578 4368 1789 4425 forma.
1822 4369 1967 4424 Nam
2011 4366 2210 4425 omnis
2256 4368 2559 4440 generatio
2594 4380 2671 4421 ¹ex

247 4435 449 4510 aliquo
480 4441 593 4509 est,
625 4437 856 4495 scilicet
884 4451 957 4494 ex
983 4440 1249 4509 materia,
1281 4444 1338 4496 et
1368 4438 1441 4496 ad
1469 4437 1717 4511 aliquid,
1751 4437 1983 4496 scilicet
2006 4437 2081 4495 ad
2124 4439 2395 4497 formam.
2429 4438 2669 4507 Oportet
