3076 5025
955 322 1090 382 ue.
1130 323 1228 392 111,
1268 322 1420 379 CAP.
1462 322 1696 379 cxxxv,
1829 292 1869 311 ’Ἴ
2414 326 2525 384 449

157 444 350 503 fideles,
380 445 488 500 Nec
515 447 747 515 propter
773 442 889 500 hoc
929 442 1091 515 quod
1138 442 1322 515 aliqui
1372 443 1487 501 hoc
1533 442 1714 500 modo
1752 441 1987 501 vivendi
2035 442 2373 514 abutantur,
2421 443 2523 506 hic

157 515 343 574 modus
363 513 582 571 vivendi
627 518 823 585 potest
849 513 1203 584 improbam
1236 526 1373 571 cum
1411 512 1597 573 'etiam
1640 513 1818 572 bonis
1860 514 2015 572 male
2060 520 2303 573 utantur
2352 514 2521 588 mali,

156 584 289 646 sicut
311 584 473 655 etiam
499 583 671 642 malis
693 583 846 641 bene
877 588 1126 641 utuntur
1149 583 1314 642 boni.

212 655 414 712 Tertius
440 655 609 711 etiam
637 654 852 712 modus
889 654 1125 712 vivendi
1168 658 1572 727 paupertatem
1619 653 2015 735 voluntariam
2073 656 2523 716 assumentibus

156 724 412 792 convenit,
444 730 506 781 ut
528 724 758 782 scilicet
784 725 857 782 de
879 724 1079 782 labore
1107 738 1392 782 manuum
1414 725 1633 782 vivant.
1661 727 1789 781 Non
1818 738 1977 782 enini
2005 739 2220 784 vanum
2254 731 2344 784 est
2380 732 2526 786 tem-

157 794 353 866 poralia
386 793 690 865 dimittere,
729 800 794 853 ut
848 794 1064 853 iterum
1108 796 1492 868 acquirantur
1536 809 1642 867 per
1683 795 1947 852 laborem
2003 809 2310 867 manuum,
2366 798 2527 856 sicut

190 865 318 921 rima
341 864 481 922 ratio
509 865 568 922 in
598 865 961 923 contrarium
987 865 1353 938 proponebat
1378 882 1393 934 ;
1468 865 1567 923 uia
1610 864 1947 923 divitiarum
1972 867 2282 936 possessio
2312 873 2370 925 et
2401 868 2525 926 sol·

176 934 478 992 icitudinein
506 935 918 1009 requirebatin
940 936 1338 1008 procurando,
1360 880 1460 992 ve?
1482 935 1693 993 saltem
1719 936 2131 1016 custodiendo,
2164 942 2221 994 et
2247 936 2526 997 affectum

156 1004 384 1061 hominis
410 1005 478 1062 ad
508 1020 573 1063 se
606 1006 911 1074 trahebat;
943 1005 1103 1078 quod
1132 1020 1254 1063 non
1284 1005 1499 1064 accidit
1527 1005 1671 1064 dum
1715 1004 1934 1077 aliquis
1961 1020 2066 1078 per
2108 1006 2372 1066 laborem
2396 1021 2525 1067 ma·
2620 1058 2626 1065 .

157 1087 313 1132 nuum
334 1075 733 1147 quotidianum
762 1077 983 1133 victum
1013 1077 1319 1149 acquirere
1348 1076 1568 1134 studet.

211 1147 353 1202 Patet
374 1152 558 1204 autem
588 1146 749 1220 quod
778 1146 852 1204 ad
881 1146 1307 1220 acquirendum
1336 1160 1440 1218 per
1468 1144 1733 1204 laborem
1775 1159 2060 1204 manuum
2089 1146 2307 1206 victum
2343 1161 2529 1222 quan·

157 1219 259 1271 tum
283 1214 486 1273 sufficit
513 1216 586 1274 ad
615 1224 842 1274 naturae
871 1217 1366 1275 sustentationem
1395 1217 1697 1274 modicum
1743 1222 1977 1292 temnus
2008 1217 2249 1286 sufficit,
2299 1223 2358 1276 et
2401 1230 2526 1277 mo-

158 1283 267 1341 dica
289 1285 613 1344 sollicitudo
644 1287 984 1346 necessaria
1012 1292 1129 1346 est·
1163 1287 1268 1345 sed
1315 1287 1388 1345 ad
1418 1287 1658 1344 divitias
1687 1288 2163 1359 congregandas,
2191 1287 2285 1346 vel
2314 1302 2384 1346 su
2432 1302 2525 1347 er·

158 1353 308 1433 iluum
333 1356 539 1414 victum
572 1358 956 1430 quaerendum
982 1372 1088 1431 per
1117 1331 1381 1417 laborem
1401 1371 1709 1426 manuum,
1740 1357 1897 1415 sicut
1918 1358 2249 1440 saeculares·
2266 1301 2527 1439 arti-Ecce

159 1425 447 1496 intendunt,
476 1429 973 1500 oportetmultum
1003 1434 1239 1501 tempus
1270 1428 1350 1485 im
1394 1427 1632 1498 endere,
1662 1432 1719 1485 et
1747 1441 2025 1501 magnam
2056 1427 2525 1488 sollicitudinem

163 1493 423 1566 adhibere;
455 1498 515 1554 in
586 1511 664 1556 uo
693 1503 850 1571 patet
889 1499 1112 1557 solutio
1145 1512 1330 1558 secun
1375 1512 1426 1556 ae
1451 1498 1724 1557 rationis.

202 1513 689 1651 ,Considerangum
718 1575 937 1650 autem,
969 1570 1127 1643 quod
1169 1570 1463 1650 Dominus
1494 1569 1557 1626 in
1590 1569 1911 1650 Evangelio
1941 1582 2064 1627 non
2093 1568 2354 1652 laborem
2381 1583 2521 1652 pro·

163 1631 332 1715 hibuit,
364 1637 461 1696 sed
487 1638 957 1697 sollicitudinem
998 1645 1217 1698 mentis
1262 1653 1369 1711 pro
1400 1652 1761 1698 necessarus
1791 1645 1946 1697 vitae.
1993 1643 2124 1697 Non
2150 1654 2309 1697 enim
2337 1641 2525 1699 dicit:

162 1702 314 1785 Nolite
337 1707 617 1779 laborare,
655 1710 757 1768 sed
786 1712 950 1766 nolite
976 1711 1198 1767 solliciti
1236 1726 1365 1775 esse,
1398 1710 1558 1782 quod
1587 1725 1624 1769 a
1650 1709 1867 1768 minori
1939 1711 2126 1768 robat.
2158 1711 2217 1768 Si
2263 1710 2423 1768 enim
2452 1722 2530 1769 ex

162 1771 321 1834 divina
341 1780 709 1848 providentia
758 1785 1171 1840 sustentantur
1211 1792 1351 1838 aves
1398 1787 1458 1838 et
1492 1779 1637 1849 lilia,
1665 1793 1798 1861 quae
1826 1780 1888 1837 in
1919 1780 2131 1839 erioris
2147 1775 2527 1840 lconditionis

163 1851 285 1914 sunt,
311 1856 363 1904 et
388 1862 505 1908 non
534 1856 793 1922 possunt
824 1850 1094 1909 laborare
1132 1850 1255 1908 illis
1301 1849 1583 1924 operibus
1610 1849 1828 1924 quibus
1857 1850 2136 1910 homines
2164 1852 2276 1909 sibi
2304 1851 2528 1911 victum

164 1917 451 1997 toquirunn
476 1922 670 1979 multo
698 1922 893 2003 magis
918 1920 1249 1993 providebit
1292 1921 1661 1990 hominibuS,
1687 1920 1790 1994 qui
1839 1927 1981 1979 sunt
2008 1921 2303 1993 dignioris
2326 1920 2531 1980 condi·

165 1997 324 2066 ionis,
349 1997 405 2046 et
429 1991 653 2063 quibus
681 1991 843 2050 dedit
871 1992 1206 2050 facultatem
1230 2006 1335 2063 per
1366 1991 1641 2064 proprios
1669 1990 1907 2050 labores
1935 1991 2155 2049 victum
2188 1990 2525 2064 quaerendi3

165 2059 208 2110 it
227 2069 304 2115 sic
327 2071 440 2118 non
468 2067 743 2134 oporteat
787 2062 967 2121 anxia
1011 2062 1415 2121 sollicitudine
1440 2062 1512 2120 de
1555 2062 1916 2121 necessariis
1945 2063 2125 2134 hujus
2155 2064 2287 2121 vitae
2316 2061 2526 2135 affligi.

165 2124 304 2255 [1133θά
314 2136 461 2211 patet
475 2132 652 2258 tquod
680 2146 786 2206 per
802 2132 983 2192 verba
1007 2132 1243 2191 Domini
1282 2147 1417 2206 quae
1444 2131 1902 2204 inducebantur,
1926 2133 2065 2192 huic
2086 2133 2266 2192 modo
2282 2133 2530 2193 vivendi

307 2213 400 2258 ero
502 2218 591 2261 ur.

205 2267 311 2350 Nec
329 2216 497 2330 augg]
526 2274 648 2332 iste
693 2274 910 2333 modus
952 2273 1186 2332 vivendi
1212 2278 1408 2346 potest
1435 2289 1498 2331 re
1542 2273 1740 2333 robari
1784 2277 2026 2346 propter
2070 2274 2186 2333 hoc
2214 2273 2374 2348 quod
2403 2286 2530 2333 non

165 2336 389 2412 mificiat,
423 2344 564 2415 quia
590 2344 713 2402 hoc
739 2343 897 2402 utin
920 2344 1306 2415 paucioribus
1350 2345 1475 2401 acci
1523 2346 1570 2401 it
1595 2343 2004 2423 quodaliquis
2034 2356 2157 2400 non
2184 2344 2380 2414 possit
2402 2350 2532 2402 tan·

167 2418 253 2465 um
277 2410 462 2470 labore
493 2428 784 2472 manuum
820 2415 1126 2487 acquirere
1155 2413 1313 2485 quod
1344 2413 1606 2470 sufficiat
1633 2412 1705 2470 ad
1732 2416 1951 2469 victum
1983 2414 2412 2483 necessarium,
2432 2413 2529 2473 vel

167 2484 347 2551 lropter
365 2482 794 2554 infirmitatem,
823 2486 916 2543 vel
947 2489 1187 2557 propter
1214 2483 1438 2557 aliquid
1479 2481 1848 2555 hujusmodi.
1879 2483 2011 2562 Non
2038 2487 2132 2563 est
2160 2487 2357 2541 autem
2395 2496 2529 2555 pro·

169 2551 257 2606 >ter
285 2551 563 2614 deiectum
610 2556 718 2630 qui
767 2556 831 2614 in
870 2554 1254 2626 paucioribus
1297 2553 1510 2612 accidit
1538 2554 1759 2634 ‚aliqua-
1794 2552 2093 2633 ordinatio
2137 2553 2526 2635 repudianda.

168 2616 252 2676 icc
271 2625 412 2682 enim
444 2628 589 2685 etin
639 2625 1019 2684 naturalibus
1047 2631 1106 2683 et
1140 2625 1202 2682 in
1233 2623 1591 2681 voluntariis
1634 2622 2115 2682 ordinationibus
2144 2624 2380 2693 accidit,
2413 2638 2527 2685 nec

167 2693 234 2744 est
253 2692 442 2766 aliquis
470 2696 695 2755 modus
717 2695 951 2753 vivendi
972 2709 1078 2768 per
1100 2707 1277 2775 quem
1306 2694 1390 2752 ita
1414 2691 1793 2766 provideatur
1820 2693 2049 2751 homini
2080 2693 2223 2766 quin
2255 2695 2526 2766 quando-

169 2766 252 2827 que
269 2766 439 2831 possit
465 2767 746 2835 deficere.
775 2769 920 2823 Nam
940 2772 997 2822 et
1023 2765 1240 2823 divitiae
1271 2764 1428 2821 furto
1450 2769 1552 2821 aut
1577 2764 1784 2834 rapina
1812 2768 2069 2835 possunt
2091 2764 2340 2833 auferri;
2369 2765 2528 2824 sicut

167 2830 303 2901 aqui
328 2835 395 2894 de
422 2838 625 2896 labore
660 2849 945 2894 manuum
977 2836 1121 2893 vivit
1159 2840 1354 2907 potest
1382 2834 1699 2915 debilitari2
1730 2836 2022 2915 Remanet·
2055 2840 2252 2892 tamen
2281 2835 2529 2909 aliquod

168 2903 429 2978 'emedium
457 2909 619 2967 circa
653 2908 875 2966 dictum
902 2906 1147 2965 modum
1191 2905 1447 2974 vivendi,
1478 2911 1545 2962 ut
1568 2904 1800 2963 scilicet
1826 2919 1881 2962 ei
1928 2919 2024 2962 cui
2068 2905 2238 2963 labor
2286 2907 2359 2963 ad
2387 2921 2527 2978 pro·

167 2980 308 3049 trium
332 2976 543 3037 victum
584 2991 712 3036 non
757 2976 999 3047 sufficit,
1031 2977 1419 3035 subveniatur
1445 2975 1536 3033 vel
1580 2989 1684 3047 per
1711 2975 1865 3033 alios
1893 2975 2158 3046 ejusdem
2194 2976 2523 3048 societatiS‚

165 3050 230 3120 lu!
252 3044 370 3113 plus
398 3055 661 3121 possunt
709 3048 977 3107 laborare
1005 3061 1180 3120 quam
1215 3048 1304 3105 eis
1333 3046 1741 3105 necessarium
1770 3047 1868 3115 sit,
1914 3046 2010 3109 ,vel
2059 3047 2236 3105 etiam
2276 3062 2380 3120 per
2419 3061 2525 3107 eos

166 3121 233 3179 {ui
254 3114 471 3179 divitias
506 3118 838 3192 possident,
891 3119 1221 3177 secundum
1261 3119 1453 3190 legem
1505 3115 1770 3174 caritatis
1800 3122 1858 3174 et
1886 3116 2162 3176 amicitiae
2208 3119 2520 3184 naturalis,

166 3190 244 3251 {ua
262 3198 403 3247 unus
435 3190 616 3248 homo
650 3190 820 3248 alteri
850 3189 1127 3248 subvenit
1171 3188 1483 3261 indigenti.
1518 3186 1702 3256 Unde,
1733 3201 1867 3244 cum
1897 3189 2219 3259 Apostolus
2252 3189 2524 3271 dixisset²

187 3250 386 3325 Thess„
415 3273 504 3330 111,
533 3266 602 3320 10
633 3279 653 3319 ε
684 3261 791 3328 Qui
817 3275 927 3317 vion
951 3260 1072 3315 vult
1095 3261 1332 3329 operari,
1360 3273 1455 3315 nce
1505 3258 1810 3321 manducet,
1841 3264 2080 3329 propter
2115 3259 2257 3317 illos
2278 3259 2380 3332 qui
2408 3259 2525 3318 sibi

168 3332 243 3378 ton
264 3328 558 3388 sufficiunt
587 3330 666 3390 ad
693 3331 915 3389 victum
962 3329 1346 3402 quaerendum
1399 3328 1640 3400 proprio
1670 3327 1894 3396 labore,
1925 3328 2125 3386 subdit
2168 3329 2525 3389 admonitio-

165 3403 262 3521 511²
270 3398 359 3539 and
399 3401 554 3461 alios
600 3401 811 3461 dicens
842 3419 858 3458 ε
891 3402 997 3458 Vos
1040 3405 1220 3456 autem
1259 3400 1424 3455 nolite
1476 3398 1697 3470 deficere
1738 3399 2142 3467 benefacientes.
2194 3401 2273 3471 (H
2319 3401 2525 3472 These„

202 3503 215 3528 9
304 3509 316 3522 n

197 3534 321 3612 {lum
344 3541 518 3600 etiam
569 3542 646 3601 ad
697 3540 921 3600 victum
966 3541 1376 3600 necessarium
1415 3554 1607 3612 pauca
1647 3538 1970 3610 sufficiant,
1998 3554 2118 3599 non
2151 3546 2382 3612 oportet
2411 3555 2518 3601 eos

163 3612 223 3671 ΞΠ]
245 3611 484 3688 modicis
513 3618 662 3672 sunt
690 3612 977 3682 contenti,
1003 3625 1283 3685 magnum
1310 3617 1426 3669 tem
1473 3624 1545 3668 us
1570 3623 1863 3682 occupare
1893 3611 1957 3668 in
1986 3611 2345 3670 necessariis
2370 3626 2527 3692 quae-

165 3674 311 3756 ⁰¹.¹‘¹.¹S
333 3680 532 3741 labore
561 3696 883 3754 manuum;
913 3683 1083 3740 etita
1105 3695 1225 3741 non
1254 3683 1412 3754 impe
1454 3682 1660 3739 iuntur
1687 3680 1941 3739 multum
1972 3682 2045 3739 ab
2073 3683 2210 3741 aliis
2241 3683 2524 3753 operibus

165 3751 539 3824 piritualibus,
591 3761 832 3825 propter
880 3766 1010 3827 quae
1053 3767 1167 3824 pau
1214 3758 1457 3811 ertatem
1493 3752 1892 3810 voluntariam
1947 3759 2436 3825 assumpserunt3
2467 3757 2526 3811 et

161 3819 396 3899 graecipue
423 3838 562 3882 cuin
592 3824 874 3882 manibus
924 3837 1145 3895 operan
1190 3837 1226 3881 o
1256 3824 1489 3894 possint
1533 3822 1609 3880 de
1650 3824 1770 3880 Deo
1801 3821 2085 3895 cogitare,
2118 3829 2176 3881 et
2215 3838 2351 3881 eum
2395 3823 2525 3882 lau·

162 3895 273 3957 lare,
300 3897 356 3947 et
378 3893 498 3952 alia
526 3894 876 3967 huJusmodi
922 3895 1136 3963 facere,
1163 3908 1295 3967 quae
1324 3892 1711 3966 singulariter
1738 3892 1854 3951 sibi
1898 3893 2165 3951 viventes
2206 3894 2524 3953 observare

161 3964 353 4034 portet.
382 3964 497 4022 Sed
526 3980 605 4022 ne
653 3964 990 4023 omninoin
1019 3978 1050 4023 s
1093 3964 1433 4022 iritualibus
1471 3962 1755 4036 operibus
1805 3963 2223 4035 impediantur,
2269 3969 2526 4036 possunt

165 4030 291 4107 tiam
316 4033 569 4095 aliorum
601 4034 866 4093 fidelium
883 3979 1198 4115 ‚beneffciis
1226 4034 1512 4107 adjuvari.
2167 4105 2179 4116 ,

192 4096 337 4159 Licet
362 4110 560 4163 autem
597 4106 938 4164 voluntaria
964 4110 1282 4177 paupertas
1311 4118 1432 4163 non
1463 4108 1806 4163 assumatur
1873 4109 2071 4178 ropter
2098 4110 2288 4165 otium
2317 4106 2566 4187 tollens,

157 4176 254 4225 ,um
295 4179 396 4231 aut
430 4190 675 4234 carnem
703 4175 1121 4235 macerandam
1141 4189 1317 4247 opere
1347 4175 1634 4244 manuali,
1660 4174 1801 4247 quia
1871 4189 1943 4235 oc
1972 4181 2031 4233 et
2057 4176 2295 4236 divitias
2332 4178 2566 4256 possi-2

157 4232 323 4319 lentes
351 4245 544 4304 facere
573 4252 843 4318 possent,
873 4260 999 4304 non
1038 4252 1132 4304 est
1173 4253 1371 4304 tamen
1411 4245 1658 4304 dubium
1689 4245 1836 4317 quin
1889 4245 2059 4304 labor
2102 4249 2400 4307 manualis
2450 4246 2529 4307 ad
2582 4268 2587 4274 ‘

159 4308 382 4385 *taedicta
406 4316 623 4386 valeat,
651 4317 828 4375 etiam
859 4316 973 4375 sub
1023 4314 1261 4375 modica
1304 4317 1499 4374 victus
1533 4315 1907 4373 necessitate.
1939 4319 2157 4375 Tamen
2204 4320 2390 4378 otium
2421 4331 2528 4389 per

156 4372 263 4460 lias
281 4388 704 4457 occupationes
733 4387 1007 4446 utiliores
1041 4392 1239 4459 potest
1262 4386 1504 4454 auferri,
1531 4391 1592 4466 et
1618 4385 1822 4468 carnis
1865 4389 2350 4460 concupiscentia
2376 4388 2521 4469 vali·
2558 4434 2565 4460 -,

156 4450 374 4513 northus
396 4456 683 4518 remediis
711 4457 1011 4521 edomari:
1033 4458 1191 4518 unde
1214 4462 1452 4532 propter
1480 4456 1826 4531 hujusmodl
1853 4471 2068 4519 causas
2095 4473 2219 4518 non
2249 4459 2522 4517 imminet

1157 4597 1197 4608 ‘¹
1293 4588 1312 4593 ..
1391 4585 1484 4600 nn„
2224 4575 2286 4622 m
