3076 5025
371 218 479 273 262
1300 215 1436 271 LlB.
1478 215 1577 282 111,
1619 215 1773 270 CAP.
1811 215 1905 272 IV.

373 341 649 396 naturam
709 310 1138 396 determinetur
1196 335 1340 394 finis
1410 336 1483 394 ab
1544 336 1749 408 aliquo
1806 336 2090 408 appetitu.
2148 338 2337 396 Omne
2393 337 2582 411 igitur
2637 351 2833 412 agens

372 414 617 482 propter
654 407 885 465 honum
931 407 1075 478 agit.

445 481 600 541 Item,
655 478 926 550 ejusdem
972 476 1226 535 rationis
1268 480 1364 535 est
1407 476 1616 548 fugere
1658 478 1888 535 malum
1936 481 1994 535 et
2040 482 2316 550 appetere
2363 477 2623 549 bonum,
2673 478 2837 536 sicut
2930 495 2952 502 ⁶

388 548 665 621 ejusdem
677 548 934 606 rationis
964 552 1056 606 est
1084 547 1311 605 moveri
1341 561 1380 604 a
1406 546 1693 606 deorsum
1719 552 1778 606 et
1823 548 2051 606 moveri
2082 561 2352 606 sursum.
2383 548 2601 607 Omnia
2627 554 2837 608 autem

373 619 772 678 inveniuntur
798 618 1025 676 malum
1055 617 1262 690 fugere
1287 635 1303 686 ;
1331 631 1470 675 nam
1501 618 1747 699 agentia
1776 632 1883 690 per
1914 617 2287 677 intellectum
2317 619 2433 677 hac
2455 619 2692 678 ratione
2723 619 2837 677 ali—
2918 677 2923 684 Δ

374 689 525 820 ηὲἰᾶ
576 689 816 770 fugiunt
864 689 1006 761 quia
1053 687 1512 816 aggrehendunt
1550 688 1701 747 illud
1733 695 1799 746 ut
1827 689 2091 770 malum3
2125 690 2331 748 omnia
2354 691 2556 747 autem
2589 692 2834 771 agentia
2900 698 2924 766 ²,

374 775 418 820 n
459 762 699 825 turena,
731 765 1023 833 quantum
1051 758 1093 816 h
1173 764 1276 815 ent
1303 757 1374 816 de
1401 763 1642 829 virtute,
1672 764 1908 817 tantum
1938 763 2229 818 resistunt
2267 760 2670 833 corruptiom,
2699 775 2829 835 quae

378 837 472 890 est
497 832 726 888 malum
751 829 1254 909 uniuscujusque.
1282 829 1497 887 Omnia
1520 830 1708 902 igitur
1735 833 1925 903 agunt
1951 835 2194 902 propter
2219 830 2471 889 bonum.

447 902 669 966 Adhuc,
702 900 865 974 quod
908 905 1185 972 provenit
1227 913 1302 957 ex
1342 899 1601 972 alicujus
1650 900 1888 980 agentis
1919 901 2157 959 actione
2176 906 2392 973 praeter
2420 901 2821 960 intentionem
2913 909 2935 920 ⁸

377 972 600 1044 ipsius,
646 970 866 1029 dicitur
907 986 944 1028 a
981 983 1130 1028 casu
1157 969 1250 1025 vel
1299 969 1542 1050 fortuna
1588 971 1880 1028 accidere.
1910 970 2197 1029 Videmus
2225 977 2426 1029 autem
2452 972 2517 1028 in
2544 971 2834 1053 operibus

379 1047 611 1100 naturae
637 1042 731 1098 vel
757 1054 994 1111 semper
1020 1039 1115 1098 vel
1138 1039 1223 1098 fre
1272 1045 1512 1099 uentius
1543 1040 1706 1114 quod
1727 1041 1948 1100 melius
1979 1048 2110 1112 est;
2143 1042 2303 1100 sicut
2331 1043 2395 1099 in
2423 1042 2650 1114 planus
2687 1042 2839 1100 folia

382 1114 472 1171 sic
502 1125 638 1171 esse
670 1112 966 1184 disposita
998 1115 1065 1169 ut
1107 1124 1214 1182 pro
1259 1116 1439 1169 ucant
1469 1112 1727 1181 fructus,
1757 1117 1817 1168 et
1845 1117 2044 1183 partes
2076 1112 2435 1171 animalium
2470 1113 2559 1171 sic
2588 1113 2839 1184 disponi

382 1188 450 1241 ut
476 1182 700 1241 animal
732 1182 951 1240 salvari
981 1181 1196 1253 possit.
1227 1181 1286 1239 Si
1317 1194 1461 1254 ergo
1492 1182 1622 1240 haec
1667 1183 1953 1240 eveniunt
1987 1188 2201 1255 praeter
2228 1183 2626 1241 intentionem
2659 1189 2844 1241 natu-

379 1254 532 1313 ralis
558 1253 818 1325 agentis,
854 1253 971 1311 hoc
997 1252 1112 1311 erit
1139 1252 1419 1310 accidens
1449 1266 1485 1309 a
1516 1265 1665 1310 casu
1692 1253 1788 1310 vel
1819 1254 2078 1311 fortuna.
2112 1253 2228 1311 Sed
2258 1254 2374 1312 hoc
2403 1259 2497 1312 est
2546 1254 2841 1325 impossi—

381 1324 544 1393 bile;
573 1337 715 1381 nam
769 1337 843 1381 ea
895 1337 1030 1396 quae
1076 1322 1357 1381 accidunt
1399 1336 1641 1394 semper
1685 1323 1780 1381 vel
1828 1323 2172 1396 frequenter
2212 1335 2335 1383 non
2372 1330 2516 1383 sunt
2561 1324 2849 1382 casualia.

385 1408 581 1468 neque
610 1394 882 1462 fortuita,
906 1393 1014 1451 sed
1035 1407 1167 1467 quae
1198 1393 1480 1451 accidunt
1500 1394 1561 1450 in
1590 1394 2007 1465 paucioribus.
2041 1394 2326 1453 Naturale
2353 1408 2500 1468 ergo
2528 1407 2721 1468 agens
2752 1394 2851 1451 in·

383 1465 578 1522 tendit
618 1464 695 1524 ad
742 1462 803 1521 id
836 1464 998 1537 quod
1051 1463 1270 1521 melius
1302 1470 1416 1532 est,
1444 1469 1501 1520 et
1530 1465 1722 1522 multo
1755 1465 2142 1523 manifestius
2178 1464 2341 1539 quod
2369 1466 2495 1539 agit
2520 1479 2628 1537 per
2655 1465 2845 1523 intel-

386 1536 629 1593 lectum.
659 1537 846 1592 Omne
870 1534 1057 1607 igitur
1080 1547 1270 1606 agens
1302 1534 1560 1591 intendit
1587 1535 1818 1592 bonum
1857 1536 1922 1592 in
1945 1535 2202 1608 agendo.

455 1608 611 1672 Item,
642 1618 822 1661 omne
873 1604 1035 1677 quod
1082 1610 1355 1662 movetur
1405 1605 1648 1663 ducitur
1681 1604 1757 1662 ad
1799 1606 2127 1663 terminum
2175 1610 2378 1664 motus
2408 1620 2445 1664 a
2472 1609 2756 1663 movente
2781 1610 2853 1662 et

390 1680 625 1749 agente.
658 1677 901 1746 Oportet
947 1675 1133 1747 igitur
1159 1687 1414 1733 movens
1457 1679 1514 1732 et
1557 1680 1788 1733 motum
1831 1676 1905 1734 ad
1956 1676 2115 1734 idem
2156 1675 2402 1734 tendere
2447 1675 2512 1733 in
2540 1682 2853 1749 quantum

388 1750 682 1804 movetur.
716 1744 888 1813 Quod
917 1751 1116 1803 autem
1146 1751 1439 1813 movetur,
1464 1759 1650 1818 quum
1682 1747 1763 1802 sit
1801 1747 1865 1803 in
1892 1746 2180 1818 potentia,
2205 1745 2396 1804 tendit
2424 1746 2500 1804 ad
2523 1752 2752 1814 actum,
2782 1754 2853 1804 et.

388 1818 477 1875 ita
503 1816 578 1874 ad
605 1816 940 1888 perfectum
964 1822 1024 1873 et
1048 1815 1315 1885 bonum3
1348 1830 1453 1888 per
1483 1822 1715 1874 motum
1742 1818 1904 1874 enim
1945 1817 2067 1874 exit
2104 1816 2179 1875 de
2220 1818 2488 1888 potentia
2510 1816 2576 1874 in
2606 1822 2842 1875 actum.

391 1890 466 1945 Er
509 1900 546 1944 o
575 1893 632 1943 et
660 1898 909 1944 movens
953 1891 1010 1944 et
1035 1899 1224 1958 agens
1253 1900 1493 1958 semper
1520 1886 1586 1943 in
1617 1886 1914 1946 movendo
1944 1893 2003 1945 et
2032 1886 2267 1959 agendo
2295 1886 2552 1945 intendit
2579 1886 2850 1946 honum.

513 1957 614 2014 inc
658 1963 752 2014 est
803 1956 964 2030 quod
1012 1956 1402 2029 philosophi,
1453 1956 1811 2015 definientes
1867 1957 2097 2016 bonum
2139 1957 2460 2016 dixerunt:
2488 1959 2703 2014 Bonum
2762 1963 2855 2016 est

391 2028 540 2099 quod
582 2030 769 2083 omnia
809 2031 1112 2099 appetunt3
1161 2032 1218 2084 et
1271 2027 1597 2100 Dionysius
1628 2029 1726 2100 (De
1773 2029 1949 2085 divin.
2000 2031 2233 2100 nomin„
2280 2042 2336 2086 c.
2388 2027 2443 2101 4)
2492 2027 2640 2087 dicit
2675 2029 2852 2102 quod

389 2100 576 2155 omnia
621 2098 822 2226 ὸωξῖιηῗΙ
869 2103 923 2154 et
965 2100 1231 2169 optimum
1271 2100 1685 2170 concupiscunt.
1722 2097 1771 2172 (Ι
1816 2104 1997 2171 part„
2026 2113 2090 2174 q.
2119 2112 2221 2171 cv,
2250 2104 2362 2158 art.
2404 2102 2471 2169 ὅς
2502 2104 2559 2157 et
2587 2101 2671 2156 De
2693 2114 2847 2172 ver„

392 2183 452 2243 q.
478 2180 626 2240 xm,
653 2183 690 2227 a
749 2210 764 2225 .
837 2177 878 2239 .)

1413 2329 1670 2393 CAPUT
1710 2330 1812 2392 IV.

819 2500 973 2555 QUOD
1007 2497 1218 2547 mun
1251 2501 1361 2547 EST
1394 2500 1640 2548 Parnm
1674 2499 2078 2549 mmmmm
2110 2502 2175 2548 m
2208 2501 2416 2551 mus,

465 2668 547 2723 Ex
585 2665 701 2723 hoc
729 2669 927 2745 autem
970 2669 1214 2745 apparet
1240 2664 1401 2737 quod
1429 2664 1656 2722 malum
1680 2670 1775 2723 est
1799 2670 2013 2737 praeter
2048 2664 2446 2724 intentionem
2472 2665 2537 2724 in
2565 2663 2750 2724 rebus
2783 2671 2855 2725 et

393 2735 610 2794 incidit
636 2741 849 2808 praeter
876 2740 1272 2792 intentionem
1296 2736 1625 2807 agentium.

465 2806 636 2876 Quod
686 2806 845 2886 enim
876 2819 948 2863 ex
976 2805 1210 2864 actione
1233 2806 1625 2879 consequitur
1664 2805 1966 2866 diversum
1995 2806 2069 2865 ab
2093 2820 2166 2864 eo
2195 2806 2357 2880 quod
2386 2811 2512 2864 erat
2539 2807 2605 2864 in
2630 2806 2845 2864 inten-

390 2877 559 2936 tione
589 2876 716 2933 sive
745 2880 1040 2932 intentum
1072 2875 1145 2933 ab
1183 2882 1418 2948 agente,
1449 2877 1834 2934 manifestum
1864 2881 1957 2935 est
1992 2884 2207 2949 praeter
2243 2877 2639 2937 intentionem
2677 2877 2849 2935 acci-

394 2948 556 3006 dere.
582 2946 799 3003 Malum
830 2951 1027 3003 autem
1057 2945 1360 3004 diversum
1389 2952 1482 3004 est
1512 2946 1751 3017 abono,
1781 2948 1943 3021 quod
1971 2946 2233 3006 intendit
2259 2961 2438 3008 omne
2478 2960 2689 3020 agens.
2733 2948 2850 3006 Est

391 3017 582 3091 igitur
609 3017 836 3073 malum
861 3021 1076 3087 praeter
1105 3016 1502 3075 intentionem
1533 3019 1839 3076 eveniens,
2054 3026 2059 3030 ·

463 3090 615 3166 Rern,
637 3086 931 3167 ‚defectus
966 3087 1041 3167 ‘in
1080 3085 1296 3167 effectu
1341 3093 1400 3145 et
1448 3088 1685 3146 actione
1729 3088 2121 3162 consequitur
2152 3089 2414 3170 aliquem
2443 3087 2739 3147 defectum
2773 3089 2847 3148 in

392 3157 710 3231 principus
757 3162 1037 3225 actionis,
1087 3162 1245 3214 sicut
1288 3171 1362 3215 ex
1403 3157 1608 3232 aliqua
1632 3159 2013 3231 corruptione
2043 3161 2297 3218 seminis
2323 3158 2596 3232 sequitur
2622 3164 2845 3231 partus

391 3232 843 3295 monstruosus,
894 3236 951 3283 et
988 3240 1061 3283 ex
1100 3227 1387 3285 curvitate
1429 3229 1624 3287 cruris
1672 3230 1945 3302 sequitur
1986 3229 2365 3289 claudicatio,
2408 3235 2607 3303 Agens
2632 3234 2843 3288 autem

393 3300 519 3371 agit
568 3296 901 3356 secundum
944 3296 1105 3371 quod
1151 3297 1332 3356 habet
1376 3298 1450 3356 de
1493 3300 1710 3357 virtute
1754 3301 1965 3371 activa,
2011 3314 2136 3359 non
2178 3300 2514 3359 secundum
2553 3300 2618 3359 id
2670 3300 2845 3373 quod

394 3369 693 3427 desectum
721 3367 959 3449 virtutis
987 3368 1242 3439 patitur;
1270 3369 1600 3428 secundum
1624 3376 1822 3428 autem
1852 3371 2014 3444 quod
2043 3370 2189 3443 agit,
2219 3373 2308 3430 sic
2343 3370 2601 3429 intendit
2626 3370 2844 3430 finem.

391 3438 654 3498 Intendit
682 3438 700 3496 i
750 3443 867 3496 rtur
893 3437 1073 3519 tinem
1116 3441 1683 3510 correspondentem
1707 3442 1952 3511 virtuti3
1993 3441 2154 3515 quod
2183 3442 2368 3514 igitur
2396 3441 2669 3516 sequitur
2704 3454 2840 3500 res·

391 3510 668 3582 pondens
738 3509 955 3590 efectui
982 3509 1242 3579 virtutis,
1274 3510 1386 3567 erit
1411 3517 1628 3583 praeter
1653 3511 2047 3571 intentionem
2078 3513 2333 3585 agentis.
2370 3514 2493 3571 Hoc
2522 3517 2717 3571 autem
2737 3516 2845 3571 est

393 3581 642 3638 malum.
673 3579 902 3661 Accldrt
928 3580 1112 3652 igitur
1136 3581 1362 3639 malum
1389 3587 1603 3653 praeter
1630 3581 2047 3641 intentionem.

460 3650 681 3719 Adhuc,
715 3649 790 3707 ad
827 3649 989 3707 idem
1019 3649 1209 3708 tendit
1240 3657 1443 3711 motus
1476 3651 1723 3711 mobilis
1754 3658 1812 3710 et
1838 3654 2029 3712 motio
2057 3652 2599 3712 moventis.Mobile
2624 3658 2835 3715 autem

391 3721 583 3802 tendit
626 3735 731 3793 per
776 3734 843 3779 se
886 3720 962 3778 ad
984 3719 1251 3802 „honum‚
1282 3722 1357 3780 ad
1386 3722 1611 3781 malum
1643 3728 1840 3782 autem
1867 3737 1976 3805 per
2003 3724 2284 3783 accidens
2309 3729 2370 3782 et
2392 3729 2609 3796 praeter
2633 3724 2836 3783 inten-

389 3797 659 3873 tionem3
708 3791 869 3872 quod
894 3790 1135 3864 quidem
1182 3794 1440 3851 maxime
1494 3793 1559 3851 in
1614 3800 2002 3864 generanone
2046 3801 2105 3852 et
2132 3796 2516 3923 corrugtione
2561 3798 2831 3868 apparet.

390 3863 634 3921 Materia
663 3875 844 3931 emm,
921 3875 1063 3919 uum
1089 3869 1177 3920 est
1204 3862 1317 3921 sub
1350 3877 1472 3921 una
1503 3863 1714 3928 forma,
1748 3870 1839 3923 est
1875 3865 1938 3922 in
1978 3866 2246 3938 potentia
2268 3880 2302 3924 a
2369 3865 2624 3924 formam
2650 3866 2838 3925 aliam

392 3936 453 4012 et
477 3932 872 4003 privationem
965 3946 1106 3991 rmae
1140 3931 1265 4005 jam
1295 3934 1532 4004 habitae,
1566 3934 1743 4003 sicut,
1783 3949 1968 4008 quum
2006 3940 2101 3995 est
2144 3936 2258 3994 suh
2304 3937 2497 3994 forma
2525 3936 2708 4007 aeriS,
2739 3943 2837 3995 est

390 4014 459 4058 m
486 4003 754 4074 potentia
781 4002 855 4061 ad
885 4002 1140 4061 formam
1170 4003 1334 4076 ignis
1369 4010 1425 4061 et
1455 4004 1851 4076 privationem
1881 4005 2089 4065 formae
2118 4007 2300 4076 aeriS,
2332 4006 2484 4065 etad
2506 4013 2829 4081 utrumque

390 4074 814 4132 transmutatio
843 4073 1108 4131 materiae
1133 4073 1488 4132 terminatur
1522 4075 1705 4133 simul
1738 4075 1850 4134 :ad
1863 4076 2117 4135 formam
2138 4077 2378 4151 quidem
2401 4077 2585 4150 ignis,
2619 4091 2834 4136 secun-

393 4139 535 4199 dum
565 4143 725 4214 quod
741 4149 1062 4216 generatur
1084 4143 1247 4217 ignis
1272 4163 1288 4215 ;
1318 4145 1393 4203 ad
1418 4146 1813 4217 privationem
1842 4152 2042 4207 autem
2071 4148 2279 4206 formae
2291 4148 2470 4218 aeriS,
2493 4149 2837 4207 secundum

392 4211 554 4293 quod
582 4214 982 4292 corrumpitur
1008 4228 1130 4273 aer.
1181 4217 1312 4273 Non
1357 4221 1556 4274 autem
1603 4216 1857 4291 intentio
1901 4225 1959 4275 et
2006 4218 2305 4290 appetitus
2333 4219 2597 4277 materiae
2630 4225 2723 4277 est
2749 4219 2835 4277 ad

389 4286 806 4364 privationem,
834 4285 941 4343 sed
968 4284 1042 4342 ad
1073 4285 1366 4356 formam;
1399 4299 1522 4345 non
1555 4286 1715 4344 enim
1741 4287 1932 4345 tendit
1956 4288 2031 4347 ad
2060 4288 2478 4362 impossibile;
2512 4295 2605 4348 est
2625 4294 2838 4349 autem

389 4352 767 4426 Imposslbtlo
812 4356 1124 4415 materiam
1175 4360 1409 4417 tantum
1449 4356 1564 4417 suh
1590 4356 1925 4431 privatione
1953 4372 2112 4431 esse,
2152 4373 2290 4420 esse
2330 4374 2475 4419 vero
2516 4373 2650 4420 eam
2703 4360 2829 4420 sub
