3076 5025
895 302 1028 360 ΠΒ.
1067 303 1168 371 111,
1206 302 1359 360 GAP.
1399 302 1712 360 cxxxvm.
2404 307 2513 363 555

152 440 249 484 ene
277 423 597 496 agendum,
633 423 793 483 sicut
837 427 932 482 est
973 422 1038 479 in
1078 420 1293 493 beatis,
1331 421 1434 494 qui
1477 435 1725 493 peccare
1778 434 1899 480 non
1969 426 2203 491 ossunt,
2242 426 2309 480 ut
2354 422 2512 481 infra

152 495 318 555 atebit
341 495 465 567 (lib.
497 508 587 564 Π,
619 509 750 566 cap.
781 494 906 567 92);
937 506 1048 551 nec
1080 497 1280 549 tamen
1324 497 1566 563 propter
1597 491 1712 550 hoc
1739 497 1843 551 aut
1889 490 1929 549 li
1974 493 2140 551 ertati
2183 493 2510 552 voluntatis

152 566 320 638 liquid
347 565 592 636 deperit,
629 569 733 624 aut
761 570 932 622 actus
973 562 1247 621 bonitati.
1277 563 1378 619 Est
1417 567 1613 620 autem
1656 567 1714 621 et
1751 563 1869 620 alia
1909 564 2239 621 necessitas
2268 578 2341 621 ex
2370 563 2507 632 fine,

152 638 256 695 icut
288 650 416 693 cum
466 636 689 693 dicitur
729 634 908 692 alicui
960 645 1208 691 necesse
1253 646 1389 690 esse
1424 632 1640 690 habere
1687 646 1894 690 navem
1926 640 1990 690 ut
2040 639 2508 691 transeatmare.

153 711 261 765 atet
283 711 474 763 autern
505 705 674 778 quod
702 719 812 763 nec
841 706 967 763 haec
993 702 1325 761 necessitas
1347 702 1674 761 libertatem
1699 703 2027 761 voluntatis
2055 704 2354 762 diminuit.
2389 706 2512 762 Nec

152 783 331 836 ctuum
377 776 743 845 bonitatem3
792 775 939 847 quin
1025 773 1184 831 otius
1233 772 1392 845 quod
1436 773 1576 845 quis
1626 774 1749 845 agit
1776 773 1947 846 quasi
1979 775 2386 833 necessarium
2437 775 2513 833 ad

155 860 297 915 nem,
324 861 393 904 ex
431 847 547 904 hoc
575 847 715 918 ipso
743 844 978 903 laudabi
1008 859 1040 901 e
1068 849 1179 912 est,
1207 848 1264 900 et
1283 848 1448 910 tanto
1479 842 1861 911 laudabiliuS,
1891 849 2115 916 quanto
2151 843 2292 902 finis
2336 845 2514 903 fuerit

152 918 339 986 ielior;
387 922 546 998 patet
591 921 796 974 autem
837 915 996 988 quod
1045 914 1376 995 necessitas
1413 913 1771 995 observandi
1812 926 1970 994 quoe·
1994 915 2131 996 quis
2183 915 2364 984 vovit,
2397 922 2514 996 ‘aut

153 987 406 1046 bediendi
438 988 494 1044 ei
549 987 652 1045 cui
697 1000 763 1045 se
792 989 1110 1057 supposuit
1138 997 1256 1041 non
1288 989 1380 1042 est
1415 990 1747 1043 necessitas
1783 989 2144 1054 coactionis3
2175 998 2287 1043 nec
2333 991 2513 1043 etiam

152 1073 182 1116 x
215 1058 470 1114 interiori
519 1057 918 1115 inclinatione
960 1054 1337 1126 proveniens,
1368 1054 1474 1112 sed
1503 1069 1577 1112 ex
1618 1055 1827 1112 ordine
1855 1055 1930 1113 ad
1958 1054 2135 1113 finem
2168 1070 2186 1110 ε
2216 1060 2311 1114 est
2351 1056 2511 1114 enim

153 1130 500 1186 iecessarium
525 1128 769 1185 voventi
800 1128 914 1185 hoc
939 1126 1031 1184 vel
1058 1124 1205 1183 illud
1315 1139 1412 1182 ere
1464 1125 1518 1182 si
1548 1124 1935 1183 debetvotum
1956 1125 2209 1197 impleri,
2242 1131 2346 1184 aut
2370 1125 2511 1184 ohe·

153 1199 321 1256 ientia
346 1198 592 1256 servari.
622 1200 768 1256 Cum
803 1198 990 1278 igitur
1017 1196 1077 1254 hi
1117 1140 1634 1277 flnegqaudabiles·
1659 1196 1802 1278 sint,
1844 1201 2048 1268 utpote
2078 1196 2300 1278 quibus
2325 1196 2508 1255 homo

152 1277 227 1327 teo
252 1283 313 1327 se
338 1269 582 1341 subjicit
635 1273 969 1327 necessitas
1007 1266 1288 1337 praedicta
1315 1266 1467 1323 nihil
1492 1266 1772 1324 diminuit
1800 1266 1873 1324 de
1901 1265 2077 1324 laude
2103 1273 2359 1325 virtutis.

185 1342 273 1397 Est
299 1346 490 1397 autem
538 1312 797 1397 ulterius
825 1336 1345 1419 considerandum,
1377 1336 1558 1408 quod,
1581 1337 1723 1395 dum
1771 1336 2093 1418 implentur
2128 1338 2341 1419 ,aliqua
2382 1352 2517 1411 quae

152 1410 241 1536 {⁰1⁸
278 1410 432 1468 vovit
481 1410 575 1466 vel
625 1423 761 1482 quae
815 1407 931 1466 sibi
1000 1413 1422 1479 praeclplunlur
1470 1407 1545 1465 ab
1588 1421 1660 1465 eo
1709 1421 1805 1465 cui
1856 1421 1923 1465 se
1968 1408 2230 1466 subdidit
2278 1415 2518 1481 propter

171 1493 308 1549 eum,
335 1481 544 1552 majori
577 1480 757 1537 laude
785 1484 846 1537 et
871 1477 1348 1536 remuneratione
1386 1483 1529 1535 sunt
1558 1477 1758 1557 digna.
1789 1478 2092 1551 contingit
2130 1479 2287 1536 enim
2327 1492 2511 1538 unum

152 1555 292 1607 ictum
324 1551 577 1609 duorum
605 1550 892 1608 vitiorum
922 1562 1078 1617 esse,
1108 1547 1246 1605 dum
1270 1551 1440 1604 actus
1471 1560 1655 1606 unius
1680 1548 1810 1605 vitii
1831 1548 1903 1607 ad
1925 1547 2105 1606 finem
2122 1549 2366 1608 alterius
2386 1550 2512 1607 vitii

152 1619 440 1688 ›rdinatur;
469 1626 555 1689 ut,
591 1634 732 1679 cum
757 1620 895 1692 quis
925 1619 1153 1676 furatur
1174 1623 1241 1674 ut
1278 1617 1635 1698 fornicetur,
1685 1625 1856 1677 actus
1899 1619 2137 1692 quidem
2184 1619 2517 1678 secundum

152 1691 356 1760 speciem
385 1705 558 1749 suam
587 1697 684 1749 est
709 1689 990 1756 avaritiae,
1020 1687 1346 1746 secundum
1376 1692 1769 1745 intentionem
1811 1703 1955 1747 vero
1999 1689 2268 1747 luxuriae.
2299 1691 2513 1748 Eodem

152 1765 296 1817 intem
326 1762 504 1819 modo
531 1768 590 1819 et
620 1762 688 1818 in
717 1759 1035 1817 virtutibus
1064 1757 1357 1839 contingit
1383 1758 1545 1831 quod
1571 1764 1741 1817 actus
1768 1760 1950 1818 unius
1976 1760 2210 1818 virtutis
2242 1760 2315 1818 ad
2337 1762 2517 1818 aliam

152 1830 369 1888 rirtutem
400 1831 745 1899 ordinatur;
773 1830 950 1897 sicut,
979 1842 1114 1887 cum
1154 1841 1292 1901 quis
1334 1841 1446 1886 sua
1469 1829 1653 1886 donat
1675 1833 1742 1888 ut
1766 1844 1901 1888 cum
1955 1831 2141 1888 altero
2193 1831 2517 1889 amicitiam

152 1900 316 1957 tabeat
343 1903 678 1970 charitatis,
705 1906 872 1958 actus
902 1899 1141 1980 quidem
1190 1913 1262 1955 ex
1309 1911 1420 1956 sua
1465 1899 1665 1981 specie
1711 1905 1805 1958 est
1846 1901 2237 1971 liberalitatis,
2282 1917 2353 1960 ex
2397 1900 2517 1958 fine

152 1976 300 2028 tutem
321 1973 650 2030 charitatis.
665 1970 1016 2029 Hu‘usmodi
1034 1975 1230 2027 autem
1252 1974 1421 2026 actus
1440 1983 1541 2027 ma
1560 1982 1726 2028 orem
1754 1971 1987 2029 laudeni
2010 1972 2186 2030 habet
2204 1987 2274 2029 ex
2292 1971 2518 2043 majore

152 2038 334 2111 iirtute,
362 2043 593 2101 scilicet
615 2057 691 2101 ex
721 2056 753 2123 c
798 2042 1218 2114 aritate‚quam
1248 2053 1321 2097 ex
1339 1985 1720 2122 liberaflitate3
1748 2041 1905 2099 unde
1947 2043 2062 2100 etsi
2091 2043 2424 2102 remittatur
2450 2043 2517 2102 in

152 2123 196 2167 to
222 2114 367 2184 quod
397 2114 915 2193 liberalitatistest,
945 2125 1020 2169 ex
1045 2125 1119 2192 eo
1147 2109 1305 2183 quod
1335 2111 1407 2192 ad
1431 2111 1783 2193 charitatem
1818 2085 2128 2172 ordinatur
2161 2114 2518 2172 laudabilior

152 2183 184 2236 tt
208 2183 400 2253 majori
429 2184 709 2242 mercede
735 2182 955 2254 dignus
982 2187 1092 2239 erit
1114 2194 1290 2253 quam
1320 2194 1375 2239 si
1404 2181 1711 2240 liberalius
1739 2188 1937 2256 ageret
1968 2196 2089 2241 non
2117 2184 2181 2241 in
2210 2183 2419 2242 ordine
2443 2184 2521 2244 ad

152 2249 472 2311 charitatem.
513 2258 819 2312 ponamus
847 2266 990 2324 ergo
1022 2253 1279 2324 aliquem
1309 2265 1462 2322 opus
1497 2253 1738 2325 aliquod
1778 2254 2017 2311 virtutis
2058 2262 2352 2326 agentem,
2376 2263 2551 2327 puta1

153 2321 483 2401 lejunantem,
506 2325 598 2383 vel
628 2323 1034 2383 continentem
1064 2337 1130 2380 se
1155 2336 1190 2379 a
1216 2322 1516 2390 venereis;
1548 2328 1607 2378 et
1632 2322 1892 2395 quidem,
1907 2324 1958 2380 si
1985 2324 2210 2396 absque
2234 2332 2373 2383 voto
2403 2326 2516 2385 hoc

152 2389 309 2460 iaciat,
335 2396 442 2452 erit
469 2402 642 2453 actus
671 2395 763 2451 vel
792 2393 1104 2461 castitatis,
1133 2391 1225 2448 vel
1254 2392 1657 2460 abstinentiae3
1690 2394 1742 2449 si
1770 2397 1965 2450 autem
1996 2408 2067 2451 ex
2087 2400 2246 2464 voto,
2268 2396 2521 2453 refertur

152 2461 356 2539 ulterius
382 2466 455 2525 ad
484 2467 664 2525 aliam
695 2465 992 2532 virtutem,
1022 2462 1193 2544 cujus
1222 2467 1314 2520 est
1341 2463 1463 2519 Deo
1490 2462 1713 2544 aliquid
1741 2476 1972 2534 vovere,
1996 2464 2229 2522 scilicet
2268 2466 2343 2523 ad
2380 2464 2519 2523 reli·

154 2542 366 2603 ponem,
425 2552 555 2609 quae
597 2536 800 2608 potior
840 2541 934 2593 est
976 2538 1247 2592 castitate
1306 2533 1401 2589 vel
1443 2532 1833 2601 abstinentia,
1879 2540 2081 2604 utpote
2132 2535 2359 2594 taciens
2403 2549 2516 2595 nos

154 2607 272 2679 recte
299 2606 506 2665 habere
534 2609 608 2665 ad
642 2610 850 2665 Deum.
879 2605 998 2661 Erit
1024 2617 1170 2677 ergo
1196 2608 1365 2660 actus
1393 2602 1769 2660 abstinentiae
1784 2602 1875 2660 vel
1904 2605 2284 2664 continentiae
2312 2606 2519 2665 lauda·

154 2667 294 2730 bilior
316 2677 372 2733 in
397 2678 649 2751 eoquod
680 2692 755 2734 ex
781 2681 922 2734 voto
950 2674 1110 2742 facit,
1141 2673 1377 2731 etiamsi
1415 2686 1536 2730 non
1567 2673 1651 2730 ita
1694 2673 2016 2731 delectetur
2043 2675 2103 2732 in
2157 2676 2519 2736 abstinentia

155 2740 224 2797 vel
262 2748 632 2817 continentia,
659 2760 737 2805 ex
779 2760 852 2803 eo
881 2744 1040 2818 quod
1065 2744 1389 2801 delectatur
1410 2743 1472 2799 in
1501 2743 1719 2815 potiori
1742 2744 1957 2802 virtute
2008 2759 2140 2817 quae
2166 2753 2260 2803 est
2282 2747 2518 2820 religio.

203 2811 329 2885 leem,
367 2817 425 2874 id
467 2819 626 2891 quod
658 2816 1041 2890 potissimum
1071 2820 1164 2872 est
1215 2814 1277 2870 in
1317 2814 1533 2871 virtute
1579 2818 1671 2872 est
1712 2813 1948 2872 debitus
1987 2814 2168 2874 finis:
2200 2823 2258 2873 et
2280 2818 2417 2876 ideo
2445 2833 2521 2878 ex

156 2876 244 2960 fine
284 2887 685 2960 principaliter
739 2888 892 2946 ratio
941 2886 1083 2943 boni
1138 2890 1359 2942 manat,
1403 2884 1462 2942 Si
1517 2896 1663 2966 ergo
1712 2884 1852 2943 finis
1906 2885 2083 2943 fuerit
2138 2888 2515 2960 eminentior,

156 2954 342 3034 &tiamsi
371 2959 430 3016 in
460 2966 594 3017 actu
625 2959 849 3031 aliquis
864 2971 928 3014 se
950 2955 1265 3029 remissius
1295 2954 1491 3035 liabet,
1510 2961 1625 3012 erit
1644 2954 1774 3026 ejus
1794 2960 1963 3014 actus
1980 2957 2336 3027 virtuosior;
2363 2961 2521 3017 sicut

158 3030 190 3074 si
216 3023 411 3097 aliquis
438 3044 544 3100 pro
586 3035 735 3089 onat
771 3034 1008 3110 propter
1033 3027 1255 3084 bonum
1273 3026 1507 3105 virtutis
1534 3026 1777 3098 longam
1802 3026 1958 3084 viam
1989 3041 2185 3099 agere,
2216 3029 2373 3088 alius
2413 3043 2518 3087 au-

158 3092 243 3168 lem
271 3094 511 3174 brevem,
567 3098 907 3158 audabilior
932 3098 1044 3155 erit
1067 3097 1169 3169 qui
1198 3097 1392 3166 majus
1416 3095 1640 3166 aliquid
1664 3102 1904 3168 propter
1926 3097 2201 3156 virtutem
2242 3100 2517 3163 intendit.

158 3160 338 3222 licetin
390 3183 716 3243 progressu
754 3169 864 3226 viae
905 3169 1101 3225 lentus
1140 3166 1436 3238 procedat.
1484 3166 1544 3222 Si
1590 3172 1788 3224 autem
1837 3166 2057 3240 aliquis
2103 3169 2245 3227 facit
2292 3170 2519 3243 aliquid

160 3240 352 3302 propter
395 3241 597 3310 Deum,
629 3239 803 3297 illum
842 3244 1039 3295 actum
1070 3239 1189 3293 Deo
1230 3234 1434 3305 offert3
1476 3235 1603 3303 sed,
1634 3236 1686 3295 si
1732 3250 1807 3295 ex
1845 3244 1986 3296 voto
2032 3239 2147 3296 hoc
2188 3241 2348 3309 facit,
2395 3251 2523 3299 non

160 3299 314 3375 solum
343 3315 555 3379 actum,
586 3310 695 3368 sed
741 3310 916 3367 etiam
987 3306 1268 3364 otentiam
1299 3305 1472 3363 offert
1496 3307 1656 3386 Deo:
1687 3312 1746 3363 et
1786 3307 1876 3365 sic
1910 3313 2076 3389 patet
2114 3310 2273 3382 quod
2303 3324 2521 3393 propo·

160 3374 300 3446 situm
326 3390 493 3457 suum
523 3386 616 3461 est
644 3379 718 3438 ad
750 3323 983 3460 ali-quid,
1000 3378 1193 3458 majus
1232 3376 1799 3457 Deo-exhibendum.
1831 3380 1952 3459 Erit,
1979 3393 2126 3460 ergo
2168 3387 2338 3461 actus
2388 3393 2519 3453 ejus

160 3446 429 3571 ἷὲῐιζῑνυοῗςοτ
452 3457 684 3509 ratione
712 3461 959 3520 majoris
985 3447 1128 3506 boni
1159 3451 1394 3515 intenti,
1425 3452 1535 3504 etsi
1563 3461 1626 3504 in
1656 3453 2003 3508 executione
2048 3449 2206 3508 alnis
2252 3450 2521 3510 videatur

163 3552 165 3558 ι
251 3527 314 3571 en
343 3532 444 3576 ior.

172 3581 459 3655 ‚Primi-ea,
506 3593 785 3650 voluntas
825 3588 1168 3661 praecedens
1205 3594 1400 3646 actum
1446 3593 1649 3646 manet
1683 3588 1898 3647 virtute
1947 3591 2011 3647 in
2051 3595 2177 3649 tota
2227 3604 2521 3652 consecu-

163 3656 282 3707 :ione
332 3664 522 3730 actus,
581 3668 641 3719 et
679 3664 876 3733 ipsum
915 3659 1270 3719 laudabilem
1319 3658 1537 3728 reddit,
1588 3658 1764 3716 etiam
1809 3661 2047 3733 quando
2086 3661 2161 3718 de
2209 3663 2516 3733 proposito

164 3720 455 3796 voluntatis,
485 3739 726 3804 propter
751 3731 913 3805 quod
941 3736 1136 3788 actum
1167 3729 1397 3800 incipit,
1434 3730 1498 3786 in
1530 3731 1879 3788 executione
1912 3731 2110 3803 operis
2140 3745 2262 3789 non
2293 3734 2521 3805 cogita·

164 3794 230 3863 ³512
257 3809 270 3857 3
297 3808 407 3854 non
436 3803 590 3859 enim
619 3802 852 3875 oportet
878 3801 1067 3874 utqui
1102 3807 1340 3872 propter
1366 3803 1549 3857 Deum
1594 3798 1834 3872 aliquod
1861 3801 1977 3859 iter
2001 3803 2249 3873 arripuit
2280 3803 2343 3861 in
2372 3816 2521 3885 qua·

170 3854 266 3936 spel
291 3875 442 3943 parte
464 3872 695 3931 itineris
724 3874 795 3931 de
824 3875 946 3930 Deo
976 3872 1196 3952 cogitet
1224 3875 1377 3927 actu.
1406 3873 1567 3927 Patet
1593 3876 1788 3927 autem
1818 3872 1974 3953 quod
2006 3872 2106 3930 ille
2136 3874 2236 3945 qui
2267 3880 2424 3931 vovit
2449 3884 2521 3935 se

166 3924 340 4010 ¹¹¹(l311d
381 3939 663 4020 iacturum
719 3943 1018 4001 intensius
1056 3941 1205 3999 illud
1247 3941 1435 3998 voluit
1463 3953 1640 4013 quam
1665 3942 1766 4013 qui
1796 3942 2147 4013 simpliciter
2171 3943 2361 4002 facere
2391 3944 2515 4004 dis·

166 4005 320 4093 {0⁰¹tz
347 4021 480 4088 quia
507 4025 628 4070 non
652 4014 850 4072 solum
884 4014 1077 4071 facere
1123 4010 1334 4074 voluit.
1364 4010 1468 4069 sed
1511 4011 1701 4069 voluit
1739 4025 1807 4070 se
1843 4011 2077 4070 firmare
2117 4018 2180 4070 ut
2227 4028 2347 4073 non
2373 4013 2517 4075 defi·

166 4077 282 4148 ,eret
306 4088 338 4130 a
367 4082 645 4142 iaciendo.
677 4088 755 4142 Ex
796 4085 908 4142 hac
962 4084 1144 4154 igitur
1192 4082 1516 4139 voluntatis
1564 4082 1907 4140 intensione
1948 4082 2211 4140 redditur
2238 4086 2513 4146 executio

166 4141 250 4193 iou
274 4156 394 4203 cum
425 4150 759 4212 intensione
786 4154 1042 4227 quadam
1089 4152 1428 4219 laudabilis,
1460 4152 1638 4209 etiam
1673 4153 1913 4225 quando
1950 4153 2226 4214 voluntas
2267 4156 2357 4214 vel
2388 4167 2512 4216 non

168 4210 262 4263 ictu
290 4214 459 4275 fertur
486 4223 545 4280 in
574 4239 747 4297 opus,
776 4226 871 4282 vel
906 4226 1090 4281 fertur
1118 4223 1389 4280 remisse.
1417 4223 1513 4280 Sic
1552 4235 1696 4294 ergo
1744 4222 2102 4283 laudabilior
2143 4224 2207 4283 fii
2250 4227 2413 4302 quod
2439 4237 2513 4285 ex

168 4280 268 4334 loto
291 4280 352 4340 tlt
375 4302 545 4360 quam
572 4296 733 4368 quod
759 4294 827 4353 fit
854 4295 988 4353 sine
1014 4299 1175 4364 voto,
1202 4293 1433 4352 caeteris
1460 4298 1660 4352 tamen
1688 4293 1950 4365 paribus.
