3076 5025
355 242 458 295 568
1225 236 1361 294 Lm.
1399 236 1490 305 w,
1528 236 1682 294 cal).
1721 237 1908 292 XLIII.

355 359 801 430 repraesentatio
837 373 1043 418 eornm
1074 359 1296 440 quaein
1325 357 1717 429 conceptione
1762 334 1948 415 diyini
1971 356 2143 437 Verbi
2173 356 2792 439 comprehenduntur,

344 435 608 558 {ir-opta}
688 430 803 487 uod
841 436 900 488 et
944 443 1150 556 onmia
1184 442 1314 557 peti·
1339 428 1593 556 vargum
1648 428 1805 486 facta
1856 440 1991 554 esse
2014 427 2313 552 d¹⁰¹l¹t¹¹⁰¹²
2352 430 2801 555 Ctonvenienter

470 514 539 558 ur
609 515 672 558 er
718 514 815 559 um
847 514 985 559 crea
1012 513 1154 570 urae,
1182 512 1270 559 sci
1298 513 1386 558 tce
1503 510 1737 558 umanae
1777 510 1857 556 na
1886 510 2024 568 urae,
2053 510 2157 554 um
2188 511 2288 554 um
2313 511 2381 556 es
2410 536 2426 555 .
2482 497 2586 570 (111
2607 498 2799 568 sene„

420 576 495 630 st.
524 583 570 643 1,
598 586 658 645 q.
688 583 774 642 xr,
818 575 932 631 art.
958 569 1042 643 2.)

1322 767 1579 834 CAPUT
1619 767 1831 832 XLIII.

392 954 546 1009 QUOD
576 949 829 1000 nuttam
864 948 1102 997 namna
1128 948 1434 996 assmu
1457 948 1502 993 A
1526 947 1723 994 VBRBO
1766 947 1885 994 NON
1908 947 2303 994 ramerum·
2337 946 2757 1005 Assumom,

694 1038 800 1085 sm)
836 1038 901 1084 IN
926 1037 1057 1084 Ipsa
1082 1035 1473 1084 GONCEPTIONE
1506 1034 1644 1082 Furi·
1664 1033 1968 1082 assumam
2005 1035 2048 1080 A
2090 1035 2286 1081 vmo
2324 1025 2451 1080 Dm.

429 1206 625 1275 Quum
673 1211 869 1263 autem
911 1203 1166 1263 verbum
1213 1203 1535 1261 humanam
1577 1204 1848 1260 naturam
1882 1200 2209 1271 assumpsit
2233 1199 2293 1256 in
2325 1199 2619 1258 unitatem
2663 1213 2800 1272 per-

363 1289 551 1345 sonae,
584 1280 647 1333 ut
674 1291 744 1333 ex
776 1275 950 1331 dictis
971 1275 1096 1346 jam
1121 1274 1196 1344 (c.
1226 1272 1317 1343 41)
1348 1277 1525 1342 patet,
1556 1272 1817 1345 oportuit
1843 1271 2164 1330 humanam
2193 1276 2466 1328 naturam
2499 1283 2624 1329 non
2648 1283 2802 1342 prae-

359 1347 614 1405 existere
641 1352 959 1417 antequam
983 1343 1173 1400 Verbo
1193 1342 1480 1399 uniretur.
1834 1368 1853 1395 t
1996 1342 2005 1353 “
2466 1411 2478 1423 ⁸
2606 1411 2620 1422 ·
2662 1410 2676 1423 ·
2735 1411 2749 1423 ·

429 1416 489 1474 Si
547 1416 702 1473 enim
762 1412 1180 1486 pi‘aeexisteret,
1223 1426 1406 1485 quum
1461 1417 1674 1470 natura
1712 1415 2087 1484 praeexistere
2143 1425 2264 1470 non
2315 1414 2509 1483 possit
2559 1425 2677 1469 nist
2727 1423 2797 1470 in

359 1485 693 1553 individuo,
747 1484 1112 1555 oportuisset
1165 1497 1301 1541 esse
1329 1483 1404 1540 ali
1454 1483 1572 1540 uod
1620 1482 1988 1541 individuum
2022 1481 2186 1538 illius
2239 1481 2518 1538 humanae
2566 1485 2799 1540 naturae

364 1555 808 1629 praeenstentis
850 1561 985 1613 ante
1015 1553 1318 1612 unionem.
1353 1555 1416 1609 ln
1462 1552 1726 1611 ividuum
1757 1558 1956 1611 autem
1995 1551 2270 1610 humanae
2297 1557 2525 1609 naturae
2554 1556 2649 1609 est
2675 1552 2796 1624 hy·

358 1627 625 1754 prostasis
654 1629 713 1684 et
742 1639 1019 1706 persona.
1055 1624 1170 1682 Erit
1192 1624 1375 1697 igitur
1400 1623 1598 1681 dicere
1643 1624 1802 1698 quod
1831 1624 2093 1681 humana
2123 1628 2336 1702 natura
2360 1621 2729 1702 assumenda
2757 1635 2800 1680 a

407 1697 550 1755 erbo
579 1697 641 1753 in
676 1697 876 1769 aliqua
903 1694 1211 1768 hypostasi
1240 1693 1333 1751 vel
1369 1707 1630 1765 persona
1658 1695 2122 1766 praeexstitisset.
2155 1694 2212 1750 Sl
2239 1693 2423 1763 igitur
2453 1697 2664 1750 natura
2687 1692 2802 1750 illa

362 1771 672 1838 assumpta
728 1766 961 1833 fuisset,
1004 1770 1279 1823 manente
1329 1765 1514 1835 priori
1569 1765 1874 1892 hypostasi
1904 1764 1995 1821 vel
2046 1776 2323 1843 persona,
2355 1762 2800 1843 remansissent

357 1841 504 1895 tunc
535 1842 670 1908 post
697 1836 979 1894 unionem
1008 1835 1139 1893 duae
1169 1835 1523 1908 hypostases
1551 1849 1621 1893 ve
1683 1848 1975 1907 personae,
2010 1847 2131 1892 una
2156 1835 2325 1890 verbi
2361 1839 2419 1889 et
2447 1834 2570 1890 alia
2596 1832 2800 1891 homi·

362 1907 495 1976 nis;
528 1913 584 1963 et
611 1907 701 1965 sic
729 1920 849 1964 non
872 1909 1033 1964 esset
1061 1905 1216 1963 sacta
1246 1905 1387 1962 unio
1417 1904 1478 1961 in
1503 1904 1812 1977 hypostasi
1839 1905 1930 1962 vel
1958 1917 2214 1975 persona
2238 1921 2252 1967 ;
2282 1903 2442 1974 quod
2470 1907 2801 1961 estcontra

363 1977 720 2036 sententiam
747 1975 907 2034 fidei.
939 1975 998 2034 Si
1023 1988 1163 2032 vero
1196 1976 1536 2048 hypostasis
1568 1976 1661 2034 vel
1691 1989 1947 2047 persona
1973 1976 2076 2033 illa
2113 1987 2233 2031 non
2266 1980 2602 2053 remaneret
2633 1973 2698 2054 in
2720 1986 2801 2032 ea

363 2053 576 2104 natura
630 2046 693 2103 in
748 2060 867 2118 qua
895 2045 1258 2104 assumenda
1300 2060 1337 2103 a
1394 2045 1579 2103 verbo
1607 2046 2042 2117 praexstitisset,
2086 2045 2199 2102 hoc
2227 2057 2357 2101 sine
2406 2049 2799 2115 corruptione

361 2116 630 2175 accidere
677 2129 795 2174 non
826 2115 1158 2187 potuisset;
1189 2115 1422 2174 nullum
1460 2115 1621 2174 enim
1679 2117 1987 2189 singulare
2015 2116 2234 2173 desinit
2272 2128 2407 2172 esse
2458 2115 2574 2172 hoc
2628 2112 2796 2187 quod

362 2192 475 2254 est,
505 2185 622 2243 nisi
665 2200 772 2268 per
815 2185 1255 2255 corruptionem
1292 2186 1642 2258 :sicigitur
1682 2187 2051 2257 oportuisset
2094 2186 2262 2242 illum
2308 2184 2615 2242 hominem
2658 2196 2797 2243 cor-

359 2256 555 2327 rumpi
583 2270 684 2328 qul
717 2254 925 2314 unioni
946 2253 1413 2326 praeexstitisset,
1439 2261 1500 2312 et
1527 2268 1633 2325 per
1661 2269 2044 2328 consequens
2072 2257 2388 2312 humanam
2422 2262 2697 2313 naturam
2726 2254 2798 2314 iu

359 2340 434 2385 eo
464 2325 837 2384 existentem.
867 2325 1248 2396 Impossibile
1291 2325 1475 2397 igitur
1501 2325 1615 2383 ruit
1641 2326 1802 2397 quod
1838 2326 2091 2384 Verbum
2137 2330 2474 2383 assumeret
2499 2325 2563 2382 in
2598 2325 2796 2384 unita·

359 2401 480 2454 tem
512 2408 784 2468 personae
811 2395 1069 2464 aliquem
1098 2395 1399 2453 hominem
1440 2397 1938 2467 praeexistentem.

433 2466 623 2526 Simul
659 2473 855 2525 autem
884 2472 944 2524 et
966 2465 1352 2540 derogaretur
1396 2467 1745 2537 perfectioni
1788 2466 2218 2526 incarnationis
2244 2467 2345 2524 Dei
2375 2466 2572 2536 Verbi,
2600 2466 2656 2525 si
2679 2465 2795 2525 ali·

362 2538 505 2612 quid
548 2551 754 2595 eorum
809 2551 941 2610 quae
984 2538 1278 2595 naturalia
1319 2543 1462 2595 sunt
1490 2538 1721 2596 homini
1768 2539 1824 2597 ei
1855 2539 2110 2597 deesset.
2143 2541 2242 2594 Est
2265 2544 2464 2594 autem
2518 2536 2797 2596 naturale

361 2607 592 2667 homini
622 2613 685 2665 ut
712 2614 994 2665 nascatur
1020 2606 1323 2666 nativitate
1352 2608 1636 2666 humana.
1665 2610 1786 2666 Hoc
1815 2615 2008 2667 autern
2040 2608 2291 2665 Verbum
2322 2608 2422 2664 Dei
2456 2620 2580 2665 non
2608 2607 2795 2667 habe·

359 2685 472 2748 ret,
520 2677 572 2735 si
635 2677 936 2735 hominem
980 2677 1455 2749 praeexistentem
1492 2679 1963 2751 assuinpsisset3
2010 2693 2144 2735 nam
2196 2679 2294 2734 ille
2335 2678 2518 2735 homo
2570 2677 2636 2735 in
2677 2691 2798 2737 sua

360 2748 667 2806 nativitate
694 2762 880 2820 purus
909 2748 1091 2805 homo
1120 2749 1487 2814 exstitisset;
1522 2749 1680 2805 unde
1717 2748 1845 2820 ejus
1884 2749 2162 2806 nativitas
2190 2747 2377 2805 Verbo
2416 2761 2537 2805 non
2582 2753 2794 2820 posset

359 2818 623 2888 attribui,
648 2831 758 2876 nec
789 2818 961 2875 beata
986 2817 1163 2890 Virgo
1195 2825 1382 2876 mater
1409 2818 1580 2877 Verbi
1605 2819 1721 2877 dici
1754 2823 1976 2890 posset.
2009 2819 2179 2877 Fides
2216 2826 2412 2875 autem
2446 2832 2551 2889 per
2584 2819 2794 2877 omnia

361 2888 495 2947 sine
525 2895 767 2960 peccato
795 2888 1053 2946 similem
1084 2901 1219 2946 eum
1252 2888 1427 2947 nobis
1472 2889 1535 2945 in
1569 2890 1941 2948 naturalibus
1968 2888 2304 2955 confitetur,
2337 2888 2547 2946 dicens
2575 2889 2792 2947 Filium

360 2958 489 3028 Dei,
533 2959 862 3016 secundum
916 2959 1284 3029 Apostolum,
1342 2960 1560 3017 factum
1618 2975 1690 3018 ex
1744 2959 1992 3017 muliere
2019 2965 2077 3016 et
2120 2967 2345 3022 natum.
2375 2964 2434 3016 et
2490 2958 2791 3031 Virginem

358 3035 607 3156 matrem
665 3029 789 3087 Dei.
845 3031 974 3086 Non
1010 3028 1196 3102 igitur
1235 3029 1351 3088 hoc
1394 3029 1593 3087 decuit
1636 3036 1699 3088 ut
1741 3031 2213 3102 praeexistentem
2271 3029 2579 3087 homiuem
2617 3043 2792 3088 assu·

432 3170 581 3228 Hinc
636 3169 812 3227 etiam
852 3175 1095 3251 apparet
1140 3168 1321 3243 quod,
1370 3168 1442 3228 ab
1495 3170 1629 3241 ipso
1682 3171 2095 3243 conceptionis
2142 3169 2455 3244 principio,
2514 3174 2789 3228 naturam

359 3239 683 3301 humanam
712 3239 827 3298 sibi
858 3245 1066 3298 univit.

430 3311 600 3379 Quia,
633 3311 789 3368 sicut
835 3310 1180 3368 humanatio
1215 3311 1317 3369 Dei
1357 3310 1529 3369 Verbi
1558 3312 1805 3383 requirit
1844 3312 2003 3385 quod
2032 3311 2286 3369 Verbum
2320 3310 2417 3367 Dei
2450 3310 2533 3368 sit
2585 3316 2789 3369 natum

358 3383 666 3440 nativitate
689 3380 971 3450 humana,
1015 3380 1088 3438 ad
1125 3380 1241 3439 hoc
1277 3382 1434 3455 quod
1467 3382 1547 3438 sit
1590 3397 1766 3441 verus
1792 3382 1975 3441 homo
2013 3389 2071 3440 et
2111 3382 2418 3448 naturalis,
2452 3396 2559 3453 per
2586 3382 2790 3441 omnia

357 3452 422 3509 in
462 3452 834 3509 naturalibus
859 3450 1035 3509 nobis
1063 3453 1413 3519 conformis,
1461 3453 1542 3509 ita
1573 3453 1820 3527 requirit
1907 3455 2020 3511 uod
2056 3454 2153 3509 Dei
2183 3454 2429 3509 Verbum
2462 3453 2545 3508 sit
2572 3466 2788 3510 conce-

350 3525 522 3594 ptum
554 3522 943 3591 conceptione
972 3521 1269 3590 humana3
1304 3537 1425 3581 non
1455 3523 1637 3591 enim,
1671 3537 1852 3582 secun
1903 3538 1996 3581 um
2030 3529 2254 3580 naturae
2282 3522 2577 3587 ordinem,
2604 3521 2787 3582 homo

352 3592 626 3650 nascitur
656 3593 769 3650 nisi
798 3592 964 3663 prius
991 3593 1376 3663 concipiatur.
1399 3594 1454 3652 Si
1484 3597 1681 3651 autem
1714 3599 1924 3652 natura
1946 3593 2211 3651 humana
2230 3594 2597 3649 assumenda
2620 3592 2788 3663 prius

355 3660 421 3719 in
444 3662 863 3735 qualicumque
892 3667 1050 3720 statu
1080 3663 1295 3722 fuisset
1339 3677 1516 3736 quam
1552 3665 1740 3723 Verbo
1791 3665 2076 3732 uniretur,
2108 3664 2210 3719 illa
2252 3664 2569 3733 conceptio
2601 3662 2786 3721 verbo

355 3733 461 3789 'Dei
492 3733 730 3791 attribui
781 3746 902 3790 non
953 3740 1176 3806 posset,
1225 3738 1291 3791 ut
1329 3734 1624 3791 diceretur
1677 3742 2025 3806 conceptum
2077 3735 2466 3803 conceptione
2496 3732 2785 3791 humana.

359 3802 632 3928 Optortuit
649 3804 830 3930 igitutr
852 3802 1035 3877 quod,
1064 3803 1138 3863 ab
1162 3805 1295 3876 ipso
1315 3805 1729 3877 conceptionis
1747 3807 2063 3878 principio,
2096 3804 2344 3862 verbum
2371 3803 2475 3859 Dei
2501 3801 2784 3864 humanae

356 3884 436 3929 na
465 3886 585 3931 urae
625 3888 791 3932 unire
822 3887 910 3931 ur.

424 3944 679 4015 Rursum,
709 3944 771 4001 in
820 3945 1201 4018 generatione
1249 3945 1531 4008 humana.
1563 3948 1751 4005 virtus
1795 3947 1985 4006 activa
2014 3947 2136 4019 agit
2160 3945 2232 4004 ad
2278 3945 2784 4016 complementum

354 4010 633 4072 humanae
659 4022 899 4097 ‘naturae
937 4015 1000 4073 in
1041 4017 1241 4097 aliquo
1286 4018 1678 4077 determinato
1720 4018 2045 4077 individuo.
2074 4018 2133 4076 Si
2165 4024 2358 4074 autem
2391 4019 2650 4075 Verbum
2678 4016 2782 4075 Dei

353 4094 479 4162 1101}
510 4097 547 4140 a
578 4097 877 4162 'principio
913 4088 1343 4168 ‘conceptionis
1394 4087 1715 4147 humanam
1765 4097 2032 4147 naturam
2092 4089 2541 4159 assumpsisset,
2591 4088 2780 4147 virtus

355 4157 544 4234 activa
573 4167 633 4209 in
664 4163 1068 4229 generatione,
1098 4163 1234 4216 ante
1266 4159 1569 4225 unionem,
1601 4173 1772 4218 suam
1802 4161 2094 4219 actionem
2126 4160 2466 4218 ordinasset
2509 4159 2586 4217 ad
2615 4157 2778 4218 aliud

353 4222 727 4304 individuum
757 4225 1032 4287 huinanae
1072 4236 1314 4291 naturae.
1361 4232 1515 4302 quod
1550 4239 1640 4289 est
1675 4231 2020 4304 hypostasis
2060 4232 2145 4287 vel
2178 4244 2434 4302 peu-sona
2467 4230 2774 4299 humana;

350 4297 495 4365 post
521 4306 800 4353 unionem
838 4304 1034 4356 autem
1066 4300 1401 4359 ordinasset
1424 4305 1604 4359 totam
1636 4305 2079 4374 generationem
2105 4302 2175 4358 ad
2199 4304 2373 4358 aliam
2398 4301 2773 4374 hypostasim

352 4364 447 4423 vel
472 4377 814 4438 personam,
844 4368 1076 4430 scilicet
1109 4371 1215 4431 Dei
1239 4371 1512 4441 verbum,
1546 4373 1707 4448 quod
1750 4373 2108 4435 nascebatur
2137 4373 2202 4432 in
2245 4372 2512 4432 humana
2538 4378 2768 4433 natura.
