3076 5025
431 274 501 329 86
1302 266 1445 325 LIB-
1482 266 1530 332 1,
1570 265 1725 322 GAP.
1765 264 1979 320 Lxm

432 392 841 459 exsistentem,
868 387 1201 447 seeundum
1260 386 1422 459 quod
1471 385 1654 443 estin
1690 383 1932 456 propria
1975 388 2188 442 natura
2232 382 2563 442 secundnm
2612 383 2862 465 aliquod

431 469 690 533 tempuS,
713 467 771 519 et
796 473 918 518 non
948 460 1146 518 solum
1172 458 1502 516 secundum
1526 455 1686 527 quod
1715 462 1807 514 est
1835 456 1896 512 in
1933 456 2054 513 Deo
2082 461 2516 536 cognoscente3
2538 453 2667 511 vult
2701 468 2864 512 enim

432 537 591 592 Deus
626 546 773 599 rem,
802 544 934 603 quoe
987 543 1110 588 non
1157 535 1250 586 est
1278 541 1459 594 nunc,
1491 540 1629 584 esse
1662 525 1996 606 secundum
2054 525 2298 597 aliquod
2347 530 2581 596 tempus
2608 542 2624 593 3
2653 530 2719 582 et
2741 538 2862 584 non

433 604 629 666 solum
659 603 784 659 vult
822 601 1152 659 secundum
1191 599 1350 671 quod
1380 599 1509 668 ipse
1536 611 1670 654 eam
1700 597 1888 654 intelli
1922 601 2002 675 .¹⁸·

506 677 625 731 Nec
656 680 746 730 est
775 672 972 729 simile
1003 671 1074 728 de
1105 669 1392 727 relatione
1427 668 1683 725 volentis
1713 668 1783 724 ad
1816 681 1889 724 vo
1918 671 2062 723 itum
2094 670 2153 723 et
2176 667 2434 723 creantis
2473 666 2549 724 ad
2594 669 2866 724 creatum

433 749 494 803 et
521 743 797 801 facientis
828 742 901 800 ad
934 742 1153 799 sactum
1185 746 1286 797 aut
1309 739 1540 797 domini
1569 738 1644 796 ad
1676 737 2003 809 subiectam
2028 741 2380 794 creaturam.
2413 740 2560 794 Nam
2589 736 2749 793 velle
2775 743 2870 795 est

434 815 593 874 aetio
643 814 703 871 in
751 813 986 871 volente
1036 823 1326 880 manens;
1383 809 1540 868 unde
1589 822 1713 867 non
1757 807 2055 878 contingit
2107 806 2358 887 intelligi
2418 807 2870 887 aliquid-extra

436 886 733 943 exsistens
764 889 919 941 actu.
953 883 1063 940 Sed
1114 884 1305 939 facere
1352 887 1410 937 et
1450 894 1650 935 creare
1698 884 1756 938 et
1799 879 2132 950 gubernare
2178 876 2524 949 significant
2565 883 2870 936 actionem

433 957 811 1013 terminatam
865 953 940 1011 ad
992 952 1343 1011 exteriorem
1398 949 1697 1019 effectum,
1745 949 1876 1007 sine
1924 948 2096 1020 eujtis
2142 949 2462 1007 existentia
2516 948 2870 1020 hujusmodi

436 1025 593 1087 actio
623 1039 746 1085 nou
776 1029 975 1097 potest
1002 1022 1279 1098 intelligi.
1314 1020 1413 1094 (De
1438 1023 1622 1090 veria,
1652 1035 1713 1092 q.
1737 1032 1910 1088 xxm,
1940 1024 2051 1077 art.
2082 1022 2107 1075 1
2138 1018 2215 1076 ad
2244 1019 2322 1091 9.)

1384 1239 1638 1303 CAPUT
1687 1237 1919 1301 LXXX.

586 1422 740 1478 otton
775 1421 924 1468 DEUS
957 1420 1037 1467 DE
1065 1417 1460 1465 NECESSITATE
1492 1417 1649 1464 vum·
1681 1418 1837 1464 SUUM
1869 1415 2015 1465 ESSE
2048 1416 2125 1464 ET
2160 1417 2319 1464 SUAM
2353 1416 2713 1465 Bom'rssmt.
2785 1410 2794 1418 ⁸

509 1588 592 1644 Ex
618 1584 718 1641 his
753 1587 947 1640 autem
969 1595 1110 1654 quae
1141 1594 1323 1653 supra
1351 1580 1501 1654 (cap.
1530 1580 1624 1651 74)
1655 1586 1900 1660 ostensa
1927 1584 2088 1648 sunt,
2118 1579 2389 1652 sequitur
2416 1579 2576 1660 quod
2607 1581 2766 1661 Deus
2797 1580 2874 1639 de

437 1655 795 1781 neclessitate
824 1652 968 1710 velit
1009 1665 1187 1710 suum
1235 1665 1369 1710 esse
1411 1658 1470 1709 et
1510 1664 1684 1709 suam
1730 1650 2079 1719 bonitatem,
2119 1664 2229 1707 nec
2271 1656 2466 1722 possit
2499 1656 2872 1710 contrarium

434 1726 529 1785 vel
554 1741 610 1783 e.

510 1797 828 1854 ostensum
859 1798 952 1851 est
977 1792 1137 1851 enim
1167 1805 1347 1862 supra
1376 1791 1534 1865 quod
1575 1794 1732 1849 Deus
1770 1790 1900 1849 vult
1937 1805 2120 1850 suum
2148 1806 2283 1850 esse
2325 1795 2590 1858 etsuam
2629 1790 2874 1850 bonita-

437 1874 558 1926 tem
590 1871 653 1923 ut
678 1864 1003 1937 principale
1031 1863 1353 1934 objectum,
1383 1862 1542 1935 quod
1573 1868 1666 1920 est
1692 1862 1810 1920 sihi
1837 1863 1992 1920 ratio
2019 1863 2258 1920 volendi
2289 1863 2428 1920 alia.
2461 1865 2526 1919 ln
2556 1862 2728 1919 omni
2758 1862 2874 1934 igi-

436 1942 536 2006 tur
560 1937 743 1993 volito
771 1948 949 1993 suum
977 1947 1111 1992 esse
1141 1939 1201 1990 et
1235 1947 1409 1992 suam
1450 1933 1776 1991 bonitatem
1806 1934 1949 2002 vult,
1979 1934 2138 1992 sicut
2164 1934 2333 1992 visus
2365 1933 2430 1989 in
2457 1932 2626 1990 omni
2662 1933 2876 1991 colore

436 2008 598 2065 videt
625 2004 1254 2075 lumen.lmpossibile
1299 2011 1389 2062 est
1435 2009 1631 2061 autem
1679 2007 1862 2060 Deum
1894 2017 2014 2061 non
2045 2005 2198 2062 velle
2224 2004 2450 2076 aliquid
2495 2009 2678 2072 actu;
2708 2009 2875 2062 esset

439 2079 598 2137 enim
624 2078 833 2135 volens
860 2076 924 2133 in
954 2075 1221 2146 potentia
1248 2080 1475 2133 tantum
1498 2094 1515 2142 ;
1546 2074 1707 2147 quod
1745 2081 1838 2132 est
1866 2074 2264 2147 impossibile,
2291 2088 2473 2147 quum
2505 2088 2690 2132 suum
2716 2074 2873 2131 velle

439 2149 520 2207 sit
562 2161 741 2205 snum
768 2161 924 2205 esse.
955 2148 1212 2204 Necesse
1256 2146 1441 2219 igitur
1477 2151 1570 2204 est
1605 2144 1769 2218 quod
1802 2146 1946 2203 velit
1981 2159 2160 2205 suum
2203 2159 2340 2205 esse
2382 2150 2442 2203 et
2473 2158 2649 2203 suam
2693 2144 2874 2203 boni·

436 2224 640 2277 tatem.
2481 2236 2489 2250 ·

509 2291 663 2355 Item,
698 2285 947 2361 quilibet
977 2286 1209 2354 volens,
1238 2286 1310 2344 de
1359 2287 1715 2345 necessitate
1750 2286 1876 2343 vult
1921 2300 2098 2346 suum
2149 2287 2422 2345 ultimum
2458 2284 2640 2343 finem
2665 2304 2684 2355 3
2712 2285 2876 2345 sieut

439 2359 624 2419 homo
654 2358 725 2416 de
755 2357 1110 2416 necessitate
1138 2358 1264 2414 vult
1307 2371 1476 2414 suam
1514 2358 1962 2427 beatitudinem,
1993 2373 2102 2416 nec
2131 2365 2326 2429 potest
2355 2356 2504 2414 velle
2531 2357 2868 2415 miseriam.

438 2431 548 2488 Sed
580 2433 735 2486 Deus
755 2430 877 2486 vult
910 2444 973 2486 se
1003 2442 1136 2485 esse
1164 2429 1320 2485 sicut
1349 2429 1621 2485 ultimum
1649 2427 1848 2495 finem,
1871 2434 1936 2484 ut
1966 2445 2033 2486 ex
2064 2429 2363 2500 praedictis
2385 2427 2536 2501 (cap.
2558 2429 2654 2501 ’75)
2687 2432 2869 2500 patet.

438 2500 792 2560 Necessario
822 2500 1004 2573 igitur
1030 2499 1156 2556 vult
1183 2512 1251 2557 se
1276 2511 1433 2563 esse,
1466 2514 1576 2557 nec
1604 2505 1801 2570 potest
1828 2500 1976 2558 velle
2005 2514 2071 2558 se
2101 2514 2218 2559 non
2252 2514 2409 2557 esse.

509 2573 785 2642 Amplius,
817 2571 879 2627 in
914 2571 1249 2642 appetitivis
1295 2577 1353 2626 et
1398 2572 1460 2627 in
1504 2571 1846 2642 operativis‚
1879 2570 2019 2629 finis
2050 2572 2162 2629 hoc
2190 2571 2367 2629 modo
2397 2584 2463 2629 se
2502 2568 2687 2627 habet·
2713 2571 2870 2629 sicut

438 2641 798 2714 principium
849 2641 1380 2722 indemonstrabile
1430 2642 1489 2697 in
1542 2641 1966 2711 speculativis;
2015 2642 2173 2700 sicut
2216 2643 2377 2698 enim
2428 2656 2500 2699 ex
2549 2641 2869 2723 principiis

442 2713 884 2770 concluduntur
930 2726 993 2769 in
1036 2711 1419 2783 speculativis
1458 2712 1905 2782 conclusiones,
1932 2712 2017 2770 ita
2059 2713 2124 2769 in
2169 2712 2378 2770 activis
2424 2718 2484 2770 et
2528 2714 2871 2782 appetittvis

439 2783 593 2841 ratio
626 2783 892 2840 omnium
926 2784 1291 2853 agendorum
1323 2789 1380 2839 et
1408 2783 1875 2853 appetendorum
1918 2798 1991 2840 ex
2026 2781 2144 2840 fine
2188 2783 2465 2841 sumitur.
2498 2783 2610 2839 Sed
2638 2783 2704 2839 in
2735 2797 2872 2854 spe-

440 2855 720 2911 culativis
767 2854 1105 2911 intellectus
1136 2854 1206 2909 de
1252 2856 1605 2910 necessitate
1645 2854 1899 2911 assentit
1941 2854 2151 2925 primis
2197 2853 2510 2925 principiis
2550 2854 2874 2911 indemon-

441 2924 813 2991 strabilibuS,
846 2937 1098 2995 quorum
1131 2924 1447 2980 contrariis
1488 2925 1655 2980 nullo
1686 2924 1863 2981 modo
1905 2930 2101 2993 potest
2129 2925 2442 2982 assentire.
2471 2927 2514 2979 E
2587 2940 2624 2980 o
2653 2925 2874 2981 volun-

440 3000 534 3051 tas
568 2995 910 3050 necessario
942 2993 1191 3051 inhaeret
1218 2992 1322 3049 fini
1351 2994 1584 3062 ultimo,
1614 3000 1676 3050 ut
1706 3008 1826 3050 non
1857 2995 2049 3066 possit
2076 2996 2441 3052 contrarium
2469 2996 2556 3050 vel
2584 3010 2634 3051 e.
2658 2997 2726 3050 Et
2751 2995 2872 3062 sic,

442 3064 494 3122 si
516 3064 731 3121 divinae
748 3064 1035 3120 voluntati
1061 3077 1181 3119 non
1204 3068 1295 3120 est
1314 3064 1468 3120 alius
1490 3064 1629 3121 finis
1646 3079 1820 3135 quam
1842 3065 2075 3135 ipse,de
2097 3066 2455 3124 necessitate
2475 3066 2598 3122 vult
2616 3078 2682 3120 se
2698 3078 2866 3121 esse.

511 3135 728 3196 Adhuc,
778 3133 1001 3202 omnia,
1047 3134 1110 3189 in
1159 3139 1444 3205 quantum
1489 3140 1650 3201 sunt,
1682 3136 2093 3193 assimilantur
2135 3139 2276 3203 Deo,
2308 3136 2412 3209 qui
2449 3140 2540 3193 est
2582 3133 2772 3215 primo
2802 3140 2870 3190 et.

442 3205 699 3261 maxime
728 3218 856 3261 ens.
890 3203 1105 3261 Omnia
1140 3210 1358 3272 autem,
1389 3205 1447 3260 in
1481 3212 1772 3276 quantum
1810 3214 1970 3275 sunt,
2002 3221 2115 3265 suo
2140 3207 2319 3265 modo
2350 3206 2697 3264 naturaliter
2724 3204 2870 3261 dili-

440 3281 593 3401 ῇυηι
621 3289 797 3332 suum
830 3288 985 3334 esse.
1016 3273 1197 3331 Multo
1228 3275 1409 3345 igitur
1437 3276 1632 3347 magis
1670 3280 1825 3334 Deus
1873 3291 2049 3336 suum
2093 3292 2228 3336 esse
2267 3277 2465 3350 diligit
2493 3275 2869 3334 naturaliter.

495 3352 663 3402 utura
693 3352 891 3425 autem
929 3345 1059 3417 eJ'us
1098 3351 1189 3402 est
1234 3360 1337 3415 per
1373 3360 1439 3404 se
1470 3360 1718 3405 necesse
1746 3361 1904 3418 esse,
1936 3355 2000 3406 ut
2038 3361 2221 3419 supra
2249 3348 2401 3420 (cap.
2433 3347 2521 3420 ¹3)
2551 3347 2872 3419 probatum

442 3420 552 3473 est.
586 3419 743 3473 Deus
773 3417 957 3487 igitur
981 3431 1053 3471 ex
1082 3417 1435 3473 necessitate
1467 3418 1592 3473 vult
1620 3431 1686 3475 se
1716 3432 1872 3476 esse.

510 3488 795 3549 Praeterea,
824 3486 1023 3543 omnis
1054 3487 1335 3556 perfectio
1361 3493 1419 3543 et
1448 3488 1717 3555 bonitas,
1748 3489 1849 3561 qui
1880 3487 1942 3545 in
1969 3488 2261 3546 creaturis
2290 3493 2402 3557 est,
2433 3491 2554 3546 Deo
2585 3487 2880 3545 convenit

443 3556 860 3619 essentialiter,
897 3561 1170 3627 utsupra
1199 3556 1349 3629 (cap.
1376 3558 1466 3628 28)
1498 3558 1809 3629 probatum
1854 3563 1965 3616 est.
1998 3559 2111 3617 Dili
2157 3573 2256 3617 ere
2298 3566 2495 3617 autem
2546 3561 2738 3616 Deum
2779 3564 2878 3617 est

441 3637 679 3684 summa
769 3627 1012 3685 erteetio
1058 3628 1369 3685 rationalis
1408 3635 1713 3692 creaturae.
1746 3642 1930 3702 quum
1975 3644 2080 3700 per
2165 3644 2237 3688 oc
2268 3630 2715 3711 quodammodo
2748 3631 2876 3687 Deo

439 3700 700 3755 uniatur.
781 3711 885 3768 rgo
931 3698 992 3755 in
1040 3700 1161 3755 Deo
1208 3700 1609 3758 essentialiter
1633 3705 1761 3769 est;
1791 3714 1936 3775 ergo
1965 3715 2040 3759 ex
2075 3707 2434 3761 necessitate
2462 3701 2663 3774 diligit
2691 3713 2784 3770 se,
2815 3704 2886 3759 et

440 3766 530 3824 sic
561 3767 685 3825 vult
710 3781 777 3826 se
806 3780 963 3828 esse.
999 3766 1044 3842 (1
1068 3773 1245 3841 part„
1272 3784 1334 3843 q.
1361 3783 1488 3841 xix,
1518 3775 1628 3828 art.
1655 3769 1737 3842 3.)

1378 3991 1633 4056 CAPUT
1671 3991 1934 4057 LXXXI.

854 4159 1007 4215 QUOD
1047 4161 1198 4209 DBUS
1231 4160 1349 4208 NON
1384 4162 1464 4207 DE
1498 4162 1889 4210 NECESSITATE
1924 4162 2078 4209 vum·
2118 4163 2262 4211 Am
2296 4162 2340 4210 A
2371 4161 2460 4212 SE.

510 4330 571 4389 Si
601 4336 798 4389 autem
829 4332 1032 4391 divina
1058 4333 1337 4393 voluntas
1366 4338 1459 4390 est
1489 4333 1705 4393 divinae
1734 4333 2020 4393 bonitatis
2045 4339 2104 4393 et
2133 4334 2319 4394 divini
2367 4347 2503 4392 esse
2555 4347 2632 4391 ex
2661 4348 2888 4397 neces-

441 4400 637 4474 sitate,
664 4409 874 4477 posset
902 4404 1082 4464 alicui
1110 4404 1297 4465 videri
1336 4404 1499 4478 quod
1542 4406 1722 4467 etiam
1749 4405 2005 4466 aliorum
2035 4421 2109 4467 ex
2146 4405 2503 4467 necessitate
2532 4410 2648 4476 est,
2681 4421 2880 4481 quum
