3076 5025
538 403 642 459 534
1412 401 1546 457 Lis.
1589 401 1678 469 iv,
1718 401 1873 458 CAP.
1914 402 2095 458 xxiii.

535 523 716 582 aliam
763 522 1232 595 proportionem,
1280 535 1466 596 quum
1514 526 1864 581 mensurata
1909 521 1987 581 sit
2029 520 2219 579 virtus
2264 520 2746 595 uniuscujusque
2796 529 2940 596 αυμιε

533 593 722 664 finita,
753 599 1096 652 nontamen
1124 594 1239 652 hoc
1263 591 1750 665 praesumpsisset
1777 592 2022 651 Elisaeus
2044 594 2246 664 petere
2265 592 2409 648 utin
2432 590 2651 651 effectu
2681 592 2935 663 spirituali

536 669 845 736 superaret
881 664 1254 738 magistrum.

610 738 775 793 Patet
819 734 1020 805 etiam,
1050 749 1125 792 ex
1168 733 1611 794 consuetudine
1653 746 1839 815 sacrae
1891 732 2230 805 scripturae,
2278 731 2463 815 quod,
2499 747 2609 805 per
2653 733 2943 806 quamdam

540 804 1021 876 similitudinem,
1069 803 1318 863 humani
1367 804 1553 863 animi
1593 818 1916 876 passiones
1957 804 2401 861 transferuntur
2446 817 2511 861 in
2556 805 2774 874 Deum;
2810 805 2945 864 sieut

535 875 785 934 dicitur:
816 877 998 933 Iratus
1025 881 1107 932 est
1129 877 1319 944 surore
1344 877 1608 956 nominas
1634 877 1696 930 in
1715 890 1790 947 po
1834 877 1984 931 ulum
2004 889 2164 931 suum
2192 872 2417 956 (Ρεαῐπρ.
2447 887 2544 944 cv,
2596 878 2669 933 40
2708 893 2722 944 ;
2751 875 2944 956 dicitur

536 946 696 1004 enim
725 947 884 1005 Deus
909 946 1100 1005 iratus
1131 961 1238 1018 per
1264 945 1712 1004 similitudinem
1751 891 2030 1014 effectum
2075 949 2248 1017 punit
2288 958 2471 1015 enim,
2523 959 2645 1018 quo
2733 951 2793 1003 et
2832 947 2938 1004 irati

536 1016 794 1085 faciunt;
824 1016 986 1074 unde
1013 1023 1071 1074 et
1099 1015 1317 1075 ibidem
1341 1016 1617 1075 subditur
1647 1034 1661 1074 :
1686 1019 1762 1074 Et
1792 1017 2032 1073 tradidit
2054 1030 2140 1073 eos
2166 1016 2229 1072 in
2254 1030 2451 1096 manus
2474 1018 2738 1097 qmtium.
2776 1015 2934 1086 (ibid,

533 1087 652 1159 41.)
680 1086 776 1144 Sic
798 1092 857 1144 et
882 1086 1132 1159 Spiritus
1159 1093 1405 1146 sanctus
1429 1087 1771 1145 contristari
1802 1087 2017 1145 dicitur
2045 1099 2153 1159 per
2184 1085 2640 1144 similitudinem
2670 1084 2935 1156 effectus;

536 1156 762 1216 deserit
788 1156 948 1215 enim
973 1163 1338 1229 peccatores,
1369 1158 1526 1217 sicut
1555 1158 1890 1216 contristati
1918 1158 2203 1216 deserunt
2235 1157 2687 1215 contristantes.

609 1229 711 1308 Est
738 1228 913 1286 etiam
943 1235 1272 1287 consuetus
1299 1228 1516 1288 modus
1546 1228 1832 1310 loquendi
1878 1228 1940 1285 in
1988 1241 2163 1309 sacra
2198 1226 2502 1299 Scriptura
2541 1233 2611 1286 ut
2649 1227 2797 1286 illud
2837 1229 2934 1286 Deo

535 1297 894 1357 attribuatur
976 1298 1096 1356 uod
1135 1299 1200 1357 in
1244 1299 1488 1357 homine
1537 1298 1680 1357 facit
1724 1299 2056 1358 secundum
2100 1296 2298 1355 illud:
2345 1299 2507 1356 Nunc
2545 1300 2773 1367 coquom·
2820 1299 2938 1370 quod

535 1370 694 1451 times
715 1371 888 1425 Deum
895 1313 1114 1497 gaen-..0
1139 1381 1292 1435 xxii,
1334 1369 1445 1442 12),
1475 1368 1537 1428 id
1587 1376 1680 1428 est
1724 1383 1886 1428 nunc
1926 1380 2294 1443 cognoscere
2322 1365 2474 1436 feci3
2526 1371 2586 1449 et
2636 1368 2751 1451 boe
2784 1368 2933 1449 modo

536 1438 751 1497 dicitur
772 1453 893 1512 quo
961 1441 1218 1512 Spiritus
1250 1446 1498 1499 sanctus
1525 1440 1811 1513 postulat,
1863 1440 2003 1514 quia
2034 1436 2413 1523 postulantes
2437 1437 2610 1508 facit;
2639 1439 2778 1497 facit
2801 1452 2933 1496 enim

536 1523 804 1637 amorem
832 1510 936 1637 Deti
962 1511 1030 1638 liii
1057 1510 1341 1569 cordibus
1375 1510 1623 1581 nostris,
1653 1525 1726 1569 ex
1762 1523 1884 1584 quo
1918 1510 2332 1570 desideramus
2362 1508 2496 1581 ipso
2524 1508 2646 1567 frui
2662 1515 2722 1567 et
2740 1509 2934 1568 deside·

506 1592 647 1639 -ran
677 1594 744 1639 es
822 1593 893 1639 os
921 1595 959 1638 u
986 1594 1180 1640 amus.

608 1594 818 1719 Quun?
832 1657 1031 1711 autem
1055 1651 1306 1724 Spiritus
1334 1657 1582 1711 sanctus
1607 1650 1892 1725 procedat
1908 1665 2018 1725 per
2041 1652 2291 1711 modum
2309 1650 2536 1710 amoris
2555 1664 2676 1724 quo
2696 1651 2931 1723 seipsum

534 1723 696 1780 Deus
725 1727 905 1791 amat,
939 1721 1150 1781 eodem
1175 1727 1372 1782 autem
1398 1736 1602 1781 amore
1632 1724 1887 1781 Deus-se
1914 1727 1975 1780 et
1996 1722 2114 1781 alia
2139 1728 2382 1795 propter
2420 1734 2595 1781 suam
2637 1720 2928 1780 bonitatem

535 1796 715 1862 amat,
748 1792 1128 1874 manifestum
1159 1799 1253 1852 est
1278 1794 1440 1867 quod
1470 1793 1544 1852 ad
1572 1793 1855 1865 Spiritum
1884 1798 2159 1852 sanctum
2190 1793 2448 1865 pertinet
2470 1805 2643 1849 amor
2664 1805 2781 1866 quo
2800 1794 2928 1872 Deus

532 1875 650 1919 nos
679 1869 869 1933 amat;
902 1864 1171 1921 similiter
1196 1864 1372 1922 etiam
1401 1878 1572 1922 amor
1598 1878 1719 1936 quo
1747 1877 1863 1922 nos
1906 1865 2090 1922 Deum
2140 1876 2436 1931 amamuS,
2484 1875 2671 1934 quum
2717 1876 2824 1920 nos
2847 1864 2930 1921 Dei

533 1931 715 1990 faciat
743 1938 1062 2003 amatoreS,
1090 1939 1154 1993 ut
1182 1949 1255 1992 ex
1293 1934 1468 1992 dictis
1515 1938 1704 2005 patet;
1757 1940 1834 2003 et,
1883 1939 2171 2007 quantum
2221 1935 2296 1993 ad
2344 1936 2685 2005 utrumque,
2729 1933 2931 2005 Spiritui

453 2039 477 2064 ,
531 2007 747 2061 sancto
774 2004 1058 2075 competit
1085 2004 1294 2063 donari
1327 2022 1342 2061 ε
1374 2005 1604 2063 ratione
1634 2004 1874 2077 quidem
1905 2006 2131 2063 amoris
2159 2018 2280 2079 quo
2321 2005 2479 2062 Deus
2521 2016 2638 2061 nos
2684 2009 2850 2066 amat,
2877 2017 2931 2061 eo

530 2070 715 2131 modo
770 2073 1054 2146 loquendi
1107 2088 1228 2156 quo
1283 2074 1707 2156 unusquisque
1752 2075 1971 2133 dicitur
2016 2075 2157 2134 dare
2205 2087 2473 2133 amorem
2531 2087 2713 2132 suum
2760 2073 2931 2141 alicui,

532 2156 719 2216 quum
750 2156 884 2201 eum
936 2157 1135 2201 amare
1180 2149 1410 2215 incipit,
1454 2145 1729 2217 quamvis
1771 2148 1929 2203 Deus
1973 2147 2272 2204 neminem
2319 2158 2394 2202 ex
2442 2149 2713 2216 tempore
2760 2158 2931 2203 amare

529 2212 796 2285 incipiat,
827 2213 880 2273 si
922 2214 1275 2285 respiciatur
1316 2216 1391 2272 ad
1440 2214 1808 2272 voluntatem
1848 2216 2111 2274 divinam
2156 2230 2276 2289 qua
2317 2228 2434 2273 nos
2476 2220 2668 2283 amat;
2716 2213 2933 2273 effectus

531 2288 735 2364 tamen
763 2283 858 2342 sui
882 2284 1105 2342 amoris
1135 2299 1207 2343 ex
1233 2291 1500 2357 tempore·
1527 2291 1813 2344 causatur
1834 2286 1900 2344 in
1926 2285 2150 2359 aliquo,
2171 2299 2358 2367 quum
2377 2298 2514 2344 eum
2550 2285 2627 2344 ad
2658 2298 2724 2344 se
2742 2285 2931 2352 trahit3

530 2360 762 2412 ratione
787 2358 984 2412 autem
1011 2355 1234 2436 amoris
1263 2369 1383 2484 {¹3⁰
1414 2368 1529 2414 nos
1559 2359 1745 2413 Deum
1771 2370 2066 2426 amamus,
2095 2371 2239 2430 quia
2274 2357 2435 2415 hunc
2473 2369 2741 2438 amorem
2780 2356 2932 2435 Spiri-

529 2428 632 2482 tus
661 2429 907 2483 sanctus
936 2424 1077 2483 facit
1100 2439 1164 2483 in
1192 2439 1273 2484 no
1318 2439 1407 2495 is;
1440 2426 1599 2485 uude
1628 2428 1960 2486 secundum
1990 2428 2152 2486 hunc
2176 2440 2442 2486 amorem
2476 2439 2544 2484 in
2589 2427 2766 2486 nobis
2794 2426 2931 2486 hahi-

528 2498 637 2565 tat,
670 2500 734 2554 ut
757 2509 831 2554 ex
857 2495 1028 2555 dictis
1055 2500 1234 2569 patet,
1271 2502 1329 2556 et
1366 2496 1456 2556 sic
1483 2511 1621 2556 eum
1647 2497 1938 2558 habemus
1963 2503 2030 2557 ut
2054 2497 2227 2571 cujus
2255 2512 2368 2570 ope
2397 2497 2675 2557 fruimur.
2707 2500 2789 2568 Et,
2814 2498 2929 2571 quia

531 2564 652 2624 hoc
681 2567 1037 2649 est'Spiritui
1061 2572 1270 2627 sancto
1299 2582 1335 2626 a
1357 2571 1527 2626 Patre
1556 2574 1615 2626 et
1644 2568 1790 2627 Filio
1818 2570 1979 2642 quod
2003 2583 2109 2641 per
2133 2582 2395 2628 amorem
2449 2582 2630 2651 quem
2673 2569 2736 2626 in
2783 2568 2925 2627 nobis

531 2641 744 2719 causat
770 2637 1038 2719 innobis
1064 2638 1143 2697 sit
1168 2644 1226 2696 et
1253 2639 1543 2698 habeatur
1593 2652 1631 2697 a
1671 2638 1869 2710 nobiS,
1908 2640 2333 2699 convenienter
2371 2638 2587 2698 dicitur
2613 2653 2652 2698 a
2691 2641 2849 2697 Patre
2881 2643 2922 2695 et

530 2706 681 2765 Filio
712 2705 891 2766 nobis
920 2708 1067 2766 dari.
1099 2711 1218 2767 Nec
1261 2723 1368 2781 per
1413 2710 1527 2767 boc
1573 2712 1746 2768 Patre
1790 2716 1851 2768 et
1890 2711 2038 2769 Filio
2084 2710 2285 2769 minor
2328 2710 2689 2779 ostenditur,
2735 2709 2834 2768 sed
2866 2708 2918 2766 ali

526 2776 679 2848 ipsis
702 2776 921 2837 babere
950 2779 1264 2907 originem.
1297 2780 1520 2838 Dicitur
1547 2780 1727 2861 etiam
1751 2786 1808 2862 et
1836 2795 1872 2840 a
1914 2782 2118 2862 seipso
2147 2781 2275 2840 dari
2323 2780 2519 2845 nobis,
2564 2781 2631 2838 in
2716 2785 2917 2862 uantum

529 2858 818 2976 affigi-rem,
851 2862 1036 2976 sectuii
1083 2864 1182 2909 um
1223 2864 1400 2923 quern
1449 2862 1564 2909 nos
1604 2851 1915 2920 inhabitat,
1958 2852 2142 2911 simul
2188 2863 2326 2911 cum
2372 2853 2541 2910 Patre
2592 2854 2654 2909 et
2738 2850 2833 2910 ilio
2874 2862 2917 2906 in

527 2928 612 2976 no
655 2931 709 2976 is
752 2932 938 2978 causa
965 2962 979 2977 .

601 2989 882 3057 Quamvis
912 2995 1110 3048 autem
1140 2991 1388 3062 Spiritus
1419 2997 1668 3052 sauctus
1695 3007 1873 3053 verus
1902 2994 1983 3052 sit
2006 2996 2165 3053 Deus
2192 2997 2252 3051 et
2267 3006 2471 3052 veram
2499 2997 2776 3052 naturam
2811 2990 2918 3051 divi·

526 3071 670 3139 nain
698 3058 976 3141 habeata
1007 3063 1177 3119 Patre
1209 3067 1267 3119 et
1294 3061 1461 3131 Filio,
1513 3076 1636 3121 non
1675 3068 1877 3123 tamen
1924 3069 2159 3136 oportet
2204 3062 2366 3137 quod
2409 3062 2576 3122 filius
2622 3063 2722 3122 sit.
2773 3061 2917 3122 Filius

526 3142 686 3187 enim
717 3129 934 3189 dicitur
960 3129 1176 3204 aliquis
1199 3146 1273 3190 ex
1299 3144 1372 3190 eo
1402 3132 1563 3205 quod
1592 3135 1832 3207 genitus
1861 3138 1983 3205 est;
2014 3134 2196 3204 unde,
2220 3134 2275 3193 si
2311 3147 2409 3193 res
2437 3134 2642 3207 aliqua
2684 3138 2916 3192 naturam

527 3198 775 3259 alterius
796 3200 871 3259 ab
900 3214 973 3282 eo
1003 3201 1316 3283 acciperet,
1330 3215 1470 3283 ‚non
1494 3217 1600 3275 per
1623 3205 1979 3278 genituram,
2012 3205 2118 3263 sed
2144 3219 2251 3286 per
2288 3204 2476 3263 alium
2518 3215 2916 3284 quemcumque

523 3270 769 3329 modum
821 3276 1051 3331 ratione
1072 3270 1378 3331 filiationis
1411 3281 1666 3341 careret;
1691 3279 1900 3347 utputa
1917 3275 1969 3333 si
1983 3275 2200 3348 aliquis
2222 3276 2427 3344 homo,
2447 3274 2666 3334 virtute
2686 3275 2796 3334 sibi
2810 3274 2916 3333 divi·

523 3339 688 3399 nitus
708 3313 791 3422 ‘ad
817 3342 935 3399 hoc
962 3355 1273 3425 concessa,
1309 3342 1612 3425 bominem
1647 3345 1867 3427 faceret
1895 3359 1969 3427 ως
1991 3345 2192 3419 aliqua
2223 3345 2320 3404 sui
2368 3345 2642 3417 corporis
2670 3345 2764 3404 vel
2788 3348 2916 3417 parte

523 3410 618 3467 vel
644 3415 821 3469 etiam
850 3417 1126 3470 exteriori
1148 3413 1349 3477 modo.
1377 3420 1532 3472 sicut
1570 3414 1710 3474 facit
1749 3414 2076 3484 artificium,
2121 3415 2451 3489 productus
2504 3416 2692 3474 bomo
2736 3413 2915 3488 produ·

523 3480 715 3540 centis
737 3481 904 3564 mnis.
922 3495 1044 3542 non
1074 3482 1385 3566 (ficeretur,
1415 3484 1557 3557 quia
1582 3498 1703 3543 non
1733 3486 2080 3567 procederet
2106 3486 2181 3544 ab
2208 3499 2282 3545 eo
2306 3491 2373 3545 ut
2399 3491 2602 3545 natus.
2640 3484 2915 3544 processio

526 3556 725 3610 autem
755 3554 1006 3635 Spiritus
1035 3560 1229 3612 sancti
1258 3560 1548 3613 rationem
1578 3557 1901 3616 nativitatis
1933 3570 2059 3617 non
2087 3556 2287 3627 habet,
2317 3560 2384 3615 ut
2410 3569 2596 3628 supra
2643 3561 2913 3616 ostensum

521 3628 633 3678 est.
667 3620 830 3680 Unde
858 3622 1109 3695 Spiritus
1133 3630 1401 3695 sanctus,
1419 3625 1559 3684 licet
1584 3641 1621 3684 a
1648 3628 1818 3686 Patre
1846 3632 1906 3686 et
1931 3628 2077 3686 Filio
2105 3628 2364 3686 divinam
2394 3632 2673 3686 naturam
2714 3625 2910 3691 habeat,

520 3704 647 3750 non
668 3697 866 3751 tamen
898 3706 1107 3753 eorum
1134 3694 1294 3754 filius
1322 3695 1436 3753 dici
1468 3701 1686 3768 potest.

593 3762 764 3845 Quod
787 3768 987 3846 autem
1025 3764 1089 3822 in
1117 3765 1251 3824 sola
1277 3771 1490 3824 natura
1517 3766 1723 3826 divina
1756 3767 2029 3841 pluribus
2060 3769 2260 3828 modis
2297 3773 2514 3829 natura
2540 3767 2912 3828 communica-

517 3835 618 3891 tur
641 3832 998 3893 rationabile
1026 3840 1137 3905 est,
1168 3835 1308 3909 quia
1331 3837 1395 3894 in
1420 3836 1554 3895 solo
1580 3840 1702 3896 Deo
1741 3837 1874 3911 ejus
1919 3839 2185 3911 operatio
2235 3844 2328 3898 est
2367 3853 2549 3899 suum
2598 3852 2753 3897 esse.
2783 3834 2921 3894 Unde·

514 3917 706 4032 ggffin
730 3904 794 4035 {3
823 3905 1206 4035 eo'ogicmoet
1222 3906 1309 4035 diirti
1346 3906 1625 3989 ‘qualibet
1666 3907 2334 4037 intelgictualitnfitura,
2381 3908 2913 4039 Sittimelssigeoeagtt

516 4015 742 4103 amoris
768 3989 1217 4129 etffvffiiunitfiissf'
1230 4050 1298 4107 ut
1323 3991 1524 4117 affligi-c.)
1545 3990 1986 4132 osszrrtffioqggld
2006 3994 2249 4110 lfla‘iieffi
2277 3990 2813 4109 izsgseudigiffuuulnzz
2843 4045 2906 4104 sit

514 4113 676 4185 Deus
704 4118 765 4197 et
789 4129 879 4198 sic
902 4121 1024 4175 tam
1052 4116 1233 4200 Filius
1261 4132 1440 4192 quam
1469 4119 1723 4202 Spiritus
1752 4126 2001 4179 sanctus
2029 4126 2125 4180 est
2151 4134 2330 4180 verus
2353 4123 2535 4180 Deus.
2809 4188 2819 4198 ,

552 4185 719 4263 ,Ηεθο
743 4187 1028 4269 igiturde
1060 4189 1310 4259 Spiritus
1337 4195 1531 4248 sancti
1563 4190 1867 4250 divinitate
1894 4190 2059 4250 dicta
2085 4190 2240 4262 sint;
2287 4191 2411 4251 alia
2429 4204 2573 4251 vero
2616 4204 2743 4272 quae
2774 4197 2900 4264 circ}

512 4266 644 4333 eus
673 4268 1126 4327 processionem
1171 4257 1581 4320 difficultatem
1631 4261 1872 4333 babent,
1917 4276 1991 4322 ex
2035 4263 2133 4323 liis
2173 4275 2308 4336 quae
2349 4262 2425 4323 de
2469 4260 2764 4321 nativitate
2801 4254 2896 4315 Filu

553 4328 670 4384 icta
696 4331 860 4399 sunt,
892 4328 1273 4388 considerare
1303 4333 1556 4402 oportet.
