3076 5025
388 311 455 365 14
1303 297 1436 354 LIB.
1477 298 1523 359 1.
1565 296 1717 352 GAP.
1756 296 1898 352 1111.

387 426 735 500 prohibens.
769 424 955 478 Omne
984 424 1182 478 autem
1209 419 1366 491 quod
1401 424 1690 485 movetur,
1724 421 1826 474 aut
1850 421 2123 473 movetur
2149 427 2256 486 per
2284 426 2370 476 se,
2404 417 2507 471 aut
2532 427 2637 485 per
2665 414 2817 472 acci-

391 499 560 556 dens.
593 496 650 552 Si
681 508 787 575 per
801 508 888 560 se,
920 491 1011 549 vel
1044 505 1148 562 pei·
1170 489 1537 551 violentiam,
1571 489 1662 545 vel
1689 501 1795 559 per
1817 493 2086 544 naturam
2112 503 2126 554 ;
2150 491 2207 542 et
2237 485 2353 543 hoc
2373 485 2462 542 vel
2493 490 2718 542 motum
2743 499 2817 542 ex

391 582 478 637 se,
503 573 567 623 ut
596 563 815 622 animal
868 562 960 619 vel
992 574 1111 619 non
1142 566 1367 618 motum
1398 573 1471 617 ex
1493 572 1584 627 se,
1611 563 1680 616 ut
1707 570 1883 630 grave
1928 562 1985 614 et
2026 557 2173 613 leve.
2229 557 2381 632 Ergo
2427 568 2606 613 omne
2653 555 2832 628 quod·

390 642 664 698 movetur
683 634 755 691 ab
785 606 905 690 alio
935 637 1224 689 movetur.

340 752 353 777 ι
461 708 652 764 Tertio
684 704 892 775 probat
917 702 1119 776 (Phys.
1142 714 1276 764 vm,
1307 704 1446 757 text.
1479 712 1700 757 comm.
1724 698 1815 770 30)
1846 697 1936 755 sic
1967 716 1981 755 :
2011 697 2173 756 Nihil
2207 697 2364 755 idem
2396 702 2487 754 est
2517 697 2701 755 simul
2751 696 2816 755 in

336 1074 355 1113 l

395 783 527 836 actu
559 783 618 833 et
656 775 715 831 in
748 774 1034 846 potentia,
1066 775 1333 843 respectu
1362 770 1628 842 ejusdem
1653 787 1668 837 ;
1691 767 1796 826 sed
1822 781 2000 826 omne
2028 768 2186 841 quod
2211 774 2501 834 movetur,
2525 768 2598 848 ‚in
2628 781 2815 840 quan-

392 853 517 906 tuni
553 843 915 917 hujusmodi,
941 844 1121 901 estin
1143 842 1427 913 potentia,
1448 841 1590 914 quia
1611 845 1808 897 motus
1836 846 1927 897 est
1955 846 2123 897 actus
2153 839 2498 897 exsistentis
2521 852 2582 895 in
2610 843 2814 909 poten·

393 919 498 986 tia,
531 916 857 975 secundum
889 913 1049 986 quod
1079 912 1446 984 hujusmodi.
1478 914 1667 968 Omne
1694 916 1891 990 autem
1921 909 2082 981 quod
2111 915 2309 968 movet
2349 915 2442 967 est
2468 909 2720 989 inacta,
2752 908 2817 965 in

436 992 682 1046 uantum
710 984 1079 1057 hujusmodi,
1106 983 1269 1056 quia,
1298 982 1453 1040 nihil
1480 982 1625 1052 agit,
1657 980 1776 1038 nisi
1819 980 2154 1041 secundum
2201 979 2362 1053 quod
2407 985 2499 1037 est
2547 992 2609 1058 in
2658 984 2814 1036 actu.

442 1072 548 1130 rgo
580 1057 728 1138 nihil
760 1063 870 1119 est,
891 1060 1162 1126 respectu
1186 1053 1474 1125 ejusdem,
1506 1064 1757 1109 movens
1785 1055 1922 1109 actu
1948 1056 2007 1108 et
2033 1052 2479 1120 motum30tsic
2508 1049 2663 1108 nibil
2690 1062 2819 1109 mo·

395 1136 490 1186 vet
516 1142 602 1186 sei
649 1141 803 1184 sum.

466 1142 783 1256 Sciegdum
814 1200 1009 1253 autem
1033 1194 1192 1268 quod
1221 1193 1409 1262 Plato,
1432 1193 1540 1265 qui
1570 1192 1769 1263 posuit
1792 1205 1969 1250 omne
1999 1205 2247 1250 movens
2272 1191 2523 1256 moveri,
2551 1203 2821 1249 commu·

394 1269 537 1326 nius
566 1267 792 1338 accepit
823 1279 1042 1324 nomen
1071 1270 1272 1322 motus
1300 1277 1480 1337 quam
1508 1263 1877 1321 Aristoteles.
1912 1262 2261 1320 Aristoteles
2291 1262 2450 1320 enim
2487 1260 2689 1342 (Phys.
2723 1275 2817 1331 111,

394 1344 535 1397 text.
560 1351 778 1396 comm.
805 1336 881 1408 6),
914 1337 1151 1408 proprie
1172 1336 1388 1405 accipit
1409 1341 1657 1400 motum,
1681 1333 2012 1391 secundum
2035 1333 2194 1405 quod
2215 1339 2310 1391 est
2333 1339 2505 1390 actus
2531 1337 2826 1391 exsisten-

395 1410 475 1467 tis
501 1409 563 1465 in
595 1409 860 1478 potentia
888 1406 1218 1464 secundum
1245 1405 1404 1477 quod
1435 1404 1802 1474 hujusmodi,
1841 1404 2094 1475 qualiter
2124 1417 2246 1461 non
2272 1408 2363 1461 est
2392 1403 2509 1460 nisi
2541 1401 2815 1460 divisibi-

392 1479 541 1538 lium
573 1485 631 1535 et
659 1490 996 1547 corporum,
1030 1481 1094 1533 ut
1122 1477 1406 1546 probatur
1446 1476 1508 1531 in
1540 1481 1710 1532 sexto
1738 1475 1958 1542 physic.
1986 1473 2150 1545 (text.
2194 1488 2411 1532 comm.
2447 1478 2515 1531 32
2544 1514 2560 1530 .
2595 1475 2821 1531 Secun-

399 1550 540 1607 dum
569 1548 872 1605 Platonem
898 1552 1120 1614 autem,
1147 1559 1395 1604 movens
1417 1546 1684 1626 seipsum
1714 1558 1837 1602 non
1870 1551 1961 1601 est
1982 1558 2222 1616 corpus.
2274 1545 2509 1614 Accipie
2593 1549 2612 1600 t
2657 1543 2820 1601 enim

397 1626 626 1678 motum
663 1632 767 1689 pro
795 1617 1055 1691 qualibet
1107 1617 1474 1686 operatione,
1509 1622 1593 1672 ita
1620 1614 1779 1688 quod
1806 1614 2137 1686 intelligere
2172 1620 2229 1672 et
2257 1616 2485 1686 operari
2520 1616 2597 1671 sit
2628 1614 2818 1695 quod-

400 1692 536 1749 dam
564 1688 817 1745 moveri:
845 1701 1021 1761 quem
1051 1687 1230 1744 etiam
1261 1686 1500 1744 modum
1533 1685 1818 1758 loquendi
1836 1685 2186 1744 Aristoteles
2215 1687 2401 1759 tangit
2431 1685 2491 1742 in
2518 1690 2692 1742 tertio
2738 1688 2818 1740 De

401 1762 586 1816 anima
643 1759 805 1830 (text.
860 1772 1076 1815 comm.
1120 1758 1232 1829 20).
1298 1756 1633 1814 Secundum
1686 1756 1799 1814 lioc
1850 1769 1994 1829 ergo
2055 1755 2288 1814 dicebat
2343 1757 2510 1814 Plato
2563 1756 2822 1826 primum

404 1842 657 1888 movens
720 1829 984 1899 seipsum
1042 1842 1278 1885 movere
1309 1869 1325 1895 ,
1381 1826 1541 1899 quod
1599 1827 1882 1899 intelligit
1939 1840 2006 1884 se
2076 1833 2135 1884 et
2188 1827 2314 1884 vult
2366 1827 2457 1883 vel
2517 1832 2677 1883 amat
2727 1840 2822 1888 se:

447 1900 565 1958 uod
603 1900 666 1955 in
702 1898 904 1971 aliquo
946 1912 1064 1955 non
1113 1901 1402 1969 repugnat
1446 1897 1784 1954 rationibus
1822 1896 2176 1955 Aristotelis.
2222 1897 2379 1954 Nihil
2429 1897 2588 1954 enim
2629 1895 2827 1954 differt

401 1916 675 2029 devenire
722 1969 796 2025 ad
845 1968 1084 2040 aliquod
1122 1968 1377 2039 primum
1429 1968 1589 2040 quod
1637 1973 1872 2026 moveat
1919 1981 1985 2025 se
2013 2009 2030 2036 ,
2088 1968 2418 2025 secundum
2471 1968 2782 2025 Platonem
2805 2009 2821 2035 ‚

402 2046 459 2100 et
518 2040 792 2165 devenire
844 2039 919 2096 ad
970 2038 1226 2109 primum
1282 2038 1444 2112 quod
1499 2038 1749 2096 omnino
1804 2038 1886 2096 sit
1941 2038 2270 2108 immobile,
2317 2037 2654 2097 secundum
2695 2037 2825 2095 Ari-

408 2116 563 2170 stote
589 2122 704 2166 em.

469 2180 659 2237 Aliam
689 2184 883 2236 autem
914 2193 1022 2250 pro
1065 2178 1405 2247 ositionem‚
1438 2179 1671 2236 scilicet
1695 2178 1855 2252 quod
1886 2179 1948 2235 in
1977 2179 2360 2239 moventibus
2387 2184 2446 2235 et
2472 2178 2656 2238 motis
2697 2193 2822 2237 non

404 2250 484 2311 sit
511 2250 829 2321 procedere
860 2250 920 2305 in
950 2251 1009 2306 in
1100 2251 1269 2319 itum,
1291 2250 1499 2320 probat
1518 2249 1712 2307 tribus
1750 2250 2108 2308 rationibus.

476 2321 737 2388 Quarum
767 2319 959 2391 prima
976 2321 1113 2378 talis
1143 2327 1236 2377 est
1276 2320 1532 2392 Physic„
1559 2334 1669 2386 vu,
1697 2324 1836 2377 text.
1866 2333 2082 2378 comm.
2115 2320 2261 2392 3-10)
2286 2339 2300 2377 :
2323 2321 2383 2379 Si
2406 2321 2470 2377 in
2491 2320 2826 2379 motoribus

412 2397 472 2451 et
493 2390 675 2447 motis
701 2391 1041 2461 proceditur
1077 2390 1229 2448 inin
1278 2391 1743 2460 nitum,oportet
1784 2392 1990 2448 omnia
2029 2391 2374 2462 hujusmodi
2424 2390 2662 2448 infinita
2690 2406 2824 2449 cor·

401 2476 551 2544 pora
577 2473 733 2528 esse,
764 2462 906 2534 quia
928 2475 1102 2519 omne
1132 2462 1291 2536 quod
1323 2467 1592 2519 movetur
1629 2469 1719 2519 est
1748 2460 2044 2519 divisibile
2074 2469 2132 2519 et
2171 2476 2409 2534 corpus,
2440 2467 2504 2520 ut
2533 2462 2826 2534 probatur

403 2547 469 2590 ia
489 2538 658 2590 sexto
685 2534 1039 2601 physicorum
1067 2533 1226 2603 (text.
1258 2547 1474 2590 comm.
1506 2537 1573 2590 33
1600 2537 1658 2589 ει
1685 2532 1884 2603 inira).
1917 2536 2103 2591 Omne
2133 2540 2331 2591 autem
2387 2546 2608 2602 corpus
2656 2534 2819 2615 quod

404 2609 603 2661 movet
623 2609 867 2665 motum.
900 2603 1079 2661 simul
1111 2602 1250 2660 dum
1273 2609 1486 2670 movet,
1507 2609 1774 2660 movetur
1797 2617 1968 2675 ;ergo
1998 2605 2202 2661 omnia
2226 2604 2343 2662 ista
2371 2603 2606 2661 infinita
2633 2605 2821 2662 simul

404 2679 738 2741 moventur,
763 2673 903 2730 dum
935 2687 1121 2730 unum
1150 2688 1358 2731 eorum
1384 2679 1684 2743 movetur;
1713 2672 1822 2732 sed
1871 2688 2055 2732 unum
2101 2688 2328 2742 eorum,
2355 2689 2540 2746 quum
2569 2676 2648 2733 sit
2691 2674 2825 2732 fini-

403 2749 552 2810 tum,
582 2749 851 2801 movetur
879 2750 1140 2816 tempore
1170 2743 1340 2803 finito
1379 2744 1658 2816 (Physic.‚
1687 2758 1820 2811 vu..
1852 2750 1991 2802 text.
2023 2759 2239 2803 comm.
2291 2749 2323 2802 8
2370 2752 2428 2801 et
2457 2745 2611 2818 seq.)
2637 2764 2652 2814 ;
2685 2759 2830 2818 ergo

407 2813 611 2871 omnia
635 2813 736 2871 illa
764 2814 997 2872 infinita
1040 2821 1352 2872 moventur
1380 2822 1645 2885 tempore
1673 2814 1862 2872 finito.
1894 2818 2015 2873 Hoc
2043 2823 2241 2874 autem
2273 2821 2364 2873 est
2396 2815 2777 2886 impossibile
2805 2834 2822 2884 ;

404 2897 548 2956 ergo
576 2884 948 2956 impossibile
965 2890 1057 2942 est
1083 2886 1239 2957 quod
1267 2886 1328 2941 in
1358 2885 1691 2943 motoribus
1721 2893 1777 2941 et
1806 2887 1985 2944 motis
2018 2887 2368 2956 procedatur
2396 2887 2458 2942 ιιι
2492 2887 2815 2944 infinitum.

477 2953 646 3022 Quod
674 2961 867 3011 autem
898 2955 1368 3025 sitimpossibile
1396 2956 1558 3027 quod
1611 2955 2144 3028 infinitapraedicta
2174 2964 2524 3015 moveantur
2555 2965 2816 3027 tempore

407 3026 601 3090 finito,
624 3025 713 3081 sic
742 3023 985 3104 probat:
1017 3029 1256 3083 noveris
1284 3031 1343 3083 et
1363 3033 1589 3082 motum
1617 3032 1890 3097 opportet
1918 3041 2055 3085 esse
2076 3028 2277 3095 simul,
2301 3033 2365 3084 ut
2397 3027 2605 3097 probat
2647 3027 2819 3083 indu·

407 3094 596 3174 cendo
626 3097 687 3150 in
717 3095 976 3166 singulis
1004 3096 1318 3165 speciebus
1348 3103 1570 3154 motus.
1598 3097 1712 3154 Sed
1737 3111 1988 3169 corpora
2013 3111 2134 3155 non
2165 3104 2421 3169 possunt
2446 3099 2603 3156 simu
2655 3111 2812 3160 esse.

407 3177 529 3221 nisi
564 3180 666 3245 per
693 3166 1145 3246 continuitatem
1173 3166 1267 3224 vel
1295 3167 1829 3240 contignationem.
1860 3170 2054 3237 Quum
2084 3183 2227 3241 ergo
2270 3168 2472 3226 omnia
2519 3167 2817 3240 praedicta,

407 3243 710 3292 moventia
739 3240 798 3291 et
834 3243 1017 3305 mota,
1048 3242 1453 3308 sintcorpora‚
1488 3245 1551 3295 ut
1579 3238 1892 3309 probatum
1921 3245 2034 3308 est,
2052 3244 2285 3310 oportet
2313 3239 2474 3311 quod
2496 3240 2618 3296 sint
2643 3239 2814 3312 quasi

408 3317 595 3385 unum
630 3305 848 3364 mobile
878 3321 982 3377 per
1006 3307 1515 3366 continuationem
1551 3310 1642 3366 vel
1672 3310 2200 3380 contignationem.
2231 3313 2299 3367 Et
2326 3312 2413 3368 sic
2465 3323 2651 3367 unum
2689 3310 2821 3367 inti·

406 3379 597 3433 nitum
631 3376 962 3435 movebitur
988 3383 1252 3448 tempore
1291 3378 1459 3436 finito
1483 3398 1497 3448 ;
1518 3381 1681 3452 quod
1712 3387 1803 3438 est
1830 3381 2225 3452 impossibile,
2256 3386 2322 3438 ut
2340 3380 2626 3453 probatur
2652 3386 2823 3438 sexto

405 3446 759 3514 Physica-um
788 3446 948 3518 (text.
980 3461 1198 3506 comm.
1230 3450 1439 3520 60:14).

481 3517 753 3575 Secunda
785 3518 935 3576 ratio
964 3519 1038 3577 ad
1075 3518 1231 3576 idem
1262 3521 1634 3590 probandum
1673 3521 1811 3579 talis
1831 3525 1922 3579 est
1949 3520 2233 3595 (Physie.‚
2262 3536 2372 3586 vii.
2409 3527 2553 3580 text.
2588 3535 2814 3579 comm.

409 3587 475 3643 33
505 3589 669 3666 ει34)
696 3608 709 3645 :
741 3591 807 3644 In
838 3589 1212 3648 moventibus
1240 3597 1299 3648 et
1331 3592 1510 3649 motis
1541 3591 1853 3660 ordinatis,
1901 3606 2155 3664 quorum
2195 3594 2428 3651 scilicet
2483 3607 2668 3650 unum
2719 3607 2824 3664 per

408 3656 680 3714 ordinem
706 3659 780 3716 ab
805 3659 924 3717 alio
956 3667 1244 3728 movetur,
1278 3662 1391 3719 hoc
1443 3676 1691 3720 necesse
1721 3668 1814 3719 est
1841 3663 2116 3733 inveniri,
2143 3664 2324 3736 quod,
2357 3671 2586 3722 remoto
2626 3663 2821 3734 primo
2903 3671 2908 3675 ’

405 3735 681 3808 movente
710 3729 799 3786 vel
816 3736 1100 3810 ‘cessante
1127 3746 1164 3788 a
1192 3733 1477 3801 motione,
1499 3734 1731 3790 nullum
1760 3733 2016 3792 aliorum
2045 3735 2305 3793 movebit
2333 3749 2523 3806 neque
2548 3733 2819 3791 movebi-
2875 3779 2880 3783 .

408 3801 544 3876 tiir;
575 3813 716 3870 quia
742 3814 996 3871 primum
1032 3806 1123 3858 est
1150 3816 1334 3860 causa
1360 3803 1634 3859 movendi
1662 3804 1944 3862 omnibus
1972 3805 2129 3862 aliiS.
2163 3806 2276 3863 Sed
2302 3807 2351 3862 si
2385 3811 2527 3862 sunt
2575 3818 2820 3860 moven-

407 3870 491 3923 tia
520 3874 578 3923 et
597 3875 755 3949 mota
782 3884 884 3940 per
909 3871 1176 3929 ordinem
1223 3872 1284 3928 in
1315 3873 1636 3936 infinitum.
1667 3887 1788 3931 non
1815 3876 1926 3932 erit
1953 3874 2194 3947 aliquod
2239 3875 2497 3955 primum
2545 3888 2818 3943 movenS,

409 3937 525 4018 sed·
545 3952 747 4019 omnia
777 3949 949 4022 erunt
973 3942 1145 4013 quasi
1169 3943 1372 4022 'media
1398 3944 1716 4002 moventia.
1748 3948 1900 4018 Ergo
1928 3946 2160 4003 nullum
2185 3947 2437 4004 aliorum
2457 3946 2677 4017 poterit
2695 3959 2822 4003 mo-

408 4016 628 4090 vemet
654 4024 741 4067 sic
773 4012 919 4068 nibil
951 4012 1283 4070 movebitur
1309 4014 1371 4069 in
1402 4014 1648 4072 mundo.

450 4081 667 4159 ‘Tertia
693 4081 962 4152 probatio
990 4083 1053 4139 ιιι
1074 4083 1229 4139 idem
1261 4084 1429 4152 redit,
1480 4085 1598 4143 nisi
1672 4089 1788 4144 uod
1838 4091 1931 4144 est
1957 4086 2167 4143 ordine
2212 4091 2630 4154 transmutato,
2658 4085 2811 4144 inci-

404 4149 624 4229 piendo
644 4151 873 4208 scilicet
894 4166 929 4209 a
947 4153 1239 4223 supen‘ori
1261 4159 1348 4223 ;et
1374 4160 1466 4212 est
1487 4155 1624 4213 talis
1674 4158 1930 4230 puysie„
1949 4170 2084 4223 vm,
2109 4163 2248 4213 text.
2269 4159 2355 4229 35)
2381 4176 2394 4213 :
2425 4158 2485 4215 ld
2507 4156 2667 4229 quod
2687 4171 2818 4215 mo-

406 4218 497 4276 vel
548 4223 1096 4291 instrumentaliter,
1127 4238 1249 4281 non
1282 4231 1474 4295 potest
1501 4240 1760 4295 movere,
1787 4229 1903 4285 nisi
1942 4229 2023 4285 sit
2047 4228 2294 4300 aliquid,
2317 4228 2476 4301 quod
2509 4226 2808 4298 principa-

404 4287 539 4370 liter
567 4299 817 4349 moveat.
850 4293 982 4373 Sed,
1012 4294 1063 4351 si
1098 4294 1160 4350 in
1190 4294 1488 4353 infinitum
1520 4299 1870 4367 procedatur
1888 4299 1948 4354 in
1981 4300 2359 4356 moventibus
2379 4306 2437 4355 et
2461 4297 2661 4367 motis,
2690 4310 2817 4355 om-

404 4372 508 4415 nia
533 4366 706 4442 erun-t
733 4376 905 4442 quasi
931 4365 1458 4424 instrumentaliter
1486 4368 1805 4434 moventia,
1831 4369 1973 4440 quia
1996 4375 2295 4440 ponentur
2322 4369 2480 4427 sicut
2507 4368 2816 4425 moventia

403 4436 600 4501 mota;
630 4431 783 4491 nibil
799 4439 999 4494 autem
1023 4436 1134 4495 erit
1153 4436 1309 4497 sicut
1329 4437 1659 4516 principale
1679 4452 1926 4499 movens
1948 4456 1966 4510 ;
1993 4454 2137 4517 ergo
2163 4441 2317 4503 nibil
2344 4438 2697 4500 movebitur.
