3076 5025
349 299 460 362 ‚240
1285 294 1420 350 LIB.
1460 295 1531 362 11,
1572 293 1724 349 CAP.
1761 292 1869 349 XC.

428 416 599 488 Quod
621 422 822 475 autem
849 416 1229 489 operationes
1258 415 1474 497 animae
1501 414 1783 495 videntur
1805 413 2096 486 proficere
2124 414 2191 472 in
2217 428 2508 498 processu
2543 424 2792 498 genera-

351 488 548 555 ,tionis
598 488 878 546 humanae
930 488 1085 546 sicut
1176 486 1455 545 rotictunt
1493 498 1767 557 corporis
1802 490 2024 556 partes,
2055 499 2178 544 non
2224 486 2489 545 ostendit
2529 501 2793 551 ammam

351 561 684 629 humanam
731 564 791 615 et
837 571 1057 630 corpus
1105 557 1124 614 i
1169 571 1262 615 em
1293 556 1654 628 principium
1695 554 1938 626 habere,
1968 556 2127 615 sicut
2154 570 2316 615 nona
2340 558 2492 616 ratio
2518 558 2797 631 procede·

358 630 493 699 bat3
527 630 632 687 sed
685 629 949 687 ostendit
995 627 1156 703 quod
1214 626 1533 699 dispositio
1590 626 1849 698 partium
1900 627 2171 700 corporis
2213 634 2304 686 est
2339 628 2683 691 necessaria
2719 629 2799 690 ad

360 701 576 760 animae
609 700 1040 772 operationem.
1932 710 1941 715 ·
2892 714 2897 718 ·

431 769 601 840 Quod
665 775 862 827 autem
912 769 1146 828 decimo
1196 767 1498 841 objicitur,
1523 780 1745 840 corpus
1790 768 2007 827 animae
2058 767 2422 842 configurari
2471 774 2531 828 et
2575 770 2653 829 ob
2678 770 2800 831 hoc

358 842 621 901 animam
671 840 787 897 sibi
817 854 1038 911 corpus
1069 838 1268 898 simile
1342 852 1653 911 raeparare,
1684 839 1900 912 partim
1928 838 2169 911 quidem
2201 845 2295 898 est
2319 855 2548 909 verum,
2579 842 2796 912 partim

361 917 562 970 autem
595 911 836 969 salsum.
867 911 929 969 Si
958 910 1122 968 enim
1158 909 1305 967 intel
1334 909 1531 982 igatur
1554 909 1627 967 de
1654 910 1858 969 anima
1886 911 2250 982 generantis,
2280 917 2373 970 est
2398 923 2605 969 verum
2636 911 2797 985 quod
2876 958 2883 963 .

358 983 617 1051 dicitu1·;
650 981 867 1040 falsum
917 985 1139 1051 autem,
1170 979 1224 1038 si
1273 980 1644 1053 intelligatur
1690 980 1762 1039 de
1790 981 1993 1039 anima
2019 982 2306 1053 generati.
2330 985 2462 1040 Non
2490 983 2655 1041 enim
2681 982 2795 1041 vir-

356 1057 482 1111 tute
513 1051 730 1110 animae
764 1051 1031 1124 generati
1078 1051 1367 1110 formatur
1408 1064 1629 1123 corpus
1676 1056 1967 1124 quantum
2013 1051 2088 1109 ad
2159 1053 2342 1111 rimas
2372 1059 2429 1110 et
2457 1053 2796 1135 praecipuas

353 1127 580 1196 partes,
608 1123 714 1180 sed
759 1123 975 1180 virtute
1019 1122 1234 1180 animae
1263 1122 1630 1195 generantis,
1670 1128 1739 1180 ut
1788 1136 1972 1194 supra
1997 1135 2106 1194 pro
2148 1128 2310 1181 atum
2360 1129 2471 1182 est.
2507 1122 2801 1187 Similiter

361 1194 541 1252 etiam
579 1193 780 1251 omnis
829 1194 1079 1251 materia
1120 1206 1246 1252 suae
1296 1193 1502 1251 formae
1544 1192 1990 1266 configuratum
2049 1206 2171 1251 non
2215 1199 2414 1252 tamen
2465 1196 2593 1253 haec
2649 1208 2794 1254 con-

361 1263 640 1337 figuratio
669 1263 735 1321 fit
762 1278 836 1322 ex
869 1264 1107 1322 actione
1135 1264 1424 1336 generati,
1456 1263 1564 1324 sed
1591 1278 1663 1321 ex
1693 1263 1928 1322 actione
1963 1264 2166 1345 formae
2197 1266 2561 1337 generantis.

435 1334 604 1404 Quod
639 1341 835 1392 autem
867 1335 1186 1392 undecimo
1203 1333 1483 1408 objicitur
1511 1333 1586 1392 de
1612 1334 1862 1392 seminis
1881 1334 2088 1393 vitain
2116 1336 2410 1407 principio
2441 1336 2801 1407 decisioniS,

365 1410 529 1478 patet
557 1405 797 1477 quidem
834 1420 908 1462 ex
955 1405 1131 1464 dictis
1179 1418 1302 1463 non
1329 1418 1469 1464 esse
1494 1405 1695 1463 vivum
1726 1405 1847 1464 nisi
1874 1404 1938 1462 in
1967 1407 2233 1477 potentia
2257 1424 2270 1475 ;
2304 1407 2460 1464 unde
2488 1412 2636 1465 tunc
2665 1408 2800 1466 ani·

366 1489 528 1535 mam
561 1482 694 1534 actu
726 1489 847 1534 non
879 1476 1078 1544 habet,
1105 1474 1212 1534 sed
1241 1476 1475 1533 virtute.
1502 1478 1572 1533 In
1599 1489 1890 1547 processu
1935 1480 2133 1533 autem
2180 1477 2589 1549 generationis
2609 1477 2803 1537 habet

363 1547 630 1606 animam
659 1546 1053 1618 vegetabilem
1083 1551 1142 1605 et
1170 1546 1540 1610 sensibilem,
1569 1560 1641 1604 ex
1658 1546 1875 1605 virtute
1904 1545 2189 1617 seminis;
2217 1562 2348 1620 quae
2378 1562 2501 1606 non
2529 1553 2799 1612 manent,

366 1616 477 1677 sed
510 1622 845 1686 transeunt,
878 1617 1079 1675 anima
1105 1617 1382 1675 rationali
1409 1617 1787 1675 succedente.

433 1689 640 1759 Neque
667 1688 868 1757 etiam,
902 1688 955 1744 si
1004 1687 1282 1745 formatio
1327 1687 1599 1758 corporis
1627 1688 1889 1747 animam
1914 1688 2237 1746 humanam
2266 1689 2562 1760 praecedit,
2594 1702 2660 1749 se
2748 1689 2805 1748 i-

365 1762 464 1815 tur
511 1757 670 1829 quod
718 1758 921 1816 anima
966 1758 1045 1815 sit
1097 1764 1338 1829 propter
1380 1771 1620 1829 corpuS‚
1663 1764 1727 1815 ut
1768 1757 2122 1816 duodecima
2165 1760 2317 1817 ratio
2356 1703 2776 1820 interebatqgs

363 1827 529 1886 enim
560 1828 787 1900 aliquid
817 1832 1062 1900 propter
1110 1828 1359 1886 alterum
1402 1828 1717 1899 dupliciter
1749 1846 1762 1884 ε
1796 1829 2127 1909 unomodo
2156 1837 2395 1910 propter
2423 1831 2554 1903 ejus
2584 1844 2803 1902 opera-

365 1898 598 1956 tionem
648 1899 775 1957 sive
826 1899 1340 1957 conservationem
1378 1899 1471 1955 vel
1518 1898 1806 1980 quidquid
1836 1899 2178 1971 hUJusmOdl
2219 1902 2498 1975 estquod
2525 1901 2809 1975 sequitur

366 1968 444 2028 ad
476 1983 636 2039 esse,
668 1974 727 2027 et
755 1969 1101 2041 huJ‘usmodi
1147 1975 1289 2049 sunt
1327 1975 1661 2040 posteriora
1692 1984 1763 2027 eo
1789 1977 2027 2040 propter
2053 1970 2213 2043 quod
2243 1979 2404 2041 sunt,
2435 1973 2593 2032 sicut
2615 1972 2806 2030 vesti-

369 2045 578 2097 menta
625 2044 767 2096 sunt
819 2045 1060 2111 propter
1100 2039 1427 2109 hominem,
1476 2044 1535 2097 et
1581 2041 1977 2098 instrumenta
2023 2047 2261 2112 propter
2313 2042 2635 2112 artificem;
2676 2043 2807 2103 alio

366 2109 554 2167 modo
586 2115 677 2168 est
706 2109 930 2182 aliquid
959 2114 1198 2182 propter
1226 2110 1499 2178 alterum,
1527 2109 1585 2167 id
1608 2116 1702 2168 est
1726 2116 1965 2183 propter
1986 2125 2119 2170 esse
2147 2112 2298 2184 ejuS‚
2326 2118 2384 2170 et
2410 2114 2499 2171 sic
2526 2113 2689 2187 quod
2703 2120 2809 2173 est

348 2187 617 2252 ,propter
642 2180 894 2237 alterum
924 2187 1017 2238 est
1042 2180 1209 2252 prius
1237 2186 1504 2262 tempore
1546 2186 1606 2239 et
1645 2187 1859 2239 natura
1874 2183 2205 2262 posterius,
2243 2186 2366 2243 Hoc
2388 2190 2588 2243 autem
2614 2185 2807 2244 modo

367 2263 594 2322 corpus
624 2257 716 2310 est
745 2256 986 2323 propter
1014 2251 1298 2321 animam,
1330 2256 1487 2310 sicut
1514 2252 1692 2309 etiam
1724 2264 1923 2311 omnis
1951 2253 2200 2311 materia
2240 2260 2479 2327 propter
2518 2255 2809 2314 formam.

367 2322 563 2381 Secus
596 2326 792 2381 autem
824 2327 1004 2391 esset,
1040 2322 1093 2379 si
1123 2336 1198 2379 ex
1247 2322 1448 2380 anima
1492 2326 1553 2379 et
1589 2335 1839 2394 corpore
1885 2335 2009 2380 non
2050 2322 2216 2381 fieret
2247 2338 2433 2383 unum
2462 2326 2811 2386 secundum

368 2404 531 2461 esse,
564 2393 720 2451 sicut
749 2392 956 2452 dicunt
984 2392 1087 2466 qui
1110 2397 1344 2465 ponunt
1375 2392 1637 2451 animam
1667 2406 1790 2453 non
1820 2406 1956 2453 esse
1983 2395 2255 2466 corporis
2282 2395 2555 2455 formam.

1337 2565 1625 2677 ‘cAPUT
1663 2612 1789 2678 xc,

367 2782 520 2837 QUOD
543 2785 715 2831 NULLI
741 2785 866 2831 ΔΒΗ
910 2785 1156 2831 commu
1195 2785 1317 2832 NISI
1367 2785 1615 2831 nmmo
1660 2786 1876 2833 numni
1921 2786 2285 2832 SUBSTANTIA
2311 2787 2806 2838 INTELLEGTUALIS

1409 2874 1486 2919 UT
1521 2874 1742 2920 Rom.

434 3021 588 3103 Quia
630 3035 786 3103 vero·
817 3028 1131 3083 ostensum
1174 3031 1269 3084 est
1321 3025 1396 3107 (c.
1428 3027 1518 3099 57)
1576 3026 1974 3086 substantiam
2012 3030 2274 3104 aliquam
2330 3032 2809 3093 intellectualem

359 3105 524 3153 uniri
551 3105 788 3173 corpori
818 3099 884 3151 ut
912 3094 1188 3176 formam,
1214 3094 1446 3154 scilicet
1488 3096 1751 3155 animam
1781 3099 2124 3166 humanam,
2160 3101 2579 3174 inquirendum
2605 3109 2807 3164 restat

358 3169 557 3222 utrum
592 3163 773 3244 alicui
804 3164 976 3221 alteri
1000 3166 1234 3236 corpori
1264 3167 1467 3238 aliqua
1490 3166 1828 3228 substantia
1856 3170 2279 3230 intellectualis
2308 3179 2374 3230 ut
2401 3174 2591 3232 forma
2617 3176 2801 3234 unia-

359 3239 475 3293 tur.
508 3236 576 3291 Et
603 3233 843 3307 quidem
872 3234 943 3291 de
970 3235 1325 3307 corporibus
1354 3237 1724 3309 coelestibus,
1795 3240 1911 3299 uod
1941 3241 2063 3299 sint
2091 3243 2354 3301 animata
2383 3244 2584 3303 anima
2609 3245 2799 3304 intel-

354 3305 624 3373 lectuali,
647 3305 928 3386 superius
952 3311 1042 3367 est
1075 3312 1387 3367 ostensum
1418 3308 1493 3388 (c.
1520 3254 1788 3390 ‘unqu-ittil
1805 3311 1877 3368 de
1908 3311 2022 3371 hoc
2049 3313 2399 3373 Aristoteles
2428 3316 2706 3384 senserit,
2729 3323 2802 3376 et

362 3376 521 3448 quod
577 3379 662 3433 Au
711 3382 951 3434 ustinus
981 3377 1097 3457 boc
1148 3377 1474 3460 sub'dubio
1516 3379 1778 3451 reliqmt,
1806 3381 1964 3440 unde
1999 3397 2266 3456 praesens
2291 3385 2605 3457 inquisitio
2631 3386 2803 3454 circa

360 3458 612 3516 corpora
648 3461 681 3503 e
708 3452 1037 3505 ementaria
1061 3461 1288 3506 versari
1335 3450 1526 3508 debet.
1565 3451 1736 3518 Quod
1766 3457 1964 3510 autem
1994 3451 2146 3512 nulli
2177 3456 2411 3526 corpori
2438 3457 2795 3517 elementari

357 3515 698 3659 ῗὲξέῐῑαῃῑία
726 3516 1153 3578 intellectualis
1196 3519 1438 3578 uniatur
1478 3524 1545 3579 ut
1589 3521 1801 3592 forma,
1849 3522 1969 3581 nisi
2020 3525 2308 3595 human0,
2344 3527 2649 3586 evidenter
2682 3543 2800 3602 ap—

427 3658 487 3716 Si
518 3659 678 3715 enim
706 3658 877 3717 alteri
917 3659 1180 3742 corpori⁸
1201 3660 1463 3732 uniatur,
1493 3667 1598 3719 aut
1651 3664 1858 3723 unitur
1883 3666 2120 3739 corpori
2155 3667 2344 3726 mixto
2372 3673 2477 3726 aut
2499 3668 2794 3741 simplici.

424 3729 556 3786 Non
582 3734 780 3811 autem
808 3735 1005 3801 potest
1026 3745 1182 3812 uniri
1212 3732 1447 3802 corpori
1470 3732 1678 3805 mixto,
1698 3735 1841 3808 quia
1860 3741 2093 3807 oportet
2114 3737 2266 3795 illud
2286 3751 2506 3810 corpus
2526 3740 2799 3800 maxime

356 3810 492 3878 esse
521 3799 771 3872 aequalis
802 3801 1236 3882 complexionis
1288 3804 1619 3862 secundum
1649 3818 1826 3864 suum
1855 3821 2049 3880 genus
2105 3807 2263 3866 inter
2289 3814 2504 3868 caetera
2534 3823 2606 3869 co
2679 3824 2795 3870 ora

353 3874 560 3937 mixta,
592 3885 776 3942 quum
818 3872 1129 3930 videamus
1165 3886 1418 3944 corpora
1461 3875 1646 3933 mixta
1691 3881 1858 3936 tanto
1904 3878 2047 3936 nobi
2073 3877 2234 3937 iores
2285 3879 2513 3937 formas
2565 3881 2605 3938 h
2685 3896 2797 3940 ere

355 3944 580 4008 quanto
610 3942 805 4013 magis
845 3942 921 4000 ad
959 3948 1490 4026 temperamentum
1521 3947 1968 4020 commixtionis
1992 3950 2343 4020 perveniunt
2368 3967 2384 4019 ;
2417 3956 2477 4008 et
2503 3951 2592 4010 sic
2621 3953 2792 4033 quod

353 4006 533 4066 habet
572 4009 823 4092 formam
869 4012 1334 4087 nobthssimam,
1363 4020 1566 4087 utpote
1613 4017 2013 4077 substantiam
2065 4019 2557 4090 intellectualem,
2605 4034 2660 4080 si
2702 4023 2793 4082 sit

353 4090 572 4147 corpus
626 4087 899 4163 miiitum,
942 4090 1175 4166 oportet
1228 4098 1365 4144 esse
1416 4089 2023 4160 temperatissimum3
2055 4090 2214 4149 unde
2270 4092 2450 4151 etiam
2502 4092 2788 4152 videmus

352 4147 512 4276 guod
558 4152 820 4211 molities
868 4168 1080 4237 carnis·
1112 4161 1172 4213 et
1217 4155 1471 4238 bonitas·
1496 4163 1714 4228 tactuS‚
1741 4175 1874 4232 quae
1906 4161 2311 4233 aequalitatem
2341 4162 2785 4235 complexionis

394 4225 783 4299 emonstrant,
840 4230 984 4282 sunt
1029 4239 1207 4298 signa
1257 4227 1400 4285 boni
1453 4228 1813 4288 intellectus
1884 4232 2227 4302 complexio
2279 4238 2478 4291 autem
2521 4234 2787 4293 maxime

352 4288 600 4418 aetffiualis
625 4295 715 4370 est
748 4295 1082 4374 complexio
1110 4297 1379 4369 corporis
1403 4298 1672 4358 humani.
1705 4302 1947 4372 Oportet
1975 4302 2179 4376 igitur,
2228 4304 2283 4361 si
2320 4305 2668 4377 ,substantia
2693 4305 2788 4362 in-

351 4363 407 4418 te
456 4359 705 4420 ectualis
750 4371 991 4422 uniatur
1036 4367 1212 4427 alicui
1256 4369 1497 4451 corpori·
1519 4371 1727 4452 mixto,
1758 4371 1918 4446 quod
1944 4372 2094 4432 illud
2137 4374 2218 4433 sit
2244 4374 2511 4447 ejusdem
2543 4380 2781 4435 naturae

351 4443 487 4492 cum
542 4444 793 4506 corpore
850 4433 1135 4500 humano.
1166 4441 1379 4501 Forma
1421 4445 1602 4502 ettam
1648 4455 1780 4515 esus
1826 4449 1991 4505 esset
2043 4444 2313 4518 ejusdem
2366 4451 2593 4509 naturae
2637 4460 2783 4505 cum
