3076 5025
748 311 952 367 BERN.
992 310 1233 367 mmm-2
1270 309 1362 367 ΠΕ
1397 306 1650 366 nunms
1689 305 2164 368 mssERTATm.
2505 308 2670 366 XXIII

214 463 505 529 veritatis
523 460 1023 542 profunditatem
1037 464 1244 538 »,tum
1268 462 1527 538 propter
1538 459 1965 522 necessarium
1988 458 2439 539 multiplicium
2458 460 2672 542 cogni·

214 562 479 629 tionum
500 559 809 640 praevium
837 563 1237 636 apparatum,
1266 561 1405 617 tum
1429 578 1459 614 α
1481 560 1740 635 propter
1755 556 2120 634 passionum
2137 564 2426 632 motus»,
2441 557 2675 636 quibus

219 659 438 723 anima
458 660 788 721 commota
809 677 841 715 α
855 671 984 718 non
1005 660 1105 716 est
1118 660 1266 732 apta
1280 654 1360 716 ad
1380 659 1512 715 tam
1532 653 1680 715 altae
1696 653 1974 717 veritatis
1991 654 2422 735 cognitionem
2443 674 2474 711 u
2488 652 2673 727 ‚Quid

230 772 388 838 ergo
406 755 442 819 ἲ
473 777 507 811 α
538 756 916 817 Remaneret
940 750 1293 814 humanum
1318 768 1517 833 genus
1545 750 1613 812 in
1643 749 1932 813 maximis
1949 751 2324 832 ignorantiae
2355 751 2673 831 tenebris3

227 869 384 916 cum
412 852 529 914 Dei
558 849 865 930 cognitio,
890 865 1038 928 quae
1062 847 1354 911 homines
1379 846 1696 927 perfectos
1720 851 1788 909 et
1814 845 2014 911 bonos
2040 847 2215 924 facit,
2242 847 2494 912 nonnisi
2524 849 2669 929 qui-

228 948 510 1012 busdam
539 947 783 1026 paucis,
818 951 884 1007 et
909 945 1007 1007 his
1034 944 1257 1024 paucis
1296 943 1492 1006 etiam
1521 948 1666 1022 post
1694 943 1999 1022 temporis
2030 944 2492 1025 longitudinem
2525 962 2675 1023 pro-

229 1046 484 1109 veniret
505 1066 567 1108 n.
805 1096 821 1107 .

310 1144 534 1223 Neque
575 1145 912 1221 praetereas
943 1161 975 1199 α
1003 1139 1177 1218 quod
1227 1137 1691 1219 investigationi
1734 1136 1998 1201 rationis
2030 1138 2332 1205 humanm
2388 1143 2676 1220 plerum·

230 1258 359 1322 que
388 1238 629 1301 falsitas
670 1238 1056 1303 admiscetur
1085 1241 1347 1315 propter
1391 1235 1787 1297 debilitatem
1829 1234 2190 1298 intellectus
2212 1236 2675 1319 injudicando,

230 1342 300 1401 et
345 1336 863 1417 phantasmatum
911 1332 1398 1413 permixtionem
1454 1352 1516 1395 n.
1549 1331 1712 1393 Hinc
1756 1330 2056 1393 facillime
2108 1332 2425 1396 accideret
2471 1336 2679 1413 primo

252 1455 285 1495 s
311 1434 483 1513 quod
512 1433 681 1511 apud
730 1432 968 1494 multos
1004 1430 1072 1491 in
1100 1429 1497 1492 dubitatione
1525 1434 1926 1491 remanerent
1953 1444 2051 1505 ea,
2083 1447 2229 1507 quae
2258 1435 2408 1493 sunt
2432 1432 2681 1496 verissi-

244 1548 350 1595 me
378 1532 837 1603 demonstrata,
866 1530 1023 1590 dum
1049 1526 1179 1588 vim
1209 1524 1765 1589 demonstrationis
1807 1525 2103 1606 ignorant
2132 1545 2151 1591 ε
2183 1528 2502 1607 proecipue
2528 1546 2680 1593 cum

244 1628 524 1703 videant,
538 1646 575 1688 a
600 1625 859 1689 diversis
876 1624 988 1705 qui
1014 1623 1328 1702 sapientes
1345 1622 1668 1698 dicuntur,
1686 1622 1928 1685 diversa
1950 1623 2165 1686 doceri
2184 1648 2248 1688 υ.
2272 1626 2682 1709 contingeret

244 1725 441 1789 etiam
471 1746 503 1783 α
530 1724 703 1786 inter
734 1723 935 1784 multa
965 1742 1027 1798 n,
1057 1720 1300 1783 scilicet
1323 1738 1493 1795 vera,
1529 1741 1563 1779 α
1586 1736 1732 1799 quae
1751 1720 2297 1799 demonstrantur,
2325 1722 2671 1788 immisceri

252 1821 588 1900 aliquando
641 1820 869 1882 falsum
896 1865 913 1894 ,
968 1817 1138 1896 quod
1198 1817 1491 1896 equidem
1540 1834 1672 1879 non
1736 1818 2207 1880 demonstratur
2233 1864 2252 1896 ,
2308 1822 2417 1883 sed
2468 1821 2682 1902 aliqua

242 1918 550 1998 probabili
607 1918 706 1980 vel
759 1916 1099 1995 sophistica
1149 1914 1394 1977 ratione
1442 1914 1767 1991 asseritur,
1796 1932 1942 1993 quae
1998 1916 2319 1979 interdum
2375 1919 2670 1986 demons-

242 2014 435 2079 tratio
484 2019 822 2093 reputatur
845 2033 908 2077 ι».
940 2012 1122 2075 Hisce
1166 2010 1333 2073 vitiis
1356 2014 1425 2074 et
1472 2010 1760 2072 absurdis
1784 2015 1921 2074 tota
1965 2018 2167 2077 scatet
2192 2021 2474 2080 veterum
2503 2022 2668 2084 Gen-

242 2112 455 2174 tilium
498 2110 919 2191 philosophia,
942 2126 1088 2188 quae
1133 2107 1374 2170 divinas
1414 2108 1731 2184 veritates,
1762 2109 2109 2188 caeteroqui
2148 2112 2394 2189 pervias
2440 2115 2669 2181 lumini
2737 2184 2768 2197 ,

245 2208 551 2284 naturali,
574 2215 687 2270 aut
727 2206 988 2270 minime
1040 2210 1327 2269 assecuta
1374 2210 1491 2278 est,
1523 2210 1634 2267 aut
1661 2204 1979 2271 erroribus
2023 2213 2090 2270 et
2123 2213 2500 2274 commentis
2528 2222 2666 2278 tur-

242 2305 515 2384 pissimis
557 2304 880 2366 immixtas
921 2304 1243 2383 proponit.
1280 2323 1311 2362 «
1341 2302 1422 2364 Et
1464 2302 1609 2364 ideo
1653 2303 1962 2380 oportuit,
1991 2321 2106 2382 per
2139 2306 2304 2369 viam
2350 2310 2518 2387 fidei,
2552 2312 2672 2375 fixa

243 2401 648 2478 certitudine,
679 2401 883 2480 ipsam
921 2400 1251 2463 veritatem
1282 2401 1362 2462 de
1404 2397 1592 2460 rebus
1638 2397 1862 2459 divinis
1906 2397 2185 2461 exhiberi
2214 2400 2580 2467 hominibus
2607 2429 2669 2481 ι,

240 2504 317 2562 ut
346 2522 380 2560 α
408 2499 502 2565 sic
548 2516 774 2563 omues
818 2498 899 2561 de
942 2496 1113 2561 sacili
1158 2498 1415 2577 possent
1437 2490 1669 2557 hivinae
1720 2493 2099 2575 cognitionis
2144 2497 2482 2579 participes
2510 2502 2669 2580 fleri,

240 2596 479 2677 absque
506 2596 903 2660 dubitatione
929 2600 998 2659 et
1022 2611 1237 2658 errore
1259 2614 1320 2660 »-

317 2693 460 2758 Jam
489 2693 718 2773 collige
744 2690 1195 2773 inteuiqibilium
1220 2690 1552 2753 diminorum
1577 2689 1700 2752 alia
1728 2689 2027 2769 distingui
2056 2697 2373 2768 oportere,
2394 2713 2540 2773 quas
2567 2714 2676 2759 na-

240 2792 444 2854 tivum
474 2789 737 2853 rationis
758 2794 988 2852 creatae
1020 2788 1237 2850 lumen
1287 2804 1401 2866 per
1425 2804 1559 2849 sese
1601 2791 1956 2864 spectatum
2005 2802 2135 2848 non
2164 2791 2516 2861 excedunt:
2550 2792 2674 2855 alia

240 2903 415 2964 vero,
465 2901 611 2965 quae
652 2884 900 2947 nonnisi
943 2883 1222 2965 gratuito
1271 2883 1498 2947 divinae
1547 2881 1947 2946 revelationis
2010 2882 2222 2947 favore
2275 2885 2675 2952 innotescere

241 2986 531 3064 possunt.
553 2980 713 3054 Quia
736 2981 800 3042 in
830 2998 899 3043 re
922 2979 1048 3042 labi
1067 2981 1409 3043 nonnullos
1436 2980 1868 3043 animadverto
1888 2981 2056 3043 inter
2080 2981 2501 3047 heterodoxos
2529 2985 2671 3050 reli·

241 3079 448 3161 gionis
474 3078 767 3141 revelatae
808 3076 1107 3151 vindices,
1131 3076 1266 3155 qui,
1289 3076 1710 3139 necessariam
1739 3093 1816 3139 ac
1844 3077 2069 3140 utilem
2108 3077 2473 3144 hominibus
2500 3099 2676 3147 reve-

239 3176 549 3239 lationem
605 3174 879 3236 divinam
928 3173 1341 3249 vindicantes,
1373 3179 1823 3253 argumentum
1878 3181 2145 3238 sumunt
2195 3178 2391 3240 veluti
2446 3180 2672 3258 praeci·

241 3288 445 3352 pnnm
493 3288 573 3334 ex
597 3287 677 3334 eo
714 3269 1143 3350 corruptionis
1180 3274 1249 3333 et
1293 3270 1668 3349 ignorantias
1694 3275 1889 3349 statu,
1920 3272 1987 3333 in
2015 3290 2146 3352 quo
2186 3276 2359 3336 nasci
2387 3277 2676 3340 homines

242 3368 627 3448 experimur.
655 3371 739 3430 At
764 3367 1187 3445 splendidum,
1209 3383 1286 3429 ac
1312 3373 1632 3450 vegetum,
1652 3372 1721 3431 et
1747 3368 1970 3431 efficax
1987 3369 2177 3432 fuerit
2197 3372 2483 3434 nativum
2505 3390 2677 3436 crea·

242 3471 331 3529 tae
377 3465 610 3527 mentis
651 3464 890 3538 lumen,
917 3469 1068 3526 sunt
1110 3463 1347 3544 absque
1387 3463 1581 3527 dubio
1631 3465 1951 3541 veritates,
1980 3466 2063 3530 ad
2103 3467 2308 3528 Deum
2350 3468 2671 3546 pertinen-

240 3568 370 3640 tes,
397 3579 542 3642 quae
568 3561 725 3624 illud
753 3560 1017 3623 omnino
1043 3562 1381 3625 excedunt.

206 3679 217 3756 ζ
322 3658 429 3722 111.
459 3659 702 3722 Divinae
749 3656 1169 3733 revelationis,
1198 3675 1344 3736 quai
1405 3657 1736 3739 utriusque
1783 3660 2028 3742 generis
2100 3660 2394 3725 veritates
2440 3663 2680 3729 divinas

208 3759 219 3860 ί
241 3756 609 3836 patefaciat,
668 3755 1046 3834 possibilitas
1088 3754 1452 3831 innotescit,
1499 3754 1812 3833 decentia,
1864 3756 2124 3821 utilitas.
2153 3760 2248 3821 An
2299 3775 2367 3821 se
2409 3777 2676 3842 suaque,
2693 3711 2713 3792 ι

200 3871 217 3900 ³
245 3852 375 3915 sive
402 3851 704 3914 humanm
736 3850 963 3914 rationi
993 3850 1203 3930 pervia
1232 3869 1343 3930 per
1370 3870 1442 3913 ea
1459 3870 1606 3931 quse
1628 3853 1795 3916 facta
1821 3859 1994 3930 sunt,
2013 3854 2140 3916 sive
2167 3856 2429 3920 rationis
2447 3857 2679 3922 huma·
2715 3850 2726 3864 ⁰

238 3964 341 4011 πω
371 3947 894 4028 perquisitionem
939 3963 1198 4010 omnem
1242 3950 1635 4023 excedentia,
1666 3949 1960 4031 detegere
1985 3967 2064 4013 ac
2105 3954 2382 4017 revelare
2406 3953 2680 4019 voluerit

242 4061 613 4125 supremum
641 4045 915 4120 Numen,
945 4046 1215 4126 quaestio
1241 4044 1391 4107 facti
1421 4053 1537 4110 est.
1569 4045 1847 4126 Hujusce
1875 4048 2277 4111 revelationis
2301 4052 2678 4115 exstantiam

242 4145 665 4223 revelataeque
707 4143 1028 4224 religionis
1056 4145 1386 4207 veritatem
1416 4148 1705 4205 asserunt
1720 4142 1965 4206 Hebraei
2005 4149 2073 4207 et
2088 4144 2441 4222 Christiani,
2467 4147 2682 4213 libros-

243 4256 369 4319 que
429 4241 762 4319 prorerunt
806 4257 884 4303 ex
938 4239 1180 4317 divina,
1237 4246 1312 4302 ut
1364 4240 1576 4316 aiunt,
1629 4239 2045 4318 inspiratione
2089 4243 2513 4320 conscriptos,
2571 4243 2681 4322 qui

243 4335 521 4400 divinam
576 4337 1093 4416 complectuntur
1136 4336 1583 4399 revelationem
1616 4337 1902 4398 :divinas
1947 4353 2177 4416 nempe
2220 4339 2515 4402 veritates
2558 4338 2681 4398 fide

242 4433 584 4513 tenendas,
633 4433 882 4538 cultum
923 4431 1313 4513 peculiarem
1341 4432 1767 4495 exhibendum
1796 4434 1950 4509 Deo,
1983 4449 2321 4513 moresque
2345 4432 2680 4494 hominum
