3076 5025
1075 280 1208 337 LIB.
1245 281 1339 350 IV,
1378 280 1533 338 CAP.
1571 277 1840 340 xxxvnt.
2563 283 2665 340 56¹

205 436 210 439 ·
249 400 593 482 subsistens
622 399 957 483 induabus
980 402 1232 471 naturis,
1260 402 1420 476 quod
1471 406 1576 460 Eut
1619 402 1763 462 cbes
1790 399 1969 473 dixit3
1996 402 2146 461 nihil
2192 404 2350 462 enim
2392 401 2672 463 subsistit

247 485 315 530 m
360 485 435 530 eo
473 470 633 545 quod
664 471 780 529 sibl
825 470 1288 531 accidentaliter
1309 475 1530 530 unitur.
1673 487 1746 530 eo
1774 487 1916 532 vero
1944 474 2106 547 quod
2135 472 2279 531 dicit
2321 474 2579 530 animam
2608 477 2673 534 et

246 556 488 602 carnem
525 555 660 621 ,non
710 541 864 599 uniri
916 543 991 600 ad
1037 542 1262 616 aliquid
1303 542 1812 612 constituendum,
1842 544 2122 603 convenit
2167 545 2380 615 partim
2425 543 2670 617 quidem

246 625 389 670 cum
439 617 601 693 Ario·
635 615 694 670 et
726 611 1071 693 Apollinari,
1115 613 1216 685 qui
1271 621 1600 684 posuerunt
1646 627 1867 687 corpus
1912 614 2127 673 Christi
2172 628 2291 672 non
2341 615 2673 674 animatum

204 683 455 741 ·anima
497 682 793 752 rationali,
833 688 892 742 et
939 684 1152 756 partim
1203 698 1337 742 cum
1392 684 1739 754 Manichaeo,
1779 684 1879 757 qui
1935 685 2139 756 posuit
2192 685 2486 744 Christum
2547 697 2672 745 non

243 766 453 812 verum
485 753 812 821 hominem,
843 754 946 813 sed
986 754 1425 825 phantasticum
1477 756 1702 823 fuisse;
1730 755 1782 811 si
1811 754 1970 813 enim
2001 755 2201 813 anima
2232 770 2352 813 non
2383 763 2473 813 est
2502 757 2674 816 unita

205 823 417 884 -carni
468 822 541 881 ad
595 822 851 904 alicujus
904 824 1428 894 constitutionem,
1480 825 1918 898 phantasticum
1975 832 2103 886 erat
2155 825 2315 899 quod
2364 825 2675 886 videbatur

242 893 577 1023 iat-‘christo
620 894 901 953 similiter
936 895 1078 954 aliis
1121 895 1467 955 hominibus
1511 910 1588 954 ex
1630 896 1850 955 unione
1877 895 2094 955 animae
2125 901 2186 953 et
2227 898 2498 968 corporis
2527 910 2672 956 con·

244 978 280 1024 S
307 979 329 1023 ι
357 979 398 1023 u
425 979 500 1023 ¹8·
902 989 910 1011 ⁸
1946 999 1953 1018 Ι

317 1034 584 1108 sumpsit
624 1040 823 1095 autem
860 1035 990 1096 haec
1029 1036 1254 1108 positio
1296 1036 1677 1096 occasionem
1726 1051 1801 1097 ex
1842 1037 2025 1097 verbo
2055 1036 2323 1109 Apostoli
2366 1035 2670 1096 dicentis:

241 1106 459 1162 Habitu
509 1108 754 1163 inventus
829 1112 895 1164 ut
951 1107 1104 1164 homo
1158 1105 1360 1179 (Phil.‚
1407 1121 1474 1178 ιι,
1519 1108 1619 1180 7);
1666 1121 1790 1167 non
1843 1108 2005 1165 enim
2084 1108 2504 1166 intellexerunt
2556 1108 2673 1167 hoc

245 1175 581 1235 secundum
638 1176 1043 1250 metaphoram
1087 1176 1229 1236 dici.
1288 1179 1430 1246 Quae
1485 1184 1682 1236 autem
1748 1178 2146 1249 metaphorice
2205 1176 2485 1237 dicuntur
2545 1190 2673 1237 non

245 1250 487 1319 oportet
540 1247 870 1306 secundum
917 1247 1125 1307 omnia
1170 1248 1394 1307 similia
1441 1261 1599 1306 esse.
1658 1248 1846 1306 Habet
1890 1248 2076 1322 igitur
2126 1253 2340 1306 natura
2402 1248 2669 1308 humana

244 1318 924 1400 assumptaunamdam·
969 1318 1300 1378 indumenti
1331 1314 1807 1400 similitudinem,
1836 1318 1901 1377 in
1948 1321 2234 1400 quantum
2283 1318 2537 1376 Verbum
2568 1332 2674 1392 per

247 1400 492 1446 carnem
530 1387 831 1447 weibilem
870 1388 1199 1459 videbatur,
1227 1389 1386 1449 sicut
1432 1389 1614 1447 homo
1657 1389 1890 1446 videtur
1916 1402 2022 1460 per
2067 1388 2476 1447 tndumentum
2503 1408 2519 1458 ς
2551 1401 2675 1448 non

246 1463 450 1516 autem
474 1463 763 1530 quantum
790 1458 866 1518 ad
885 1459 999 1517 boc
1027 1460 1186 1534 quod
1219 1459 1363 1520 unio
1385 1459 1550 1520 verbi
1580 1460 1655 1519 ad
1684 1460 2006 1519 humanam
2042 1464 2314 1519 naturam
2338 1459 2403 1518 in
2438 1459 2679 1521 Christo

249 1527 432 1589 fuerit
457 1527 639 1588 modo
666 1529 1040 1589 accidentali.

1155 1731 1408 1796 CAPUT
1460 1731 1785 1796 XXXVIII.

247 1909 482 1961 cotim
530 1912 641 1961 Eos
688 1913 790 1967 om
846 1912 1079 1961 Pomm?
1130 1913 1284 1960 DUAS
1338 1912 1708 1959 HYPOSTASES
1766 1911 1883 1958 vm.
1915 1912 2033 1960 DUO
2080 1910 2395 1960 surroslu
2440 1912 2508 1960 m
2554 1911 2677 1961 mu
2744 1871 2759 1884 ‘

1181 2001 1447 2049 PERSONA
1482 2000 1735 2048 cnms‘rl.

291 2166 486 2245 ‘Hanc
538 2164 723 2238 igitur
765 2163 1128 2237 positionem
1155 2170 1402 2246 propter
1440 2164 1725 2245 praedicta
1767 2165 2253 2224 inconvenientia
2295 2164 2398 2223 alii
2427 2165 2672 2239 quidem

246 2240 508 2293 vitantes
567 2240 897 2307 posuerunt
947 2250 1022 2294 ex
1068 2248 1272 2294 amma
1320 2239 1381 2292 et
1424 2247 1605 2294 carne
1657 2248 1720 2292 m
1752 2237 2007 2294 Domino
2040 2238 2184 2294 Jesu
2218 2236 2451 2294 Christo
2497 2250 2677 2297 unam

248 2305 649 2364 substantiam
676 2307 1061 2363 constitutam
1093 2317 1251 2373 esse,
1280 2304 1512 2362 scilicet
1541 2305 1842 2363 hominem
1872 2306 2188 2378 quemdam
2228 2306 2494 2377 ejusdem
2541 2321 2678 2378 spe·

249 2375 366 2434 ciei
413 2376 552 2434 aliis
598 2374 971 2445 hominibus;
1001 2389 1178 2448 quem
1207 2375 1444 2447 quidem
1491 2375 1796 2433 hominem
1826 2377 2056 2432 unitum
2085 2375 2289 2433 dicunt
2317 2376 2505 2434 Verbo
2547 2376 2676 2447 Dei,

249 2458 377 2505 non
403 2445 642 2519 quidem
670 2447 730 2502 in
763 2449 994 2515 natura,
1028 2444 1135 2503 sed
1164 2445 1227 2503 in
1255 2457 1534 2526 persona,
1567 2449 1633 2502 ut
1677 2444 1909 2502 scilicet
1949 2446 2030 2503 sit
2054 2459 2173 2503 una
2202 2459 2461 2517 persona
2499 2447 2676 2506 Verbi

248 2517 355 2576 Dei
387 2523 445 2574 et
489 2517 655 2575 itlius
696 2516 979 2575 hominis.
1009 2516 1144 2585 Sed,
1176 2530 1319 2587 quta
1361 2516 1543 2574 homo
1571 2515 1672 2572 itte
1701 2516 1970 2588 quaedam
2001 2516 2309 2574 individua
2336 2517 2674 2576 substantia

251 2591 365 2658 est,
395 2587 555 2660 quod
584 2592 676 2645 est
704 2600 838 2645 esse
863 2586 1234 2668 hypostasim
1264 2592 1323 2643 et
1371 2586 1770 2657 suppositum,
1816 2585 2023 2645 dicunt
2099 2587 2296 2644 uidem
2344 2587 2408 2643 in
2438 2588 2674 2647 Christo

250 2671 392 2717 esse
431 2658 608 2717 aliam
661 2658 1030 2738 hypostasim
1060 2657 1227 2715 illius
1258 2656 1521 2719 hominis
1554 2662 1612 2714 et
1645 2657 1816 2715 Verbi
1846 2657 1968 2729 Dei,
2000 2670 2065 2715 se
2138 2670 2314 2715 unam
2355 2670 2675 2729 personam

252 2728 604 2800 utriusque;
653 2734 884 2785 ratione
931 2728 1105 2809 cujus
1162 2725 1405 2785 unitatis
1462 2727 1946 2787 dicuntverbum
1995 2728 2099 2785 Dei
2155 2728 2227 2785 de
2281 2728 2524 2786 bomine
2568 2729 2677 2788 illo

293 2798 559 2857 raedicari
588 2804 648 2856 et
676 2798 980 2856 hominem
1009 2798 1178 2856 illum
1219 2796 1292 2855 de
1318 2796 1508 2855 Verbo
1537 2797 1660 2867 Dei,
1691 2805 1757 2857 ut
1781 2798 1860 2856 sit
1885 2811 2105 2857 sensus
2137 2816 2152 2855 ε
2179 2799 2431 2856 Verbum
2454 2799 2557 2857 Dei
2585 2807 2680 2859 est

297 2882 461 2938 omo,
490 2869 548 2926 id
594 2871 688 2927 est
728 2882 987 2941 persona
1011 2868 1181 2926 verbi
1209 2869 1310 2925 Dei
1345 2874 1438 2925 est
1482 2882 1740 2939 persona
1785 2868 2069 2937 hominis,
2099 2871 2160 2926 et
2203 2883 2235 2925 e
2264 2883 2574 2929 converso.
2604 2873 2680 2929 Et

254 2939 358 2996 hac
399 2942 612 2996 ratione
650 2940 923 3010 quidquid
966 2940 1032 2996 de
1076 2939 1250 2997 Verbo
1289 2941 1390 2995 Dei
1425 2939 1763 3009 praedicatur
1806 2940 1995 2996 dicunt
2042 2940 2109 2995 de
2154 2939 2365 2997 homine
2390 2941 2484 2998 illo
2520 2954 2680 3011 posse

251 3010 566 3082 praedicari,
621 3015 673 3066 et
712 3025 742 3066 e
785 3025 1036 3067 converso
1079 3027 1095 3068 ε
1143 3022 1280 3067 cum
1327 3009 1584 3081 quadam
1627 3014 1828 3067 tamen
1884 3009 2291 3080 replicatione,
2351 3014 2434 3079 ut,
2492 3023 2678 3084 quum

256 3079 473 3140 dicitur
501 3098 515 3137 ε
549 3083 705 3138 Deus
735 3086 826 3138 est
869 3093 1107 3152 passuS,
1138 3078 1216 3137 sit
1256 3092 1476 3137 sensus
1506 3094 1522 3135 ε
1554 3080 1742 3137 Homo
1778 3080 1883 3152 qui
1912 3086 2006 3138 est
2045 3082 2223 3145 Deus,
2255 3086 2493 3152 propter
2532 3082 2678 3140 uni-

258 3156 437 3280 tattelm
491 3164 783 3222 personae,
835 3156 928 3209 est
969 3164 1209 3222 passuS,
1252 3155 1313 3208 et
1355 3165 1371 3204 z
1423 3152 1614 3209 Homo
1666 3150 1889 3208 creavit
1931 3151 2161 3222 stellaS‚
2201 3151 2262 3209 id
2303 3157 2396 3210 est
2429 3151 2531 3210 ille
2573 3151 2679 3227 qui

324 3292 443 3352 Sed
480 3292 608 3351 baec
633 3292 857 3364 positio
879 3293 952 3351 de
978 3293 1331 3352 necessitate
1359 3292 1421 3349 in
1452 3305 1715 3350 errorem
1743 3293 1999 3351 Nestorii
2029 3293 2333 3353 dilabitur.

323 3363 389 3422 Si
418 3364 575 3421 enim
608 3363 942 3421 differentia
970 3377 1241 3434 personae
1268 3368 1328 3421 et
1357 3363 1696 3436 hypostasis
1717 3363 2072 3433 attendatur,
2094 3365 2394 3423 invenitur
2418 3377 2679 3435 persona
2758 3409 2764 3413 .

256 3446 397 3495 esse
426 3447 546 3493 non
577 3433 839 3492 alienum
867 3435 941 3493 ab
969 3432 1297 3507 hypostasi,
1329 3436 1433 3515 sed
1469 3433 1738 3507 quaedam
1758 3448 1908 3562 ‘pars
1945 3434 2115 3507 eJus;
2146 3437 2296 3515 nihii
2327 3435 2677 3495 enim-atiud

257 3511 353 3565 est
420 3518 640 3562 ersona
664 3518 840 3575 quam
870 3504 1211 3586 hypostasis
1238 3505 1377 3564 talus
1407 3512 1654 3575 naturae,
1685 3518 1770 3563 scu
1800 3505 1912 3563 icet
1941 3505 2287 3573 rationatis;
2329 3504 2485 3576 quod
2516 3510 2678 3576 patet

260 3590 338 3634 ex
407 3573 710 3632 eflnitione
739 3576 927 3632 Boetit
958 3576 1212 3635 dicentis
1238 3577 1395 3648 quod
1426 3596 1457 3627 «
1487 3589 1746 3646 persona
1773 3579 1867 3634 est
1908 3575 2219 3634 rationalis
2273 3580 2498 3633 naturae
2528 3575 2679 3633 indi·

251 3646 439 3705 vidua
475 3645 886 3703 substantia».
919 3647 1000 3704 Ex
1025 3660 1145 3719 quo
1177 3652 1337 3718 patet
1423 3647 1560 3710 uod,
1609 3646 1749 3704 licet
1793 3659 1913 3704 nou
1963 3645 2161 3703 omnis
2208 3645 2554 3719 hypostasis
2599 3646 2680 3705 sit

253 3728 538 3790 persona,
562 3715 760 3773 omnis
789 3722 986 3773 tamen
1023 3717 1363 3791 hypostasis
1438 3730 1669 3776 umanae
1700 3722 1923 3774 naturae
1951 3729 2208 3787 persona
2253 3721 2364 3773 est.
2395 3715 2455 3774 Si
2495 3715 2682 3787 igitur

252 3801 331 3846 ex
382 3786 517 3845 sola
562 3788 784 3844 unione
830 3788 1045 3847 animae
1087 3791 1148 3845 et
1189 3786 1459 3859 corporis
1510 3786 1835 3845 constituta
1883 3790 1974 3843 est
2021 3786 2083 3842 in
2116 3785 2349 3844 Christo
2402 3787 2679 3858 quaedam

253 3856 597 3917 substantia
632 3856 1007 3928 particularis
1055 3870 1189 3941 quae
1216 3865 1308 3915 est
1337 3858 1700 3930 hypostasis,
1743 3855 1970 3916 scilicet
1997 3854 2100 3913 ille
2149 3856 2351 3926 homo,
2404 3857 2679 3930 sequitur

253 3927 419 4058 3⁰⁰⁶
462 3942 535 3985 ex
563 3929 769 3985 eadem
797 3929 1019 3987 unione
1048 3933 1124 3986 stt
1151 3927 1478 3987 constituta
1502 3939 1777 3999 persona.
1805 3926 1901 3984 Sic
1933 3926 2113 4000 igitur
2140 3926 2202 3983 in
2228 3926 2459 3985 Christo
2506 3931 2684 3986 erunt

301 4012 393 4058 uae
419 4012 715 4071 personae,
748 4013 869 4058 una
894 3998 1060 4058 illius
1090 3998 1354 4057 hominis
1384 3999 1456 4055 de
1485 4012 1642 4056 novo
1662 3997 2006 4067 constituta,
2036 4001 2096 4055 et
2123 3996 2243 4056 alia
2261 4003 2482 4057 aeterna
2510 3997 2683 4058 Verbi

257 4069 400 4139 Dei;
426 4071 586 4143 quod
617 4076 710 4128 est
733 4069 1101 4129 Nestorianae
1126 4068 1469 4140 impietatis·

193 4174 196 4177 -
327 4141 480 4207 Item,
530 4140 642 4200 etsi
688 4141 1030 4214 hypostasis
1078 4139 1248 4199 illius
1293 4138 1555 4197 hominis
1599 4152 1721 4197 nou
1767 4144 1973 4221 posset
2006 4138 2123 4197 dici
2173 4152 2450 4212 persona,
2481 4144 2682 4198 tamen

255 4208 419 4269 idem
445 4216 540 4270 est
563 4212 903 4293 hypostasis
927 4209 1092 4268 verbi
1112 4210 1218 4268 Dei
1243 4210 1401 4282 quod
1432 4223 1709 4282 persona.
1732 4209 1791 4268 St
1820 4209 2000 4291 igitur
2026 4209 2371 4291 hypostasis
2387 4211 2557 4269 verbi
2580 4209 2683 4268 Dei

257 4293 386 4339 non
413 4287 506 4340 est
536 4282 696 4339 iltius
733 4282 1016 4351 hominis,
1047 4295 1239 4355 neque
1266 4281 1438 4339 etiam
1472 4293 1729 4351 persona
1755 4280 1926 4338 Verbi
1958 4280 2060 4337 Det
2089 4280 2198 4338 erit
2224 4295 2483 4352 persona
2516 4281 2679 4338 illius

259 4349 644 4477 hominis3vet
662 4353 1007 4480 ξῇοῦίῑιςιευω
1037 4351 1151 4411 erit
1171 4351 1331 4426 quod
1375 4350 1599 4417 dicunt,
1631 4349 1790 4425 quod
1814 4362 2077 4423 persona
2104 4349 2270 4411 illius
2297 4351 2561 4412 hominis
2589 4351 2684 4410 est

257 4434 527 4495 Persona
598 4437 661 4482 er
704 4438 721 4479 t
800 4437 877 4480 et.
