3076 5025
1073 284 1205 338 LIB.
1247 284 1338 350 IV,
1378 283 1532 338 CAP.
1574 283 1763 338 Lvlll.
2521 285 2627 339 593

201 401 436 473 mirum,
468 404 608 532 tinia
655 403 773 474 ipsi
824 404 1147 475 opinantur
1202 404 1424 486 omnia·
1457 403 1714 461 visibilia
1765 416 1850 484 ex·
1884 401 1980 461 sui
2024 407 2239 461 natura
2277 403 2437 461 mala
2487 416 2624 463 esse

205 478 351 603 {zeii
378 488 476 531 ma
505 488 542 533 o
586 478 827 532 auctore
853 474 1159 547 producta,
1190 474 1352 548 quod
1406 487 1468 532 iu
1515 473 1784 533 secundo
1813 473 1964 532 libro
1994 472 2071 545 (c.
2101 477 2135 530 4
2172 479 2229 530 et
2257 474 2407 547 seq.)
2431 487 2627 546 repro-

284 558 493 603 vimus.

276 617 386 672 Nec
427 619 521 673 est
559 613 988 674 inconveniens
1067 615 1184 673 uod
1232 629 1336 685 per
1374 627 1472 672 res
1501 613 1773 673 visibiles
1810 619 1871 672 et
1896 614 2242 685 corporales
2289 614 2621 685 spiritualis

207 685 365 744 salus
409 685 803 754 ministretur,
849 687 992 759 quia
1083 685 1381 757 ujusmodi
1431 684 1698 743 visibilia
1737 688 1880 743 sunt
1905 684 2079 757 quasi
2111 684 2380 756 quaedam
2410 686 2629 745 instru-

205 760 400 814 menta
430 756 533 813 Dei
555 756 844 814 incarnati
867 762 926 815 et
951 755 1135 828 passi.
1159 759 1621 814 instrumentum
1653 761 1851 813 autem
1878 767 2000 813 non
2022 760 2302 825 operatur
2330 769 2399 812 ex
2417 756 2631 815 virtute

206 840 327 884 suae
359 832 611 894 naturae,
649 827 756 884 sed
794 840 868 884 ex
892 828 1108 885 virtute
1128 850 1132 857 ·
1154 825 1498 899 principalis
1535 826 1792 906 agentis,
1825 839 1861 883 a
1888 838 2008 898 quo
2033 825 2366 905 applicatur
2395 826 2468 883 ad
2496 840 2631 899 ope-

165 958 170 966 ,
206 896 478 955 randum.
521 896 619 954 Sic
649 896 833 969 igitur
858 902 917 954 et
954 896 1298 969 huiusmodi
1341 909 1438 954 res
1479 896 1751 955 visibiles
1796 895 2051 954 salutem
2091 895 2459 966 spiritualem
2487 910 2630 968 ope·

206 972 429 1030 rantur.
462 980 586 1025 nou
614 981 688 1025 ex
711 968 1069 1039 proprietate
1096 981 1220 1025 suae
1244 970 1487 1030 naturae,
1517 966 1622 1025 sed
1653 981 1727 1024 ex
1757 966 2134 1023 institutione
2164 965 2358 1037 ipsius
2389 965 2620 1037 Christi,

201 1051 276 1096 ex
336 1052 413 1096 ua
444 1038 724 1095 virtutem
745 1038 1262 1096 instrumentalem
1311 1042 1783 1110 consequuntur.
1814 1037 1915 1111 (ΙΙΙ
1941 1041 2120 1110 part„
2148 1050 2208 1110 q.
2236 1048 2370 1106 2113
2400 1042 2511 1095 art.
2554 1042 2578 1094 l
2607 1054 2627 1106 ;

199 1115 257 1166 et
281 1053 366 1166 IqV
379 1109 554 1180 Seni„
578 1107 715 1167 dist.
746 1122 788 1179 1,
820 1123 880 1181 q.
907 1121 950 1179 1,
977 1114 1086 1165 art.
1113 1109 1193 1180 2.)

1170 1328 1425 1395 CAPUT
1461 1328 1643 1394 LVII.

472 1509 551 1555 DE
586 1490 990 1557 msrmo'i‘iorm
1026 1509 1535 1558 SAGRAMENTORUH
1566 1511 1814 1557 vituitus
1849 1510 1926 1558 m·
1959 1510 2137 1560 NOVAE
2172 1510 2357 1559 mols.

263 1672 490 1732 Deinde
518 1672 1017 1732 considerandum
1047 1677 1140 1732 est
1165 1674 1345 1746 quod,
1386 1688 1571 1747 quum
1598 1673 1944 1747 hujusmodi
1971 1674 2230 1734 visibilia
2258 1680 2632 1737 sacramenta

195 1757 270 1802 ex
297 1745 586 1815 passione
627 1743 841 1819 Christi
870 1743 1189 1802 efficaciam
1224 1744 1478 1803 habeant
1519 1749 1579 1818 et
1604 1746 1798 1815 ipsam
1828 1745 2268 1818 quodammodo
2300 1760 2626 1818 repraesen-

193 1818 344 1885 tent,
371 1815 518 1873 talia
542 1827 677 1873 esse
707 1819 938 1885 oportet
965 1820 1030 1872 ut
1048 1821 1380 1888 congruant
1410 1815 1588 1873 saluti
1608 1814 1775 1874 factae
1800 1830 1908 1887 per
1929 1816 2246 1874 Christum.
2268 1818 2402 1875 Haec
2430 1823 2628 1877 autem

193 1885 389 1955 saluS,
419 1889 558 1943 ante
604 1884 815 1943 Christi
847 1885 1315 1942 incarnationem
1361 1888 1420 1943 et
1446 1890 1718 1956 mortem,
1751 1891 1877 1944 erat
1903 1887 2143 1959 quidem
2170 1887 2487 1959 promissa,
2519 1887 2628 1948 sed

192 1969 324 2014 non
347 1955 641 2023 exhibita3
677 1956 783 2013 sed
809 1955 1061 2013 Verbum
1093 1955 1464 2014 incarnatum
1510 1962 1569 2014 et
1591 1969 1839 2028 passum
1872 1961 1966 2014 est
2003 1957 2258 2015 salutem
2283 1958 2629 2030 hujusmodi

183 2031 531 2100 operatum.
582 2027 964 2084 Sacramenta
1005 2026 1184 2099 igitur
1222 2040 1355 2097 quae
1399 2027 1871 2085 incarnationem
1929 2026 2142 2085 Christi
2192 2033 2631 2098 praecesserunt

184 2098 343 2157 talia
397 2110 533 2155 esse
562 2097 824 2167 oportuit
867 2100 933 2154 ut
964 2094 1372 2171 significarent
1412 2102 1471 2154 et
1496 2096 1939 2170 quodammodo
1966 2099 2440 2169 repromitterent
2466 2098 2629 2158 salu-

186 2175 358 2237 tem;
406 2172 781 2226 sacramenta
820 2172 1017 2227 autem
1090 2181 1180 2226 uae
1225 2166 1441 2225 Christi
1467 2168 1811 2239 passionem
1840 2174 2292 2242 consequuntur
2318 2169 2463 2227 talia
2492 2181 2637 2229 esse

181 2241 434 2366 oportet
460 2242 526 2296 ut
552 2238 807 2296 salutem
833 2237 1062 2297 homini
1108 2252 1179 2297 us
1206 2238 1546 2310 exhibeant,
1573 2243 1632 2296 et
1659 2251 1783 2298 non
1810 2239 2009 2298 solum
2055 2238 2353 2312 signando
2383 2240 2630 2300 demon·

263 2383 382 2437 Per
408 2380 525 2436 hoc
553 2383 751 2437 autem
779 2379 1027 2438 evitatur
1051 2380 1390 2438 Judaeorum
1408 2378 1636 2457 opinio,
1666 2379 1768 2459 qui
1796 2379 2045 2437 credunt
2074 2380 2530 2438 sacramentale
2574 2396 2633 2438 a·

188 2450 297 2523 lia,
327 2453 571 2523 propter
612 2448 729 2507 hoc
756 2450 915 2522 quod
945 2464 981 2506 a
1013 2452 1132 2508 Deo
1164 2454 1308 2507 sunt
1346 2449 1637 2518 instituta,
1678 2453 2122 2529 inperpetuum
2153 2462 2289 2506 esse
2315 2463 2528 2507 servan
2571 2465 2628 2523 a,

235 2534 386 2581 uum
414 2523 599 2578 Deum
626 2534 747 2578 non
777 2521 1061 2592 poeniteat
1099 2534 1210 2576 nec
1238 2521 1364 2589 ipse
1394 2523 1676 2577 mutetur.
1707 2520 1798 2576 Fit
1823 2524 2022 2576 autem
2048 2519 2276 2591 absque
2303 2522 2629 2580 mutatione

190 2537 581 2663 gisponentis
622 2591 714 2649 vel
799 2589 1106 2650 (enitentia
1148 2589 1304 2663 quod
1345 2588 1578 2647 diversa
1624 2587 1906 2670 disponat
1933 2589 2263 2647 secundum
2292 2603 2403 2649 con
2452 2605 2629 2649 ruen-

187 2663 342 2722 tiam
380 2665 716 2733 temporum
786 2661 1140 2719 iversorum.
1190 2659 1349 2740 Sicut
1389 2658 1816 2785 ¹paterfamilias
1848 2659 1965 2717 alia
1985 2666 2281 2740 praecepta
2301 2664 2395 2718 tra
2437 2661 2481 2717 it
2506 2662 2629 2721 filio

188 2732 449 2806 parvulo
492 2736 551 2790 et
596 2732 715 2790 alia
753 2731 878 2805 jam
928 2729 1153 2800 adulto,
1187 2743 1275 2788 sic
1303 2734 1361 2788 et
1440 2744 1550 2787 eus
1594 2735 1994 2810 congruenter
2029 2730 2146 2788 alia
2176 2737 2550 2790 sacramenta
2571 2739 2631 2791 et

189 2808 496 2885 praecepta
531 2808 667 2861 ante
717 2801 1188 2861 incarnationem
1237 2800 1413 2857 tradit
1467 2800 1544 2858 ad
1589 2799 2046 2872 significandum
2093 2801 2312 2869 futura,
2354 2801 2472 2860 alia
2492 2808 2635 2876 post

188 2873 676 2933 incarnationem
706 2873 777 2930 ad
804 2871 1199 2931 exhibendum
1230 2872 1549 2943 praesentia
1571 2876 1631 2928 et
1653 2871 2167 2930 rememorandum
2194 2873 2509 2942 praeterita.

264 2944 461 3017 Magis
495 2949 693 3001 autem
737 2942 1159 3002 irrationabilis
1203 2946 1295 3000 est
1335 2944 1746 3001 Nazaraeorum
1787 2947 1847 3000 et
1883 2941 2287 3001 Helonitarum
2311 2955 2497 3015 error,
2527 2944 2632 3017 qui

191 3021 579 3082 sacramenta
623 3014 838 3086 legalia
884 3013 1063 3072 simul
1105 3026 1240 3070 eum
1287 3012 1604 3094 Evangelio
1635 3010 1914 3071 dicebant
1952 3025 2088 3072 esse
2139 3012 2451 3084 servanda,
2534 3014 2635 3074 uia

190 3084 548 3157 hujusmodi
579 3097 744 3143 error
770 3086 944 3157 quasi
973 3084 1272 3142 contraria
1307 3084 1606 3154 implicat:
1635 3083 1777 3141 dum
1805 3082 1963 3140 enim
2010 3089 2251 3141 servant
2289 3098 2515 3156 evange
2542 3085 2636 3144 ica

193 3160 600 3224 sacramenta,
642 3154 995 3226 profitentur
1033 3153 1507 3212 incarnationem
1551 3158 1611 3212 et
1650 3153 1772 3212 alia
1798 3152 2014 3211 Christi
2044 3153 2327 3226 mysteria
2345 3154 2468 3227 jam
2497 3167 2634 3214 esse

191 3228 502 3300 perfecta;
527 3225 666 3283 dum
697 3231 894 3284 autem
924 3224 1101 3282 etiam
1121 3229 1498 3283 sacramenta
1512 3222 1729 3298 legalia
1744 3228 2004 3295 servant,
2029 3221 2383 3297 profitentur
2408 3238 2482 3286 ea
2495 3238 2634 3289 esse

195 3298 423 3357 futura.
453 3296 551 3370 (111
579 3299 755 3369 part„
783 3310 844 3369 q.
870 3307 1016 3365 un.
1040 3299 1148 3354 art.
1181 3294 1259 3367 6.)
1288 3311 1298 3338 .

1181 3511 1437 3579 CAPUT
1472 3511 1684 3580 Lvm.

758 3693 837 3742 1113
868 3691 1107 3743 {mmo
1143 3691 1655 3754 summum
1685 3691 1866 3742 NOVAE
1896 3690 2081 3747 1301!-

278 3856 433 3929 Quia
458 3869 623 3939 vere,
664 3862 733 3917 ut
773 3856 997 3917 dietum
1028 3860 1122 3938 est
1149 3856 1224 3930 (e.
1258 3860 1327 3914 56
1350 3898 1372 3938 ,
1402 3855 1665 3916 remedia
1701 3854 2030 3929 spiritualis
2056 3855 2271 3918 salutis
2298 3856 2413 3920 sub
2439 3858 2639 3934 signis

196 3927 598 3990 sensibilibus
638 3932 782 3986 sunt
822 3928 1168 3987 hominibus
1211 3929 1301 3984 tra
1344 3932 1447 3994 ita,
1494 3940 1876 4000 consequens
1917 3928 2093 3987 etiam
2153 3929 2268 3989 fuit
2320 3936 2388 3989 ut
2432 3930 2636 3992 distin·

197 4007 532 4074 guereniur
569 3998 832 4057 remedia
857 3999 1075 4071 quibus
1103 3997 1509 4070 provideretur
1533 3997 1833 4071 spirituali
1860 3998 2014 4071 vitae,
2049 3998 2381 4060 secundum
2425 4002 2637 4062 simili-

194 4069 471 4130 tudinem
498 4069 634 4127 vitae
663 4069 1011 4141 corporalis.

278 4143 344 4199 ln
369 4142 496 4199 vita
523 4143 720 4198 autem
745 4139 1042 4212 corporali
1066 4138 1360 4211 duplicem
1386 4139 1656 4200 ordinem
1678 4139 2038 4200 invenimus.
2065 4140 2219 4200 Sunt
2244 4142 2406 4202 enim
2424 4157 2638 4216 propa·

199 4214 449 4286 gatores
478 4216 540 4269 et
564 4209 940 4269 ordinatores
964 4211 1294 4282 corporalis
1324 4209 1455 4269 vitai
1484 4211 1547 4269 in
1582 4211 1744 4282 aliis,
1770 4216 1831 4269 et
1853 4217 1997 4270 sunt
2022 4212 2123 4285 qui
2151 4222 2560 4287 propagantur
2574 4216 2636 4272 et

199 4282 563 4342 ordinantur
589 4281 918 4340 secundum
947 4282 1318 4353 corporalem
1348 4281 1546 4339 vitam.
1571 4282 1716 4341 Vitae
1744 4285 1943 4340 autem
1971 4283 2266 4354 corporali
2293 4290 2352 4342 et
2376 4280 2632 4342 naturali

198 4353 318 4412 tria
349 4357 496 4412 sunt
526 4365 633 4425 per
655 4365 723 4410 se
752 4352 1110 4416 necessaria,
1141 4358 1200 4410 et
1225 4358 1500 4426 quartum
1530 4365 1636 4424 per
1658 4351 1960 4412 accidens,
1987 4354 2230 4425 Oportet
2254 4355 2410 4413 enim
2441 4352 2631 4433 primo

200 4423 389 4499 quod,
431 4436 542 4499 per
601 4423 1046 4498 generationem
1088 4436 1200 4486 seu
1260 4421 1650 4498 nativitatem,
1693 4435 1795 4485 res
1856 4422 2062 4501 aliqua
2103 4425 2286 4487 vitam
2338 4422 2633 4492 accipiat;
