3076 5025
1143 374 1275 431 ΠΒ.
1316 374 1389 443 Π,
1428 374 1583 430 CAP.
1621 374 1726 432 LV.
2539 384 2634 442 171

209 492 392 554 {ectio
464 493 878 576 intelligentis.
926 494 1268 553 Substantia
1320 495 1507 576 igitur
1569 495 1911 569 intelligens
1988 504 2081 557 est
2142 500 2638 569 incorruptibilis.

282 567 574 628 Praeterea,
609 572 766 622 sicut
793 566 1078 623 sensibile
1108 573 1200 624 est
1237 566 1532 637 objectum
1580 579 1818 635 senisuS,
1846 569 1928 625 ita
1956 568 2330 641 intelligibile
2361 578 2451 626 est
2478 572 2640 642 obje-
2701 602 2705 606 >

213 641 376 695 ctum
407 635 772 693 intellectus.
796 638 1022 694 Sensus
1052 645 1244 694 autem
1279 638 1517 718 propria
1545 638 1923 707 corruptione
1955 652 2072 695 iion
2092 641 2490 710 corrumpitur
2523 642 2641 700 nisi

206 712 457 778 propter
486 706 896 764 excellentiam
929 706 1312 778 sui·objecti;
1358 713 1514 765 sicut
1544 707 1711 764 visus
1751 722 1785 765 a
1814 709 1981 765 valde
2013 710 2257 781 fulgidis
2302 717 2360 766 et
2399 711 2641 771 auditus

209 791 256 834 a
284 776 540 834 fortibus
585 777 777 844 soniS,
826 783 884 833 et
927 778 1016 834 sic
1058 776 1131 835 de
1178 778 1333 834 aliis.
1386 778 1527 835 Dico
1575 784 1769 835 autem
1804 779 2041 850 propria
2068 781 2468 851 corruptione,
2499 784 2643 854 quia

215 860 439 906 sensus
481 848 884 918 corrumpitur
919 850 1093 904 etiam
1138 861 1242 918 per
1287 848 1568 905 accidens
1612 854 1848 919 propter
1876 851 2314 920 corruptionem
2346 852 2638 922 subjecti;

210 918 320 990 qui
352 924 552 974 tamen
584 918 800 975 modus
826 918 1229 989 corruptionis
1258 931 1376 975 non
1411 923 1604 989 potest
1649 918 1916 975 accidere
1963 920 2310 990 intellectui,
2342 937 2475 978 cum
2520 936 2642 981 non

211 989 300 1047 sit
330 994 499 1046 actus
529 989 799 1059 corporis
823 988 1029 1057 ulliuS,
1059 989 1230 1061 quasi
1258 1004 1290 1046 a
1321 1002 1569 1059 corpore
1611 988 1971 1058 dependens,
2002 995 2065 1047 ut
2107 1005 2284 1071 supra
2329 1000 2641 1052 ostensum

217 1063 332 1116 est.
363 1059 530 1121 Patet
557 1065 753 1115 autem
785 1059 944 1130 quod
975 1074 1082 1125 nec
1112 1060 1510 1130 corrumpitur
1533 1074 1637 1130 per
1661 1060 2070 1116 excellentiam
2107 1076 2203 1118 sui
2232 1061 2467 1132 obJecti,
2496 1064 2641 1143 quia

216 1129 323 1203 qui
354 1128 638 1202 intelligit
659 1129 824 1185 valde
850 1128 1272 1197 intelligibilia,
1301 1143 1420 1187 non
1459 1129 1661 1187 minus
1689 1129 1967 1198 intelligit
1996 1131 2636 1204 minusintelligibilia,

217 1199 329 1258 sed
361 1199 576 1269 magis.
607 1200 948 1256 Intellectus
975 1199 1158 1270 igitur
1186 1201 1353 1257 nullo
1385 1201 1566 1257 modo
1593 1204 1685 1256 est
1720 1199 2144 1271 corruptibilis,

291 1271 562 1342 Amplius,
594 1269 970 1350 intelligibile
1000 1274 1088 1327 est
1119 1271 1356 1341 propria
1384 1270 1668 1341 perfectio
1699 1269 2036 1327 intellectus
2062 1289 2077 1338 ;
2110 1271 2267 1328 unde
2296 1270 2636 1335 intellectus

216 1340 286 1398 in
315 1348 447 1397 actu
479 1346 539 1396 et
567 1339 961 1420 intelligibile·
987 1339 1048 1396 in
1102 1346 1234 1398 actu
1280 1347 1418 1397 sunt
1453 1355 1657 1397 unum.
1690 1341 1857 1407 Quod
1897 1342 2079 1413 igitur
2124 1343 2400 1398 convenit
2429 1344 2644 1403 intelli-

219 1410 412 1482 gibili,
440 1412 502 1467 in
528 1416 814 1483 quantum
835 1416 924 1467 est
947 1408 1344 1482 intelligibile,
1372 1416 1599 1479 oportet
1637 1411 1954 1468 convenire
1985 1411 2335 1479 intellectui,
2364 1412 2425 1468 in
2455 1429 2642 1486 quan·

218 1486 346 1538 tum
389 1480 733 1550 hujusmodi
758 1498 774 1548 ;
809 1481 950 1552 quia
980 1479 1263 1550 perfectio
1284 1486 1342 1537 et
1371 1480 1736 1551 perfectibile
1765 1488 1906 1538 sunt
1936 1482 2113 1539 unius
2135 1483 2390 1554 generis.
2426 1485 2643 1543 intelli·

219 1551 404 1679 gibile
435 1556 656 1618 autem,
689 1550 749 1606 in
781 1556 1063 1623 quantum
1095 1556 1186 1608 est
1212 1551 1604 1621 intelligibile,
1637 1557 1730 1608 est
1754 1553 2157 1609 necessarium
2193 1558 2251 1609 et
2280 1553 2639 1624 incorrupti-

264 1622 342 1678 ile
371 1639 388 1690 ς
420 1621 765 1679 necessaria
793 1621 950 1677 enim
982 1622 1237 1693 perfecte
1266 1628 1406 1679 sunt
1427 1622 1728 1678 intellectu
1752 1622 2642 1695 cognoscibilia;contingentia

219 1704 384 1754 vero,
417 1692 478 1747 in
521 1696 806 1763 quantum
841 1691 1206 1762 hujusmodi,
1239 1705 1358 1749 non
1390 1693 1506 1750 nisi
1549 1691 1908 1749 deficienter.
1960 1693 2216 1749 nabetur
2251 1695 2405 1751 enirn
2440 1692 2510 1751 de
2550 1698 2640 1756 eis

221 1775 346 1820 non
394 1762 668 1828 scientia,
701 1762 805 1818 sed
846 1761 1072 1832 opinio.
1121 1762 1280 1819 Unde
1325 1767 1382 1819 et
1424 1762 1898 1833 corruptibilium
1942 1763 2278 1822 intellectus
2324 1765 2639 1825 scientiam

222 1832 403 1892 habet
428 1832 758 1890 secundum
790 1832 947 1914 quod
979 1837 1118 1890 sunt
1149 1833 1644 1904 incorruptibilia,
1685 1833 1744 1889 in
1776 1841 2061 1904 quantum
2092 1833 2325 1893 scilicet
2350 1843 2493 1894 sunt
2515 1837 2642 1895 uni-

220 1904 500 1961 versalia.
532 1906 773 1973 Oportet
800 1902 984 1975 igitur
1011 1903 1376 1960 intellectum
1403 1917 1537 1961 esse
1574 1903 2110 1974 incorruptibilem.

291 1975 510 2036 Adhuc,
543 1987 723 2030 unum
771 1973 1005 2043 uodque
1044 1972 1341 2043 perficitur
1368 1973 1697 2031 secundum
1733 1975 1967 2031 modum
2001 1988 2125 2032 suae
2156 1974 2524 2035 substantiae.
2559 1979 2640 2038 Ex

220 2045 403 2101 modo
425 2045 605 2116 igitur
627 2058 728 2114 per
755 2044 1007 2101 ectionis
1026 2043 1281 2115 alicuius
1304 2046 1384 2101 rei
1406 2049 1594 2114 potest
1620 2046 1804 2114 accipi
1825 2045 2039 2102 modus
2056 2044 2404 2103 substantiae
2423 2048 2635 2117 ipsius,

222 2116 570 2172 Intellectus
600 2121 794 2171 autem
826 2127 942 2169 non
975 2113 1274 2184 perficitur
1302 2129 1406 2185 per
1435 2121 1681 2182 motum,
1712 2115 1813 2171 sed
1847 2130 1950 2185 per
1980 2116 2092 2173 boc
2134 2116 2291 2186 quod
2339 2123 2431 2175 est
2477 2125 2643 2178 extra

224 2191 450 2242 motum
482 2186 767 2241 existens.
799 2182 1105 2240 Pei-ficitur
1133 2185 1289 2240 enim
1322 2185 1646 2241 secundum
1675 2186 2086 2242 intellectivam
2109 2185 2364 2243 animani
2389 2189 2643 2248 scientia

225 2261 284 2312 et
313 2254 646 2326 prudentia,
678 2253 899 2311 sedatis
960 2255 1453 2313 ermutationibus
1475 2261 1528 2310 et
1561 2270 1663 2311 cor
1705 2256 1967 2314 oralibus
1996 2258 2209 2313 animae
2234 2258 2638 2330 passionibus,

224 2332 291 2384 ut
316 2332 482 2396 patet
505 2339 611 2405 per
641 2324 920 2395 Pbilosop
972 2339 1066 2381 um
1100 2325 1158 2381 in
1187 2326 1441 2394 septimo
1456 2326 1624 2393 Phys.
1652 2269 1813 2396 gen.
1841 2340 2055 2384 comm.
2082 2327 2192 2398 20).
2219 2328 2422 2385 Modus
2459 2330 2643 2398 igitur

225 2397 578 2454 substantiae
609 2395 997 2465 intelligentis
1037 2401 1128 2451 est
1170 2395 1323 2467 quod
1358 2410 1491 2452 esse
1521 2409 1695 2452 suurn
1727 2398 1804 2452 sit
1825 2410 2005 2467 supra
2026 2405 2272 2458 motum,
2302 2404 2477 2468 etper
2497 2414 2638 2457 con-

225 2480 490 2539 sequens
521 2480 701 2537 supra
748 2471 1002 2537 tempus.
1037 2468 1178 2523 Esse
1225 2472 1421 2523 autem
1451 2465 1771 2537 cujuslibet
1816 2466 1896 2523 rei
1945 2465 2349 2538 corruptibilis
2376 2468 2643 2540 subjacet

224 2539 413 2595 motui
447 2542 518 2663 te}
556 2537 827 2608 tempori.
874 2535 1248 2608 impossibile
1289 2542 1381 2594 est
1407 2538 1591 2609 igitur
1619 2537 2015 2594 substantiam
2043 2536 2472 2608 intelligentem
2504 2554 2641 2600 esse

224 2622 443 2678 corrup
473 2623 489 2663 i
520 2621 633 2664 ein.

295 2681 584 2740 Praeterea,
620 2676 991 2748 impossibile
1028 2682 1120 2733 est
1143 2677 1411 2734 naturale
1442 2676 1800 2734 desiderium
1832 2690 1967 2734 esse
1995 2677 2171 2734 inane
2196 2697 2209 2708 ·
2242 2682 2453 2736 natura
2479 2680 2643 2740 enim

225 2750 378 2807 nihil
413 2749 557 2806 facit
604 2748 840 2805 frustra.
889 2746 1000 2803 Sed
1049 2746 1355 2818 quodlibet
1401 2747 1743 2817 intelligens
1790 2747 2134 2804 naturaliter
2173 2721 2472 2805 desiderat
2506 2765 2643 2810 csse

223 2827 599 2892 perpetuum,
634 2832 749 2875 non
783 2817 979 2875 solum
1015 2822 1078 2873 ut
1109 2823 1482 2887 perpetuetur
1503 2831 1637 2874 esse
1668 2817 1995 2874 secundum
2023 2818 2304 2888 speciem,
2327 2817 2430 2874 sed
2462 2821 2642 2880 etiam

223 2890 637 2956 individuum:
668 2889 825 2960 quod
851 2888 939 2945 sic
964 2892 1153 2958 patet:
1184 2889 1482 2944 Naturalis
1510 2887 1668 2944 enim
1698 2887 2376 2960 appetitusxquibusdam
2401 2890 2641 2960 quidem

225 2962 382 3018 inest
414 2975 488 3016 ex
517 2959 1011 3030 apprehensione,
1042 2957 1198 3015 sicut
1227 2960 1401 3029 lupus
1425 2957 1773 3014 naturaliter
1802 2958 2097 3015 desiderat
2125 2958 2489 3016 occisionem
2521 2962 2646 3019 ani·

223 3030 475 3088 malium
526 3030 596 3086 de
626 3029 844 3100 quibus
890 3030 1170 3100 pascitur,
1203 3033 1260 3085 et
1306 3029 1484 3086 homo
1533 3029 1882 3086 naturaliter
1929 3029 2225 3086 desiderat
2260 3030 2641 3102 felicitatem;

228 3101 588 3173 quibusdam
623 3113 759 3157 vero
788 3100 1011 3171 absque
1060 3099 1532 3170 apprehensione
1572 3114 1645 3156 ex
1686 3099 1817 3156 sola
1863 3098 2253 3157 inclinatione
2281 3103 2645 3161 naturalium

225 3170 682 3242 principiorum,
714 3170 815 3241 qui
847 3169 1133 3227 naturalis
1172 3170 1468 3240 appetitus
1510 3171 1571 3226 in
1620 3170 1974 3242 quibusdam
2007 3170 2241 3236 dicitur,
2274 3171 2430 3227 sicut
2465 3187 2647 3242 grave

229 3243 452 3322 appetit
480 3255 614 3298 esse
645 3240 957 3320 deorsum..
974 3241 1228 3312 Utroque
1253 3244 1449 3296 autem
1480 3240 1660 3298 modo
1690 3241 1847 3297 inest
1884 3241 2061 3298 rebus
2111 3242 2377 3298 naturale
2408 3242 2643 3299 deside-

227 3325 382 3369 rium
414 3310 679 3377 essendi,
707 3310 878 3381 cujiis
909 3323 1146 3381 signum
1179 3316 1288 3378 est,
1320 3311 1461 3382 quia
1490 3317 1544 3367 et
1582 3325 1653 3368 ea
1685 3325 1817 3383 quae
1846 3311 2191 3383 cognitione
2225 3316 2427 3367 carent
2469 3312 2647 3370 resis-

227 3387 360 3438 tunt
390 3381 909 3451 corrumpentibus
956 3379 1284 3438 secuudum
1335 3380 1607 3437 virtutem
1650 3394 1895 3438 suorum
1936 3381 2361 3452 principiorum
2412 3388 2648 3440 natura-

228 3451 399 3521 lium,
423 3458 482 3510 et
510 3465 738 3531 eatquae
767 3450 1167 3577 coquitionem
1204 3451 1438 3531 babent,
1473 3452 1759 3509 resistunt
1785 3451 2007 3509 eisdem
2042 3452 2647 3532 secunduminodum

230 3534 357 3581 suae
387 3523 775 3594 cognitionis,
810 3523 849 3577 ll
881 3535 912 3577 a
950 3527 1130 3593 igitur
1168 3522 1511 3593 cognitione
1552 3522 1836 3588 carentia,
1864 3536 2114 3593 quorum
2150 3522 2456 3593 principiis
2489 3522 2649 3581 inest

227 3593 418 3651 virtus
444 3592 516 3650 ad
550 3591 1020 3649 conservandum
1044 3604 1177 3648 esse
1210 3597 1556 3672 perpetuum
1588 3592 1669 3649 ita
1696 3592 1854 3664 quod
1884 3599 2162 3649 maneant
2180 3605 2415 3663 semper
2439 3593 2649 3652 eadem

230 3664 563 3721 secundum
607 3676 941 3729 numerum,
972 3660 1318 3719 naturaliter
1366 3669 1649 3733 appetunt
1674 3676 1811 3720 esse
1840 3669 2182 3733 perpetuum
2216 3664 2393 3719 etiam
2431 3676 2646 3720 seeun-

232 3732 371 3791 dum
406 3734 564 3791 idem
596 3746 863 3789 numero.
888 3732 1149 3800 Quorum
1182 3738 1377 3790 autem
1411 3733 1697 3804 principia
1726 3746 1847 3789 non
1870 3733 2086 3790 habent
2106 3732 2179 3789 ad
2205 3733 2318 3791 boc
2347 3734 2647 3804 virtutem,

233 3805 336 3861 sed
368 3804 566 3862 solum
588 3803 659 3860 ad
683 3802 1153 3860 conservandum
1175 3816 1308 3860 esse
1326 3812 1669 3873 perpetuum
1695 3804 1917 3862 secund
1930 3817 2021 3859 um
2047 3803 2203 3860 idem
2225 3804 2443 3874 specie,
2467 3804 2649 3861 etiam

231 3874 585 3931 naturaliter
613 3879 895 4000 agpetunt
918 3872 1387 3954 perpetuitatem.
1420 3874 1582 3932 Hanc
1603 3874 1784 3946 igitur
1803 3872 2195 3931 differentiam
2217 3879 2449 3943 oportet
2468 3874 2527 3930 in
2552 3874 2649 3932 bis

229 3943 511 4012 inveniri,
543 3945 642 4016 qui
692 3957 760 4001 us
781 3943 1146 4002 desiderium
1174 3944 1412 4023 essendi
1450 3959 1582 4001 cum
1617 3944 1959 4016 cognitione
1989 3945 2166 4011 inest,
2196 3950 2262 4000 ut
2288 3944 2518 4001 scilicet
2545 3945 2655 4002 illa.

232 4029 363 4086 quae
409 4028 532 4073 non
572 4020 948 4087 cognoscunt
992 4026 1126 4071 esse
1164 4014 1281 4071 nisi
1331 4022 1394 4070 ut
1434 4027 1615 4083 nunc,
1656 4015 1994 4072 desiderant
2037 4027 2172 4072 esse
2214 4019 2278 4070 ut
2315 4028 2491 4080 nunc,
2525 4027 2649 4072 non

232 4091 429 4143 autem
482 4098 737 4155 semper,
778 4085 920 4157 quia
965 4098 1099 4142 esse
1144 4086 1568 4156 sempiternum
1616 4099 1734 4143 non
1777 4084 2265 4156 apprehendunt3
2308 4083 2651 4143 desiderant

230 4160 431 4213 tamen
459 4170 595 4213 esse
627 4161 970 4226 perpetuum
1003 4155 1223 4225 speciei
1254 4155 1478 4228 absque
1507 4156 1850 4228 cognitione
1877 4173 1891 4221 ς
1914 4156 2055 4227 quia
2079 4155 2264 4211 virtus
2285 4156 2653 4227 generativa..

230 4241 363 4299 quae
393 4226 466 4285 ad
503 4228 616 4283 boc
659 4226 936 4294 deservit,
966 4225 1324 4297 pra-:ambula
1371 4231 1484 4288 est,
1520 4233 1580 4283 et
1626 4239 1743 4283 non
1791 4225 2107 4297 subiacens
2155 4238 2228 4282 co
2274 4225 2506 4281 nitioni.
2541 4227 2650 4285 Illa

229 4305 430 4355 autem
458 4311 593 4370 quae
624 4296 814 4367 ipsum
848 4308 983 4353 esse
1024 4303 1368 4367 perpetuum
1414 4301 1790 4369 cognoscunt
1815 4302 1876 4352 et
1909 4296 2202 4366 apprehen
2254 4302 2390 4362 unt,
2422 4296 2656 4352 deside·

228 4376 364 4426 rant
393 4369 590 4448 ipsum
626 4367 876 4423 naturali
907 4365 1225 4424 desiderio.
1269 4368 1390 4424 Hoc
1418 4373 1615 4423 autem
1655 4366 1933 4423 convenit
1972 4366 2253 4423 omnibus
2293 4363 2648 4442 substantiis

229 4435 732 4511 intelligentibus.
775 4436 996 4495 Omnes
1035 4436 1216 4509 igitur
1253 4437 1602 4494 substantiae
1634 4436 1819 4493 intelli
1867 4441 2036 4494 entes
2063 4435 2316 4493 naturali
2348 4435 2647 4493 desiderio

230 4514 523 4583 appetunt
550 4520 688 4565 esse
715 4520 971 4579 semper.
1003 4508 1155 4580 Ergo
1183 4507 1559 4580 impossibile
1583 4512 1676 4565 est
1703 4521 1822 4579 quo
1892 4520 2028 4566 esse
2055 4505 2352 4566 deficiant.

1386 4598 1508 4613 ρ*
