3076 5025
294 240 301 245 ,
384 180 457 237 34
740 201 759 224 .
1264 175 1397 231 un.
1437 175 1483 242 1,
1522 175 1680 231 cae.
1717 174 1948 230 xxvm.

384 302 660 371 respectu
688 296 907 365 totius3
936 295 1001 353 in
1029 296 1151 354 Deo
1202 300 1399 376 autem
1451 294 1619 375 nulla
1668 300 1762 377 est
1804 294 2240 376 potentialitas3
2292 294 2671 367 impossibile
2721 305 2817 360 est

386 370 572 443 igitur
602 370 783 424 Deum
815 380 951 424 esse
983 366 1232 424 formam
1268 372 1491 423 unitam
1522 366 1698 422 alicui
1735 379 1842 421 rel.

456 439 674 501 Adhuc,
714 438 873 511 quod
905 451 1008 509 per
1035 450 1101 495 se
1134 438 1309 495 habet
1335 450 1489 502 esse,
1516 436 1819 493 nobilibus
1841 442 1934 493 est
1954 450 2027 494 eo
2048 436 2207 509 quod
2229 435 2411 494 hahet
2429 451 2564 494 esse
2589 438 2649 495 in
2672 439 2822 498 alio.

386 510 598 570 Omnis
627 515 823 566 autem
860 508 1050 565 forma
1076 506 1331 579 alicujus
1374 507 1646 587 corporis
1693 506 1868 563 babet
1918 519 2053 564 esse
2101 506 2166 564 in
2209 507 2349 566 alio.
2402 509 2592 576 Quum
2638 509 2825 581 igitur

278 640 283 645 ζ
382 581 546 640 Deus
574 579 655 638 sit
683 593 793 636 ens
821 578 1293 648 nobilissimum,
1324 590 1497 651 quasi
1537 578 1733 648 prima
1777 576 2019 634 essendi
2063 590 2268 646 causa,
2300 590 2423 635 non
2454 585 2650 650 potest
2682 593 2823 638 esse

374 650 646 711 ‚alicu'us
679 650 888 707 forma.

456 666 745 784 Prssterea,
777 720 892 778 hoc
933 718 1092 776 idem
1139 721 1336 790 potest
1386 715 1645 785 ostendi,
1677 731 1749 774 ex
1777 717 2102 775 aeternitate
2139 722 2361 789 motus,
2409 718 2499 776 sic
2529 737 2544 776 :
2574 720 2632 777 Si
2663 721 2826 781 Deus

387 795 484 856 est
514 791 705 848 forma
728 788 982 871 alicujus
1012 787 1275 855 mobilis,
1308 801 1489 858 quum
1522 788 1651 857 ipse
1685 788 1766 844 sit
1794 788 2050 857 primum
2098 801 2346 846 movens
2395 790 2822 863 compositum,

380 864 501 922 erit
529 874 775 919 movens
805 874 1094 931 seipsum.
1126 858 1237 915 Sed
1269 871 1517 915 movens
1550 857 1814 927 seipsum
1847 864 2040 929 potest
2070 859 2292 916 moveri
2324 864 2384 916 et
2412 872 2533 917 non
2561 861 2824 930 moveri;

384 937 705 1011 utrumque
734 931 917 1002 igitur
941 930 1005 986 in
1037 929 1170 1010 ipso
1201 933 1311 985 est.
1345 928 1512 996 Quod
1532 934 1738 1009 ‘autem
1770 934 1863 985 est
1888 928 2232 1000 hujusmodi
2263 943 2385 1011 non
2420 929 2820 990 hahetmotus

383 1001 848 1061 indeficientiam
880 1014 953 1057 ex
980 1012 1217 1070 seipso;
1248 1004 1481 1069 oportet
1530 1003 1715 1070 igitur
1758 1011 1938 1069 supra
1982 1013 2229 1058 movens
2275 1014 2543 1071 seipsum
2592 1015 2822 1071 ponere

384 1070 547 1131 aliud
579 1071 833 1141 primum
863 1082 1130 1135 movens,
1162 1069 1320 1142 quod
1352 1069 1639 1139 largiatur
1681 1068 2128 1140 perpetuitatem
2160 1074 2381 1127 motus,
2415 1073 2480 1127 Et
2509 1071 2598 1129 sic
2631 1075 2814 1141 Deua,

380 1141 486 1216 qui
519 1147 612 1200 est
640 1142 893 1213 primum
925 1152 1192 1206 movenS,
1227 1152 1344 1197 non
1375 1146 1466 1195 est
1514 1139 1705 1196 forma
1749 1140 2020 1210 corporis
2063 1140 2358 1198 moventis
2388 1143 2681 1212 seipsum.
2711 1145 2814 1201 Est

380 1217 587 1270 autem
619 1211 717 1268 hic
745 1223 1070 1282 processus
1118 1209 1284 1267 utilis
1323 1210 1694 1290 ponentibus
1728 1211 2116 1267 aeternitatem
2149 1217 2380 1279 motus;
2411 1225 2531 1283 quo
2560 1226 2681 1270 non
2714 1227 2820 1284 po-

383 1280 525 1348 sito,
557 1281 763 1338 eadem
794 1280 1106 1338 conclusio
1135 1279 1336 1337 haberi
1359 1285 1558 1349 potest
1578 1295 1648 1336 ex
1669 1279 2051 1350 regularitate
2073 1286 2274 1339 motus
2295 1282 2452 1338 coeli.
2476 1282 2639 1340 Sicut
2659 1284 2822 1341 enim

380 1364 636 1410 movens
663 1352 927 1421 seipsum
959 1354 1156 1421 potest
1182 1350 1490 1422 quiescere
1518 1354 1575 1405 et
1603 1349 1847 1418 moveri,
1882 1350 1967 1408 ita
1991 1356 2184 1421 potest
2212 1351 2482 1409 velocius
2512 1358 2564 1409 et
2588 1354 2822 1413 tardius

379 1422 632 1480 moveri.
662 1420 1001 1478 Necessitas
1029 1420 1212 1492 igitur
1266 1418 1694 1477 uniformitatis
1733 1426 1932 1478 motus
1977 1421 2112 1478 coeli
2157 1420 2450 1493 dependet
2496 1437 2569 1479 ex
2616 1424 2823 1497 aliquo

381 1490 682 1564 principio
712 1490 1005 1562 superiori
1032 1490 1281 1547 omnino
1303 1490 1616 1552 immobili,
1637 1491 1796 1563 quod
1827 1503 1950 1548 non
1971 1491 2050 1548 sit
2069 1505 2208 1563 pars
2231 1494 2500 1565 corporis
2520 1495 2820 1553 moventis

378 1562 473 1620 aei
519 1574 677 1629 sum,
707 1559 880 1632 quasi
911 1560 1114 1631 aliqua
1141 1560 1331 1616 forma
1361 1559 1511 1631 ejus.

513 1632 608 1688 uic
634 1636 835 1689 autem
863 1631 1092 1686 veritati
1140 1630 1444 1699 Scriptura
1486 1630 1831 1689 coneordat.
1881 1631 2107 1689 Dicitur
2157 1632 2317 1690 enim
2348 1633 2409 1690 in
2442 1635 2541 1692 Ps.
2570 1648 2706 1702 vm,
2735 1639 2774 1694 2
2801 1654 2818 1692 z

380 1703 612 1761 Blevata
636 1705 716 1757 est
740 1702 1146 1771 munificentia
1167 1704 1264 1756 tua
1285 1716 1450 1769 super
1475 1702 1673 1767 noelos3
1705 1708 1763 1758 et
1788 1701 1920 1769 soh,
1950 1714 2055 1770 ΧΠ,
2089 1705 2139 1766 8,
2175 1707 2229 1772 9,
2259 1704 2540 1760 Excelsior
2567 1706 2692 1760 coelo
2718 1710 2817 1776 est,

380 1777 437 1831 d
463 1773 601 1843 quid
626 1773 836 1838 facies?
861 1772 1097 1840 Lonqior
1134 1775 1282 1826 terra
1321 1786 1578 1826 mensura
1604 1770 1722 1841 ejus
1750 1776 1848 1841 est,
1878 1777 1931 1828 et
1950 1772 2280 1843 profondior
2304 1778 2469 1831 mari.
2502 1776 2599 1833 Sic
2627 1775 2816 1847 genti-

370 1842 533 1903 lium
579 1856 746 1900 error
789 1848 1127 1903 evacuatur,
1216 1840 1276 1898 ui
1324 1840 1601 1898 dicebant
1648 1844 1828 1899 Deum
1874 1856 2008 1900 esse
2034 1845 2295 1900 animam
2327 1845 2482 1913 omli,
2513 1845 2603 1902 vel
2638 1846 2818 1904 etiam

372 1914 646 1972 animam
683 1912 870 1970 totius
898 1912 1126 1969 mundi.
1205 1916 1223 1967 t
1256 1925 1327 1967 ex
1358 1911 1472 1968 hoc
1501 1925 1700 1969 errore
1730 1912 2066 1971 idolatriam
2097 1913 2516 1983 defendebant,
2549 1916 2817 1975 dicentes

371 1987 574 2041 *totum
607 1983 897 2040 muudum
944 1995 1080 2040 esse
1129 1982 1341 2048 Deum,
1394 1994 1516 2040 non
1568 1983 1798 2040 ratione
1850 1984 2140 2054 corporis,
2174 1984 2280 2042 sed
2318 1988 2550 2043 ratione
2580 1988 2817 2058 animm,

378 2053 545 2113 sicut
587 2053 770 2110 homo
817 2051 1036 2111 dicitur
1082 2051 1327 2123 sapiens
1375 2064 1494 2109 non
1541 2053 1772 2110 ratione
1819 2054 2111 2125 eorporis,
2145 2054 2252 2111 sed
2290 2056 2523 2113 ratione
2562 2058 2816 2127 animam

426 2138 506 2182 uo
524 2123 836 2195 supposito
856 2122 1025 2195 sequi
1048 2121 1448 2192 opinabantur
1462 2123 1621 2194 quod
1644 2123 1869 2181 mundo
1893 2131 1950 2182 et
1971 2124 2238 2195 partibus
2259 2124 2389 2197 ejus
2413 2139 2531 2184 non
2556 2126 2817 2185 indebite

431 2193 628 2251 'vinus
658 2194 854 2252 cultus
885 2192 1254 2250 exhibeatur.
1283 2194 1727 2250 commentator
1761 2195 1938 2251 etiam
1970 2195 2113 2252 dicit
2140 2195 2202 2252 in
2229 2196 2546 2254 undecimo
2574 2199 2814 2268 Metapa.

369 2261 518 2395 mm,
547 2266 639 2335 4¹)
669 2263 827 2336 quod
860 2264 958 2321 hic
988 2262 1159 2321 locus
1191 2263 1299 2319 suit
1332 2265 1538 2334 lapsus
1569 2264 1930 2335 sapientium
1961 2265 2158 2336 gentis
2196 2266 2533 2336 labiorum,
2566 2268 2671 2341 qui
2700 2267 2818 2327 sci-

412 2332 528 2394 'cet
550 2334 884 2407 posuerunt
910 2334 1101 2391 Deum
1129 2345 1267 2391 esse
1297 2332 1550 2391 formam
1580 2337 1716 2393 coeli
1747 2334 1934 2407 (civit.
1965 2337 2087 2403 Dei,
2119 2335 2223 2394 lib.
2253 2349 2341 2409 π,
2371 2351 2425 2396 c.
2456 2336 2570 2412 31).

1314 2542 1571 2609 CAPUT
1608 2544 1880 2611 XXVIII.

1180 2721 1261 2769 m
1293 2722 1737 2771 tamum
1770 2723 2006 2775 Dm

450 2886 614 2946 Licet
637 2889 835 2945 autem
863 2897 936 2943 ea
956 2897 1091 2958 quae
1118 2891 1261 2969 sunt
1286 2889 1346 2944 et
1370 2885 1580 2945 vivunt
1618 2889 1973 3015 perfectiora
2022 2891 2143 2949 sint
2183 2905 2363 2965 quam
2397 2908 2469 2954 ea
2504 2907 2635 2968 qum
2661 2898 2803 2955 tan-

377 2960 509 3016 tum
536 2963 696 3024 sunt,
728 2958 883 3013 Deus
911 2961 1129 3019 tamen.
1156 2972 1258 3029 qm
1286 2970 1410 3014 non
1455 2964 1549 3015 est
1595 2973 1630 3016 a
1658 2959 1756 3016 iud
1808 2974 1987 3033 quam
2034 2975 2211 3020 suum
2257 2978 2414 3033 esse,
2446 2971 2536 3022 est
2563 2964 2807 3023 univer-

377 3027 590 3087 naliter
617 3039 727 3083 ens
756 3025 1098 3106 perrectum,
1133 3028 1229 3084 cui
1270 3041 1392 3085 non
1439 3028 1610 3085 deest
1650 3031 1908 3103 alicujus
1954 3033 2193 3105 generis
2237 3035 2548 3102 nobilitas;
2597 3034 2804 3093 omnis

379 3097 541 3155 enim
576 3096 857 3153 nobilitas
885 3109 1174 3168 cujusque
1202 3098 1284 3154 rei
1315 3103 1408 3156 est
1451 3099 1590 3178 sibi·
1615 3101 1947 3158 secundum
1998 3116 2174 3160 suum
2227 3118 2382 3162 esse.
2430 3104 2597 3163 Nulla
2637 3105 2806 3163 enim

379 3167 668 3225 nobilitas
707 3172 868 3223 esset
915 3166 1144 3223 homini
1188 3182 1258 3225 ex
1305 3182 1417 3226 sua
1463 3173 1777 3240 sapientia,
1811 3172 1926 3228 nisi
1971 3186 2074 3243 per
2102 3188 2232 3230 eam
2263 3177 2508 3246 sapiens
2537 3179 2715 3244 esset,
2747 3179 2813 3233 et

379 3237 471 3296 sic
501 3237 571 3293 de
601 3237 757 3317 aliis.
806 3236 903 3317 Sic
947 3250 1090 3309 ergo
1139 3238 1466 3296 secundum
1518 3240 1759 3297 modum
1808 3255 1926 3313 quo
1975 3256 2072 3300 res
2119 3243 2297 3302 habet
2341 3259 2495 3312 esse,
2530 3253 2620 3302 est
2648 3259 2805 3304 suus

376 3308 596 3366 modus
623 3320 684 3362 1n
717 3306 1042 3363 nobilitate.
1074 3309 1221 3365 Nam
1257 3322 1352 3370 res
1379 3310 1709 3367 secundum
1749 3311 1909 3382 quod
1942 3326 2118 3370 suum
2162 3328 2295 3372 esse
2325 3315 2698 3373 contrahitur
2727 3315 2809 3374 ad

378 3377 638 3450 aliquem
682 3377 1001 3447 specialem
1054 3378 1297 3435 modum
1348 3380 1677 3438 nobilitatis
1729 3395 2013 3452 majorem
2073 3384 2161 3440 vel
2212 3388 2526 3452 minorem,
2586 3386 2815 3443 dicitur

378 3460 516 3506 esse
545 3448 875 3505 secundum
904 3448 1016 3504 hoc
1050 3448 1310 3505 nobilior
1339 3450 1427 3506 vel
1472 3451 1674 3508 minus
1721 3452 1963 3509 nobilis.
2008 3453 2212 3526 igitur,
2243 3455 2294 3512 si
2327 3456 2555 3529 aliquid
2587 3461 2681 3513 est
2709 3456 2812 3515 cui

377 3518 663 3589 competit
691 3523 815 3575 tota
842 3524 1030 3574 virtus
1059 3519 1322 3585 essendi,
1352 3520 1407 3576 ei
1440 3520 1607 3576 nulla
1645 3521 1930 3581 nobilitas
1968 3522 2181 3582 deesse
2211 3531 2426 3595 potest,
2502 3540 2590 3584 uae
2621 3526 2807 3584 alicui

375 3588 461 3645 rei
484 3589 819 3645 conveniat.
854 3587 964 3645 Sed
995 3589 1076 3645 rei
1101 3603 1232 3670 quae
1263 3595 1356 3647 est
1383 3603 1560 3647 suum
1591 3604 1746 3658 esse,
1777 3594 2063 3663 competit
2091 3608 2226 3652 esse
2257 3610 2441 3654 secun
2493 3610 2589 3653 um
2618 3603 2810 3655 totam

375 3659 617 3717 essendi
705 3663 1039 3716 otestatem.
1082 3660 1263 3728 Sicut,
1294 3662 1344 3717 si
1386 3666 1544 3717 esset
1588 3661 1789 3732 aliqua
1835 3663 2048 3722 albedo
2098 3674 2389 3737 separata.
2443 3667 2592 3723 nibil
2639 3667 2696 3724 ei
2736 3667 2814 3725 de

372 3729 592 3784 virtute
625 3673 919 3787 anedinis
948 3728 1157 3786 deesse
1190 3737 1412 3811 posset3
1447 3731 1791 3810 lyamtalicui
1821 3733 1958 3813 albo
1979 3735 2205 3807 aliquid
2234 3736 2307 3793 de
2332 3738 2548 3794 virtute
2580 3736 2814 3795 albedi-

373 3797 474 3856 nis
506 3798 716 3855 deesse
738 3804 931 3868 potest
950 3813 1022 3856 ex
1042 3798 1271 3856 defectu
1296 3807 1636 3869 reelplentls
1664 3801 2020 3873 albedinem,
2044 3805 2146 3878 qui
2173 3819 2304 3862 eam
2329 3807 2660 3865 secundum
2685 3817 2815 3866 mo-

419 3881 517 3945 nm
548 3881 725 3947 suum
758 3869 986 3939 recipit,
1011 3874 1071 3926 et
1098 3869 1350 3927 sortasse
1382 3884 1503 3926 non
1527 3872 1856 3930 secundum
1887 3880 2074 3932 totum
2097 3889 2276 3947 posse
2297 3877 2616 3934 albedinis.
2649 3880 2814 3937 Deus

443 3946 583 4006 itur,
615 3952 713 4010 qui
752 3943 843 3995 est
872 3953 1046 3997 suum
1091 3953 1246 4003 esse,
1280 3946 1341 3995 ut
1372 3940 1683 4010 probatum
1715 3948 1826 4013 est,
1857 3943 2035 4002 habet
2075 3959 2210 4003 esse
2258 3948 2588 4005 secundum
2615 3954 2814 4007 totam

370 4014 653 4065 vlrtutem
686 4008 879 4078 ipsius
909 4023 1064 4067 esse.
1096 4012 1221 4066 Non
1254 4015 1451 4080 potest
1480 4025 1623 4082 ergo
1655 4027 1853 4070 carere
1883 4014 2083 4086 aliqua
2122 4017 2432 4075 nobilitate
2463 4032 2594 4090 quae
2623 4018 2814 4078 alicui

372 4077 460 4137 rei
486 4084 805 4147 competat.
841 4079 1006 4136 Sicut
1046 4086 1242 4137 autem
1295 4081 1493 4139 omnis
1544 4083 1824 4141 nobilitas
1869 4090 1927 4140 et
2009 4088 2253 4145 erlectio
2283 4088 2440 4146 inest
2471 4090 2553 4145 rei
2586 4101 2815 4146 secun-

371 4145 514 4205 dum
549 4147 706 4219 quod
735 4153 846 4217 est,
878 4149 1184 4230 ita—omnis
1206 4150 1473 4208 derectus
1502 4151 1661 4211 inest
1681 4154 1734 4210 ei
1757 4167 1940 4212 secun
1990 4169 2101 4212 um-
2117 4158 2276 4228 quod
2309 4159 2649 4231 aliqualiter
2679 4172 2812 4218 non

370 4223 483 4276 est.
518 4219 674 4275 Deus
704 4223 900 4275 autem
931 4227 1087 4277 sicut
1116 4221 1292 4278 habet
1320 4234 1454 4278 esse
1479 4223 1758 4291 totaliter,
1791 4224 1875 4280 ita
1902 4224 1976 4282 ab
2006 4239 2077 4284 eo
2107 4227 2368 4285 totaliter
2406 4229 2647 4286 absistit
2679 4242 2815 4289 nou

366 4300 529 4361 esse,
558 4288 703 4364 quia
721 4302 830 4362 per
852 4288 1099 4350 modum
1123 4304 1231 4364 per
1251 4305 1429 4366 quem
1458 4292 1637 4352 habet
1658 4292 1886 4367 aliquid
1925 4308 2062 4355 esse
2108 4296 2307 4357 deficit
2335 4314 2372 4357 a
2398 4312 2524 4357 non
2553 4313 2718 4359 esse.
2751 4304 2810 4359 Δ.
