3076 5025
1095 334 1228 390 LIB.
1267 336 1367 402 111,
1407 335 1559 396 CAP.
1600 334 1783 389 LVIII.
2554 336 2650 393 131

221 457 298 517 ad
351 457 566 514 divinae
623 455 973 515 substantiae
1023 456 1340 525 visionem,
1384 470 1503 514 non
1557 456 1914 526 impediente
1971 454 2358 512 inferioritate
2404 460 2651 514 naturae.

290 528 440 585 Hine
472 533 582 597 est,
616 527 1035 600 quod‚Matth.,
1057 539 1207 595 xxn,
1241 528 1629 594 30,Dominus
1653 526 1996 583 bominibus
2019 526 2375 597 repromittit
2398 527 2651 597 gloriam

218 612 295 657 an
344 598 595 656 ciorum.
630 601 830 666 Erunt,
862 597 1074 670 inquit,
1107 597 1177 655 de
1210 598 1558 656 bominibus
1588 597 1861 668 loquenS,
1893 600 2033 652 sicut
2058 598 2237 664 anqezz·
2278 599 2382 651 Dei
2408 600 2466 651 in
2495 598 2651 665 ceule,-

179 712 197 732 .
223 674 282 728 et
343 669 782 741 pocalypsis,x,
799 668 1002 725 eadem
1022 682 1260 725 mesura
1285 668 1550 726 bominis
1572 674 1629 724 et
1645 666 1839 740 angeli
1862 680 1995 723 esse
2019 667 2376 737 perhibetur.
2408 670 2650 738 Propter

222 739 386 814 quod
419 754 575 811 saepe
607 738 669 795 in
694 753 865 796 sacra
894 739 1195 810 Scriptura
1215 739 1411 810 angeli
1445 739 1508 795 in
1542 739 1729 795 forma
1754 737 2066 795 hominum
2096 738 2535 805 describuntur,
2557 738 2649 795 vel

221 810 287 882 in
315 814 465 878 toto,
497 810 653 867 sicut
679 815 836 881 patet
879 809 950 866 de
981 809 1213 889 angelis
1243 809 1343 882 qui
1406 813 1807 881 apparuerunt
1852 808 2098 865 Abrahae
2149 808 2209 863 in
2257 808 2649 865 similitudine

219 880 508 949 virorum,
557 881 720 948 Gen.‚
753 893 928 948 xvm,
958 880 1048 936 vel
1079 894 1138 936 1n
1170 885 1353 950 parte,
1386 881 1541 936 sicut
1572 884 1729 949 patet
1758 879 1828 934 de
1860 878 2241 947 animalibus,
2275 879 2504 942 Ezech„
2532 883 2648 948 1,8‚

237 951 312 1008 de
341 951 561 1024 quibus
581 950 799 1007 dicitur
826 950 981 1021 quod
1013 966 1208 1004 manus
1238 951 1470 1006 hominis
1502 954 1659 1004 erant
1684 949 1782 1004 sub
1801 951 1997 1019 pennis
2034 964 2231 1004 eorum.

301 1023 415 1078 Per
443 1021 557 1078 hoc
583 1025 778 1077 autem
806 1020 1138 1077 excluditur
1167 1034 1333 1077 error
1371 1020 1763 1093 quorumdam
1806 1020 1905 1090 qui
1956 1019 2230 1075 dicebant
2266 1019 2422 1090 quod
2458 1020 2660 1077 anima

223 1091 491 1149 humana
518 1097 1063 1164 quantumcumque
1085 1091 1365 1162 elevetur,
1394 1104 1515 1148 non
1534 1095 1732 1163 potest
1748 1089 1820 1148 ad
1842 1089 2238 1163 aequalitatem
2279 1091 2657 1162 superiorum

223 1162 638 1220 intellectuum
666 1161 992 1234 pervenire.

1178 1313 1429 1377 CAPUT
1499 1313 1708 1376 LVIII.

620 1493 771 1545 QUOD
807 1493 957 1538 UNUs
997 1493 1135 1538 ALIO
1172 1493 1521 1538 mamertus
1566 1493 1729 1537 DEUM
1774 1493 1994 1538 mm
2028 1493 2269 1539 ,OTES'R

299 1656 454 1726 Quia
484 1669 621 1714 vero
651 1655 868 1713 modus
894 1654 1259 1726 operationis
1289 1655 1680 1728 consequitur
1705 1656 1953 1714 formam
1985 1670 2116 1737 quae
2167 1662 2259 1714 est
2288 1671 2322 1714 ο
2368 1657 2659 1719 erationis

227 1727 613 1799 principium,
661 1726 916 1784 visionis
946 1731 1138 1783 autem
1174 1740 1291 1797 qua
1331 1726 1671 1785 intellectus
1701 1732 1939 1784 creatus
1971 1726 2228 1784 d1vinam
2259 1741 2330 1784 su
2375 1731 2659 1787 stantiam

227 1797 412 1867 videt,
441 1796 802 1868 principium
831 1796 1128 1869 quoddam
1163 1803 1254 1854 est
1296 1797 1495 1854 lumen
1545 1797 1912 1868 praedictum.
1946 1803 2012 1854 ut
2055 1811 2124 1854 ex
2177 1798 2351 1856 dictis
2382 1797 2534 1871 (cap.
2566 1799 2657 1871 55)

228 1873 410 1940 patet,
453 1881 699 1925 necesse
748 1871 840 1925 est
886 1867 1046 1939 quod
1080 1867 1409 1925 secundum
1463 1868 1707 1925 modum
1767 1868 1948 1938 hujus
2004 1868 2251 1927 luminis
2308 1869 2386 1927 sit
2437 1870 2656 1929 modus
2732 1881 2737 1885 ·

231 1938 447 1996 divinae
474 1938 751 1995 visionis.
784 1937 1076 1995 Possibile
1103 1944 1194 1996 est
1229 1943 1423 1995 autem
1454 1938 1632 2009 hujus
1664 1938 1910 1996 luminis
1942 1937 2211 1996 diversos
2256 1952 2389 1997 esse
2423 1940 2660 2010 partici-

233 2008 498 2135 pationis
544 2008 790 2090 gradus,
820 2008 904 2066 ita
945 2009 1103 2081 quod
1146 2022 1305 2066 unus
1351 2022 1423 2066 eo
1475 2009 1799 2079 perfectius
1845 2009 2196 2078 illustretur,
2249 2025 2426 2082 quam
2481 2011 2657 2070 alius·

283 2079 533 2137 ossibile
557 2080 742 2151 igitur
770 2083 862 2136 est
892 2079 1049 2150 quod
1075 2093 1231 2137 unus
1259 2081 1444 2136 Deum
1465 2079 1794 2139 videntium
1815 2093 1949 2136 eum
1965 2080 2285 2151 perfectius
2302 2082 2423 2138 alio
2443 2082 2659 2151 videat,

238 2150 512 2222 quamvis
543 2157 789 2222 uterque
820 2149 1013 2210 videat
1043 2150 1171 2221 eJ’us
1201 2150 1619 2207 substantiam.

305 2221 523 2283 Adhuc,
558 2220 620 2277 in
653 2233 1029 2292 quocumque
1056 2235 1272 2293 genere
1304 2228 1396 2278 est
1429 2220 1672 2292 aliquod
1708 2234 2008 2278 summum
2058 2221 2217 2293 quod
2265 2221 2495 2279 excedit
2524 2222 2661 2292 alia,

237 2296 330 2349 est
356 2292 534 2348 etiam
563 2291 828 2347 invenire
859 2291 1051 2362 magis
1083 2298 1140 2347 et
1165 2291 1369 2348 minus
1416 2291 1747 2348 secundum
1800 2292 2085 2362 majorem
2137 2293 2661 2365 propinquitatem,

235 2361 328 2419 vel
356 2361 698 2418 distantiam
732 2361 803 2417 ab
833 2361 987 2432 ipso,
1018 2362 1172 2418 sicut
1204 2362 1401 2433 aliqua
1445 2367 1587 2419 sunt
1642 2362 1836 2434 magis
1880 2368 1939 2418 et
1967 2362 2168 2420 minus
2216 2363 2410 2420 calida
2449 2377 2662 2421 secun-

238 2432 379 2490 dum
409 2432 569 2505 quod
615 2432 808 2501 magis
853 2432 944 2488 vel
988 2432 1188 2489 minus
1226 2432 1707 2504 appropinquant
1758 2432 1830 2489 ad
1879 2433 2102 2503 ignem,
2194 2434 2254 2487 ui
2298 2437 2389 2489 est
2431 2447 2664 2490 summe

236 2503 490 2562 calidus.
525 2505 681 2560 Deus
714 2507 908 2560 autem
941 2516 1112 2560 suam
1160 2501 1560 2560 substantiam
1607 2502 2040 2573 perfectissime
2088 2502 2144 2558 vi
2190 2507 2266 2573 et,
2318 2507 2519 2574 utpote
2562 2504 2665 2576 qui

238 2574 411 2633 solus
443 2587 569 2630 eam
602 2573 1072 2644 comprehendit,
1111 2579 1174 2630 ut
1204 2586 1384 2642 supra
1424 2574 1572 2645 (cap.
1610 2573 1699 2644 55)
1727 2578 2037 2631 ostensum
2076 2580 2185 2631 est.
2220 2574 2404 2645 Igitur
2440 2581 2499 2631 et
2528 2588 2669 2631 eum

235 2644 564 2702 videntium
597 2657 757 2701 unus
783 2644 903 2701 alio
933 2644 1126 2723 magis
1160 2644 1247 2699 vel
1279 2644 1480 2700 minus
1514 2643 1912 2701 substantiam
1952 2644 2081 2714 eJus
2110 2643 2288 2706 videt,
2335 2645 2666 2702 secundum

238 2715 396 2788 quod
429 2714 622 2786 magis
652 2714 742 2770 vel
767 2714 969 2771 minus
1002 2729 1056 2769 ei
1083 2715 1535 2786 appropinquat.

309 2786 584 2855 Ammine,
612 2785 815 2840 lumen
845 2784 1051 2855 gloriae
1082 2799 1154 2840 ex
1199 2784 1314 2840 hoc
1365 2784 1436 2840 ad
1478 2783 1739 2841 divinam
1783 2784 2077 2841 visionem
2125 2785 2335 2853 elevat,
2383 2785 2543 2858 quod
2572 2789 2667 2845 est

281 2857 512 2914 uaedam
563 2855 895 2912 similitudo
941 2854 1279 2911 intellectus
1322 2853 1528 2919 divini,
1581 2854 1737 2911 sicut
1776 2853 1896 2925 jam
1937 2855 2086 2926 (cap.
2139 2856 2227 2928 53)
2281 2855 2503 2914 dietum
2547 2859 2663 2916 est.

238 2871 545 2998 {obtingit
573 2931 770 2982 autem
800 2924 1026 2998 aliquid
1067 2925 1259 2997 magis
1299 2924 1392 2981 vel
1442 2926 1643 2981 minus
1684 2925 2007 2982 assimilari
2055 2928 2195 2984 Deo.
2246 2928 2540 2984 Possibile
2573 2930 2666 2986 est

240 2998 424 3070 igitur
453 2996 709 3068 aliquem
735 2996 1055 3067 perfectius
1077 2996 1169 3051 vel
1205 2995 1406 3052 minus
1433 2996 1689 3066 perfecte
1720 2995 1981 3052 divinam
2011 2996 2408 3055 substantiam
2442 2998 2660 3055 videre.

308 3069 461 3135 Item,
493 3080 628 3124 cum
678 3065 817 3123 finis
858 3065 1379 3137 proportionaliter
1425 3065 1783 3138 respondeat
1830 3067 1926 3123 liis
1965 3082 2096 3138 quae
2149 3074 2289 3125 sunt
2342 3068 2415 3125 ad
2464 3068 2666 3138 finem,

241 3137 652 3220 oportetquo'd
680 3137 837 3195 sicut
865 3137 1065 3209 aliqua
1111 3136 1506 3216 diversimode
1550 3142 1957 3208 praeparantur
2000 3137 2075 3195 ad
2122 3137 2323 3206 finem,
2355 3141 2436 3195 ita
2484 3139 2670 3196 diver-

239 3208 474 3268 Stmode
501 3207 854 3279 participent
876 3205 1078 3265 finem.
1104 3207 1268 3264 Visio
1294 3213 1492 3264 autem
1521 3206 1737 3264 divinae
1768 3207 2117 3266 substantiae
2142 3214 2230 3266 est
2255 3210 2501 3267 ultimus
2524 3209 2664 3267 finis

239 3279 561 3350 cuiuslibet
609 3278 1036 3335 intellectualis
1074 3278 1445 3345 substantiae,
1499 3282 1563 3334 ut
1611 3292 1683 3334 ex
1729 3278 1905 3336 dictis
1957 3278 2107 3350 (cap.
2158 3284 2227 3337 25
2273 3286 2331 3336 et
2359 3284 2447 3349 50)
2484 3284 2664 3350 patet.

237 3349 681 3407 Intellectuales
729 3354 928 3406 autem
976 3347 1326 3406 substantiae
1378 3361 1501 3405 non
1549 3361 1761 3406 omnes
1810 3350 2117 3420 aequaliter
2153 3348 2667 3421 praeparanturad

239 3419 441 3490 finem,
471 3419 742 3492 quaedam
774 3420 933 3475 enim
975 3424 1119 3476 sunt
1161 3418 1406 3475 ma’oris
1446 3418 1706 3488 virtutis,
1738 3424 1796 3476 et
1841 3420 2112 3491 quaedam
2160 3421 2434 3478 minoris.
2470 3420 2666 3478 Virtus

241 3496 440 3550 autem
470 3496 563 3548 est
593 3491 686 3547 via
721 3489 796 3547 ad
833 3488 1195 3569 felicitatem.
1235 3434 1708 3569 (Iportetftgitur
1750 3490 1910 3561 quod
1956 3488 2019 3546 in
2065 3490 2297 3549 visione
2349 3490 2548 3548 divina
2589 3491 2670 3548 sit

241 3561 728 3689 diversitashqua
755 3559 998 3633 quidam
1025 3560 1368 3632 perfectius,
1401 3559 1644 3632 quidam
1677 3560 1879 3618 miuus
1909 3561 2166 3631 perfecte
2195 3562 2455 3618 divinam
2489 3560 2670 3619 subs-

239 3632 490 3691 tantiam
510 3632 564 3689 vi
610 3637 766 3689 eant.

311 3703 462 3760 Hinc
490 3701 762 3775 estquod
790 3701 865 3759 ad
907 3700 1062 3759 hanc
1111 3699 1412 3757 felicitatis
1458 3698 1857 3758 differentiam
1902 3700 2334 3772 designandam
2374 3701 2666 3762 Dominus

242 3773 405 3841 dicit,
434 3776 626 3842 Joau„
658 3785 764 3829 ΧΠ
789 3790 803 3828 :
831 3774 899 3828 Ιη
946 3773 1098 3827 domo
1124 3773 1310 3826 Patris
1333 3772 1440 3825 mei
1464 3773 1771 3827 mansiones
1796 3772 1979 3827 multae
2010 3775 2161 3828 sunt.
2336 3790 2345 3803 ¹

313 3845 425 3899 Per
445 3845 560 3900 hoc
584 3850 782 3969 {tutem
811 3843 1145 3900 excluditur
1173 3854 1339 3898 error
1378 3841 1755 3914 quorundam
1790 3842 1892 3914 qui
1944 3841 2152 3900 dicunt
2196 3841 2399 3899 omnia
2425 3841 2671 3913 praemia

241 3927 382 3971 esse
412 3927 459 3969 ae
505 3928 580 3969 ua
607 3928 681 3971 1a.

317 3928 501 4040 Sicut1
501 3989 718 4053 autem,
745 3998 816 4042 ex
836 3984 1015 4042 modo
1037 3982 1311 4047 visionis,
1335 3988 1578 4054 apparet
1596 3983 1869 4041 diversus
1891 3983 2113 4055 gradus
2179 3982 2341 4039 loriae
2370 3982 2430 4039 in
2453 3982 2665 4048 beatis,

239 4054 350 4123 ita,
379 4067 452 4110 ex
480 4066 550 4110 eo
580 4054 738 4124 quod
765 4054 1014 4125 videtur,
1046 4059 1288 4126 apparet
1355 4054 1504 4110 toria
1545 4054 1770 4110 eadem.
1800 4056 1947 4111 Nam
1970 4054 2143 4111 cu'us
2170 4052 2290 4110 ibet
2316 4052 2569 4112 felicitas
2598 4070 2673 4113 ex

241 4126 362 4184 hoc
391 4130 482 4180 est
510 4124 668 4196 quod
698 4124 799 4180 Dei
831 4125 1225 4183 substantiam
1254 4124 1310 4180 vi
1357 4130 1432 4193 et,
1461 4130 1524 4181 ut
1594 4123 1863 4181 robatum
1906 4130 1996 4182 est
2048 4138 2175 4205 cap.
2201 4124 2315 4195 25).
2346 4124 2508 4181 Idem
2524 4140 2669 4199 ergo

245 4201 337 4254 est
367 4193 528 4267 qnod
555 4194 980 4252 omnesbeatos
995 4196 1286 4265 facit,n0n
1307 4200 1552 4251 tamena
1605 4208 1675 4251 eo
1696 4208 1908 4251 omnes
1921 4193 2227 4266 aequaliter
2242 4194 2669 4253 beatitudinem

244 4266 513 4339 capiunt.
548 4264 708 4320 Unde
732 4265 1026 4335 praedietis
1057 4280 1175 4325 non
1223 4266 1422 4323 obviat
1457 4265 1617 4335 quod
1640 4266 1951 4333 Dominus,
1998 4265 2222 4334 flattu„
2252 4277 2358 4336 xx,
2386 4267 2668 4324 omnibus

245 4335 662 4395 laborantibus
691 4334 750 4391 in
782 4336 974 4405 vinea,
1004 4335 1142 4393 licet
1169 4350 1292 4394 non
1320 4334 1628 4407 aequaliter
1655 4334 2071 4403 laboraverint,
2102 4335 2260 4393 idem
2288 4343 2484 4395 tamen
2520 4349 2669 4408 prae-
2705 4344 2716 4365 ⁸

247 4408 434 4465 mium
459 4406 755 4464 reddItum
805 4405 995 4475 docet,
1045 4408 1272 4464 scilicet
1319 4406 1653 4475 denarium,
1684 4405 1825 4477 quia
1854 4405 2009 4462 idem
2050 4408 2331 4480 estquod
2386 4408 2667 4467 omnibus

248 4478 511 4537 daturin
541 4477 854 4552 praemium
885 4478 960 4535 ad
991 4477 1307 4537 videndum
1340 4482 1398 4535 et
1426 4476 1764 4546 fruendum,
1795 4476 2024 4536 scilicet
2048 4478 2227 4537 Deus,
