3076 5025
926 278 1061 335 LIB.
1099 279 1200 348 111,
1237 279 1393 336 CAP.
1432 278 1660 336 CLVIII.
2400 280 2501 338 481

168 417 223 463 ue
245 414 342 474 per
366 399 740 470 voluntatem,
759 412 882 457 non
913 401 1115 482 solum·
1132 401 1547 481 necessarium·
1559 407 1651 459 est
1673 399 1835 473 quod
1857 369 2040 458 horno
2068 400 2346 458 exteriori
2368 405 2506 461 actu

244 477 397 530 ccato
423 470 671 539 recedat,
699 484 944 541 peccare
990 471 1295 540 desinens,
1326 471 1433 528 sed
1471 479 1651 529 ettam
1694 471 1854 543 quod
1901 470 2138 529 recedat
2180 472 2505 543 voluntate,

212 544 316 601 hoc
342 541 492 613 quod
539 555 643 610 per
678 541 926 613 gratiam
958 554 995 599 a
1031 548 1275 612 peccato
1323 546 1614 615 resurgat.
1664 542 1975 599 voluntate
2017 547 2215 598 autem
2261 541 2444 600 homo
2471 558 2510 602 a

168 619 338 671 eccato
366 610 578 668 recedit
608 610 745 668 dum
790 617 848 668 et
876 610 950 668 de
973 612 1286 738 (praeterito
1325 612 1575 682 poenitet
1595 617 1653 669 et
1697 612 1961 669 futurum
1993 612 2174 669 vitare
2206 613 2505 683 proponit.

169 682 502 741 ecessarium
532 687 625 740 est
647 683 828 755 igitur
849 695 967 755 quo
1035 681 1219 740 homo
1245 697 1282 740 a
1303 688 1547 753 peccato
1575 695 1897 756 resurgens
1918 687 1976 738 et
1997 681 2069 738 de
2097 688 2338 753 peccato
2366 697 2511 755 prae—

168 753 275 811 :rito
305 752 574 823 poeniteat
605 757 663 809 et
690 752 890 811 sutura
929 751 1110 810 vitare
1156 758 1467 824 proponat.
1497 745 1559 810 si
1586 752 1745 809 enim
1792 751 1975 810 bomo
2003 765 2122 809 nou
2148 759 2512 834 proponeret

168 824 379 881 asistere
407 837 442 879 a
463 828 724 893 peccato,
755 835 876 880 non
914 829 1074 881 esset
1106 829 1410 894 peccatum
1451 822 1780 881 secundum
1810 835 1877 880 se
1905 828 2265 881 contrarium
2297 825 2509 883 volun-

168 894 241 961 .ti;
265 893 311 950 si
337 907 471 951 vero
499 893 674 950 veltet
697 892 986 951 desistere
1009 908 1046 951 a
1073 900 1337 964 peccato,
1369 906 1491 950 non
1512 899 1713 950 tamen
1741 892 1969 951 doleret
1996 892 2068 950 de
2095 899 2335 964 peccato
2360 909 2509 966 prae·

169 963 294 1032 ritu,
322 977 436 1021 non
465 968 626 1021 esset
651 963 801 1021 illud
841 963 998 1021 idem
1039 969 1344 1034 peccatum
1396 963 1559 1035 quod
1606 963 1745 1021 fecit
1788 963 2151 1021 contrarium
2192 966 2506 1023 voluntati.

168 1039 413 1091 stantem
444 1034 778 1092 contrarius
807 1039 1012 1093 motus
1035 1047 1155 1107 quo
1184 1035 1259 1092 ab
1301 1033 1502 1107 aliquo
1548 1032 1841 1091 receditur
1878 1033 2065 1092 motui
2111 1048 2231 1107 quo
2262 1036 2335 1093 ad
2362 1035 2512 1093 illud

168 1104 444 1174 invenitur,
475 1104 631 1161 sicut
657 1104 952 1163 dealbatio
980 1105 1278 1162 contraria
1321 1111 1414 1162 est
1451 1103 1865 1177 denigrationi.
1898 1105 2062 1162 Unde
2091 1109 2321 1175 oportet
2350 1105 2512 1177 quod

168 1186 212 1230 ir
237 1174 514 1231 contraria
541 1176 822 1233 voluntas
853 1174 1088 1233 recedat
1120 1190 1154 1233 a
1182 1180 1423 1247 peccato
1454 1173 1550 1233 his
1579 1188 1684 1246 per
1727 1189 1859 1247 quae
1903 1174 1967 1231 in
2007 1181 2311 1246 peccatum
2342 1175 2512 1234 incli-

168 1248 243 1300 ata
265 1244 381 1301 fuit.
413 1244 539 1302 Fuit
568 1251 764 1303 autem
809 1245 1093 1303 inclinata
1118 1245 1181 1303 in
1212 1252 1515 1316 peccatum
1560 1259 1666 1316 per
1707 1244 2032 1317 appetitum
2076 1251 2136 1303 et
2175 1245 2513 1305 delectatio-

168 1326 242 1370 em
269 1315 413 1372 circa
441 1328 536 1373 res
565 1315 902 1373 inferiores.
934 1318 1176 1387 Oportet
1195 1316 1376 1389 igitur
1403 1314 1562 1389 quod
1585 1330 1621 1373 a
1646 1320 1891 1388 peccato
1923 1315 2159 1374 recedat
2186 1330 2291 1388 per
2314 1317 2516 1390 aliqua

168 1385 368 1452 oenalia,
411 1385 629 1458 quibus
676 1385 978 1460 affligatur
1022 1393 1261 1458 propter
1306 1387 1423 1458 hoc
1462 1385 1622 1458 quod
1665 1385 1975 1456 peccavit:
2006 1387 2161 1444 sicut
2202 1386 2360 1443 enim
2407 1400 2516 1458 per

168 1454 536 1538 electationem
568 1462 757 1515 tracta
784 1456 1201 1537 suitvoluntas
1229 1456 1305 1539 ad
1350 1469 1717 1515 consensum
1748 1455 1995 1529 peccati,
2025 1457 2115 1514 sic
2161 1469 2267 1528 per
2302 1469 2512 1529 poenas

168 1524 474 1583 ontirmatur
499 1541 560 1585 1n
591 1527 1039 1586 abominatione
1068 1533 1313 1599 peccati.

191 1595 315 1662 Item,
345 1596 610 1655 videmus
630 1597 794 1671 quod
821 1597 1001 1655 etiam
1028 1598 1202 1656 bruta
1220 1596 1501 1655 animalia
1527 1612 1565 1656 a
1593 1597 1870 1656 maximis
1896 1597 2300 1668 voluptatibus
2328 1604 2513 1658 retra-

174 1670 320 1723 untur
347 1681 445 1738 per
468 1668 710 1726 dolores
738 1667 1069 1726 verberum.
1099 1670 1342 1740 Oportet
1367 1674 1565 1726 autem
1590 1683 1727 1726 eum
1750 1668 1853 1741 qui
1882 1668 1955 1727 de
1983 1675 2226 1739 peccato
2253 1682 2428 1727 resur
2472 1670 2517 1727 ‘t

170 1746 233 1790 on
262 1737 444 1795 solum
476 1737 757 1798 detestari
785 1744 1090 1810 peccatum
1121 1739 1503 1809 praeteritum,
1536 1738 1644 1797 scd
1671 1738 1849 1796 etiam
1888 1739 2071 1797 vitare
2101 1739 2387 1796 futurum.
2458 1744 2516 1798 st

168 1797 295 1874 ,ritux'
312 1809 668 1888 conveniens
696 1813 763 1867 ut
783 1809 1083 1883 affligatur
1125 1823 1233 1881 pro
1274 1814 1543 1880 peccam,
1574 1814 1643 1869 ut
1667 1809 1756 1868 sic
1799 1807 1996 1883 magis
2042 1808 2426 1869 confirmetur
2451 1810 2518 1868 in

168 1883 399 1944 roposito
425 1878 645 1938 vitandi
676 1885 937 1950 peccata.

169 1947 449 2024 ‚Rraeterem
495 1964 565 2008 ea
608 1964 741 2023 quae
779 1963 917 2008 cum
958 1949 1161 2009 labore
1190 1955 1250 2007 et
1292 1964 1470 2023 poena
1507 1950 1871 2023 acquirimus
1922 1950 2118 2023 magis
2160 1964 2433 2010 amamus
2459 1956 2521 2010 et

167 2014 441 2098 ingentius
470 2033 927 2089 conservamus;
959 2021 1117 2079 unde
1141 2021 1229 2078 itti
1259 2021 1360 2094 qui
1403 2034 1511 2092 per
1551 2021 1856 2092 proprium
1905 2020 2166 2079 laborem
2203 2022 2521 2094 acquirunt

169 2096 403 2157 ecuniaS,
448 2091 648 2151 minus
691 2104 795 2149 eas
841 2091 1180 2162 expendunt
1228 2104 1404 2164 quam
1436 2090 1699 2164 quisine
1753 2091 1957 2149 labore
2005 2092 2319 2162 accipiunt,
2347 2092 2439 2150 vel
2483 2106 2524 2150 a

168 2158 441 2218 arentibus
467 2163 559 2219 vel
590 2174 972 2236 quocumque
1000 2162 1119 2220 alio
1149 2161 1348 2219 modo.
1386 2161 1500 2219 Sed
1550 2159 1776 2219 homini
1822 2163 2157 2234 resurgenti
2197 2177 2234 2220 a
2275 2166 2520 2233 peccato

169 2236 234 2281 >oc
258 2231 499 2289 maxime
528 2233 937 2291 necessarium
967 2237 1077 2298 est,
1104 2238 1166 2290 ut
1194 2237 1413 2291 statum
1452 2232 1655 2306 gratiae
1677 2237 1736 2288 et
1774 2232 1878 2289 Dei
1910 2246 2173 2290 amorem
2204 2232 2522 2305 diligenter

168 2305 432 2368 onservet‚
462 2317 635 2375 quem
685 2303 1055 2377 negligenter
1095 2317 1200 2374 per
1225 2307 1530 2383 peccatum
1576 2302 1807 2381 amisit..
1842 2305 1942 2383 Est
1969 2316 2112 2374 ergo
2156 2302 2521 2362 conveniens

169 2369 191 2418 ,t
212 2366 451 2428 laborem
476 2379 533 2431 et
562 2387 802 2444 poenam
830 2373 1127 2432 sustineat
1162 2386 1271 2443 pro
1299 2378 1563 2444 peccatis
1591 2384 1958 2430 commissis.

193 2435 386 2505 Adhuc.
416 2443 562 2502 ordo
613 2444 855 2502 ‘ustitiae
881 2443 998 2500 hoc
1027 2443 1275 2515 requirit
1326 2447 1391 2500 ut
1426 2447 1672 2512 peccato
1719 2455 1896 2514 poena
1939 2441 2238 2500 reddatur.
2280 2444 2361 2499 Ex
2404 2441 2525 2503 hoc

173 2510 304 2587 utem
331 2512 484 2584 quod
514 2529 583 2573 or
625 2530 662 2573 o
699 2519 970 2573 servatur
995 2514 1057 2571 in
1087 2514 1288 2581 rebuS‚
1329 2511 1623 2584 sapientia
1666 2511 1769 2569 Dei
1812 2510 2205 2584 gubernantis
2256 2518 2519 2583 apparet.

170 2581 358 2638 ‘ertinet
384 2583 561 2657 igitur
588 2585 664 2644 ad
690 2584 1233 2643 manifestationem
1273 2582 1484 2641 divinae
1507 2582 1795 2640 bonitatis
1841 2586 1901 2639 et
1935 2583 2039 2639 Dei
2081 2582 2329 2655 gloriam
2402 2584 2523 2642 uod

170 2657 226 2722 το
249 2662 476 2731 peccato
503 2670 681 2726 poena
710 2654 1007 2713 reddatur.
1028 2654 1140 2711 Sed
1167 2659 1460 2725 peccator,
1490 2651 1814 2723 peccando,
1844 2657 2053 2733 contra
2078 2652 2348 2710 ordinem
2389 2654 2523 2734 ‚ivi-

172 2718 272 2773 utus
297 2724 625 2785 institutum
656 2726 816 2794 facit,
848 2726 1012 2798 leges
1041 2724 1144 2782 Dei
1191 2723 1750 2797 praetergrediendo.
1797 2724 1898 2780 Est
1943 2728 2127 2794 igitur
2153 2735 2520 2784 conveniens

173 2784 314 2868 [thoe
340 2801 750 2868 recompenset
778 2796 840 2852 in
869 2796 1072 2866 seipso
1098 2793 1402 2874 puniendo
1431 2793 1591 2865 quod
1619 2793 1787 2866 prius
1833 2798 2204 2865 peccaverat;
2237 2793 2327 2851 sic
2356 2794 2520 2853 enim

174 2858 365 2918 naliter
381 2871 543 2924 extra
581 2865 1086 2925 inordinationem
1119 2869 1534 2923 constituetur.

196 2925 291 3006 Per
309 2929 418 2991 hoc
445 2950 588 3009 ergo
617 2941 780 3010 patet
806 2935 987 3010 quod,
1010 2940 1323 3007 postquam
1353 2935 1533 2991 bomo
1594 2947 1659 2991 er
1682 2933 1932 3007 gratiam
1957 2933 2373 2992 remissionem
2394 2948 2526 3006 pec·

176 3000 609 3077 ntt‘consecutus
638 3011 734 3066 est
772 3012 830 3064 et
857 3005 933 3064 ad
979 3011 1199 3064 statum
1228 3005 1433 3078 gratiae
1480 3019 1543 3061 re
1590 3009 1783 3073 uetus,
1811 3010 2078 3062 remanet
2122 3004 2422 3077 obligatus
2452 3019 2527 3064 ex

176 3074 459 3137 0e11ustitia
493 3079 563 3134 ad
609 3078 874 3150 aliquam
920 3090 1156 3148 poenam
1200 3089 1308 3148 pro
1358 3081 1600 3147 peccato
1647 3075 1994 3133 commisse.
2047 3076 2232 3144 Quam
2282 3075 2525 3147 quidem

177 3144 343 3218 oenam
372 3145 422 3201 si
448 3150 691 3219 propria
715 3147 1019 3205 voluntate
1047 3161 1084 3205 a
1129 3160 1196 3205 se
1240 3146 1521 3219 exegerit,
1554 3158 1659 3217 per
1684 3145 1800 3202 boc
1847 3147 1967 3203 Deo
2011 3145 2356 3203 satisfacere
2386 3145 2528 3204 dici-

178 3215 238 3281 ir,
262 3223 320 3267 ln
346 3224 628 3286 quantum
660 3232 797 3276 cum
840 3217 1044 3276 labore
1081 3222 1140 3273 et
1172 3231 1348 3288 poena
1375 3215 1645 3274 ordinem
1669 3215 1956 3274 divinitus
1985 3215 2323 3274 institutum
2350 3228 2526 3274 exse-

179 3280 333 3360 ὓῑῑΰῐζ,
381 3299 485 3355 pro
537 3295 781 3360 peccato
834 3301 901 3346 se
948 3288 1274 3359 puniend0‚
1306 3300 1481 3359 quem
1537 3286 1841 3357 peccando
1870 3292 2287 3359 transgressus
2312 3287 2525 3357 suerat,

180 3353 405 3415 tonnam
435 3358 797 3416 voluntatem
825 3358 1155 3431 sequendo.
1180 3359 1241 3415 Si
1271 3363 1468 3416 autem
1498 3370 1534 3413 a
1562 3370 1628 3415 se
1675 3358 1830 3414 hanc
1874 3370 2110 3429 poenam
2144 3370 2264 3413 non
2304 3357 2524 3430 exigat,

180 3424 380 3497 l¹11¹‚ea
442 3442 572 3499 quae
622 3429 836 3487 divinae
877 3429 1262 3500 providentiae
1308 3427 1619 3498 subjacent
1663 3425 2001 3485 inordinata
2052 3441 2357 3484 remanere
2401 3438 2529 3486 non

182 3492 362 3561 ⁰3⁸¹¹¹12
391 3494 513 3555 haec
538 3514 717 3571 poena
744 3498 1046 3573 infligetur
1075 3500 1130 3557 ei
1160 3513 1197 3557 a
1227 3500 1384 3567 Deo;
1415 3512 1524 3578 nec
1557 3497 1697 3555 talis
1722 3511 1898 3579 prena
1939 3497 2340 3578 satisfactoria
2367 3496 2527 3578 diee-

182 3564 239 3630 ¹5,
261 3572 430 3630 (luum
463 3582 583 3628 non
615 3570 795 3628 fuerit
822 3585 895 3627 ex
930 3570 1224 3628 electione
1262 3570 1566 3640 patientis,
1597 3568 1700 3625 sed
1725 3568 1955 3626 dicetur
1992 3582 2104 3639 pur
2147 3573 2354 3634 atoma,
2385 3579 2530 3639 qula

182 3620 251 3703 lio·
269 3635 537 3697 puniente
565 3641 736 3713 quasi
809 3640 1136 3714 urgabitur,
1168 3640 1307 3698 dum
1354 3638 1644 3711 quidquid
1685 3638 2087 3696 inordinatum
2136 3638 2226 3695 'uit
2256 3638 2319 3694 in
2345 3650 2417 3694 eo
2447 3638 2526 3695 ad

184 3690 373 3782 {buum
396 3708 662 3769 ordinem
693 3654 1026 3769 regucetur.
1057 3711 1204 3768 Hinc
1234 3710 1509 3782 estquod
1531 3709 1853 3792 Apostolus
1882 3706 2061 3766 dicit:
2092 3709 2155 3765 Si
2180 3710 2530 3792 nosmetipsos

184 3767 550 3852 qultqaremus,
599 3797 710 3838 non
749 3784 937 3852 utique
970 3782 1370 3851 ,iudicat-emur.
1429 3783 1572 3836 Dum
1609 3780 1929 3850 judicamur
1968 3784 2165 3848 autem,
2224 3795 2261 3834 a
2302 3782 2530 3835 Domino

187 3844 451 3923 mmmm,
478 3856 540 3905 ut
565 3867 676 3908 non
697 3868 818 3908 cum
844 3853 941 3908 hoc
961 3851 1166 3909 mundo
1187 3853 1529 3908 damnemur.
1559 3851 1613 3920 (Ι
1638 3850 1782 3915 Gor..
1816 3861 1899 3921 xl,
1926 3853 2015 3917 31,
2042 3849 2155 3930 32.)

199 3902 685 3980 Considerandum
744 3929 945 3980 tamen
999 3921 1156 3995 quod
1216 3935 1350 3979 cum
1393 3934 1566 3979 mens
1595 3935 1632 3979 a
1671 3926 1913 3992 peccato
1961 3924 2261 3988 avertitur,
2287 3923 2409 3977 tam
2434 3931 2532 3978 ve-

188 3980 361 4038 tmens
392 3995 581 4055 potest
606 4006 742 4051 esse
772 3993 998 4064 peccati
1025 3964 1406 4064 displicentia
1431 3998 1493 4048 et
1516 3990 1770 4049 inhaesio
1798 3992 2018 4049 mentis
2047 3989 2118 4047 ad
2150 3991 2335 4071 Deum
2407 3988 2529 4072 uod

188 4050 246 4097 :tn
269 4059 582 4117 remanebit
608 4063 897 4136 obligatio
925 4062 999 4121 ad
1028 4063 1287 4136 aliquam
1325 4075 1580 4134 poenam.
1611 4063 1781 4129 Nam,
1810 4067 1875 4118 ut
1898 4074 1971 4118 ex
1997 4059 2295 4132 praedlctts
2322 4073 2395 4117 co
2420 4059 2529 4133 ligi

188 4114 329 4191 ’15³8ss
357 4136 529 4193 poena
555 4147 731 4204 quam
767 4134 905 4205 quis
933 4134 1157 4204 patitur
1179 4138 1319 4204 post
1362 4131 1589 4198 peccati
1633 4131 2050 4208 remissionem
2080 4130 2154 4187 ad
2187 4131 2298 4189 hoc
2327 4143 2531 4189 neees-

190 4192 280 4239 ffla
303 4198 391 4248 cst
426 4203 491 4275 ut
539 4215 710 4261 mens
755 4203 989 4259 firmius
1035 4203 1198 4258 bono
1240 4200 1546 4265 intimi-eat,
1573 4196 1818 4256 bomine
1862 4211 1969 4268 per
2003 4211 2212 4269 poenas
2236 4201 2529 4273 castigato

191 4259 329 4312 oenae
355 4276 509 4342 emm
537 4271 850 4330 medicinae
875 4270 1144 4342 quaedam
1175 4269 1359 4339 sunt),
1390 4273 1448 4324 et
1477 4271 1544 4323 ut
1584 4269 1763 4325 etiam
1793 4268 1940 4326 ordo
1962 4267 2210 4339 justitiae
2239 4277 2525 4334 servetur.

191 4329 263 4413 ΠΗ
291 4338 384 4396 qul
407 4343 666 4412 peccavit
704 4341 966 4400 sustinet
991 4352 1248 4411 poenam.
1282 4337 1528 4395 Dilectio
1575 4342 1769 4394 autem
1800 4337 1871 4395 ad
1901 4340 2083 4397 Deum
2112 4340 2333 4398 sufficit
2360 4352 2529 4397 men-

193 4390 524 4466 mhommis
551 4409 784 4470 firmare
812 4411 876 4468 in
903 4410 1087 4481 bono,
1130 4410 1426 4482 praecipue
1463 4407 1517 4466 si
1540 4408 1862 4467 vehemens
1908 4407 2112 4481 suerit;
2150 4406 2533 4484 displicentia.

2224 4526 2284 4576 31
