3076 5025
1184 321 1319 378 LIB.
1360 321 1430 388 ss,
1471 321 1622 376 CAP.
1662 320 1795 377 XLI.
2608 323 2698 376 151

270 446 438 521 quod
475 444 826 519 huiusmodi
867 442 1099 502 ordinis
1128 442 1210 502 sit
1250 443 1453 516 aliqua
1474 457 1597 500 una
1624 455 1827 499 causa.
1859 444 2003 500 Nam
2047 442 2235 499 multa
2262 455 2385 501 non
2416 442 2708 501 uniuntur

274 517 396 575 nisi
439 531 545 588 per
587 515 830 588 aliquod
877 528 1104 572 uuum:
1159 517 1218 571 et
1266 513 1355 572 sic
1400 512 1843 571 illius-ordinis
1887 519 1983 570 est
2033 525 2155 570 una
2193 527 2419 582 causa,
2482 519 2538 570 et
2583 528 2708 572 una

270 586 687 646 distinctionis
713 599 933 643 rerum.
967 585 1024 642 Si
1049 597 1189 642 vero
1215 583 1436 641 diversi
1462 587 1712 655 agentes
1740 595 1863 641 uon
1893 582 2015 641 sint
2038 582 2114 641 ad
2133 584 2388 641 invicem
2419 582 2702 654 ordinati,

272 671 614 716 concursus
643 670 851 714 eorum
881 655 953 712 ad
985 654 1389 712 diversitatem
1419 667 1616 711 rerum
1656 653 2098 725 producendam
2127 654 2241 711 erit
2264 668 2374 726 per
2402 654 2703 712 accidens,

274 728 596 787 Distinctio
664 727 853 799 igitur
901 738 1099 783 rerum
1147 725 1259 783 erit
1307 724 1573 783 casualis
1596 741 1612 794 ς
1639 722 1815 796 cujus
1856 724 2221 782 contrarium
2269 738 2455 796 supra
2485 723 2565 798 (c.
2611 729 2705 797 39)

272 804 599 857 ostensum
626 803 737 854 est.

347 869 501 934 item,
536 883 571 926 a
598 867 852 926 diversis
901 867 1104 925 causis
1133 879 1257 924 uon
1299 865 1594 924 ordinatis
1618 878 1742 922 uon
1785 865 2116 936 procedunt
2138 863 2387 924 effectus
2422 865 2704 934 ordinati,

276 939 401 997 nisi
433 939 587 998 sorte
616 952 721 1009 per
741 936 1023 996 accidens
1050 955 1064 992 :
1096 937 1329 995 diversa
1349 937 1532 1005 enim,
1555 936 1618 993 in
1640 941 1928 1007 qnantum
1955 934 2318 1007 hujusmodi,
2341 950 2463 994 non
2482 937 2709 994 faciunt

280 1023 491 1069 uuum.
526 1011 644 1066 Res
694 1014 892 1066 autem
941 1007 1237 1065 distinctae
1303 1007 1691 1064 inveniuntur
1736 1005 1955 1064 habere
1992 1005 2262 1064 ordinem
2304 1006 2380 1064 ad
2425 1007 2703 1075 invicem,

276 1094 402 1139 uon
433 1079 780 1146 causaliter,
813 1090 972 1148 cum,
1000 1083 1065 1135 ut
1092 1077 1154 1136 in
1183 1076 1477 1148 pluribuS,
1508 1090 1694 1134 uuum
1730 1075 1806 1134 ab
1825 1076 1947 1134 alio
1974 1081 2300 1134 moveatur.
2331 1077 2707 1149 impossibile

278 1157 376 1209 est
401 1151 588 1222 igitur
616 1149 777 1222 quod
808 1148 1117 1206 distinctio
1147 1161 1342 1205 rerum
1366 1147 1459 1205 sic
1483 1147 1893 1205 ordinatarum
1920 1147 2002 1205 sit
2039 1151 2279 1217 propter
2305 1146 2707 1205 diversitatem

278 1221 591 1295 agentium
623 1233 746 1279 non
773 1219 1203 1277 ordinatorum.

352 1292 627 1361 Amplius,
657 1302 1046 1363 quaecumque
1092 1289 1314 1346 habent
1353 1301 1597 1346 causam
1642 1301 1768 1346 suae
1813 1286 2244 1357 distinctionis,
2287 1301 2408 1345 non
2453 1294 2712 1358 possunt

280 1375 421 1420 esse
463 1361 658 1432 prima
714 1374 905 1418 causa
942 1358 1350 1418 distinctionis
1399 1372 1619 1416 rerum.
1647 1358 1760 1416 Sed
1805 1358 1862 1417 si
1912 1358 2086 1429 plura
2128 1358 2369 1431 agentia
2419 1372 2493 1415 ex
2536 1371 2710 1431 aequo

282 1432 680 1503 accipiantur,
716 1443 971 1488 necesse
1002 1429 1284 1502 estquod
1311 1428 1573 1487 habeant
1605 1442 1851 1487 causam
1875 1441 2001 1487 sum
2029 1426 2458 1487 distinctionis,
2484 1428 2713 1486 Habent

282 1504 445 1560 enim
476 1515 722 1560 causam
753 1500 1016 1568 essendi,
1046 1513 1184 1557 cum
1204 1499 1410 1558 omnia
1432 1499 1595 1557 entia
1621 1499 1747 1556 sint
1774 1498 1849 1556 ab
1876 1512 1997 1556 uuo
2025 1499 2221 1570 primo
2245 1504 2403 1562 ente,
2433 1505 2502 1556 ut
2528 1513 2713 1571 supra

277 1574 362 1644 (c.
398 1573 486 1645 15)
519 1579 831 1631 ostensum
850 1578 963 1629 est.
983 1571 1140 1628 idem
1168 1575 1363 1646 autem
1388 1574 1478 1627 est
1498 1583 1685 1628 causa
1712 1569 1952 1628 essendi
2004 1568 2182 1628 alicui
2215 1573 2276 1625 et
2301 1569 2711 1629 distinctionis

282 1644 420 1715 ejus
471 1642 547 1701 ab
592 1642 753 1710 aliis,
785 1642 942 1700 sicut
992 1640 1070 1713 (c.
1099 1641 1191 1713 40)
1240 1647 1554 1699 ostensum
1603 1645 1715 1698 est.
1745 1642 1876 1699 Non
1906 1645 2106 1712 potest
2129 1639 2314 1714 igitur
2351 1652 2489 1700 esse
2517 1641 2712 1711 prima

280 1728 473 1772 causa
502 1712 913 1771 distinctionis
942 1725 1141 1769 rerum
1172 1711 1485 1769 diversitas
1516 1711 1841 1784 agentium.

353 1786 506 1847 item,
539 1784 590 1841 si
618 1783 934 1841 diversitas
978 1796 1178 1839 rerum
1207 1781 1489 1852 procedat
1515 1795 1554 1839 a
1580 1782 1921 1840 diversitate
1949 1781 2043 1839 vel
2077 1782 2495 1841 contrarietate
2524 1781 2711 1840 diver·

272 1868 492 1913 sorum
537 1854 862 1934 agentium,
892 1853 1148 1933 mar-time
1192 1852 1307 1910 hoc
1348 1851 1602 1932 videtur,
1630 1852 1790 1924 quod
1834 1851 2039 1923 plures
2083 1857 2336 1925 ponunt,
2368 1852 2443 1911 de
2468 1857 2702 1912 contra·

280 1925 493 1983 rietate
521 1924 662 1982 bom
690 1928 750 1982 et
790 1922 1082 1992 ma1131ta
1112 1923 1272 1995 quod
1318 1934 1523 1980 omma
1566 1923 1727 1980 hona
1763 1922 2088 1993 procedant
2112 1938 2152 1980 a
2175 1923 2339 1982 bono
2383 1923 2572 1996 princi
2620 1923 2702 1993 io,

282 1996 447 2053 mala
473 2001 672 2054 autem
701 2008 738 2052 a
768 1994 947 2051 malo.
981 1995 1211 2050 Bonum
1258 1993 1418 2051 enim
1449 1997 1508 2049 et
1530 1994 1756 2050 malum
1787 1993 2017 2051 suntin
2050 1993 2333 2051 omnibus
2359 1996 2564 2066 generi
2611 2006 2706 2052 ue.

289 2069 425 2124 Non
454 2070 865 2138 potestantem
888 2077 1023 2122 esse
1045 2076 1228 2120 unum
1255 2064 1514 2135 primum
1542 2062 1897 2135 principium
1917 2064 2189 2122 omnium
2218 2065 2530 2122 malorum.
2564 2066 2711 2123 Cum

286 2137 451 2194 enim
477 2150 551 2194 ea
578 2149 713 2208 quae
745 2140 888 2192 sunt
916 2148 1020 2205 per
1055 2132 1217 2192 aliud
1248 2133 1607 2192 reducantur
1639 2134 1710 2192 ad
1740 2148 1813 2191 ea
1841 2148 1976 2206 quae
2001 2140 2144 2192 sunt
2171 2149 2274 2206 per
2298 2147 2384 2203 se,
2413 2147 2452 2193 o
2496 2134 2713 2193 ortebit

282 2207 653 2350 &aazia
678 2206 969 2347 pti-“2¹33
976 2206 1489 2333 iii'ii‘ifuiiassfflia
1514 2218 1688 2332 0⁰22?
1715 2205 2423 2347 flffiffsfflzfflisiztiss
2447 2205 2712 2334 „risit

410 2317 427 2346 ‚
1689 2315 1702 2330 .

281 2348 470 2406 bona.
503 2349 624 2404 Hoc
651 2351 849 2404 autem
893 2351 985 2403 est
1015 2345 1410 2416 impossibile.
1443 2346 1631 2403 Omne
1672 2345 1831 2402 euim
1860 2345 2022 2416 quod
2064 2349 2176 2414 est,
2207 2347 2270 2402 in
2298 2351 2586 2418 quantum
2617 2351 2712 2404 est

283 2431 420 2486 ens,
446 2429 697 2475 necesse
720 2422 815 2474 est
858 2429 996 2473 esse
1038 2415 1282 2495 bonum.
1316 2417 1460 2474 Esse
1503 2428 1760 2488 namque
1803 2428 1980 2473 suum
2029 2417 2494 2488 unumquodque
2523 2422 2706 2486 amat,

278 2494 347 2547 et
378 2501 735 2546 conservare
779 2487 1018 2557 appetit.
1051 2487 1299 2557 Signum
1349 2491 1546 2544 autem
1572 2491 1664 2544 est
1691 2485 1834 2559 quia
1860 2489 2297 2559 contrapugnat
2329 2486 2707 2559 unumquod-

280 2573 403 2632 que
433 2573 559 2617 suae
590 2558 977 2629 corruptioni.
1013 2559 1239 2613 Bonum
1271 2562 1468 2614 autem
1497 2562 1588 2614 est
1617 2557 1777 2629 quod
1805 2556 2009 2615 omnia
2030 2563 2332 2636 appetunt.
2352 2560 2482 2614 Non
2511 2562 2709 2629 potest

285 2631 475 2701 igitur
501 2629 810 2687 distinctio
840 2628 903 2684 in
932 2626 1112 2684 rebus
1141 2626 1462 2697 procedere
1492 2640 1530 2683 a
1561 2626 1798 2685 duobus
1825 2626 2145 2685 contrariis
2188 2627 2524 2699 principiis,
2557 2641 2707 2700 quo-

286 2714 424 2757 rum
457 2712 641 2757 unum
673 2699 754 2756 sit
774 2698 1022 2766 bonum,
1053 2702 1112 2756 et
1135 2698 1295 2755 aliud
1320 2697 1566 2754 malum.

356 2770 579 2833 Adhuc,
611 2782 788 2826 omne
832 2780 1020 2840 agens
1070 2768 1196 2894 agit
1237 2768 1302 2823 in
1346 2772 1636 2838 quantum
1685 2771 1777 2825 est
1819 2766 2083 2835 actu3in
2129 2771 2418 2835 quantum
2443 2780 2587 2825 vero
2617 2773 2710 2826 est

282 2846 452 2909 actu,
482 2853 670 2898 uuum
718 2838 951 2910 uodque
1001 2851 1106 2909 per
1133 2841 1328 2894 ectum
1374 2841 1488 2894 est.
1519 2837 1849 2895 Perfectum
1892 2849 2035 2895 vero
2080 2849 2278 2906 omne,
2309 2838 2373 2895 iu
2418 2843 2707 2911 quantum

287 2909 661 2983 hujusmodi,
732 2922 914 2968 onum
938 2908 1217 2966 dicimus.
1249 2909 1435 2966 Omne
1462 2906 1648 2979 igitur
1674 2920 1885 2980 agens,
1914 2907 1979 2965 in
2006 2913 2294 2980 quantum
2336 2908 2706 2989 hujusmodi,

288 2983 517 3039 bouum
548 2985 661 3038 est.
693 2980 754 3038 Si
779 2978 923 3053 quid
964 2979 1147 3050 igitur
1176 2991 1284 3049 per
1313 2991 1381 3035 se
1424 2978 1649 3035 malum
1681 2984 1793 3047 est,
1825 2991 1947 3037 uon
1977 2979 2195 3049 poterit
2219 2991 2358 3037 esse
2385 2992 2574 3051 agens
2605 2996 2620 3035 ε
2651 2992 2707 3036 ει

290 3057 494 3110 autem
521 3056 615 3109 est
657 3050 951 3109 malorum
978 3049 1235 3120 primum
1276 3048 1657 3120 principium,
1685 3054 1922 3120 oportet
1959 3062 2098 3108 esse
2119 3062 2228 3121 per
2270 3062 2338 3108 εε
2365 3050 2613 3119 malum,
2645 3053 2711 3106 ut

290 3127 607 3181 ostensum
635 3125 747 3178 est.
777 3118 1155 3200 Impossibile
1184 3123 1277 3177 est
1319 3119 1504 3191 igitur
1527 3118 1976 3178 distinctionem
1999 3119 2068 3176 in
2103 3119 2284 3179 rebus
2323 3120 2646 3194 procedere
2673 3133 2711 3180 a

286 3192 534 3251 duobus
563 3191 899 3263 principiis,
926 3189 1089 3248 hono
1110 3189 1381 3270 tit-malo.

360 3264 641 3333 Amplius,
672 3262 727 3320 si
771 3274 950 3319 omne
996 3273 1127 3329 ens,
1182 3273 1246 3318 m
1286 3264 1578 3333 quantum
1623 3260 2003 3332 hujusmodi,
2049 3260 2279 3319 bonum
2325 3266 2439 3330 est,
2481 3260 2708 3319 malum

287 3334 498 3406 igitur,
529 3332 593 3389 iu
615 3336 906 3403 quantum
936 3336 1028 3388 est
1068 3330 1313 3399 malum,
1345 3336 1585 3389 estnon
1635 3344 1766 3390 eus.
1793 3335 1928 3390 Non
1972 3331 2131 3389 entis
2175 3337 2397 3399 autem,
2428 3331 2492 3388 in
2519 3344 2708 3403 quan·

289 3409 420 3461 tum
449 3401 820 3474 hujusmodi,
851 3414 975 3459 uon
1006 3407 1097 3459 est
1141 3414 1363 3472 ponere
1400 3414 1643 3459 causam
1670 3407 1967 3474 agentem,
1995 3415 2132 3459 cum
2156 3415 2333 3459 omne
2353 3414 2542 3473 agens
2570 3415 2605 3458 a
2649 3406 2711 3459 at

290 3474 356 3530 in
404 3478 693 3545 quantum
743 3475 837 3529 est
876 3485 986 3528 eus
1032 3477 1187 3528 actu.
1221 3472 1355 3543 Agit
1405 3477 1600 3529 autem
1649 3471 2115 3544 unumquodque
2162 3471 2278 3530 sibi
2325 3471 2545 3530 simile.
2630 3471 2710 3528 ali

291 3544 500 3616 igitur,
532 3544 597 3600 in
645 3547 933 3614 quantum
982 3546 1073 3599 est
1103 3541 1467 3613 hujusmodi,
1498 3555 1623 3598 non
1649 3548 1741 3600 est
1767 3555 1989 3614 ponere
2017 3555 2262 3601 causam
2288 3555 2395 3613 per
2433 3554 2500 3600 se
2527 3554 2709 3614 agen·

292 3619 435 3670 tem.
466 3616 599 3671 Non
628 3618 731 3693 est·
750 3611 935 3684 igitur
953 3611 1081 3668 fieri
1111 3612 1517 3693 reductionem
1546 3612 1841 3670 malorum
1860 3613 1925 3669 in
1947 3625 2129 3670 unam
2160 3613 2413 3684 primam
2442 3625 2716 3680 causam,

294 3697 428 3755 quae
494 3698 558 3741 er
585 3696 651 3741 se
680 3688 762 3741 sit
788 3695 973 3740 causa
1002 3695 1271 3740 ommum
1300 3683 1617 3741 malorum.

365 3755 418 3811 A
462 3754 584 3816 huc,
659 3753 776 3811 uod
822 3752 1095 3810 educitur
1136 3758 1350 3832 praeter
1378 3753 1774 3810 intentionem
1819 3753 2074 3825 agentiS,
2105 3765 2229 3811 non
2258 3752 2438 3813 habet
2464 3768 2710 3816 causam

296 3837 403 3895 per
425 3838 515 3892 εε,
534 3838 599 3881 εε
670 3823 881 3895 incipit
899 3836 1004 3894 per
1024 3823 1324 3886 accidens,
1341 3823 1500 3882 sicut
1525 3837 1662 3882 cum
1684 3823 1820 3896 quis
1845 3821 2073 3881 invenit
2097 3823 2445 3883 thesaurum
2471 3826 2712 3886 fodiens

296 3894 371 3952 ad
404 3893 791 3966 plantandum
821 3911 835 3950 ε
867 3892 974 3951 sed
1017 3893 1242 3973 malum
1268 3893 1331 3949 in
1374 3892 1584 3952 effectu
1616 3893 1820 3967 aliquo
1849 3906 1972 3950 uon
2017 3898 2213 3965 potest
2251 3896 2562 3965 provenire
2592 3897 2713 3956 nisi

296 3972 512 4035 praeter
534 3964 928 4022 intentionem
962 3968 1369 4037 ageut1S,cum
1394 3977 1572 4021 omne
1590 3977 1778 4047 agens
1797 3963 1874 4021 ad
1902 3963 2127 4022 bonum
2160 3963 2449 4024 intendat.
2481 3969 2711 4025 Bonum

300 4036 459 4092 enim
487 4040 581 4093 est
607 4034 764 4108 quod
814 4034 1015 4115 omnia
1060 4038 1363 4115 appetunt.
1395 4036 1608 4115 {datum
1637 4034 1821 4107 igitur
1862 4047 1983 4092 nou
2013 4033 2192 4092 habet
2216 4048 2460 4094 causam
2489 4051 2596 4109 per
2620 4051 2708 4107 se,

296 4105 405 4163 sed
433 4119 541 4177 per
576 4104 1110 4187 accidens-incidit
1136 4116 1202 4161 in
1228 4102 1538 4184 effectibus
1584 4117 1923 4164 causarum.
1949 4106 2080 4163 Non
2127 4104 2315 4177 igitur
2358 4112 2451 4165 est
2491 4121 2713 4179 ponere

300 4188 486 4233 unum
517 4189 773 4246 primum
801 4175 1158 4246 principium
1191 4188 1459 4233 omnium
1490 4175 1809 4233 matorum.

368 4247 657 4310 Praeterea,
688 4246 1123 4304 contrariorum
1143 4244 1448 4318 agentium
1466 4251 1612 4303 sunt
1627 4244 1940 4303 contrariae
1967 4245 2255 4306 actiones.
2287 4250 2503 4307 Eorum
2533 4248 2717 4322 igitur

301 4329 439 4397 qum
459 4329 567 4387 per
594 4330 774 4375 uuam
816 4316 1111 4374 actionem
1141 4316 1576 4388 producuntur,
1606 4328 1727 4373 non
1757 4321 1901 4374 sunt
1927 4316 2206 4385 ponenda
2245 4319 2541 4390 principia
2570 4333 2714 4376 con-

301 4390 504 4444 traria.
536 4389 767 4444 Bonum
792 4392 990 4444 autem
1020 4393 1081 4445 et
1103 4387 1324 4445 malum
1355 4386 1562 4444 eadem
1591 4386 1827 4444 actione
1853 4385 2282 4457 producuntur.
2310 4389 2524 4446 Eadem
2554 4388 2710 4444 enim

300 4456 539 4518 actione
567 4470 724 4531 aqua
739 4457 1159 4532 corrumpitur,
1187 4463 1249 4518 et
1264 4471 1368 4518 aer
1390 4462 1730 4532 generatur.
1749 4458 1886 4515 Non
1910 4462 2053 4516 suut
2078 4457 2266 4532 igitur
2285 4463 2526 4532 propter
2545 4454 2714 4514 diffe-
