3076 5025
1092 269 1226 324 Lis.
1270 270 1313 334 1,
1354 268 1506 324 CAP.
1551 268 1766 322 Lxxlx.
2568 272 2634 326 85

2247 329 2284 341 “

178 391 467 452 ordinem
500 389 803 459 universi,
834 389 937 449 sed
968 389 1098 448 sola
1126 388 1487 447 universalis
1517 402 1700 446 causa
1747 386 1933 445 totius
1979 388 2265 452 universi,
2298 403 2430 463 quae
2477 393 2634 450 Deus

181 470 303 533 cst,
326 463 438 590 gui
471 476 582 532 per
611 474 788 520 suam
822 462 1181 541 voluntalem
1235 462 1379 531 agit,
1412 465 1476 538 ut
1515 457 1829 540 infra-(lib.
1856 472 2083 540 11‚·c'ap.
2114 460 2213 541 23),
2261 460 2633 521 ostendetur.

183 536 324 604 Quo
413 539 620 590 autem
654 533 807 589 ordo
837 545 1095 589 universi
1122 536 1202 587 sit
1228 530 1516 597 casualis,
1537 535 1631 587 est
1686 529 2080 599 impossihile,
2114 545 2256 601 quia
2287 538 2637 603 sequeretur

231 604 352 662 uod
386 604 583 660 multo
612 602 811 674 magis
842 603 960 659 alia
1005 603 1339 672 posteriora
1368 605 1573 659 essent
1601 614 1636 657 a
1670 613 1835 657 casu.
1865 599 2239 672 Relinquitur
2265 602 2449 674 igitur
2475 602 2634 674 quod

185 620 360 735 sseus
386 682 449 730 et
468 673 720 744 singula
750 673 1043 730 honorum
1073 672 1220 728 vult.

263 745 489 812 Adhuc,
518 742 1194 814 honum,intellectum,
1239 741 1300 798 in
1393 745 1641 798 uantum
1687 738 2054 811 hujusmodi,
2085 746 2175 798 est
2219 741 2490 800 volitum.
2519 743 2634 803 Sed

194 818 363 874 Deus
385 815 675 884 intelligit
725 813 905 870 etiam
944 813 1324 883 particularia
1408 824 1547 881 ona,
1578 816 1847 881 utsupra
1876 810 2026 882 (cap.
2058 811 2148 884 65)
2176 813 2486 884 probatum
2519 819 2630 873 est.

194 887 338 946 Vult
359 886 549 957 igitur
576 885 764 941 etiam
796 884 1173 954 particularia
1200 885 1375 940 hona.

270 959 396 1014 Hoc
446 963 648 1013 autem
703 955 1051 1012 auctoritate
1088 955 1403 1024 Scripturae
1447 951 1851 1019 confirmatur,
1880 966 2011 1023 quae
2054 952 2128 1009 ad
2168 952 2406 1025 singula
2454 968 2636 1025 opera

195 1027 700 1099 complacentiam
733 1025 948 1082 divinae
976 1025 1300 1081 voluntatis
1330 1023 1610 1090 ostendit,
1643 1023 1871 1090 dicenS,
1911 1025 2074 1090 Gen„
2101 1037 2141 1092 1,
2163 1028 2197 1082 4
2231 1042 2245 1080 :
2291 1026 2446 1081 Vidit
2494 1029 2633 1082 stus

198 1099 369 1154 liccem
392 1097 542 1167 quod
568 1101 706 1152 esset
735 1097 893 1157 bona,
925 1102 983 1151 et
998 1096 1275 1153 similiter
1302 1094 1373 1151 de
1399 1095 1535 1151 aliis
1564 1092 1875 1162 operibus;
1906 1099 1965 1149 et
1994 1100 2199 1164 postea
2242 1094 2313 1152 de
2350 1096 2632 1154 omnihus

194 1169 405 1239 simui,
432 1167 610 1239 ibid„
640 1171 704 1225 3¹
742 1183 760 1225 x
793 1166 951 1226 Vidit
973 1168 1116 1223 Deus
1145 1170 1337 1221 cuncta
1364 1181 1485 1237 quae
1505 1166 1732 1232 fecerat,
1759 1167 1811 1219 et
1836 1168 1993 1221 erant
2016 1165 2178 1222 valde
2208 1166 2365 1225 bona.

1144 1384 1396 1450 CAPUT
1445 1383 1708 1448 LXXIX.

728 1564 885 1619 QUOD
921 1565 1070 1612 DEUS
1102 1561 1274 1610 Vnt-1⁶1·
1308 1564 1495 1611 Eum
1520 1565 1652 1618 011AE
1676 1562 1920 1611 Nomium
1945 1564 2111 1611 SUNT.

287 1730 357 1788 Si
376 1735 560 1787 autem
588 1728 748 1786 velle
778 1731 873 1786 est
898 1741 1004 1799 per
1034 1726 1536 1798 comparationem
1567 1727 1823 1785 volentis
1861 1728 1935 1786 ad
1973 1729 2243 1798 volitum,
2273 1730 2424 1787 forte
2452 1731 2634 1790 alicui

220 1805 424 1873 potest
447 1800 619 1857 rideri
652 1798 815 1872 quod
847 1801 1003 1856 Deus
1032 1811 1151 1855 non
1185 1798 1323 1856 velit
1346 1798 1460 1855 nisi
1488 1813 1560 1854 ea
1600 1813 1731 1870 quae
1761 1805 1921 1855 sunt.
1954 1802 2096 1856 Nam
2130 1801 2372 1858 relativa
2401 1816 2437 1859 o
2482 1806 2635 1860 ortet

233 1871 409 1928 simul
428 1885 576 1937 esse,
599 1876 687 1938 ut,
706 1883 829 1926 uno
851 1869 1224 1939 interempto,
1246 1869 1620 1925 interimatur
1639 1870 1909 1936 alterum,
1935 1878 1996 1927 ut
2019 1871 2420 1942 Philosophus
2480 1878 2633 1931 ocet.

230 1942 669 2070 sgfl'gffllfflene
714 1946 807 1997 est
834 1954 941 2067 pez
979 1941 1481 2011 comparationem
1512 1940 1767 1998 volentis
1813 1940 1888 1997 ad
1917 1941 2184 2012 volitum,
2207 1943 2411 2001 nullus
2440 1947 2636 2015 potest

227 2025 263 2068 r
340 2027 371 2069 e
398 2026 512 2069 uisi
534 2027 607 2069 ea
676 2025 770 2069 uae
798 2024 914 2068 sun
944 2051 959 2067 .

288 2085 575 2144 Praeterea,
602 2027 883 2139 vgluntas
929 2080 1146 2138 dicitur
1173 2080 1247 2139 ad
1290 2080 1494 2149 volita,
1521 2080 1680 2138 sicut
1712 2086 1768 2138 et
1818 2087 2084 2141 creatura
2128 2088 2186 2141 et
2214 2088 2463 2142 creator.
2499 2087 2632 2142 Non

218 2158 417 2211 autem
457 2159 657 2224 potest
685 2152 800 2209 dici
856 2151 1032 2208 etiam
1061 2154 1217 2209 Deus
1259 2165 1394 2210 esse
1432 2157 1682 2219 creator,
1711 2153 1802 2209 vel
1846 2153 2262 2223 domiuus‚vel
2298 2158 2483 2227 pater,
2511 2154 2631 2214 nisi

218 2236 428 2282 eorum
454 2238 588 2295 quae
609 2228 770 2280 sunt.
804 2224 955 2294 Ergo
984 2235 1102 2279 non
1134 2228 1326 2293 potest
1359 2222 1473 2280 dici
1496 2223 1646 2280 velle
1677 2223 1790 2281 nisi
1823 2238 1893 2281 ea
1918 2239 2048 2297 quae
2075 2230 2234 2283 sunt.

288 2297 371 2352 Ex
398 2295 515 2351 hoc
543 2299 738 2351 autem
768 2298 973 2363 posset
1000 2294 1250 2350 ulterius
1279 2292 1578 2362 concludi,
1607 2293 1659 2350 si
1690 2292 1954 2352 divinum
1980 2296 2127 2352 velle
2158 2294 2636 2365 estinvariahile,

214 2364 378 2425 sicut
406 2370 469 2421 et
522 2377 699 2422 suum
729 2377 885 2429 esse,
912 2369 970 2420 et
1016 2376 1137 2420 non
1163 2364 1286 2421 vult
1326 2363 1443 2421 nisi
1478 2378 1551 2422 ea
1578 2378 1709 2436 quae
1751 2370 1885 2422 actu
1933 2371 2093 2436 sunt,
2124 2365 2285 2439 quod
2322 2366 2473 2423 nihil
2496 2366 2639 2423 velit

211 2436 379 2510 quod
411 2448 535 2492 non
564 2447 801 2505 semper
827 2434 925 2491 sit.

288 2507 511 2564 Dicunt
551 2511 754 2586 autem·
777 2505 851 2562 ad
882 2505 994 2562 hoc
1032 2504 1271 2578 quidam
1300 2503 1458 2586 quod
1489 2519 1561 2563 ea
1585 2520 1716 2573 cuae
1741 2519 1862 2563 non
1892 2506 2120 2564 suntin
2142 2505 2379 2579 seipsis,
2404 2507 2635 2565 suntin
2673 2546 2678 2555 ·

214 2579 366 2647 Dec,
393 2584 451 2635 et
497 2577 560 2633 in
588 2590 718 2648 ejus
738 2577 1070 2644 intellectu3
1100 2576 1256 2633 unde
1283 2576 1434 2633 nihil
1461 2576 1735 2647 prohihet
1761 2592 1832 2634 ea
1858 2591 1989 2649 quae
2018 2591 2137 2634 non
2160 2583 2302 2635 sunt
2329 2579 2390 2634 in
2416 2578 2635 2650 seipsis

214 2650 407 2707 Deum
436 2648 589 2704 velle
619 2648 947 2705 secundum
977 2648 1137 2718 quod
1168 2648 1225 2702 in
1252 2661 1323 2704 eo
1352 2653 1513 2703 suut.

288 2722 419 2776 Boc
447 2724 645 2775 autem
678 2731 797 2775 non
828 2717 1058 2774 videtur
1081 2715 1448 2774 sufficienter
1472 2716 1716 2773 dictum.
1748 2718 1894 2772 Nam
1925 2716 2252 2774 secundum
2283 2716 2397 2773 hoc
2422 2717 2637 2775 dicitur

214 2790 480 2863 quilibet
514 2790 721 2845 volens
772 2788 995 2860 aliquid
1024 2788 1197 2853 velle,
1225 2787 1384 2859 quod
1409 2786 1687 2843 voluntas
1733 2800 1844 2843 sua
1882 2788 2131 2843 refertur
2172 2787 2243 2844 ad
2289 2787 2638 2846 volitum.Si

213 2861 237 2919 i
285 2862 409 2917 itur
449 2859 654 2916 divina
682 2858 956 2916 voluntas
984 2871 1105 2915 non
1134 2857 1386 2914 refertur
1414 2857 1485 2913 ad
1513 2857 1781 2923 volitum,
1803 2857 1961 2928 quod
2003 2871 2122 2914 non
2153 2862 2246 2915 est
2273 2858 2387 2915 nisi
2421 2870 2635 2915 secun-

262 2944 363 2988 um
394 2930 552 3002 quod
580 2929 753 2988 estin
781 2930 934 3000 ipso,
966 2930 1055 2985 vel
1088 2928 1147 2985 in
1178 2929 1308 2997 ejus
1329 2928 1652 2995 intellectu,
1678 2929 1945 2999 sequitur
1973 2928 2129 3000 quod
2157 2931 2313 2986 Deus
2341 2942 2459 2986 non
2500 2928 2643 2986 velit

212 3001 371 3059 illud
421 3002 613 3067 aliter,
648 3000 764 3057 nisi
809 3001 950 3072 quia
982 3000 1107 3055 vult
1151 2999 1297 3056 illud
1346 3011 1480 3055 esse
1522 2998 1582 3054 in
1622 3012 1709 3067 se,
1735 3000 1825 3054 vel
1874 2999 1936 3055 in
1988 2998 2116 3071 ejus
2160 2999 2484 3057 intellectu.
2515 3001 2640 3058 Hoc

214 3079 422 3130 autem
464 3084 584 3127 non
618 3070 932 3127 intendunt
957 3070 1287 3149 loquenteS,
1319 3069 1424 3127 sed
1453 3069 1611 3141 quod
1639 3072 1796 3127 Deus
1833 3069 2175 3141 hujusmodi
2210 3084 2340 3144 quae
2372 3072 2638 3129 noudum

212 3148 366 3202 sunt
398 3142 540 3198 velit
564 3155 699 3199 esse
728 3142 904 3198 etiam
928 3141 989 3197 in
1018 3140 1258 3210 seipsis,

288 3215 526 3280 Rursus,
556 3213 608 3269 si
644 3212 920 3268 voluntas
969 3215 1343 3280 comparetur
1383 3209 1456 3267 ad
1499 3223 1624 3266 rem
1669 3209 1912 3268 volitam
1959 3224 2062 3282 per
2089 3224 2268 3269 suum
2315 3211 2632 3291 objectum,

210 3282 381 3355 quod
427 3287 520 3339 est
550 3283 770 3339 honum
800 3281 1202 3349 intellectum;
1236 3281 1594 3352 (intellectus
1623 3287 1818 3337 autem
1840 3294 1958 3338 non
1989 3281 2183 3338 solum
2211 3282 2493 3353 intelligit
2524 3281 2631 3339 ho·

209 3367 367 3410 num
401 3366 536 3409 esse
566 3353 628 3409 in
673 3366 760 3420 se,
786 3352 891 3409 sed
920 3352 1094 3409 etiam
1144 3352 1203 3407 in
1238 3351 1473 3421 propria
1510 3352 1762 3424 natura),
1802 3357 1861 3408 et
1894 3353 2173 3411 voluntas
2200 3350 2640 3422 comparabitur

210 3423 293 3481 ad
338 3424 589 3479 volitum
639 3435 760 3480 non
814 3423 1009 3480 solum
1041 3422 1369 3479 secundum
1399 3421 1559 3494 quod
1616 3427 1708 3479 est
1749 3421 1813 3478 in
1850 3428 2271 3495 cognoscente,
2304 3421 2411 3480 sed
2457 3421 2637 3478 etiam

216 3494 560 3553 secundum
591 3493 749 3574 quod
781 3499 873 3550 est
899 3492 960 3548 in
991 3493 1213 3564 seipse.

289 3565 577 3620 Dicamus
610 3579 625 3618 ι
677 3565 793 3620 itur
820 3563 999 3635 quod,
1032 3576 1211 3634 quum
1242 3561 1465 3619 bonum
1514 3575 1549 3619 a
1591 3562 1947 3632 prehensum
1981 3568 2215 3622 moveat
2249 3560 2636 3630 voluntatem,

212 3640 458 3705 oportet
494 3648 614 3706 quo
684 3634 880 3704 ipsum
922 3634 1071 3690 velle
1108 3639 1391 3705 sequatur
1418 3646 1531 3690 con
1581 3633 1821 3690 itionem
1853 3633 2369 3705 apprehensionis,
2398 3633 2553 3690 sicut
2575 3636 2636 3688 et

211 3712 426 3763 motus
450 3704 706 3763 aliorum
735 3703 1045 3761 mobilium
1066 3711 1396 3776 sequuntur
1420 3704 1798 3761 conditiones
1818 3706 2132 3772 moventis,
2154 3703 2314 3776 quod
2338 3707 2430 3760 est
2451 3715 2637 3760 causa

216 3781 446 3832 motus.
478 3777 702 3832 Relatio
732 3780 929 3832 autem
959 3775 1453 3845 apprehendentis
1486 3775 1559 3832 ad
1590 3787 1624 3830 a
1670 3775 2022 3844 prehensum
2042 3782 2133 3833 est
2157 3786 2341 3832 conse
2387 3787 2533 3831 uens
2556 3771 2632 3830 ad

221 3845 764 3916 apprehensionem
817 3845 1042 3916 ipsam;
1075 3858 1177 3915 per
1207 3845 1317 3902 hoc
1364 3845 1522 3901 enim
1552 3859 1611 3902 re
1640 3851 1802 3901 ertur
1829 3844 2277 3916 apprehendens
2305 3860 2337 3902 a
2425 3857 2628 3915 appre-

227 3912 508 3985 heusum,
537 3916 698 3987 quod
721 3914 1107 3986 apprehendit
1131 3915 1345 3986 ipsum.
1378 3917 1503 3972 Non
1536 3920 1732 3972 autem
1751 3917 1946 3974 solum
1975 3915 2423 3987 apprehendens
2439 3928 2641 3986 appre-

229 3983 427 4042 hendit
480 4000 604 4043 rem
655 3986 983 4043 secundum
1015 3986 1171 4057 quod
1222 3991 1313 4042 est
1341 3984 1401 4041 in
1451 3986 1675 4057 seipse,
1707 3986 1809 4044 sed
1864 3986 2189 4045 secundum
2240 3987 2398 4059 quod
2441 3992 2534 4043 est
2576 3985 2639 4042 in

222 4056 465 4128 propria
492 4062 744 4137 natura3
775 4056 915 4137 quia
945 4069 1063 4113 non
1095 4056 1288 4114 solum
1313 4057 1738 4125 cognoscimus
1770 4071 1890 4113 rem
1915 4056 2162 4130 intelligi
2195 4072 2232 4114 a
2251 4059 2426 4115 nohis
2455 4055 2638 4136 (quod

220 4132 319 4183 est
344 4141 478 4184 eam
526 4139 748 4185 essem
782 4126 1127 4195 intellectu).
1155 4127 1259 4183 sed
1290 4140 1419 4183 eam
1455 4140 1591 4184 esse
1614 4128 1703 4183 vel
1756 4128 1943 4185 ruisse
1993 4128 2082 4185 vel
2130 4128 2384 4186 suturam
2413 4142 2547 4186 esse
2576 4139 2640 4183 in

216 4201 467 4270 propria
512 4204 745 4254 natura,
772 4196 931 4254 Licet
968 4197 1151 4269 igitur
1180 4204 1320 4253 tunc
1368 4210 1463 4254 res
1515 4197 1618 4254 illa
1649 4211 1766 4254 non
1808 4199 1887 4254 sit
1944 4197 2062 4255 uisi
2108 4199 2172 4254 in
2218 4201 2638 4272 cognoscente,

216 4268 441 4326 relatio
480 4272 680 4325 tamen
719 4280 1096 4339 consequens
1127 4267 1660 4337 apprehensionem
1691 4272 1782 4326 est
1809 4268 1883 4324 ad
1912 4281 2063 4336 eam,
2094 4282 2211 4326 non
2243 4275 2417 4342 prout
2461 4276 2551 4326 est
2578 4267 2642 4322 in

215 4345 661 4412 cognoscente,
702 4337 808 4395 sed
837 4344 1012 4408 prout
1036 4343 1127 4395 est
1154 4337 1483 4395 secuudum
1541 4339 1836 4409 propriam
1888 4343 2157 4398 naturam
2204 4355 2381 4414 quam
2443 4348 2644 4410 appre-

210 4407 437 4469 hendit
490 4408 966 4482 apprehendens.
990 4408 1325 4468 Voluntatis
1375 4408 1559 4481 igitur
1602 4408 1816 4468 divinae
1844 4409 2052 4470 relatio
2076 4417 2168 4470 est
2223 4412 2297 4470 ad
2349 4424 2469 4469 rem
2521 4413 2640 4463 non
