3076 5025
1056 300 1187 355 LIB.
1228 299 1317 365 lV,
1356 299 1507 355 CAP.
1549 298 1722 354 Lxlx.
2507 302 2609 357 603

1140 519 1394 583 CAPUT
1440 520 1672 583 LXVII.

459 689 701 736 somno
735 688 938 737 nomm
975 691 1106 745 011ae
1143 690 1601 738 onncmnAN‘mR
1634 688 1714 737 ΒΧ
1746 689 1938 737 PARTE
1973 689 2339 737 nannents.

247 847 457 904 Restat
511 851 709 905 autem
761 860 832 906 ea
879 861 1011 920 quae
1049 846 1125 907 ad
1215 847 1444 905 uintam
1497 845 1901 905 difficultatem
1954 846 2252 918 pertinent
2290 847 2607 919 speculari.

169 916 567 974 Manifestum
608 921 699 974 est
745 923 942 976 autem
1000 931 1182 976 secun
1231 931 1330 975 um
1381 916 1660 989 praedicta
1714 917 1875 988 quod
1925 915 2236 975 fractionis
2276 918 2609 989 subjectum

165 999 405 1115 {ingere
425 1000 755 1068 possumus
768 988 1177 1046 dimensiones
1198 1002 1302 1060 per
1329 1001 1395 1046 se
1422 988 1857 1068 subsistentes3
1882 998 1994 1068 neo
2018 992 2241 1055 tamen,
2262 986 2609 1060 hujusmodi

305 1057 662 1115 ensiombus
708 1059 932 1127 fractis,
973 1060 1269 1133 frangitur
1339 1057 1681 1117 substantia
1734 1069 2005 1129 corporis
2052 1058 2286 1127 Christi,
2324 1072 2398 1118 eo
2450 1060 2613 1133 quod

167 1132 374 1186 totum
403 1141 623 1197 corpus
652 1128 868 1187 Christi
899 1131 1013 1189 sub
1039 1131 1302 1204 qualibet
1349 1130 1620 1202 portione
1658 1131 1978 1186 remaneat.
2012 1126 2180 1195 Quod
2209 1130 2470 1201 quidem,
2498 1130 2613 1188 etsi

169 1197 427 1257 difficile
455 1199 742 1268 videatur,
769 1206 994 1272 tamen,
1027 1201 1360 1260 seeundum
1389 1215 1459 1258 ea
1487 1213 1620 1272 quae
1647 1198 1955 1270 praemissa
1983 1204 2124 1255 sunt
2151 1199 2225 1270 (c.
2256 1199 2368 1272 64),
2392 1199 2609 1272 exponi

170 1266 380 1327 habet.
430 1268 660 1326 Dictum
692 1275 784 1329 est
810 1273 970 1331 enim
1001 1285 1184 1344 supra
1210 1271 1368 1345 quod
1399 1282 1618 1342 eorpus
1642 1269 1855 1327 Christi
1885 1269 2064 1350 estin
2094 1270 2207 1328 boo
2238 1274 2611 1328 sacramento

218 1353 285 1397 er
312 1338 712 1397 substantiam
766 1354 937 1400 suam
975 1357 1068 1409 „ex
1106 1344 1163 1401 vi
1215 1341 1606 1410 sacramenti3
1655 1338 2064 1397 dimensiones
2112 1346 2310 1398 autem
2340 1355 2445 1399 eor
2487 1342 2612 1400 oris

224 1408 404 1468 bristi
448 1415 591 1469 sunt
617 1410 700 1469 ibi
727 1425 799 1469 ex
829 1413 1083 1472 naturali
1113 1413 1580 1472 concomitantia
1622 1424 1801 1483 quam
1831 1409 1904 1468 ad
1934 1410 2335 1469 substantiam
2364 1412 2441 1470 ha
2485 1417 2607 1481 eut,

183 1493 218 1538 e
243 1481 546 1538 contrario
575 1480 630 1538 ei
657 1482 987 1541 seeundum
1017 1483 1176 1556 quod
1205 1497 1423 1555 corpus
1453 1480 1799 1539 naturaliter
1826 1485 1919 1539 est
1944 1480 2003 1537 in
2028 1479 2201 1551 loco;
2233 1495 2371 1540 nam
2392 1495 2612 1553 corpus

181 1550 534 1608 naturaiiter
562 1557 654 1609 est
682 1553 741 1608 in
773 1553 927 1623 loco,
954 1554 1350 1613 mediantibus
1381 1551 1880 1619 dimensionibus,
1902 1551 2121 1623 quibus
2151 1552 2285 1610 loco
2315 1566 2612 1611 commen·

179 1626 444 1701 suratur.
473 1622 604 1679 Alio
633 1628 829 1681 autem
850 1624 1029 1683 modo
1054 1639 1120 1684 se
1151 1626 1328 1683 babet
1355 1622 1580 1696 aliquid
1609 1621 2003 1702 substantiale
2029 1623 2104 1679 ad
2127 1622 2189 1679 id
2205 1623 2268 1679 in
2293 1637 2414 1704 quo
2435 1628 2528 1680 est
2552 1626 2612 1680 et

177 1690 298 1749 alio
327 1690 513 1749 modo
542 1693 768 1764 aliquid
793 1702 1082 1766 quantum
1106 1715 1122 1765 3
1149 1709 1290 1752 nam
1320 1699 1609 1767 quantum
1654 1698 1845 1750 totum
1901 1695 1984 1749 tta
2030 1696 2122 1750 est
2156 1692 2220 1749 in
2258 1694 2458 1766 aliquo
2483 1697 2611 1751 toto

174 1761 343 1834 quod
374 1766 566 1819 totum
595 1776 716 1821 non
744 1769 837 1823 est
862 1765 922 1821 in
953 1772 1140 1837 parte,
1172 1767 1279 1824 sed
1342 1779 1438 1822 ars
1468 1765 1529 1821 in
1556 1769 1741 1833 parte,
1762 1763 1918 1820 sicut
1944 1767 2136 1820 totum
2165 1762 2227 1821 in
2256 1768 2421 1832 toto;
2453 1763 2613 1822 unde

174 1836 236 1890 et
267 1845 494 1902 corpus
521 1833 789 1891 naturale
820 1834 908 1894 sic
942 1837 1119 1894 estin
1151 1841 1277 1894 toto
1331 1849 1442 1893 oco
1471 1840 1661 1892 totum
1692 1832 1851 1907 quod
1880 1844 2004 1890 non
2030 1837 2125 1891 est
2158 1838 2349 1891 totum
2374 1835 2435 1891 in
2461 1847 2614 1906 qua·

174 1901 325 1960 libet
348 1909 519 1974 parte
550 1903 687 1969 loci,
718 1905 820 1963 sed
857 1911 1052 1986 partes
1081 1920 1186 1964 cor
1228 1906 1350 1964 oris
1377 1905 1643 1978 partibus
1672 1903 1787 1961 loci
1813 1907 2109 1974 aptantur,
2134 1917 2206 1962 eo
2239 1904 2400 1976 quod
2430 1910 2522 1961 est
2547 1904 2611 1961 in

171 1972 316 2030 loco
372 1973 771 2033 mediantibus
815 1975 1176 2035 dimensioni
1225 1991 1331 2047 us3
1382 1977 1433 2034 si
1464 1980 1663 2033 autem
1708 1973 1951 2045 aliquod
1991 1973 2384 2032 substantiale
2425 1975 2502 2032 sit
2548 1975 2613 2031 in

170 2042 387 2116 aliquo
441 2048 566 2101 toto
612 2050 827 2115 totum,
874 2047 1049 2105 etiam
1095 2052 1286 2106 totum
1341 2052 1433 2105 est
1476 2046 1535 2102 in
1595 2042 1859 2118 qualibet
1889 2049 2054 2115 parte
2101 2044 2252 2117 eJuS,
2300 2046 2457 2103 sicut
2489 2049 2617 2104 tota

167 2120 401 2171 natura
428 2119 488 2171 et
528 2116 761 2187 species
801 2128 969 2189 aquae
997 2118 1058 2175 in
1089 2118 1354 2190 qualibet
1381 2122 1544 2189 parte
1587 2129 1755 2187 aquae
1794 2118 1909 2183 est,
1939 2119 1997 2171 et
2024 2118 2145 2172 tota
2179 2115 2378 2174 anima
2418 2122 2509 2174 est
2551 2117 2615 2173 in

168 2183 451 2258 qualibet
494 2187 765 2257 corporis
806 2194 991 2260 parte.
1045 2188 1194 2258 Quia
1239 2188 1421 2261 igitur
1469 2199 1690 2257 eorpus
1738 2184 1951 2244 Christi
2004 2190 2096 2243 est
2136 2186 2199 2242 in
2238 2194 2613 2244 sacramento

164 2255 420 2314 ratione
448 2268 573 2314 suae
603 2255 975 2328 substantiae,
1013 2259 1077 2317 in
1105 2272 1285 2340 quam
1330 2271 1622 2316 conversa
1650 2260 1741 2314 est
1786 2255 2124 2314 substantia
2150 2257 2342 2328 panis,
2383 2257 2611 2315 dimen-

161 2322 458 2385 sionibus
487 2327 617 2397 ejus
651 2329 1053 2397 manentibus,
1081 2334 1239 2388 sicut
1257 2334 1381 2387 tota
1409 2328 1644 2401 speeies
1668 2325 1843 2398 panis
1871 2332 1997 2383 erat
2027 2326 2140 2384 sub
2169 2327 2431 2398 qualibet
2449 2332 2612 2398 parte

167 2395 634 2457 dimensionum
655 2440 673 2466 ,
729 2398 812 2457 ita
864 2398 1164 2471 integrum
1229 2399 1447 2457 Christi
1514 2409 1734 2475 corpus
1778 2400 1887 2475 ,est
1950 2396 2062 2453 sub
2119 2396 2383 2466 qualibet
2448 2403 2612 2468 parte

168 2468 550 2528 earumdem.
576 2470 708 2528 Non
736 2469 920 2541 igitur
947 2469 1158 2529 fractio
1186 2468 1291 2527 illa
1316 2482 1421 2527 seu
1453 2464 1926 2546 divisio-attingit
1953 2463 2273 2546 adteorpus
2303 2466 2518 2524 Christi
2550 2471 2615 2547 ut

169 2539 261 2598 sit
303 2538 369 2596 in
398 2539 505 2597 illo
532 2539 686 2598 sicut
714 2540 779 2596 in
809 2539 1077 2613 subiecto
1100 2559 1116 2609 ;
1143 2539 1247 2598 sed
1277 2538 1609 2610 subjectum
1643 2549 1772 2617 ejus
1815 2539 1958 2617 sunt
1985 2535 2394 2615 dimensmnes
2439 2549 2613 2617 panis

167 2609 275 2668 vel
303 2608 431 2666 vini
459 2616 859 2680 remanentes,
910 2611 1063 2668 sicut
1092 2615 1150 2668 et
1177 2610 1434 2667 aliorum
1481 2606 1877 2666 accidentium
1924 2605 2145 2663 ibidem
2173 2611 2609 2666 remanentium

174 2679 452 2740 diximus
480 2694 585 2740 eas
609 2693 744 2740 esse
773 2680 1131 2753 subjectum.
1164 2679 1263 2752 (111
1290 2684 1468 2751 part„
1497 2692 1556 2751 q.
1589 2687 1817 2745 mvn,
1844 2678 1954 2735 art.
1981 2675 2065 2749 7.)

1117 2879 1372 2945 CAPUT
1410 2878 1675 2945 LXVIII.

779 3051 1022 3099 sonmo
1055 3049 1478 3097 Auc‘romans
1513 3050 1703 3097 surm
1740 3048 2025 3097 munem.

258 3206 361 3265 His
393 3206 580 3279 igitur
623 3203 1073 3264 difficultatibus
1101 3204 1369 3273 remotis,
1396 3205 1785 3285 manifestum
1824 3209 1920 3263 est
1945 3203 2197 3279 quodid
2226 3205 2388 3288 quod
2416 3206 2609 3265 eoele-

181 3275 432 3336 siastica
455 3274 691 3334 traditio
711 3276 888 3334 habet
907 3275 1066 3334 circa
1092 3281 1532 3334 sacramentum
1552 3276 1762 3334 attans
1782 3275 1932 3333 nihil
1948 3275 2214 3334 continet
2240 3277 2613 3348 impossibile

181 3350 330 3415 Deo,
359 3350 463 3419 qui
493 3347 700 3404 omnia
726 3352 941 3419 potest.
972 3349 1091 3404 Nec
1110 3347 1288 3404 etiam
1313 3351 1525 3405 contra
1552 3346 1828 3405 Ecclesiae
1844 3346 2219 3405 traditionem
2247 3353 2338 3404 est
2366 3348 2613 3406 verbum

179 3418 428 3476 Domini
467 3416 723 3475 dicentis
765 3417 840 3475 ad
875 3417 1226 3488 discipulos,
1253 3418 1357 3490 qui
1396 3416 1469 3475 de
1522 3416 1636 3475 hac
1693 3416 1964 3475 doctrina
2023 3417 2413 3475 scandalizari
2460 3418 2616 3475 vide-

177 3489 435 3547 bantur:
465 3489 644 3544 Vcrba
665 3503 783 3557 quae
803 3503 897 3557 eqo
921 3488 1126 3543 locutus
1151 3502 1271 3543 sum
1287 3488 1458 3551 vobis,
1487 3489 1718 3558 spiritus
1736 3491 1788 3544 et
1805 3489 1925 3543 vita
1949 3492 2097 3544 sunt.
2121 3489 2360 3560 (Ionum,
2390 3501 2476 3557 vl,
2498 3486 2612 3560 64.)

179 3561 315 3617 Non
342 3558 502 3616 enim
531 3571 636 3629 per
658 3558 773 3615 hoc
801 3557 962 3616 dedit
989 3558 1180 3615 intelli
1225 3571 1320 3615 ere
1345 3557 1504 3630 quod
1531 3572 1673 3615 vera
1700 3571 1841 3616 earo
1868 3558 2062 3616 suain
2094 3558 2208 3616 hoo
2236 3566 2610 3617 sacramento

179 3627 609 3688 manducanda
635 3628 915 3687 fidelibus
939 3641 1062 3686 non
1088 3630 1179 3686 tra
1221 3632 1436 3698 eretur,
1469 3628 1575 3686 sed
1606 3628 1746 3700 quia
1774 3641 1899 3685 non
1923 3629 2178 3687 traditur
2197 3629 2616 3688 manducanda

181 3699 527 3768 carnaliter,
559 3703 625 3758 ut
647 3699 901 3769 scilieet,
929 3699 1090 3757 sicut
1117 3699 1216 3756 alii
1244 3698 1361 3756 cibi
1394 3699 1687 3766 carnales,
1709 3699 1772 3756 in
1796 3700 2037 3770 propria
2074 3699 2271 3771 speeie
2294 3700 2616 3758 dilacerata

181 3776 550 3837 sumeretur,
581 3769 690 3828 sed
775 3770 876 3828 uia
901 3769 1162 3842 quodam
1212 3769 1507 3840 spirituali
1533 3770 1715 3828 modo
1742 3770 1999 3829 sumitur
2032 3776 2248 3843 praeter
2291 3775 2613 3830 consuetu-

181 3839 391 3898 dinem
412 3840 668 3898 aliorum
727 3840 738 3850 ‘
787 3853 957 3898 orum
984 3839 1337 3898 carnalium.

1153 4040 1406 4104 CAPUT
1444 4041 1657 4105 Lxlx.

457 4212 539 4259 EX
574 4212 751 4266 oum
786 4212 944 4258 rm
977 4211 1054 4260 ΕΤ
1085 4210 1232 4259 VIRO
1265 4211 1458 4258 ultim
1489 4211 1722 4261 CONFIOE
1754 4211 1872 4262 Ποῦ
1906 4211 2357 4264 umanum.

262 4367 420 4438 Quia
452 4381 617 4437 vero,
647 4372 714 4426 ut
740 4367 965 4426 dictum
993 4371 1108 4438 est,
1136 4381 1210 4427 ex
1235 4381 1390 4441 pane
1415 4373 1474 4426 et
1497 4369 1639 4427 vino
1667 4369 1784 4428 hoc
1812 4375 2250 4431 sacramentum
2270 4371 2619 4444 conficitur,

189 4451 447 4501 necesse
488 4446 581 4497 est
627 4451 731 4497 eas
758 4438 1130 4498 conditiones
1158 4440 1382 4499 servari
1410 4439 1472 4497 in
1500 4454 1655 4513 pane
1697 4443 1756 4499 et
1781 4440 1944 4514 vine,
1972 4447 2040 4502 ut
2061 4456 2134 4502 ex
2164 4444 2252 4503 eis
2274 4443 2389 4501 hoc
2413 4452 2615 4499 sacra-
