3076 5025
1115 215 1258 283 m.
1291 217 1398 293 m,
1429 219 1589 280 cAP.
1625 217 1860 277 Lxxxv.
2595 221 2703 275 :371

261 337 2704 493 {gig‘fffigggssggtssssglgffffgffgssgggffg,{⁰3¹⁸,aggffifggffgffltffijgggfggfi

259 483 335 542 Et
406 486 608 554 ropter
637 481 752 540 hoc
797 485 976 540 etiam
1003 480 1248 540 bonitas
1294 481 1715 552 disposltloms
1739 493 2011 549 corporis
2033 479 2282 538 humani
2310 479 2454 537 facit
2495 485 2700 551 aptum

263 552 346 611 ad
363 496 528 610 {ene
552 551 1034 634 intelligendum,
1058 551 1124 609 in
1151 556 1443 624 quantum
1469 551 1688 635 exhoe
1712 550 2012 620 praedictae
2048 551 2209 608 vires
2237 549 2519 609 fortiores
2546 551 2728 627 exis-¹

261 627 422 682 tunt.
454 622 621 681 Unde
660 621 879 684 dicitur
938 636 1004 703 in
1049 622 1329 703 secundo·
1357 624 1438 679 De
1463 636 1655 703 anima
1694 619 1860 692 (text.
1888 633 2106 701 comm.
2138 620 2232 692 94)
2278 621 2440 702 quod
2486 621 2703 681 molles

264 706 451 752 carne
484 697 667 774 ,aptos
697 696 898 774 metite
932 691 1227 774 videmus.
1263 694 1592 764 Dispositio
1618 696 1820 772 autem
1847 703 2122 772 corporis
2152 691 2401 749 humani
2433 690 2707 750 sub‘acet

263 763 619 822 coelestibus
665 764 951 822 motibus.
980 763 1135 822 Dicit
1178 763 1341 822 enim
1382 761 1758 835 Augustinus
1804 775 1869 820 in
1896 766 2107 834 quinto
2133 763 2210 819 De
2236 763 2387 818 civit.
2417 764 2522 819 Dei
2571 776 2705 844 cap.

243 837 303 892 ·6
342 838 402 890 et
439 833 499 907 7)
527 833 688 915 quod
732 847 856 892 non
903 847 1335 907 usquequaque
1380 831 1640 913 absurde
1685 831 1805 890 dici
1852 835 2051 904 potest
2095 831 2170 890 ad
2216 832 2383 890 solas
2431 845 2703 912 corporis

266 903 643 985 differentias
693 903 933 963 afflatus
1014 904 1269 963 uosdam
1308 904 1507 962 valere
1568 902 1960 984 siclereosqilt
2001 904 2409 984 Damascenus
2458 902 2606 961 dicit
2642 903 2708 962 in

266 974 539 1056 secundo
564 974 669 1033 hh.
697 978 777 1033 De
803 975 945 1056 arth.
973 919 1099 1034 qvid.
1126 973 1277 1055 (cap.
1301 971 1554 1056 70),quod
1573 973 1686 1055 „alu
1722 972 1911 1053 etalii
1941 971 2194 1054 planetae
2230 972 2500 1054 diversas
2543 983 2721 1054 comf

265 1045 606 1119 plexiones,
639 1048 700 1103 et
725 1044 987 1126 habitus²
1017 1050 1076 1103 et
1104 1046 1538 1117 dispositiones
1566 1057 1632 1102 in
1664 1043 1844 1102 nobns
1874 1047 2273 1102 constituunt.
2297 1044 2365 1101 Et
2387 1042 2525 1101 ideo
2555 1043 2707 1100 indi-

265 1120 434 1174 recte
464 1128 715 1188 corpora
758 1115 1027 1174 coelestta
1053 1115 1130 1175 ad
1162 1115 1490 1173 bonitatem
1521 1113 1938 1188 intelligentiae
1965 1119 2310 1186 operantur.
2340 1115 2410 1170 Et
2431 1114 2524 1172 sic
2550 1114 2711 1173 sicut

267 1185 491 1266 medici
515 1185 1063 1267 possunt-judicare
1098 1185 1169 1244 tle
1191 1186 1459 1244 bonitate
1487 1184 1830 1243 intellectus
1859 1198 1934 1244 ex
1958 1185 2230 1265 corporis
2268 1196 2403 1265 coin
2445 1183 2707 1254 lexione,

265 1261 436 1315 sicut
460 1269 536 1314 ex
557 1256 955 1329 dispositione
983 1256 1276 1329 proxima,
1301 1255 1387 1314 ita
1405 1255 1754 1328 astrologus
1781 1269 1857 1313 ex
1882 1253 2150 1314 motibus
2171 1254 2380 1314 coelest
2446 1268 2520 1312 us
2549 1255 2709 1314 sicut

268 1339 345 1384 ex
369 1339 558 1385 causa
597 1331 829 1385 remota
851 1325 986 1408 talis
1027 1325 1467 1412 dispositionis.
1499 1329 1570 1384 Et
1634 1339 1699 1383 er
1726 1326 1891 1407 hunc
1910 1325 2157 1383 modum
2182 1330 2384 1406 pote-st
2404 1323 2701 1406 verificari

266 1396 2384 1549 3333,-{S‘f’ltrazttndiffittffigcazt,“.ttaiuszi¹2tffiftttt⁰2uffi
2401 1399 2718 1527 ‘stitit

267 1542 453 1598 tatem
481 1537 898 1611 intelligentlae
923 1536 1274 1597 medullitus
1297 1551 1361 1595 in
1388 1534 1594 1596 rebuS.
1619 1535 1665 1610 (l
1689 1541 1864 1609 part„
1895 1551 1955 1610 q.
1987 1547 2128 1606 cxv,
2158 1540 2270 1595 art.
2298 1534 2383 1609 4.)

1188 1781 1444 1848 CAPUT
1497 1782 1789 1847 LXXXV.

373 1971 530 2029 QUOD
565 1968 835 2022 GORPOBA
866 1971 1170 2020 cmsm
1200 1970 1324 2020 Non
1358 1970 1509 2017 sum·
1541 1970 1748 2018 CAUSA:
1782 1970 2178 2019 vomitum
2206 1970 2285 2019 m
2313 1969 2617 2020 annom

1309 2050 1683 2099 Nosmlum.

344 2243 430 2300 Ex
460 2240 578 2299 hoc
606 2243 805 2300 autem
843 2238 1099 2299 ulterius
1124 2242 1370 2313 apparet
1412 2238 1575 2319 quod
1611 2251 1866 2309 corpora
1894 2237 2166 2298 coelestia
2195 2252 2318 2299 non
2347 2246 2492 2300 sunt
2523 2257 2713 2303 causa

269 2312 653 2371 voluntatum
699 2313 1041 2369 nostrarum
1074 2323 1269 2383 neque
1312 2309 1695 2368 electionum.
1726 2309 2017 2366 voluntas
2044 2309 2206 2367 enim
2235 2311 2302 2368 in
2338 2318 2505 2382 parte
2534 2313 2710 2371 intel·

276 2382 496 2443 lectiva
545 2382 762 2440 animai
809 2386 921 2451 est,
951 2385 1020 2437 ut
1062 2385 1224 2452 patet
1265 2393 1371 2452 per
1415 2378 1848 2449 Philosophum
1897 2378 1962 2435 in
2013 2379 2190 2436 tertio
2215 2382 2293 2436 De
2328 2384 2518 2437 anima
2545 2382 2710 2453 (text.

274 2465 498 2512 comm.
529 2451 645 2525 42).
672 2451 735 2509 Si
779 2450 964 2525 igitur
989 2463 1242 2524 corpora
1269 2448 1540 2507 coelestia
1565 2461 1688 2506 non
1719 2453 1978 2520 possunt
2031 2448 2371 2522 imprimere
2399 2452 2622 2510 directe
2647 2453 2712 2511 in

273 2523 647 2582 intellectum
694 2529 989 2584 nostrum.
1020 2527 1087 2579 ut
1131 2526 1443 2579 ostensum
1488 2524 1580 2578 est
1619 2518 1771 2591 (cap.
1803 2521 1915 2592 84),
1947 2532 2142 2592 neque
2185 2521 2364 2579 etiam
2392 2524 2457 2581 in
2504 2523 2714 2582 volun—

276 2599 464 2654 tatem
494 2598 762 2651 nostram
789 2592 1012 2650 directe
1039 2592 1380 2664 imprimere
1407 2594 1711 2661 poterunt.
1900 2659 1913 2670 ·

350 2665 459 2723 Am
500 2664 626 2734 lius,
655 2662 856 2722 omnis
901 2662 1113 2720 electio
1164 2667 1221 2720 et
1272 2659 1961 2719 actualis.voluntas1n
2014 2660 2192 2719 nohis
2243 2662 2589 2721 immediate
2638 2677 2713 2723 ex

278 2749 460 2808 appre
509 2734 759 2791 ensione
786 2731 1175 2791 intellectuali
1205 2736 1507 2790 causatur.
1536 2730 1772 2788 Bonum
1802 2729 1962 2787 enim
1992 2729 2357 2791 intellectum
2389 2738 2481 2792 est
2507 2733 2706 2806 objec—

277 2812 409 2864 tum
462 2803 809 2873 voluntatis,
835 2807 902 2860 ut
949 2807 1110 2875 patet
1156 2803 1221 2860 in
1257 2801 1433 2859 tertio
1456 2803 1533 2857 De
1558 2803 1747 2857 citima
1799 2805 1937 2858 text.
1969 2813 2186 2859 comm.
2218 2804 2332 2875 31).
2362 2806 2430 2861 Et
2471 2809 2714 2885 propter.

281 2876 401 2937 hoc
440 2887 565 2933 non
592 2878 792 2947 potest
844 2873 1016 2945 sequi
1043 2871 1403 2954 perversitas
1449 2872 1514 2929 in
1571 2871 1870 2951 engen-0,
1898 2870 2019 2928 nisi
2047 2871 2387 2932 intellectus
2413 2874 2707 2946 judicium

282 2945 524 3006 deficiat
542 2945 606 3002 in
626 2944 969 3017 particulari
992 2941 1267 3016 engilrih,
1293 2947 1361 3000 ut
1377 2945 1538 3014 patet
1561 2954 1666 3013 per
1697 2940 2128 3014 Philosophum
2156 2942 2221 3000 in
2246 2944 2504 3016 septimo
2528 2945 2713 3002 Ethic.

281 3017 442 3146 gap.
472 3013 547 3087 5).
571 3016 832 3086 Corpora
869 3019 1068 3072 autem
1124 3012 1393 3071 coelestia
1445 3025 1571 3070 non
1622 3017 1765 3070 sunt
1791 3025 1979 3070 causa
2021 3012 2430 3087 intelligentiae
2461 3020 2705 3075 nostrae.

225 3096 234 3131 ··
330 3101 360 3145 r
403 3099 442 3143 o
465 3098 658 3157 neque
685 3083 999 3143 electionis
1027 3088 1248 3142 nostrae
1277 3087 1534 3155 possunt
1573 3095 1711 3141 esse
1738 3096 1944 3141 causa.

386 3161 511 3218 tem.
542 3168 932 3228 quaecumque
977 3168 1049 3212 ex
1098 3153 1497 3226 impressione
1537 3165 1858 3224 corporum
1901 3152 2239 3214 coelestium
2282 3154 2346 3213 in
2387 3155 2526 3216 istis
2556 3156 2713 3215 infe-

281 3226 552 3287 rioribus
582 3226 866 3283 eveniunt
917 3225 1268 3283 naturaliter
1293 3224 1674 3296 contingunt,
1702 3237 1842 3282 cum
1882 3223 2011 3282 haec
2040 3224 2329 3284 inferiora
2372 3226 2498 3284 sint
2541 3232 2713 3285 natu-

281 3296 493 3356 raliter
542 3293 655 3354 suh
682 3295 814 3354 illis
841 3294 1135 3354 ordinata.
1164 3294 1228 3354 Si
1255 3307 1400 3367 ergo
1439 3293 1766 3352 electiones
1794 3301 2017 3353 nostrae
2046 3296 2328 3354 eveniunt
2354 3310 2428 3354 ex
2457 3297 2715 3379 impres·

284 3368 465 3427 sione
506 3379 611 3425 cor
653 3379 824 3424 orum
851 3364 1207 3428 coelestium.
1237 3369 1471 3438 oportet
1491 3362 1654 3437 quod
1684 3364 2034 3423 naturaliter
2058 3367 2357 3432 eveniant,
2388 3371 2456 3426 ut
2482 3367 2715 3429 scilicet

283 3438 381 3520 sie
407 3380 760 3519 naturaffiter
804 3434 984 3509 eligat
1028 3434 1212 3494 homo
1240 3434 1474 3508 operari
1518 3447 1666 3515 suas
1718 3436 2119 3517 operationes,
2150 3437 2311 3496 sicut
2363 3439 2714 3497 naturaliter

284 3512 580 3567 instinctu
622 3506 801 3565 bruta
845 3509 1185 3579 operantur,
1214 3510 1274 3563 et
1307 3504 1661 3564 naturaliter
1709 3518 1962 3577 corpora
2001 3508 2337 3567 inanimata
2376 3515 2708 3568 moventur.

285 3581 423 3639 Non
460 3591 603 3652 ergo
658 3581 835 3636 erunt
857 3576 1236 3650 propositum
1268 3580 1329 3657 et
1353 3581 1571 3634 natura
1621 3574 1741 3656 duo
1766 3575 2062 3649 principia
2106 3577 2366 3651 agentia,
2389 3580 2496 3639 sed
2524 3592 2711 3637 unum

285 3654 543 3718 tantum,
564 3646 727 3722 quod
768 3652 863 3706 est
901 3653 1151 3715 natura3
1188 3659 1363 3720 cujus
1418 3651 1784 3704 contrarium
1838 3652 2000 3718 patet
2051 3661 2161 3719 per
2213 3648 2592 3707 Aristotelem
2646 3649 2717 3706 in

287 3719 559 3780 secundo
598 3718 817 3790 Physic.
851 3716 1013 3792 (text.
1036 3728 1255 3777 comm.
1285 3717 1400 3790 49).
1423 3719 1557 3775 Non
1585 3720 1680 3774 est
1703 3716 1886 3789 igitur
1923 3730 2128 3776 verum
2156 3719 2320 3793 quod
2356 3733 2431 3777 ex
2456 3720 2709 3791 impres-

287 3790 465 3849 sione
486 3802 804 3861 corporum
824 3787 1161 3847 coelestium
1190 3791 1413 3845 nostrae
1442 3786 1769 3844 electiones
1796 3789 2166 3861 proveniant.

218 3889 226 3897 ·
361 3862 632 3918 Praeterea
675 3872 749 3918 ea
772 3872 906 3933 quae
933 3856 1286 3918 naturaliter
1323 3854 1478 3915 fiunt
1503 3856 1912 3917 determinatis
1957 3859 2174 3918 mediis
2210 3855 2617 3941 perducuntur
2638 3857 2715 3918 ad

247 3988 252 3991 ,
285 3928 500 3990 finem.
531 3901 695 3988 Unfie
738 3941 975 4011 semper
1017 3928 1230 3989 eodem
1257 3927 1441 3987 modo
1474 3927 1849 4009 contingunt.
1881 3931 2104 4010 Natura
2131 3941 2292 3987 enim
2324 3928 2719 4010 determinata

249 4047 253 4051 <
288 4005 392 4061 est
417 3999 494 4059 ad
519 4012 728 4057 unum.
757 3998 1093 4059 Electiones
1138 4003 1337 4057 autem
1387 3997 1666 4055 humanae
1717 3998 1970 4056 diversis
1996 4000 2114 4057 viis
2134 3998 2390 4057 tendunt
2414 4012 2479 4057 m
2505 3998 2713 4071 finem,

288 4067 911 4203 {iamtintmofzttlihus
932 4081 1112 4143 quam
1133 4068 1202 4128 in
1244 4066 1683 4130 artificialibus.
1709 4069 1842 4127 Non
1876 4069 2062 4141 igitur
2083 4068 2410 4128 electiones
2437 4070 2717 4131 humanae

341 4154 425 4204 un
467 4152 547 4196 na
575 4152 721 4197 urai
750 4152 833 4197 er.

235 4202 242 4211 '
365 4210 648 4283 Amplius,
692 4223 776 4267 ea.
801 4222 943 4291 ‚quae
978 4208 1338 4291 ‘naturaliter
1376 4207 1552 4279 fiunt,
1588 4214 1659 4290 ut
1707 4206 2054 4289 plurimum,
2087 4213 2246 4268 recte
2291 4202 2467 4270 fiunt.
2495 4215 2711 4270 Natura

297 4283 466 4341 enim
495 4294 619 4341 non
648 4278 845 4339 deficit
875 4291 994 4338 msi
1026 4293 1089 4338 in
1130 4277 1536 4354 paucioribus
1567 4279 1629 4338 Sl
1653 4279 1838 4352 igitur
1860 4279 2042 4337 homo
2068 4281 2419 4341 naturaliter
2445 4280 2711 4353 eligeret,

298 4353 456 4417 utin
489 4350 787 4428 pluribus
810 4349 1135 4411 electiones
1156 4350 1289 4424 ejus
1327 4353 1534 4411 essent
1558 4354 1756 4422 rectae,
1786 4349 1948 4424 quod
1972 4355 2133 4425 patet
2154 4365 2289 4413 esse
2315 4351 2555 4411 falsum.
2582 4349 2713 4404 Non
