3076 5025
389 188 527 258 284'
1272 193 1402 249 LIB.
1443 193 1544 259 1110,
1583 191 1738 247 CAP.
1777 189 1961 245 xxlll.

390 334 447 377 c.
492 318 583 389 44)
620 320 802 387 patet.
832 317 1024 373 Motus
1077 313 1263 395 igitur
1312 312 1475 383 coeli,
1518 310 1682 384 quod
1732 315 1826 368 est
1876 310 2136 382 primum
2190 322 2567 382 corporeum,
2604 316 2697 366 est
2754 307 2829 366 ab

392 385 784 447 intellectuali
815 385 1171 443 substantia.

465 460 617 522 Item,
644 470 900 527 corpora
925 454 1132 529 gravia
1158 459 1218 511 et
1257 451 1414 511 levia
1454 456 1772 509 moventur
1799 466 1838 509 a
1863 455 2188 524 generante
2213 454 2273 508 et
2299 453 2644 508 removente
2691 462 2833 521 pro—

395 528 636 597 hibens,
662 532 726 585 ut
767 526 1053 599 probatur
1105 524 1172 582 in
1218 527 1429 582 octavo
1481 523 1838 592 physicorum
1893 520 2056 593 (text.
2087 533 2306 602 comm.
2337 519 2467 592 32);
2498 531 2620 601 non
2671 521 2829 600 enim

391 603 750 671 potestesse
798 595 959 670 quod
990 595 1182 652 forma
1228 594 1293 652 in
1346 592 1437 651 eis
1470 593 1553 651 sit
1601 605 1854 650 movens
1883 597 1942 649 et
1999 596 2248 650 materia
2274 595 2459 660 mota,
2482 589 2643 672 nihil
2669 603 2831 671 enim

353 727 368 732 -
392 673 666 727 movetur
689 666 807 730 nisi
830 679 1070 736 corpuS.
1099 665 1264 722 Sicut
1286 669 1484 721 autem
1510 663 1700 720 eleme
1712 667 1953 721 ntorum
1992 674 2247 733 corpora
2273 667 2414 720 sunt
2443 660 2744 733 simplicia
2773 667 2835 720 et

393 754 518 798 non
547 744 640 797 est
665 738 731 795 in
759 737 849 794 eis
881 734 1240 807 compositio
1281 733 1401 792 nisi
1433 733 1699 792 materiae
1730 738 1786 791 et
1820 733 2050 804 formae,
2080 731 2167 791 ita
2196 737 2257 790 et
2282 744 2536 803 corpora
2562 730 2834 791 coelestia

394 814 540 869 sunt
584 806 903 879 simplicia.
935 805 996 864 Si
1043 805 1228 877 igitur
1276 810 1594 863 moventur
1644 803 1804 862 sicut
1831 804 2037 875 gravia
2080 807 2140 860 et
2175 800 2352 873 levia,
2383 806 2621 874 oportet
2711 801 2826 861 uod

392 884 744 938 moveantur
775 891 813 934 a
837 879 1162 950 generante
1212 889 1319 957 pei·
1347 888 1415 933 se
1448 881 1507 932 et
1546 888 1583 931 a
1613 879 1959 933 removente
2007 873 2336 946 prohibens
2370 886 2479 946 per
2527 871 2656 932 acci
2700 886 2826 932 ens.

392 953 518 1009 Hoc
545 954 745 1007 autem
795 953 888 1005 est
916 944 1325 1027 impossib1103
1355 958 1496 1005 nam
1524 944 1633 1003 illa
1678 958 1933 1017 corpora
1954 943 2391 1026 ingenerabilia
2432 947 2595 1013 sunt,
2624 948 2829 1015 utpote

393 1034 518 1078 non
561 1018 843 1077 habentia
885 1021 1389 1084 contrarietatem,
1437 1022 1496 1074 et
1542 1020 1743 1074 motus
1795 1028 2001 1074 eorum
2058 1014 2337 1087 impediri
2385 1027 2509 1073 non
2551 1019 2828 1087 possunt.

392 1092 640 1162 Oportet
669 1088 855 1161 igitur
881 1087 1044 1160 quod
1085 1091 1438 1145 moveantur
1461 1086 1570 1145 illa
1595 1100 1849 1158 corpora
1879 1085 1915 1144 a
1942 1085 2323 1144 moventibus
2409 1098 2476 1142 er
2500 1084 2831 1158 apprehen-

392 1161 665 1226 sionem;
691 1171 814 1217 non
842 1164 1043 1216 autem
1072 1157 1443 1226 sensitivam,
1474 1161 1541 1214 ut
1567 1163 1881 1215 ostensum
1911 1163 2039 1215 est:
2072 1170 2216 1228 ergo
2239 1157 2361 1213 inte
2389 1156 2686 1215 lectivam.

462 1230 741 1300 Amplius,
777 1228 829 1287 si
860 1227 1222 1300 principium
1267 1232 1469 1286 motus
1516 1227 1782 1286 coelestis
1812 1232 1907 1286 est
1959 1225 2094 1285 sola
2120 1232 2336 1284 natura
2363 1226 2592 1299 absque
2620 1240 2657 1285 a
2697 1240 2831 1299 pre·

394 1300 694 1361 hensione
722 1299 946 1372 aliqua,
977 1304 1211 1370 oportet
1256 1297 1416 1372 quod
1446 1298 1809 1369 principium
1840 1303 2042 1356 motus
2077 1297 2212 1358 coeli
2238 1296 2317 1356 sit
2347 1296 2541 1355 forma
2566 1309 2659 1356 coe
2684 1297 2833 1356 estis

392 1371 689 1443 corporis,
737 1370 904 1436 sicut
949 1374 1007 1428 et
1047 1369 1111 1425 in
1164 1367 1507 1438 elementis;
1535 1368 1677 1426 licet
1723 1368 1885 1426 enim
1928 1369 2133 1428 formae
2171 1367 2479 1439 simplices
2534 1380 2660 1426 non
2709 1367 2838 1426 sint

392 1447 727 1510 moventeS‚
777 1445 920 1498 sunt
962 1446 1163 1498 tamen
1218 1439 1515 1511 principia
1564 1445 1883 1507 ·motuum;
1916 1439 1991 1497 ad
2037 1453 2143 1497 eas
2196 1439 2357 1496 enim
2421 1445 2836 1512 consequntur

394 1516 600 1571 motus
653 1511 961 1569 naturales
1010 1509 1172 1569 sicut
1204 1521 1418 1568 omnes
1465 1508 1601 1567 aliae
1652 1509 1958 1568 naturales
2000 1511 2415 1581 proprietates.
2444 1510 2577 1567 Non
2631 1514 2833 1568 autem

355 1586 597 1656 ‚potest
643 1594 781 1661 esse
827 1552 986 1653 quod
1034 1585 1237 1662 motus
1287 1579 1554 1661 coelestis
1597 1586 1885 1659 sequatur
1936 1580 2189 1661 formam
2242 1579 2508 1639 coelestis
2557 1580 2835 1662 corporis

393 1653 556 1711 sicut
577 1651 939 1724 principium
984 1656 1277 1719 activum;
1304 1662 1393 1708 sic
1433 1663 1591 1707 enim
1622 1650 1817 1708 forma
1860 1654 1954 1708 est
1973 1652 2161 1721 princi
2208 1650 2333 1709 ium
2362 1656 2564 1710 motus
2589 1649 2827 1720 localis,

392 1723 459 1781 in
488 1727 779 1796 quantum
817 1721 998 1779 alicui
1028 1720 1266 1802 corpori
1295 1720 1630 1780 secundum
1659 1734 1833 1778 suam
1849 1722 2115 1802 ‚sormam
2183 1722 2390 1779 ebetur
2404 1720 2626 1793 aliquis
2653 1720 2832 1803 locus

394 1794 461 1852 in
489 1806 663 1866 quem
695 1797 968 1850 movetur
995 1806 1069 1849 ex
1101 1807 1156 1849 vi
1187 1804 1314 1849 suae
1353 1791 1561 1850 formae
1598 1791 1900 1850 tendentis
1934 1792 2222 1850 inlocum
2252 1792 2445 1860 illum,
2477 1805 2656 1866 quem
2686 1806 2833 1865 quia

394 1862 497 1923 dat
522 1873 841 1936 generanS‚
872 1861 1090 1920 dicitur
1129 1875 1266 1919 esse
1312 1868 1546 1931 motor3
1577 1860 1736 1920 sicut
1776 1862 1905 1935 igni
1953 1863 2285 1921 secundum
2342 1875 2516 1922 suam
2570 1861 2827 1924 formam

394 1933 681 2005 competit
712 1945 851 1991 esse
900 1944 1175 2001 sursum;
1206 1932 1442 2004 corpori
1490 1937 1691 1990 autem
1728 1932 1958 1991 coelesti
2010 1933 2344 1992 secuudum
2373 1946 2546 1991 suam
2570 1932 2826 1992 formam

393 2017 520 2062 non
567 2002 762 2075 magis
811 2002 1093 2075 congruit
1138 2015 1325 2059 unum
1353 2002 1451 2057 ubi
1485 2016 1665 2076 quam
1710 2002 1896 2061 aliud.
1927 2006 2059 2061 Non
2087 2004 2272 2076 igitur
2314 2010 2517 2061 motus
2558 2003 2831 2062 coelestis

395 2072 757 2148 principium
788 2077 879 2131 est
924 2072 1058 2153 sola
1086 2077 1319 2129 natura.
1353 2072 1599 2143 Oportet
1638 2073 1822 2148 igitur
1878 2074 2039 2146 quod
2065 2073 2428 2146 principium
2467 2078 2669 2132 motus
2698 2074 2833 2146 ejus

395 2145 479 2203 sit
505 2158 610 2214 per
637 2143 1176 2216 apprehensionem
1205 2143 1523 2203 merentis.

466 2214 688 2283 Adhuc,
715 2219 930 2271 natura
956 2226 1193 2285 semper
1217 2213 1289 2271 ad
1323 2227 1509 2270 unum
1529 2213 1723 2271 tendit
1747 2232 1763 2284 ;
1793 2214 1952 2273 unde
1977 2228 2109 2287 quae
2134 2218 2337 2272 sunta
2362 2218 2579 2272 natura
2595 2228 2836 2287 semper

396 2289 543 2343 sunt
598 2283 808 2343 eodem
862 2283 1065 2364 mod0‚
1103 2283 1225 2342 nisi
1285 2284 1365 2340 im
1411 2284 1706 2365 emantur,
1744 2284 1913 2365 quod
1969 2290 2062 2365 est
2114 2284 2178 2342 in
2223 2284 2632 2356 paucioribus.
2659 2285 2835 2366 Quod

395 2354 586 2428 igitur
601 2369 673 2412 ex
706 2354 802 2436 sui
830 2360 1065 2412 ratione
1093 2352 1273 2411 habet
1301 2298 1749 2413 difformitatem
1778 2354 2155 2425 impossibile
2180 2354 2462 2436 estquod
2490 2356 2572 2414 sit
2596 2355 2738 2415 finis
2767 2357 2832 2414 in

393 2438 577 2498 quem
603 2425 794 2483 tendit
834 2429 1068 2482 natura.
1096 2426 1291 2483 Motus
1333 2430 1532 2483 autem
1564 2425 1897 2484 secundum
1941 2437 2113 2483 suam
2157 2432 2448 2484 rationein
2500 2431 2595 2485 est
2622 2426 2833 2499 liujus-

390 2495 561 2556 modi
584 2512 600 2567 3
631 2495 794 2570 quod
821 2495 981 2554 enim
1017 2500 1309 2577 moretur,
1330 2495 1394 2553 iu
1424 2501 1716 2570 quantum
1760 2495 2129 2569 hujusmodi,
2155 2496 2534 2557 dissimiliter
2560 2510 2628 2557 se
2651 2496 2833 2557 habet

394 2580 561 2625 nunc
590 2571 648 2624 et
674 2567 863 2639 prius.
891 2565 1271 2639 Impossibile
1296 2571 1390 2625 est
1416 2567 1602 2640 igitur
1630 2568 1791 2640 quod
1820 2573 2035 2625 natura
2054 2567 2325 2626 intendat
2341 2573 2573 2629 motum
2592 2581 2702 2641 pro
2748 2574 2838 2639 ter

396 2637 689 2709 seipsum.
714 2637 973 2696 Intendit
1009 2637 1028 2696 i
1076 2637 1196 2696 itur
1239 2637 1498 2711 quietem
1540 2652 1646 2709 per
1681 2643 1934 2706 motum,
1965 2652 2099 2711 quae
2144 2651 2211 2697 se
2256 2638 2438 2697 habet
2476 2639 2550 2697 ad
2602 2652 2702 2698 mo
2734 2650 2833 2697 um

394 2707 558 2768 sicut
604 2721 788 2767 unum
825 2708 901 2766 ad
950 2712 1172 2777 muta;
1247 2707 1465 2769 uiescit
1503 2709 1664 2767 enim
1711 2707 1872 2782 quod
1929 2708 2208 2767 similiter
2247 2723 2313 2768 se
2361 2708 2542 2768 babet
2569 2716 2835 2777 nuncet

391 2778 585 2851 prius,
620 2779 681 2836 Si
711 2792 854 2851 ergo
883 2783 1086 2838 motus
1114 2791 1205 2837 coe
1230 2793 1251 2836 1
1281 2778 1417 2837 sita
1441 2783 1659 2838 natura
1673 2784 1928 2861 tantum,
1951 2784 2114 2838 esset
2136 2779 2450 2839 ordinatus
2470 2781 2536 2838 in
2564 2778 2832 2854 aliquam

394 2849 658 2922 quietem
682 2866 697 2917 ;
725 2848 898 2920 cujus
945 2849 1313 2930 contrarium
1357 2854 1625 2922 apparet,
1656 2864 1839 2930 quum
1876 2853 1956 2907 sit
1979 2850 2327 2910 continuus.
2357 2852 2488 2909 Non
2528 2855 2622 2909 est
2649 2851 2837 2923 igitur

393 2925 600 3046 motluls
653 2919 789 3045 cmii
818 2933 857 2978 a
908 2923 1123 2977 natura
1178 2924 1337 2979 sicut
1372 2919 1739 2992 aprincipio
1789 2920 2006 2990 activo,
2036 2920 2145 2979 sed
2186 2920 2384 2994 magis
2425 2935 2464 2979 a
2490 2921 2837 2983 substantia

391 3002 459 3047 in
488 3003 518 3045 e
568 3004 588 3046 1
633 3002 706 3046 en
735 3003 786 3046 e.

435 3003 631 3140 ‚rtemff
647 3058 812 3116 omni
836 3058 1026 3117 motui
1054 3059 1158 3140 qui
1178 3064 1274 3117 est
1296 3073 1337 3118 a
1357 3064 1574 3118 natura
1591 3060 1749 3120 sicut
1777 3075 1814 3120 a
1838 3060 2136 3133 principio
2156 3061 2350 3121 activo
2379 3066 2613 3134 oportet
2679 3063 2827 3132 uod,

395 3142 452 3188 si
481 3142 764 3188 accessus
793 3129 867 3187 ad
896 3129 1123 3210 aliquid
1152 3135 1244 3189 est
1273 3130 1588 3200 naturaliS‚
1620 3144 1901 3189 recessus
1925 3131 2001 3189 ab
2030 3131 2241 3190 eodem
2272 3132 2352 3191 sit
2376 3132 2588 3193 innatu
2685 3133 2741 3192 is
2767 3140 2833 3191 et

392 3204 604 3281 contra
629 3205 935 3270 naturam;
962 3205 1122 3259 sicut
1220 3214 1326 3258 ave
1373 3200 1604 3260 accedit
1644 3201 1925 3260 deorsum
1957 3200 2326 3284 naturaliter,
2355 3202 2582 3262 recedit
2622 3204 2828 3262 autem

390 3270 534 3328 inde
563 3275 770 3352 contra
818 3276 1112 3330 naturam.
1184 3271 1200 3352 i
1230 3270 1417 3344 igitur
1462 3277 1664 3331 motus
1692 3272 1830 3331 coeli
1854 3277 2018 3333 esset
2064 3273 2379 3344 naturalis,
2406 3287 2591 3347 quum
2619 3273 2831 3331 tendat

391 3340 469 3398 ad
524 3340 893 3400 occidentem
945 3340 1312 3410 naturaliter,
1343 3347 1555 3400 contra
1609 3348 1885 3401 naturam
1933 3344 2009 3403 ab
2054 3343 2365 3402 occidente
2421 3342 2711 3403 recedens
2756 3345 2825 3402 in

392 3410 686 3493 orientem
713 3412 951 3470 rediret.
980 3413 1104 3471 Hoc
1132 3418 1333 3472 autem
1362 3418 1455 3472 est
1482 3412 1891 3485 impossibile3
1918 3413 1985 3473 in
2020 3421 2189 3474 motu
2214 3414 2377 3473 enim
2407 3412 2640 3475 coelesti
2668 3413 2831 3477 nibil

391 3486 487 3540 est
511 3483 838 3542 violentum
869 3487 929 3542 et
950 3489 1160 3541 contra
1198 3488 1496 3542 naturam.
1521 3484 1905 3556 Impossibile
1934 3489 2027 3544 est
2053 3485 2238 3557 igitur
2266 3484 2427 3559 quod
2454 3485 2824 3557 principium

390 3551 652 3633 activum
704 3559 906 3611 motus
947 3553 1213 3612 coelestis
1252 3553 1334 3612 sit
1373 3561 1610 3613 natura.
1645 3556 1747 3612 Est
1774 3554 1963 3629 igitur
1988 3555 2349 3629 principium
2397 3554 2657 3615 activum
2687 3555 2826 3626 ejus

388 3622 592 3696 aliqua
615 3623 710 3705 vis
737 3624 1170 3696 apprehensiva
1195 3628 1253 3682 et
1280 3639 1386 3696 per
1414 3624 1785 3685 intellectum
1812 3640 2085 3697 moven8‚
2117 3632 2184 3685 ut
2211 3640 2284 3684 ex
2310 3626 2613 3697 praedictis
2642 3630 2826 3699 patet.

389 3694 655 3752 Movetur
675 3694 858 3765 igitur
873 3705 1095 3767 corpus
1123 3695 1366 3753 coeleste
1391 3709 1428 3753 a
1456 3694 1799 3755 substantia
1826 3696 2240 3756 intellectuali.

460 3765 595 3822 Non
636 3769 839 3821 tamen
880 3770 975 3822 est
1019 3765 1366 3837 negandum
1413 3770 1645 3827 motum
1693 3768 1999 3826 coelestem
2046 3781 2182 3827 esse
2214 3766 2574 3828 naturalem.
2605 3767 2837 3835 Dicitur

350 3892 355 3897 ,
387 3834 552 3893 enim
581 3847 718 3916 esse
738 3834 960 3909 aliquis
988 3843 1191 3894 motus
1219 3836 1534 3917 naturalis,
1568 3848 1693 3895 non
1711 3839 1911 3897 solum
1933 3843 2175 3911 propter
2190 3838 2449 3897 activum
2467 3836 2834 3920 principium

389 3904 498 3962 sed
541 3909 722 3963 etiam
748 3910 990 3987 propter
1019 3906 1369 3978 passivum
1404 3911 1565 3965 sicut
1592 3912 1754 3980 patet
1779 3908 1843 3966 in
1871 3908 2260 3982 generatione
2289 3908 2656 3982 simplicium
2700 3921 2833 3968 cor·

385 3986 629 4100 florum,
681 3989 813 4048 quae
832 3975 1073 4048 quidem
1105 3989 1230 4035 non
1272 3982 1470 4048 potest
1514 3977 1634 4035 dici
1683 3979 1977 4038 naturalis
2014 3978 2247 4039 ratione
2292 3977 2574 4052 principii
2631 3979 2829 4037 activi.

443 4050 653 4125 oretur
679 4047 839 4103 enim
869 4046 931 4105 id
971 4047 1325 4107 naturaliter
1365 4062 1402 4106 a
1429 4048 1727 4122 principio
1758 4050 1952 4108 activo
1977 4048 2150 4122 cujus
2179 4048 2830 4122 principlumactivum

388 4118 659 4173 estintra
681 4122 943 4197 ;·natura
967 4117 1130 4175 enim
1150 4122 1244 4177 est
1270 4117 1635 4190 principium
1674 4126 1873 4185 motus
1899 4121 1962 4181 iii
1995 4133 2067 4179 eo
2109 4121 2272 4194 quod
2313 4125 2427 4180 est.
2461 4120 2830 4192 Principium

389 4190 587 4245 autem
614 4192 869 4267 activum
901 4189 966 4246 in
994 4188 1382 4262 generatione
1410 4190 1707 4262 simplicis
1737 4190 2015 4262 corporis·
2039 4195 2133 4249 est
2159 4196 2344 4253 extra.
2372 4193 2504 4253 Non
2531 4196 2627 4251 est
2650 4188 2835 4264 igitur

385 4254 681 4331 naturalis
731 4258 962 4317 ratione
1013 4258 1293 4332 principii
1339 4260 1512 4323 activi
1588 4260 1697 4321 sed
1738 4261 1936 4321 solum
1989 4261 2223 4323 ratione
2268 4252 2551 4339 principii
2621 4260 2834 4326 assiri,

343 4324 555 4421 ‚i‘ffl‘m
591 4330 685 4387 est
713 4328 982 4399 materia,
1008 4330 1107 4390 cui
1131 4303 1923 4404 inestnaturaiislappetitus
1957 4332 2031 4393 ad
2060 4332 2314 4395 formam
2347 4275 2705 4425 naturalpm3
2736 4330 2838 4426 {ic

2582 4410 2591 4423 Δ
