3076 5025
742 319 939 377 BERN.
977 319 1213 377 uAmAE
1249 320 1341 377 ΒΕ
1377 319 1629 376 RUBE'IS
1665 318 2138 380 DISSERTATIO.
2493 323 2646 381 xxlx

202 471 477 553 quidem
506 469 812 531 virtutem
841 486 914 530 ac
951 467 1481 546 omnipotentiam
1526 468 1770 547 colligit
1797 469 2075 547 supremi
2102 470 2497 543 Conditor-im
2528 473 2643 535 tri·

199 569 324 632 bus
370 575 600 629 tamen
655 567 954 628 virtutem
1008 566 1174 627 hanc
1218 570 1286 628 et
1338 565 1893 643 omnipotentiam,
1952 584 2146 629 unam
2201 570 2648 646 eamdemque,

200 665 451 743 absque
492 662 803 725 divisione
852 679 929 725 ac
973 662 1357 739 diversitate,
1404 662 1607 724 inesse
1649 662 1875 724 divinis
1917 663 2204 742 personis
2252 680 2376 727 nec
2419 666 2643 743 utique

196 762 388 825 novit
414 777 634 839 neque
659 775 843 822 nosse
869 759 1055 821 valet.

289 860 415 922 Gur
442 875 601 937 ergo
634 855 797 917 ratio
824 856 1150 929 naturalis,
1180 872 1326 935 quae
1354 855 1650 918 veritates
1676 856 2068 936 hujusmodi,
2094 875 2159 921 se
2178 859 2489 933 consulta,
2510 875 2644 937 per-

201 962 465 1037 spectas
491 955 733 1018 habere
758 954 1004 1032 nequit,
1033 954 1287 1016 easdem
1316 953 1640 1035 negaverit
1665 958 1781 1015 aut
1804 954 1870 1015 in
1898 956 2032 1016 Deo
2061 955 2197 1016 dari
2236 961 2349 1017 aut
2386 958 2645 1019 revelari

203 1070 247 1116 a
274 1055 412 1116 Deo
438 1068 643 1130 posse,
674 1055 790 1112 aut
808 1051 1111 1112 revelatas
1138 1067 1266 1111 non
1294 1067 1451 1126 esse,
1482 1055 1710 1128 utpote
1737 1050 2258 1113 commentitias?
2303 1054 2394 1114 Ac
2436 1054 2642 1132 primo

209 1171 246 1211 ι
278 1167 500 1212 rerum
552 1149 835 1227 ipsarum
877 1146 1266 1209 sensibilium
1316 1145 1620 1224 plurimas
1668 1163 1785 1207 nos
1826 1148 2240 1224 proprietates
2283 1148 2645 1229 ignoramus

153 1236 161 1243 ”
204 1245 428 1327 (verba
447 1252 598 1307 sunt
627 1243 828 1307 sancti
848 1243 1111 1305 Thomas
1138 1242 1398 1315 ibidem,
1432 1242 1638 1319 capite
1666 1244 1754 1322 3),
1786 1260 2136 1324 eorumque
2158 1246 2641 1322 proprietatum,

209 1363 373 1426 quas
400 1359 591 1407 sensu
619 1340 1177 1421 apprehendimus,
1226 1341 1542 1401 rationem
1592 1339 1868 1416 perfecte
1920 1338 1988 1400 in
2034 1338 2323 1418 pluribus
2367 1341 2645 1403 invenire

209 1458 347 1504 non
379 1455 683 1518 posumus
701 1458 760 1500 n.
792 1438 970 1499 Hanc
999 1436 1230 1499 mentis
1258 1441 1488 1499 creatae
1516 1436 1686 1498 circa
1731 1451 1831 1496 res
1869 1435 2034 1514 ipsas
2077 1438 2399 1499 naturales
2443 1437 2642 1500 imbe—

217 1539 550 1602 cillitatem
580 1534 973 1614 amplissimo
1001 1538 1278 1595 tractatu
1319 1533 1711 1612 patefaciunt
1756 1533 1886 1596 alii.
1936 1534 2121 1597 Hunc
2153 1554 2185 1594 α
2211 1535 2531 1599 defectum
2580 1536 2650 1597 in

215 1635 407 1698 rebus
442 1633 898 1714 cognoscendis
921 1651 953 1688 n
1004 1629 1283 1709 Aquinas
1322 1635 1537 1691 noster
1584 1630 1801 1708 paucis
1843 1630 2086 1697 indicat
2116 1652 2149 1692 α
2172 1649 2389 1711 quem,
2438 1633 2647 1712 inquit

233 1731 565 1811 «quotidie
618 1729 983 1808 experimur
1000 1748 1061 1788 n.
1116 1729 1215 1788 An
1265 1743 1414 1808 ergo
1452 1727 1787 1790 vividiores
1827 1728 2224 1810 tutioresque
2266 1730 2430 1794 vires
2453 1731 2647 1796 babet
2713 1780 2718 1785 .

228 1828 394 1892 ratio
419 1833 629 1890 nostra
656 1828 736 1889 ad
764 1844 842 1888 ea
867 1842 1014 1905 quae
1039 1824 1152 1886 Dei
1179 1830 1328 1885 sunt
1350 1826 1800 1902 perscrutanda
1825 1823 1859 1887 ’ἲ

302 1927 437 1989 Imo
456 1948 491 1982 α
513 1924 718 1987 multo
739 1922 1009 2001 amplius
1027 1921 1195 1982 illius
1213 1920 1754 1983 excellentissimae
1772 1921 2168 1998 substantiae,
2190 1927 2646 1992 transcenden-

222 2024 322 2099 tis,
339 2025 556 2086 omnia
574 2019 996 2101 intelligibilia
1010 2018 1096 2080 bu
1106 2035 1291 2080 mana
1306 2019 1467 2080 ratio
1483 2019 1859 2099 investigare
1876 2037 2007 2081 non
2023 2019 2265 2084 sufficit
2278 2042 2308 2081 n
2321 2067 2337 2083 .
2352 2025 2476 2084 Cur
2496 2041 2652 2106 ergo

220 2122 494 2185 revelata
524 2116 843 2199 mysteria,
866 2117 946 2179 ad
975 2116 1566 2178 excellentissimam
1590 2115 2033 2192 substantiam,
2053 2133 2202 2196 quae
2221 2118 2436 2180 omnia
2452 2125 2647 2185 trans-

220 2218 460 2292 cendit,
490 2215 894 2294 pertinentia,
927 2229 1005 2274 eo
1033 2213 1207 2291 quod
1227 2229 1303 2274 ea
1331 2214 1480 2274 satis
1506 2229 1639 2274 non
1667 2215 1862 2291 capiS,
1889 2231 2099 2291 neque
2129 2215 2404 2278 rationes
2421 2233 2645 2281 eorum

221 2318 581 2392 compertas
610 2311 826 2387 habes,
858 2310 1051 2372 veluti
1080 2309 1518 2372 commentitia
1547 2309 1888 2388 rejeceris?
1915 2311 2052 2371 Imo
2090 2311 2316 2375 divinae
2357 2313 2646 2376 substan-

218 2413 329 2476 tiae
357 2429 548 2490 supra
572 2416 870 2472 naturam
899 2412 1178 2470 creatam
1233 2414 1490 2468 omnem
1528 2422 1816 2467 excessus
1844 2404 1909 2467 id
1938 2409 2292 2470 necessario
2336 2411 2643 2486 exposcit,

215 2518 290 2574 ut
313 2509 474 2571 vires
490 2509 556 2568 in
577 2512 806 2569 natura
825 2523 955 2567 non
981 2507 1343 2584 suppetant,
1364 2521 1509 2583 quae
1528 2503 1754 2581 ipsam,
1785 2502 2149 2583 cujusmodi
2168 2504 2348 2567 estin
2367 2524 2456 2579 se,
2479 2525 2643 2570 asse-

215 2613 521 2687 quantur,
550 2608 663 2666 aut
690 2621 766 2665 ea
794 2619 938 2682 quae
975 2603 1053 2664 de
1082 2603 1240 2679 ipsa,
1272 2600 1373 2680 cuj
1386 2601 1631 2662 usmodi
1656 2606 1754 2661 est
1789 2600 1855 2660 in
1878 2618 1968 2677 se,
2007 2602 2327 2664 enuntiari
2358 2611 2642 2681 possunt,

216 2706 529 2783 attingere
547 2701 819 2762 valeant.
850 2700 1080 2761 Mirum
1110 2698 1385 2775 denique
1424 2702 1493 2758 et
1535 2696 1873 2758 absursum
1914 2698 2103 2773 foret,
2143 2699 2195 2759 si
2241 2699 2448 2760 divina
2495 2704 2644 2768 suh..

217 2797 444 2860 stantia
473 2798 565 2858 ita
605 2802 835 2858 creatae
862 2793 1092 2855 mentis
1127 2794 1340 2856 nativo
1375 2792 1604 2855 lumini
1644 2794 2090 2868 innotesceret,
2135 2798 2210 2854 ut
2253 2794 2410 2856 nibil
2459 2798 2538 2859 de
2581 2818 2652 2862 se

217 2895 471 2973 suisque
506 2891 836 2970 profundis
864 2896 1071 2968 posset
1089 2887 1453 2952 hominibus
1471 2895 1537 2951 et
1555 2887 1795 2968 angelis
1816 2889 2168 2965 patefacere
2183 2891 2349 2951 Deus
2367 2894 2645 2970 gratuito

214 2988 620 3054 revelationis
646 2987 974 3062 beneflcio,
999 2986 1173 3066 quod
1193 2986 1345 3064 ipsis
1368 3002 1498 3048 non
1525 2985 1781 3064 penitus
1795 2990 2198 3063 compertum
2217 2997 2645 3066 perspectum-

213 3105 339 3168 que
367 3090 553 3149 esset.

288 3182 496 3245 Habet
539 3181 703 3243 ratio
744 3179 1071 3255 naturalis,
1118 3178 1361 3257 inquis,
1415 3186 1795 3258 argumenta
1849 3186 2074 3245 contra
2124 3183 2270 3244 fidei
2322 3186 2648 3264 mysteria.

211 3280 417 3343 Habet
444 3278 689 3341 scilicet
722 3297 755 3337 α
783 3277 1058 3339 rationes
1084 3280 1459 3353 apparentes
1487 3275 1766 3357 (reponit
1791 3278 2096 3358 Aquinas)
2121 3281 2221 3341 vel
2242 3282 2645 3357 sophisticas,

211 3378 292 3440 ad
319 3395 480 3456 quas
507 3376 834 3438 solvendas
861 3374 1041 3437 locus
1066 3372 1445 3450 relinquitur
1472 3394 1504 3431 »
1535 3392 1555 3444 ;
1586 3375 1759 3451 quod
1786 3375 1919 3451 ipse
1963 3375 2238 3438 Thomas
2264 3378 2540 3456 egregie,
2585 3382 2650 3439 et

215 3473 536 3535 uberrime
566 3471 861 3550 praestitit
900 3471 965 3531 in
993 3470 1117 3533 boc
1158 3471 1487 3531 adversum
1535 3471 1767 3531 Gentes
1813 3488 2028 3548 opere,
2087 3472 2154 3533 in
2198 3472 2336 3532 aliis
2395 3474 2647 3549 passim.

210 3569 366 3631 Haec
393 3574 540 3631 sunt
567 3586 717 3631 vero
738 3584 886 3646 quae
912 3567 1161 3644 scripsit
1191 3566 1297 3626 ille
1320 3566 1382 3626 in
1414 3582 1513 3638 eo,
1546 3567 1720 3644 quod
1751 3584 2096 3644 versamus,
2123 3568 2485 3649 gravissimo
2510 3572 2648 3632 reli·

209 3665 413 3746 gionis
438 3666 723 3745 negotio,
754 3665 906 3726 Haec
934 3664 1181 3738 eadem,
1200 3679 1330 3723 non
1363 3662 1566 3738 plura,
1590 3667 1917 3740 praestant,
1942 3663 2232 3741 dilatant,
2257 3666 2649 3741 amplificant

206 3764 335 3824 suis
380 3764 449 3823 in
496 3761 812 3842 apologiis
856 3762 1131 3823 illustres
1188 3760 1489 3837 doctique
1544 3761 1683 3836 viri,
1741 3759 1850 3838 qui
1908 3759 2192 3840 egregias
2250 3759 2657 3824 revelationis

209 3858 441 3922 divinae
471 3860 895 3939 revelataeque
920 3858 1243 3939 religionis
1270 3857 1575 3919 vindicias
1600 3861 1892 3938 egerunt.
