3076 5025
494 322 599 376 632
1338 311 1469 366 ΗΒ.
1511 310 1600 377 Ν,
1642 310 1795 365 CAP.
1835 307 2095 364 Lxxxvi.

497 437 977 507 incorruptionem,
1012 437 1067 488 et
1103 432 1332 488 mortale
1372 432 1468 485 hoc
1512 430 1740 485 induere
1783 427 2265 483 immortalitatem.
2296 429 2422 483 Non
2466 424 2647 506 igitur
2665 494 2679 504 ·
2728 437 2794 481 er
2815 422 2906 485 ho(

495 508 679 566 homo
731 517 1056 576 resurgens
1104 501 1460 560 immortalis
1490 500 1621 567 erit,
1660 499 1820 571 quod
1852 496 2008 555 aliud
2040 510 2260 577 corpus
2292 494 2681 577 incorruptibi
2712 510 2745 551 e
2768 507 2907 553 resu-
3004 548 3005 569 ¹

495 582 636 640 mat,
680 579 744 633 ut
793 574 1084 645 praedictae
1130 572 1450 642 opiniones
1493 574 1868 640 posuerunt;
1897 567 1999 625 sed
2041 581 2180 638 quia
2211 568 2325 624 hoc
2351 579 2545 636 ipsum
2579 565 2745 636 quod
2776 577 2913 621 nunc
3004 572 3007 637 χ

493 653 586 706 est
626 644 1009 716 corruptibile
1062 640 1514 711 incorruptibile
1564 641 1684 696 liet.
1735 640 1833 696 Sic
1886 638 2067 709 igitur
2109 636 2565 760 intelligendum
2620 640 2719 714 est
2773 633 2916 704 quod

494 716 818 788 Apostolus
846 714 989 771 dicit
1034 730 1048 769 ε
1083 713 1221 769 Caro
1248 716 1300 766 et
1325 712 1552 779 sanguis
1576 725 1805 778 reanum
1832 711 1933 764 Dei
1959 723 2069 763 non
2092 707 2312 778 posside
2346 711 2466 772 unt,
2492 704 2655 785 quod
2689 718 2751 761 in
2777 708 2915 760 statu

491 785 935 859 resurgentium
975 782 1281 853 corruptio
1323 782 1570 839 tolletur
1615 781 1817 837 carnis
1859 782 1919 835 et
1955 778 2292 859 sanguinis,
2342 778 2695 858 substantia·
2744 782 2917 831 tamen

496 857 698 916 carnis
755 861 813 913 et
861 853 1182 923 sanguinis
1210 856 1599 909 remanente:
1649 850 1807 907 unde
1844 848 2154 920 subiungit
2183 866 2198 904 ε
2227 849 2412 918 Neque
2446 848 2727 916 con-aptio
2768 846 2921 899 ἐπα»
3008 846 3009 905 l

493 927 765 998 raptatam
782 924 1101 996 possibebit.
3008 942 3009 945 =

1427 1086 1682 1150 CAPUT
1720 1085 2034 1149 LXXXVI.

1043 1258 1126 1302 DE
1163 1257 1494 1310 QUALITATE
1529 1255 1839 1301 confotum
1873 1254 2395 1301 GLomch'roRtm.

571 1413 855 1486 Quamvis
886 1417 1083 1471 autem
1119 1410 1332 1469 merito
1366 1410 1583 1467 Christi
1614 1409 1881 1466 defectus
1908 1415 2134 1467 naturae
2161 1409 2228 1466 in
2255 1407 2672 1466 resurectione
2702 1407 2926 1465 tollatur

502 1486 578 1546 ab
615 1484 897 1544 omnibus
925 1482 1323 1540 communiter
1350 1486 1471 1538 tam
1499 1479 1698 1547 bouis,
1731 1493 1910 1551 quam
1938 1479 2138 1548 malis,
2174 1479 2501 1536 remanebit
2528 1483 2739 1535 tamen
2767 1477 2927 1535 diffe-

501 1556 715 1616 rentia-
750 1554 905 1611 inte-r
954 1554 1149 1610 bonos
1192 1557 1252 1609 et
1286 1552 1480 1608 malos
1527 1557 1815 1623 quantum
1858 1550 1931 1606 ad
1985 1564 2057 1607 ea
2080 1564 2212 1622 quae
2240 1549 2645 1621 personaliter
2678 1548 2929 1620 utrisque

504 1624 891 1686 conveniunt.
924 1626 1024 1681 Est
1050 1628 1247 1680 autem
1279 1622 1352 1679 de
1382 1621 1612 1679 ratione
1645 1628 1871 1679 naturae
1897 1620 2056 1692 quod
2089 1620 2290 1679 anima
2319 1619 2588 1677 humana
2616 1618 2707 1676 sit
2733 1631 2929 1689 corpo·

502 1698 593 1756 ris
637 1697 847 1761 forma,
891 1694 1089 1764 ipsum
1119 1691 1424 1750 vivificans
1457 1696 1517 1748 et
1555 1691 1615 1747 in
1646 1705 1783 1749 esse
1830 1704 2235 1759 conservans3
2268 1690 2370 1748 sed
2416 1705 2487 1747 ex
2517 1689 2930 1761 personalibus

505 1766 740 1825 actibus
792 1771 1051 1822 meretur
1098 1763 1296 1820 anima
1332 1763 1392 1819 in
1431 1762 1687 1835 gloriam
1714 1761 1928 1819 divinae
1954 1760 2209 1819 visionis
2241 1760 2479 1827 elevari,
2506 1760 2603 1817 vel
2630 1760 2715 1817 ab
2739 1758 2928 1817 ordine
3016 1794 3017 1799 κ

503 1835 853 1906 hujusmodi
902 1834 1109 1908 gloriae
1168 1836 1407 1904 propter
1469 1833 1708 1902 culpam
1754 1831 2009 1889 excludi.
2068 1832 2428 1902 Disponetur
2477 1830 2674 1911 igitur
2730 1840 2931 1900 corpus

503 1905 902 1966 communiter
947 1904 1214 1962 omnium
1262 1902 1595 1961 secundum
1626 1902 2075 1960 condecentiam
2120 1903 2356 1969 animae,
2391 1906 2453 1958 ut
2481 1901 2730 1958 scilicet
2762 1901 2933 1959 torma

503 1973 977 2046 incorruptibilis
1004 1988 1139 2031 esse
1161 1973 1614 2043 incorruptibile
1642 1973 1875 2044 corpori
1907 1973 2148 2042 tribuat,
2176 1973 2615 2030 contrariorum
2654 1970 2933 2042 composi·
3018 2028 3019 2041 ξ

501 2045 668 2104 tione
726 2058 845 2101 non
892 2045 1187 2111 obstante,
1229 2057 1301 2101 eo
1350 2044 1510 2115 quod
1557 2046 1808 2100 materia
1850 2042 2120 2114 corporis
2157 2042 2427 2108 humani,
2470 2041 2683 2099 diviua
2712 2044 2929 2103 virtute,
3018 2068 3019 2075 κ

503 2116 720 2175 animae
770 2115 1046 2171 humanae
1088 2120 1373 2193 quantum
1405 2114 1478 2170 ad
1506 2113 1621 2169 hoc
1652 2113 1998 2183 suincietur
2025 2113 2295 2171 omuino.
2322 2112 2436 2170 Sed
2467 2127 2540 2169 ex
2569 2112 2847 2170 claritate
2881 2116 2929 2167 et

499 2187 715 2243 virtute
745 2185 957 2241 animae
976 2184 1050 2240 ad
1071 2182 1329 2240 divinam
1347 2182 1640 2240 visionem
1664 2184 1906 2240 elevatae
1926 2197 2147 2254 corpus
2166 2183 2281 2241 sihi
2311 2184 2542 2240 unitum
2576 2182 2809 2255 aliquid
2824 2195 2932 2238 am·

501 2255 664 2329 plius
680 2260 1081 2325 consequetur
1103 2272 1116 2309 ε
1141 2252 1249 2310 erit
1277 2254 1435 2310 enim
1467 2253 1728 2310 totaliter
1756 2254 2088 2311 sub'ectum
2106 2253 2337 2320 animae,
2355 2252 2557 2310 divina
2579 2254 2807 2311 virtute
2834 2253 2932 2310 hoc
3020 2266 3021 2279 ¹

499 2327 778 2394 faciente,
807 2336 930 2381 non
955 2323 1157 2382 solum
1184 2329 1473 2395 quantum
1504 2321 1579 2380 ad
1609 2336 1767 2392 esse,
1790 2336 1855 2381 se
1926 2324 2101 2381 etiam
2135 2331 2422 2395 quantum
2449 2324 2523 2380 ad
2554 2324 2853 2390 actiones,
2881 2327 2931 2378 et

503 2395 843 2469 passiones,
892 2398 950 2449 et
997 2399 1194 2451 motus
1239 2398 1299 2451 et
1345 2406 1667 2465 corporeas
1754 2394 2049 2451 ualitates.
2097 2394 2258 2451 Sicut
2303 2394 2483 2467 igitur
2511 2393 2727 2451 anima
2754 2393 2935 2450 divina

505 2467 740 2526 visione
793 2466 1018 2544 fruens,
1069 2462 1312 2537 quidam
1337 2463 1654 2545 ‚spirituali
1700 2407 1966 2522 garnato
2004 2465 2344 2535 replebitur,
2376 2464 2458 2521 ita
2488 2478 2593 2535 per
2619 2463 2931 2545 quamdam

503 2535 806 2610 spirituali
836 2536 1103 2592 claritate
1127 2534 1468 2605 replebitur,
1501 2541 1584 2592 ita
1613 2549 1718 2606 per
1743 2535 2059 2606 quamdam
2088 2534 2539 2593 redundantiam
2565 2550 2642 2592 ex
2662 2549 2862 2593 anima
2880 2547 2932 2589 in

505 2620 726 2678 corpus
788 2606 987 2676 ipsum
1040 2619 1259 2676 corpus
1301 2618 1415 2664 suo
1457 2606 1637 2663 modo
1683 2605 1967 2664 claritatis
2010 2605 2202 2678 gloria
2244 2606 2569 2663 induetur:
2602 2606 2774 2663 unde
2812 2605 2932 2662 dicit

503 2682 727 2749 Aposto
757 2689 848 2743 uS,
879 2678 903 2732 1
927 2677 1082 2740 Cor„
1103 2688 1208 2744 xv,
1234 2680 1303 2733 43
1333 2694 1347 2732 τ
1377 2677 1693 2732 Seminatur
1719 2689 1939 2746 corpus
1967 2678 2029 2731 in
2057 2676 2413 2745 ianooititate,
2438 2682 2623 2745 sumet
2657 2680 2724 2732 in
2741 2676 2930 2745 ριοήας

507 2748 645 2821 quia
691 2759 909 2817 corpus
954 2754 1228 2804 nostrum
1267 2759 1428 2804 nunc
1481 2750 1575 2804 est
1623 2759 1897 2816 opacum,
1950 2751 2092 2803 tunc
2153 2751 2346 2803 autern
2389 2747 2502 2803 erit
2553 2747 2815 2814 clarum,
2858 2757 2933 2802 se-

506 2818 770 2901 cundum
825 2815 995 2885 iliud,
1034 2816 1261 2884 matth„
1291 2827 1423 2884 xm,
1451 2820 1561 2873 43:
1599 2818 1901 2885 Fulgebunt
1937 2816 2085 2886 justi
2127 2817 2270 2872 sicut
2308 2817 2391 2872 sol
2431 2819 2493 2871 in
2538 2832 2716 2885 reque
2760 2816 2930 2874 Patris

503 2903 634 2945 mei.

579 2957 794 3016 Anima
821 2956 999 3015 etiam
1029 2970 1162 3028 quae
1189 2955 1392 3014 divina
1421 2957 1654 3015 visione
1683 2956 1913 3014 fruetur
1947 2957 2157 3015 ultimo
2202 2956 2308 3014 fini
2352 2957 2702 3029 conjuncta,
2728 2958 2792 3014 in
2824 2970 2931 3016 om·

509 3028 690 3086 nibus
733 3028 1068 3098 experietur
1109 3040 1287 3085 suum
1338 3026 1704 3085 desiderium
1749 3027 2167 3098 adimpletum3
2195 3033 2274 3096 et,
2316 3029 2459 3100 quia
2517 3042 2592 3085 ex
2640 3027 2926 3086 desiderio

509 3099 724 3156 animae
754 3103 1023 3154 movetur
1048 3110 1290 3168 corpus,
1331 3110 1712 3169 consequens
1742 3099 1852 3155 erit
1882 3099 2039 3170 quod
2071 3111 2290 3169 corpus
2318 3097 2565 3156 omnino
2599 3099 2839 3169 spii-itui
2865 3096 2930 3155 ad

510 3175 740 3227 motum
771 3167 1005 3225 obediet
1030 3184 1045 3234 ;
1069 3169 1226 3225 unde
1246 3180 1499 3238 corpora
1517 3168 1959 3239 resurgentium
1982 3170 2286 3226 beatorum
2308 3168 2506 3226 sutura
2524 3176 2705 3225 erunt
2734 3169 2926 3242 agilia;

509 3243 568 3296 et
592 3238 708 3296 hoc
739 3244 830 3296 est
858 3237 1019 3308 quod
1034 3240 1357 3308 Apostolus
1387 3237 1552 3306 dicii,
1583 3238 1801 3294 ibidem
1831 3254 1845 3292 ι
1875 3239 2188 3296 seminatur
2212 3241 2273 3294 in
2300 3242 2641 3309 infirmitate,
2670 3243 2854 3308 surget
2876 3241 2929 3294 iit

505 3310 730 3364 virtute.
761 3307 1162 3366 Infirmitatem
1194 3308 1351 3365 enim
1378 3308 1716 3379 experimur
1739 3309 1800 3365 in
1830 3323 2102 3436 corssore,
2124 3310 2263 3382 quia
2285 3310 2612 3367 invalidum
2638 3310 2926 3367 invenitur

508 3378 584 3436 ad
614 3378 1102 3438 satisfaciendum
1127 3378 1424 3436 desiderio
1455 3379 1670 3436 animae
1698 3379 1758 3438 in
1788 3381 1931 3437 moti
1981 3394 2051 3438 us
2080 3387 2140 3438 et
2163 3380 2522 3447 actionibus,
2550 3394 2711 3451 quas
2741 3379 2924 3438 anima

507 3448 761 3520 imperat
793 3466 807 3505 ε
834 3462 966 3529 quie
995 3448 1309 3529 infirmitas
1338 3449 1601 3507 totaliter
1629 3456 1770 3506 tunc
1799 3450 2040 3508 tolletur
2064 3452 2281 3508 virtute
2311 3451 2685 3508 redundante
2716 3452 2781 3508 iu
2810 3462 2925 3508 cor·

505 3530 624 3591 pus
651 3534 725 3576 ex
753 3533 954 3576 anima
975 3521 1095 3575 Deo
1121 3525 1442 3590 conjuncta
1472 3537 1487 3576 ε
1519 3526 1761 3591 propter
1788 3521 1947 3592 quod
1978 3522 2179 3591 etiam,
2208 3523 2611 3592 Sapient.‚111,
2639 3528 2702 3588 7,
2729 3522 2925 3579 dicitur

508 3589 582 3646 de
601 3589 782 3661 justis
804 3588 965 3662 quod
993 3593 1257 3659 tanquam
1283 3590 1534 3646 scintillae
1562 3594 1624 3646 in
1651 3592 1977 3648 arundineto
2006 3593 2313 3648 discurrent
2341 3610 2355 3649 z
2389 3605 2507 3649 nou
2587 3592 2708 3648 uod
2738 3594 2922 3649 motus

506 3660 586 3717 sit
616 3660 676 3741 in
710 3660 1065 3740 eispropter
1079 3661 1722 3733 necessitatem,quum
1742 3662 1909 3720 nullo
1923 3662 2347 3735 indigeautqui
2367 3665 2551 3720 Deum
2611 3658 2923 3732 abent,sed

508 3730 583 3788 ad
612 3734 849 3787 virtutis
878 3730 1472 3790 demonstrationem.

578 3800 742 3857 Sicut
789 3806 986 3882 autem
1034 3802 1235 3882 ani-ma
1275 3804 1398 3860 Deo
1428 3802 1634 3883 fruens
1664 3802 1906 3861 habebit
1944 3802 2303 3861 desiderium
2335 3803 2724 3874 adimpletum
2752 3813 2923 3881 quan·

509 3874 637 3928 tum
669 3871 739 3928 ad
772 3884 973 3930 omnis
1001 3871 1144 3930 boni
1172 3872 1570 3943 adeptionem,
1599 3881 1683 3930 ita
1711 3876 1885 3931 etiam
1930 3874 2062 3945 ejus
2096 3874 2456 3932 desiderium
2489 3875 2566 3930 im
2617 3875 2802 3933 letum
2827 3875 2923 3930 erit

512 3948 799 4012 quantum
830 3942 903 4000 ad
931 3942 1321 4000 remotionem
1349 3944 1550 4001 omnis
1576 3943 1714 4001 mali
1750 3963 1765 4012 ;
1796 3944 1936 4016 quia
1961 3958 2097 4002 cum
2130 3958 2367 4002 summo
2396 3944 2556 4001 bono
2603 3958 2785 4001 ocum
2818 3953 2919 3999 uon

506 4008 687 4091 habet
714 4013 953 4092 aliquod
985 4015 1230 4093 malum.
1262 4015 1577 4094 Etlcoipus
1608 4016 1792 4084 igitur
1820 4015 2144 4085 perfectum
2176 4029 2280 4086 per
2307 4017 2568 4073 animam
2603 4012 2920 4086 proportio·

506 4082 725 4138 naliter
749 4097 962 4141 animae
980 4097 1243 4142 immune
1273 4089 1384 4142 erit
1412 4085 1487 4142 ab
1516 4085 1682 4143 omni
1712 4086 1872 4143 malo
1899 4091 1957 4142 et
2026 4091 2274 4143 uantum
2304 4085 2377 4143 ad
2407 4092 2629 4153 actum,
2661 4092 2720 4142 ct
2748 4094 2918 4160 quau·

505 4155 634 4209 tum
676 4152 749 4210 ad
798 4155 1139 4225 potentiam.
1172 4156 1471 4223 Quantum
1518 4156 1591 4212 ad
1634 4160 1829 4212 actum
1888 4156 1989 4228 qui
2034 4169 2149 4223 em,
2179 4156 2321 4229 quia
2371 4155 2536 4213 nulla
2583 4156 2644 4214 in
2691 4156 2783 4212 eis
2828 4157 2917 4212 trit

506 4224 833 4302 corruptio,
857 4224 1024 4282 nulla
1041 4225 1410 4294 deformitas,
1434 4226 1638 4283 nullus
1663 4227 1961 4296 defectus;
1991 4231 2277 4298 quantum
2307 4226 2380 4284 ad
2413 4227 2741 4297 potentiam
2773 4235 2913 4288 vero,

508 4303 654 4364 quia
683 4306 803 4350 non
834 4302 1113 4365 poterunt
1138 4296 1366 4369 aliquid
1395 4297 1517 4368 pati
1544 4297 1702 4368 quod
1734 4297 1824 4354 eis
1854 4298 1931 4354 sit
1962 4298 2303 4364 molestum,
2334 4303 2389 4354 et
2461 4304 2660 4367 ropter
2686 4296 2802 4353 hoc
2824 4295 2913 4350 im·

507 4361 822 4432 passibilia
849 4373 1020 4422 erunt
1045 4383 1065 4446 3
1096 4380 1229 4439 quae
1258 4373 1455 4424 tamen
1476 4367 1929 4448 impassibilitas
1951 4381 2073 4426 nou
2097 4367 2359 4448 excludit
2376 4311 2455 4425 ag
2474 4369 2564 4424 eis
2590 4368 2912 4446 passionem

513 4446 648 4503 quae
693 4438 786 4491 est
828 4433 901 4492 de
947 4440 1180 4495 ratione
1228 4449 1449 4497 sensus
1481 4451 1495 4492 :
1526 4443 1769 4497 utentur
1813 4451 1974 4498 enim
2025 4438 2308 4499 sensibus
2345 4437 2419 4496 ad
2475 4437 2910 4496 delectationem

1241 4639 1262 4670 1
