3076 5025
1101 329 1233 385 LIB.
1277 330 1321 398 1,
1361 329 1514 386 CAP.
1553 329 1685 386 xci.
2552 334 2630 393 95

173 450 503 525 quietatur,
532 454 743 521 utpote
768 450 832 507 in
861 463 927 508 se
957 464 1193 508 omnem
1227 450 1647 509 sufficientiam
1673 450 1919 512 habens.
1946 454 2079 525 Ipse
2110 452 2292 526 igitur
2310 468 2416 527 per
2443 469 2617 517 suam

173 521 546 579 voluntatem
576 521 643 577 in
674 536 739 579 se
770 522 1025 579 maxime
1055 522 1272 594 gaudet
1296 529 1353 577 et
1382 521 1726 579 delectatur.

237 594 537 654 Praeterea,
572 591 888 650 delectatio
910 599 999 649 est
1031 592 1296 664 quaedam
1321 592 1686 662 operationis
1705 593 2009 663 perfectio,
2032 600 2096 651 ut
2115 599 2275 666 patet
2302 609 2407 666 per
2424 596 2621 656 Philo-

174 663 432 733 sophum
454 661 521 718 in
546 662 922 719 decimoEth.
937 661 1087 734 (cap.
1107 662 1180 734 4);
1200 661 1424 732 perficit
1443 662 1601 719 enirn
1626 664 2221 734 operationem,sicut
2238 666 2619 737 pulchritudo
2691 685 2700 694 ·

173 733 546 806 iuventutem
574 750 590 798 3
616 734 723 790 sed
755 735 910 790 Deus
940 734 1433 802 perfectissimam
1465 735 1872 804 operationem
1903 735 2078 792 habet
2105 738 2164 792 in
2196 737 2613 808 intelligendo,
2652 781 2661 794 .

180 809 237 863 ut
262 818 335 860 ex
358 803 678 874 praedictis
706 808 883 873 patet.
916 804 973 860 Si
1006 803 1187 875 igitur
1214 809 1484 860 nostrum
1517 803 1849 876 intelligere
1890 810 2130 876 propter
2172 819 2340 863 suam
2392 808 2618 878 perfec-

182 874 399 933 tionem
432 880 532 931 est
558 872 930 939 delectabile,
959 872 1225 930 divinum
1256 874 1591 947 intelligere
1618 875 1728 931 erit
1759 875 1874 932 sibi
1897 875 2512 937 delectabilissimum.

241 944 532 1014 Amplius,
567 943 1035 1016 unumquodque
1065 945 1412 1001 naturaliter
1439 946 1499 1000 in
1532 958 1645 1002 suo
1680 945 1862 1001 simili
1890 946 2127 1017 gaudet,
2155 948 2326 1019 quasi
2362 949 2418 1004 in
2469 962 2615 1007 con-

184 1015 463 1083 venienti,
492 1014 616 1071 nisi
646 1029 752 1084 per
779 1014 1077 1081 accidens,
1093 1015 1154 1071 in
1175 1021 1460 1086 quantum
1482 1019 1576 1072 est
1604 1015 2008 1088 impeditivum
2028 1019 2276 1088 propriae
2301 1019 2573 1077 utilitatis
2598 1037 2615 1090 ;

186 1085 327 1144 sicut
360 1084 541 1157 figuli
574 1085 649 1142 ad
678 1085 928 1142 invicem
963 1086 1337 1143 corrixantur
1377 1098 1481 1155 pro
1528 1098 1600 1143 eo
1647 1086 1807 1166 quod
1854 1100 2039 1143 unum
2092 1088 2337 1159 impedit
2386 1091 2619 1148 lucrum
2676 1137 2682 1142 .

184 1156 445 1214 alterius.
476 1156 673 1212 Omne
701 1159 895 1212 autem
919 1155 1148 1212 ‘bonum
1178 1162 1270 1213 est
1298 1156 1511 1213 diviuae
1538 1155 1826 1213 bonitatis
1868 1157 2219 1225 similitudo,
2250 1165 2316 1215 ut
2360 1174 2431 1216 ex
2468 1174 2618 1230 prae-

183 1226 353 1285 dictis
384 1226 542 1297 (cap.
575 1225 669 1297 40)
700 1230 877 1295 patet,
908 1239 1019 1283 nec
1044 1240 1117 1283 ex
1145 1226 1347 1299 aliquo
1376 1226 1535 1283 bono
1568 1228 1682 1284 sibi
1714 1226 1935 1299 aliquid
1969 1227 2213 1299 deperit.
2245 1228 2619 1301 Relinquitur

183 1296 361 1423 igitiutl·
388 1296 553 1423 quod
588 1299 747 1354 Deus
776 1296 848 1353 de
868 1297 1035 1353 omni
1062 1297 1223 1356 bono
1254 1297 1491 1371 gaudet.
1525 1299 1624 1355 Est
1650 1299 1833 1372 igitur
1856 1298 1920 1355 in
1950 1312 2021 1355 eo
2049 1299 2285 1371 proprie
2332 1300 2619 1373 gaudium

183 1373 238 1425 et
303 1383 334 1422 e
362 1382 430 1423 ec
460 1374 607 1424 atto.

247 1435 543 1494 niuei-unt
570 1441 771 1494 autem
802 1436 1088 1508 gaudium
1114 1443 1173 1496 et
1201 1438 1514 1497 delectatio
1536 1439 1785 1496 ratione.
1817 1440 1963 1496 Nam
1992 1438 2306 1498 delectatio
2349 1439 2624 1512 provenit

186 1520 255 1566 ex
279 1507 445 1565 hono
475 1509 720 1565 realiter
743 1508 1097 1579 conjunct03
1147 1510 1430 1580 gaudium
1470 1517 1668 1568 autem
1700 1511 1813 1567 hoc
1853 1523 1974 1567 non
2025 1511 2293 1583 requirit,
2338 1512 2443 1569 sed
2488 1511 2622 1570 sola

189 1577 470 1651 quietatio
497 1578 849 1646 voluptatist,
881 1586 942 1635 et
967 1578 1245 1637 voluntas
1276 1580 1498 1638 sufficit
1523 1581 1596 1638 ad
1622 1580 1825 1662 gaudii
1872 1581 2181 1639 rationem.
2215 1581 2374 1638 Unde
2426 1581 2621 1641 delec-

190 1650 329 1706 tatio
356 1655 449 1706 est
473 1650 677 1707 solum
709 1648 782 1706 de
814 1648 1132 1720 conjuncto
1164 1649 1344 1718 bono,
1374 1652 1425 1708 si
1458 1666 1694 1723 proprie
1740 1657 2047 1721 sumatur3
2083 1651 2365 1724 gaudium
2418 1658 2615 1711 autem

200 1717 266 1775 de
290 1719 577 1778 exteriori.
610 1722 697 1776 Ex
723 1732 842 1791 quo
873 1725 1030 1791 patet
1059 1721 1218 1800 quod
1247 1723 1402 1780 Deus
1431 1723 1669 1795 proprie
1698 1722 1761 1780 in
1790 1735 1858 1782 se
1902 1723 2039 1795 ipso
2085 1723 2428 1782 delectatur.
2461 1725 2613 1784 Gau-

205 1787 302 1846 det
322 1795 502 1848 autent
528 1791 685 1848 etin
715 1802 785 1849 se
810 1790 957 1847 etin
985 1790 1145 1848 aliis.

1173 2009 1425 2075 CAPUT
1463 2009 1620 2076 XCI.

1038 2187 1189 2243 ouon
1222 2189 1285 2235 m
1311 2187 1426 2238 nro
1462 2190 1558 2258 srr
1582 2190 1766 2238 mon.

248 2352 537 2411 Similiter
561 2359 767 2413 autem
795 2351 1027 2427 oportet
1054 2364 1113 2415 et
1139 2373 1399 2417 amorem
1429 2358 1489 2414 iu
1521 2360 1639 2414 Deo
1664 2370 1800 2414 esse
1825 2354 2152 2414 secundum
2184 2359 2379 2414 actum
2408 2356 2614 2417 volun·

180 2423 320 2481 tatis
350 2423 503 2495 eJuS.
538 2428 664 2484 Hoc
694 2431 789 2484 est
816 2427 973 2484 enim
1005 2427 1077 2485 de
1125 2431 1359 2487 ratione
1407 2431 1658 2496 amone,
1707 2426 1866 2500 quod
1912 2441 2121 2485 amans
2157 2426 2380 2484 bonum
2430 2429 2613 2486 amati

179 2494 341 2552 velit.
374 2497 536 2554 Deus
563 2502 764 2555 autem
784 2499 911 2555 vult
935 2498 1154 2557 bonum
1186 2516 1359 2559 suum
1389 2507 1441 2557 et
1473 2499 1828 2568 aliorum‚ut
1856 2512 1929 2555 ex
1951 2498 2125 2557 dictis
2145 2496 2296 2571 (cap.
2324 2498 2416 2571 ’15)
2434 2503 2615 2571 patet.

180 2565 523 2624 Secundum
556 2568 672 2625 hoc
702 2569 886 2637 igitur
914 2571 1069 2627 Deus
1100 2579 1157 2629 et
1186 2587 1251 2629 se
1281 2577 1338 2628 et
1361 2571 1676 2627 eliaamat.

247 2637 475 2699 Adhuc,
506 2638 579 2695 ad
610 2640 918 2696 veritatem
948 2642 1172 2699 amoris
1202 2642 1523 2712 requiritur
1552 2639 1708 2711 quod
1739 2638 1963 2697 bonum
1997 2637 2274 2703 alicu'us,
2303 2644 2482 2710 prout
2525 2643 2618 2699 est

179 2703 511 2786 ejusaem.
542 2709 724 2779 CuJus
754 2712 912 2765 enim
941 2710 1164 2768 bonum
1198 2712 1417 2783 aliquis
1446 2710 1573 2766 vult
1600 2711 1796 2766 solum
1827 2714 2002 2780 prout
2030 2709 2091 2765 in
2123 2655 2364 2790 aiterius
2392 2712 2618 2767 bonum

176 2777 354 2845 cedit,
384 2793 493 2849 per
522 2780 804 2837 accidens
835 2786 1083 2849 amatur,
1117 2783 1270 2839 sicut
1302 2783 1401 2853 qui
1430 2781 1555 2836 vult
1580 2780 1783 2836 vinum
1834 2792 2196 2846 conservari,
2227 2784 2291 2835 ut
2338 2779 2484 2836 illud
2525 2780 2616 2837 bi-

171 2845 295 2915 bat,
328 2855 435 2904 aut
463 2850 767 2907 hominem
802 2857 864 2907 ut
902 2852 1017 2909 sibi
1063 2852 1141 2909 sit
1189 2853 1356 2909 utilis
1409 2856 1511 2908 aut
1557 2850 1946 2917 delectabilis,
1981 2863 2084 2921 per
2131 2849 2407 2907 accidens
2459 2854 2620 2908 amat

171 2917 386 2975 vinum
415 2926 523 2975 aut
552 2921 891 2989 hominem3
918 2934 1024 2992 per
1050 2936 1116 2981 se
1148 2931 1345 2980 autem
1376 2922 1666 2992 seipsum.
1693 2922 1802 2977 Sed
1830 2923 1984 2978 Deus
2013 2921 2139 2977 vult
2167 2920 2389 2977 bonum
2414 2922 2619 2979 unius-

178 2989 474 3061 cujusque
507 2991 837 3048 secundum
867 2993 1024 3064 quod
1055 2998 1143 3050 est
1174 2993 1302 3064 ejtts
1329 3012 1342 3061 3
1370 2993 1493 3049 vult
1522 2994 1682 3049 enim
1713 2990 2177 3063 unumquodque
2217 3004 2352 3049 esse
2401 3005 2615 3049 secun·

178 3059 317 3116 dum
392 3061 513 3118 uod
546 3060 607 3117 in
638 3076 704 3118 se
733 3063 952 3119 bonum
983 3069 1094 3132 est,
1125 3063 1262 3121 licet
1308 3064 1482 3120 etiam
1513 3076 1698 3121 unum
1731 3063 1964 3120 ordinet
1993 3061 2055 3118 in
2104 3062 2418 3121 utilitatem
2468 3063 2615 3121 alte·

174 3130 326 3189 rius.
409 3145 523 3187 eus
550 3131 736 3203 igitur
762 3146 897 3190 vere
924 3139 1082 3190 amat
1111 3138 1170 3191 et
1198 3149 1263 3192 se
1288 3141 1346 3191 et
1377 3135 1517 3191 alia.

240 3203 526 3271 Amplius,
560 3216 695 3259 cum
726 3204 1194 3277 unumquodque
1225 3205 1572 3262 naturaliter
1595 3202 1737 3260 velit
1766 3208 1820 3261 et
1850 3206 2081 3274 appetat
2110 3216 2222 3261 suo
2254 3202 2433 3261 modo
2476 3216 2613 3273 pro·

248 3272 372 3329 'um
406 3272 656 3342 honum,
688 3273 740 3330 si
774 3275 887 3331 hoc
910 3275 1089 3351 habet
1116 3277 1340 3332 amoris
1376 3276 1547 3335 ratio,
1579 3274 1739 3346 quod
1795 3287 2005 3331 amans
2054 3274 2196 3331 velit
2233 3279 2335 3330 aut
2377 3276 2621 3353 appetat

252 3356 405 3399 num
434 3344 638 3412 amati,
664 3357 1045 3416 consequens
1074 3346 1355 3418 estquod
1407 3359 1617 3402 amans
1660 3345 1731 3402 ad
1775 3351 2034 3401 amatum
2084 3357 2149 3401 se
2200 3343 2416 3401 habeat
2457 3346 2617 3400 sicut

171 3412 247 3470 ud
276 3413 341 3470 id
371 3414 535 3485 quod
566 3419 659 3471 est
689 3429 823 3472 cum
856 3428 926 3471 eo
953 3415 1156 3487 aliquo
1187 3418 1364 3474 modo
1396 3430 1601 3473 unum.
1636 3418 1712 3471 Ex
1744 3429 1862 3487 quo
1907 3415 2137 3471 videtur
2179 3414 2422 3494 propria⁸
2467 3414 2616 3471 ratio

172 3486 405 3542 amoris
437 3486 768 3542 consistere
797 3485 859 3541 in
888 3487 1020 3552 hoc,
1057 3488 1215 3558 quod
1247 3485 1496 3543 affectus
1538 3487 1717 3544 unius
1747 3485 1946 3542 tendat
1976 3485 2037 3541 in
2068 3485 2340 3551 alterum,
2372 3488 2529 3541 sicut
2548 3483 2614 3540 in

172 3567 365 3611 unum
411 3569 547 3612 cum
576 3556 730 3625 ipso,
762 3556 964 3627 aliquo
994 3558 1189 3614 modo.
1226 3557 1642 3629 propterquod
1672 3557 1886 3612 dicitur
1915 3571 1950 3611 a
1978 3555 2264 3628 Dionysio
2297 3554 2400 3623 (De
2429 3554 2616 3611 divin.

174 3626 434 3693 nomin„
466 3641 520 3682 c.
553 3627 607 3695 4)
643 3626 802 3697 quod
832 3642 985 3682 amor
1009 3632 1088 3682 est
1111 3631 1330 3683 unitiva
1354 3631 1552 3684 virtus,
1587 3629 1817 3694 Quanto
1849 3626 2030 3697 igitur
2071 3625 2152 3695 id,
2202 3625 2364 3705 unde.
2407 3636 2617 3703 amanus

176 3700 270 3751 est
298 3709 486 3752 unum
521 3710 656 3752 cum
684 3702 903 3765 amato,
935 3704 1025 3754 est
1050 3699 1268 3768 majus,
1297 3704 1462 3754 tanto
1492 3701 1584 3755 est
1624 3710 1791 3753 amor
1836 3696 2129 3753 intensior
2163 3713 2176 3751 :
2210 3708 2403 3766 magis
2453 3707 2615 3752 enim

176 3777 451 3822 amamus
483 3780 637 3838 quos
661 3766 835 3824 nobis
858 3768 1000 3825 ‚unit
1027 3768 1431 3839 generationis
1462 3767 1654 3840 orig0‚
1687 3772 1789 3823 aut
1810 3764 2284 3824 conversationis
2313 3778 2482 3831 usuS,
2513 3768 2618 3822 aut

176 3835 401 3907 aliquid
456 3837 824 3907 huiusmodi,
856 3853 1032 3911 quam
1067 3855 1161 3896 res
1192 3853 1341 3911 quas
1368 3839 1564 3896 solum
1595 3838 1769 3894 nobis
1800 3837 1930 3893 unit
1968 3838 2238 3894 humanae
2270 3841 2494 3893 naturae
2516 3848 2624 3894 so·

181 3905 383 3963 cietas.
420 3910 483 3962 Et
518 3921 727 3964 rursus
751 3915 973 3979 quanto
1003 3909 1061 3965 id
1093 3924 1166 3966 ex
1204 3924 1322 3981 quo
1378 3916 1470 3966 est
1501 3909 1665 3976 unio,
1698 3913 1789 3965 est
1831 3908 2026 3980 magis
2049 3906 2323 3964 intimum
2370 3906 2618 3976 amanti,

179 3979 349 4032 tanto
375 3990 545 4033 amor
569 3980 638 4033 nt
664 3978 912 4043 tirmior,
947 3980 1102 4036 unde
1133 3981 1425 4036 interdum
1459 3994 1629 4036 amor
1678 3978 1776 4051 qui
1826 3983 1916 4036 est
1954 3993 2025 4034 ex
2071 3978 2272 4049 aliqua
2309 3977 2590 4048 passione
2661 3983 2673 3993 “

177 4042 251 4100 m
282 4046 573 4125 intensior
622 4061 822 4105 amore
852 4050 950 4120 qui
984 4056 1076 4107 est
1130 4063 1200 4115 ex
1230 4051 1481 4107 naturali
1515 4049 1874 4122 oi·igine‚vel
1906 4062 1978 4105 ex
2017 4048 2218 4121 aliquo
2248 4049 2473 4113 habitu,
2506 4062 2570 4105 se

173 4114 417 4175 facilius
450 4118 689 4175 transit.
718 4119 778 4174 Id
827 4126 1022 4176 autem
1072 4121 1228 4177 unde
1262 4122 1465 4177 omnia
1498 4122 1614 4177 Deo
1633 4120 1938 4185 uniuntur,
1971 4118 2200 4175 scilicet
2227 4119 2355 4189 ejus
2375 4119 2617 4176 bonitas

170 4200 355 4257 quam
382 4190 594 4245 omnia
630 4189 956 4259 imitantur,
989 4197 1083 4247 est
1117 4192 1437 4248 maximum
1479 4198 1536 4247 et
1560 4192 1835 4247 intimum
1869 4192 2010 4258 Dec,
2039 4204 2174 4246 cum
2206 4189 2332 4260 ipse
2381 4191 2459 4247 sit
2505 4202 2617 4246 sua

163 4255 855 4385 honitashEst'igiturin
883 4262 1003 4318 Deo
1035 4275 1203 4318 amor
1243 4275 1369 4324 non
1411 4261 1609 4320 solum
1648 4274 1846 4329 verne,
1879 4259 1985 4317 sed
2025 4261 2202 4318 etiam
2247 4258 2612 4334 perfectissi-

166 4339 314 4385 mus
344 4337 399 4386 et
475 4343 844 4387 rmissimus.

207 4400 396 4476 ‚Item‚
428 4413 608 4458 amor
633 4413 705 4455 ex
732 4403 895 4470 parte
924 4399 1135 4471 objecti
1168 4415 1285 4458 non
1319 4401 1397 4457 im
1445 4405 1599 4458 ortat
1634 4401 1860 4473 aliquid
1903 4416 2243 4477 repugnans
2289 4406 2434 4473 De0,
2474 4414 2612 4461 cum

165 4476 249 4527 sit
277 4470 427 4527 boni
456 4487 474 4539 ;
506 4482 621 4528 nec
644 4482 720 4527 ex
744 4470 926 4529 modo
955 4484 1023 4530 se
1050 4471 1306 4530 habendi
1353 4488 1390 4531 a
1476 4472 1796 4544 objectum,
1829 4487 1970 4533 nam
2022 4489 2192 4534 amor
2227 4484 2318 4535 est
2361 4474 2628 4543 alicujus-
