3076 5025
1091 275 1225 332 me.
1267 276 1362 344 111,
1404 253 1557 332 mr.
1597 275 1747 337 Lxx,
2529 284 2638 342 349

188 394 475 463 activum,
515 394 675 453 sicut
725 393 887 468 ignis
933 397 1206 467 respectu
1250 394 1607 452 inferiorum
1647 407 2000 466 corporum;
2053 409 2165 455 nec
2212 400 2414 457 tamen
2447 401 2630 460 etiam

189 464 467 522 infimum
499 479 721 537 corpus
748 465 1085 525 excluditur
1108 465 1183 523 ab
1211 464 1466 546 agendo.
1498 464 1877 546 Manifestum
1898 471 1993 525 est
2018 467 2201 536 enim,
2224 469 2385 541 quod
2408 483 2631 544 corpus

189 549 319 592 non
354 539 552 607 potest
573 550 751 609 agere
779 549 846 595 se
873 542 1002 595 toto
1029 548 1168 595 cum
1197 541 1278 594 sit
1303 542 1706 607 compositum
1737 550 1810 593 ex
1835 537 2107 607 materia,
2136 553 2271 611 quae
2306 545 2400 597 est
2425 555 2536 599 ens
2566 543 2632 602 in

187 606 480 678 potentia,
515 611 575 663 et
607 621 681 664 ex
708 607 921 677 forma,
950 621 1083 680 quae
1112 611 1205 665 est
1231 611 1422 664 actus.
1450 606 1589 678 Agit
1610 606 1769 688 enim
1800 606 2270 737 unumguodque
2290 611 2632 672 secundum

190 677 356 749 quod
385 682 480 735 est
500 681 658 735 actu.
691 679 758 734 Et
783 683 1025 750 propter
1049 678 1164 736 hoc
1193 690 1371 734 omne
1403 690 1623 747 corpus
1650 683 1775 750 agit
1800 691 1989 737 secun
2035 692 2134 737 um
2163 693 2337 738 suam
2368 682 2628 742 formam

190 747 265 805 ad
305 760 487 821 quam
535 754 916 819 comparatur
961 748 1126 807 aliud
1167 760 1408 820 corpus,
1461 747 1695 806 scilicet
1741 748 1996 820 patiens,
2057 750 2390 809 secundum
2448 766 2625 813 suam

187 818 526 888 materiam,
572 823 641 877 ut
682 818 1039 892 subjectum,
1083 819 1147 877 in
1190 823 1478 891 quantum
1523 817 1775 877 materia
1818 818 1949 891 ejus
1992 823 2087 878 est
2129 820 2191 879 in
2233 823 2502 902 potentia
2553 824 2628 883 ad

190 889 450 947 formam
479 889 733 961 agentis.
765 890 828 948 Si
853 895 1052 949 autem
1081 903 1113 948 ε
1142 902 1433 948 converso
1459 887 1535 946 ad
1561 888 1814 969 formam
1836 891 2105 961 corporis
2123 893 2414 973 patientis
2451 895 2534 952 sit
2560 895 2625 953 in

188 959 466 1088 goteutia
491 961 738 1018 materia
767 961 1039 1033 corporis
1063 960 1319 1034 agentis,
1347 964 1519 1017 erunt
1546 965 1788 1029 agentia
1809 965 1869 1018 et
1892 960 2181 1031 patientla
2220 962 2294 1021 ad
2344 963 2623 1025 invicem.

234 1029 363 1087 icut
388 1030 605 1088 accidit
626 1031 689 1088 in
721 1030 958 1089 duobus
985 1030 1337 1104 corporibus
1366 1030 1851 1111 elementaribus,
1882 1031 2235 1112 Sin-autem,
2276 1034 2392 1091 erit
2434 1048 2627 1095 unum

188 1105 425 1158 tantum
471 1114 656 1173 agens
695 1106 756 1159 et
782 1102 1031 1160 alterum
1061 1107 1290 1159 tantum
1323 1107 1557 1172 patiens
1596 1107 1871 1172 respectu
1913 1100 2106 1173 illiuS,
2152 1102 2312 1162 sicut
2341 1110 2431 1162 est
2459 1119 2627 1165 com-

187 1172 426 1243 paratio
450 1170 720 1253 corporis
748 1171 1013 1232 coelestis
1040 1172 1115 1230 ad
1146 1184 1366 1242 corpus
1394 1170 1775 1230 elementare.
1818 1171 1914 1230 Sic
1942 1171 2128 1244 igitur
2168 1187 2389 1245 corpus
2436 1190 2631 1249 agens

189 1241 320 1315 agit
343 1242 410 1299 in
437 1242 772 1314 subJectum
808 1255 931 1300 non
960 1243 1191 1302 ratione
1219 1242 1411 1299 totius
1431 1242 1725 1324 corporiS,
1755 1242 1864 1323 sed
1889 1242 2098 1302 formae
2124 1257 2232 1315 per
2262 1259 2441 1317 quam
2475 1251 2622 1320 agit.

261 1313 397 1370 Non
425 1319 518 1371 est
543 1313 723 1371 etiam
745 1327 973 1384 verum,
1001 1314 1162 1387 quod
1191 1325 1444 1384 corpora
1470 1316 1596 1370 sint
1634 1327 1697 1370 in
1757 1313 1969 1372 ultima
2008 1315 2341 1372 remotione
2393 1330 2432 1374 a
2479 1319 2623 1377 Deo.

191 1384 338 1441 Cum
366 1383 531 1464 enirn
557 1385 716 1442 Deus
744 1384 826 1442 sit
851 1389 1019 1442 actus
1050 1398 1256 1456 purus,
1288 1382 1620 1442 secundum
1651 1383 1766 1441 hoc
1802 1383 2005 1465 aliqua
2034 1385 2229 1458 magis
2273 1387 2368 1444 vel
2419 1388 2626 1448 minus

188 1452 267 1512 ab
294 1466 370 1512 eo
401 1453 1008 1524 distant,‹secundum
1031 1456 1191 1528 quod
1220 1458 1362 1513 sunt
1381 1455 1518 1525 plus
1545 1454 1639 1511 vel
1660 1451 1865 1513 minus
1892 1468 1957 1512 in
1985 1460 2123 1513 actu
2142 1455 2310 1514 veliu
2332 1459 2624 1530 potentia.

188 1523 346 1582 Illud
374 1524 555 1583 etiam
584 1523 648 1582 in
677 1525 917 1584 entibus
947 1531 1036 1584 est
1081 1531 1341 1583 extreme
1378 1524 1611 1584 distans
1659 1538 1698 1583 a
1739 1526 1863 1583 Deo
1903 1526 2064 1598 quod
2106 1531 2198 1585 est
2244 1526 2306 1585 iu
2357 1529 2628 1601 potentia

188 1599 447 1665 tantum,
478 1594 713 1654 scilicet
738 1597 989 1654 materia
1005 1596 1216 1668 prima.
1248 1594 1411 1655 Unde
1436 1594 1568 1668 ejus
1593 1598 1688 1676 est
1713 1595 1837 1665 pati
1861 1599 2118 1666 tantum,
2144 1601 2204 1654 et
2250 1609 2377 1657 non
2422 1613 2626 1672 agere.

192 1666 457 1737 Corpora
479 1679 622 1725 vero
643 1680 781 1724 cum
809 1666 934 1725 sint
959 1666 1295 1737 composita
1321 1680 1394 1723 ex
1422 1672 1673 1724 materia
1696 1672 1755 1723 et
1783 1667 1995 1735 forma,
2027 1667 2323 1726 accedunt
2368 1669 2443 1727 ad
2472 1670 2622 1729 divi·

189 1749 332 1794 nam
381 1736 839 1795 similitudinem
880 1737 942 1795 in
981 1742 1268 1810 quantum
1322 1737 1544 1794 babent
1595 1736 1871 1806 formam,
1926 1750 2107 1809 quam
2156 1739 2508 1798 Aristoteles
2559 1741 2624 1799 in

187 1808 387 1879 primo
413 1809 582 1878 Phys.
613 1807 776 1880 (text.
805 1820 1022 1866 comm.
1054 1808 1143 1881 48)
1168 1807 1439 1866 nominat
1483 1805 1752 1865 divinum
1786 1807 2109 1881 quoddam.
2142 1812 2210 1866 Et
2235 1823 2344 1880 pro
2388 1815 2477 1867 ter
2506 1810 2624 1871 hoc

189 1878 528 1959 secundum
570 1877 732 1951 quod
779 1878 1001 1937 babent
1043 1880 1318 1947 formam,
1364 1883 1599 1951 agunt:
1643 1877 1977 1936 secundum
2018 1891 2163 1937 vero
2199 1893 2320 1952 quo
2401 1879 2625 1940 habent

188 1954 526 2018 materiam,
550 1950 875 2020 patiuntur.

260 2019 602 2077 Ridiculum
634 2023 831 2078 autem
861 2025 954 2077 est
980 2019 1177 2077 dicere
1204 2020 1366 2092 quod
1405 2018 1546 2078 ideo
1572 2032 1792 2091 corpus
1819 2031 1944 2076 non
1972 2024 2131 2091 agat,
2208 2020 2312 2079 uia
2339 2021 2631 2081 accidens

192 2102 320 2148 non
347 2090 565 2148 transit
591 2089 664 2147 de
692 2089 961 2163 subjecto
991 2090 1053 2147 in
1084 2089 1438 2162 subjectum.
1471 2092 1601 2148 Non
1633 2090 1793 2147 enim
1816 2089 1930 2147 hoc
1948 2089 2132 2148 modo
2197 2092 2376 2150 icitur
2403 2105 2627 2164 corpus

191 2160 455 2217 calidum
494 2160 842 2229 calefacere,
895 2160 1057 2233 quod
1102 2160 1258 2218 idem
1303 2173 1555 2219 numero
1603 2161 1769 2218 calor
1812 2161 1916 2232 qui
1965 2165 2058 2218 est
2106 2161 2171 2219 in
2227 2162 2624 2221 calefaciente

191 2244 443 2301 corpore
478 2236 742 2290 transeat
781 2230 855 2288 ad
898 2244 1117 2302 eorpus
1145 2230 1527 2300 calefactum3
1560 2230 1663 2289 sed
1718 2230 1858 2304 quia
1888 2230 2105 2288 virtute
2127 2230 2374 2303 caloris,
2404 2234 2507 2306 qui
2532 2239 2627 2293 est

188 2301 258 2360 in
286 2315 537 2373 corpore
570 2301 976 2371 calefaciente,
1005 2301 1164 2360 alius
1191 2301 1356 2359 calor
1381 2313 1633 2359 numero
1702 2306 1723 2357 t
1766 2306 1903 2359 actu
1928 2301 1992 2358 in
2024 2315 2273 2373 corpore
2303 2302 2625 2375 calefacto,

189 2371 297 2445 qui
338 2372 508 2444 prius
532 2372 750 2430 eratin
778 2385 852 2430 eo
890 2372 954 2428 in
1022 2371 1264 2429 otentia.
1289 2375 1490 2452 Agens
1531 2371 1691 2429 enim
1725 2370 1994 2429 naturale
2023 2384 2148 2428 non
2177 2378 2271 2431 est
2296 2374 2621 2434 traducens

187 2443 495 2524 propriam
536 2442 789 2500 formam
833 2442 895 2525 in
932 2456 968 2500 a
993 2448 1183 2501 terum
1212 2440 1570 2515 subjectum,
1594 2441 1701 2500 sed
1747 2440 2042 2500 reducens
2083 2441 2417 2515 subjectum
2462 2445 2625 2519 quod

188 2517 417 2589 patitur
442 2514 516 2571 de
543 2514 810 2585 potentia
833 2526 898 2570 ιιι
928 2519 1147 2573 actum.
1361 2546 1370 2555 κ
2005 2581 2016 2592 ,

260 2586 395 2643 Non
436 2584 621 2657 igitur
649 2584 978 2643 auferimus
1020 2581 1293 2656 proprias
1321 2582 1594 2641 actiones
1625 2580 1806 2640 rebus
1837 2588 2076 2663 creatis,
2106 2584 2381 2655 quamvis
2407 2598 2625 2646 omnes

189 2653 442 2714 effectus
470 2668 666 2713 rerum
715 2660 1048 2713 creatarum
1091 2657 1212 2711 Deo
1240 2652 1657 2721 attribuamuS,
1689 2665 1862 2726 quas1
1903 2665 1968 2710 in
2008 2654 2295 2713 omnibus
2323 2657 2625 2727 operanti.

191 2725 267 2800 (Il
294 2726 469 2791 sent„
497 2725 634 2784 dist.
657 2738 744 2797 x1,
774 2740 833 2798 q.
863 2738 906 2796 1,
927 2728 1037 2783 art.
1071 2729 1121 2794 1,
1154 2728 1263 2789 art.
1296 2726 1329 2780 3
1354 2740 1370 2793 ;
1400 2729 1462 2781 et
1491 2725 1710 2795 lpart.,
1735 2737 1793 2796 q.
1824 2734 1949 2790 Lm,
1979 2727 2089 2782 art.
2122 2722 2199 2798 ι.)

1173 2940 1426 3007 CAPUT
1473 2941 1652 3006 Lxx.

409 3115 685 3171 QUOMODO
721 3117 869 3164 mm
919 3115 1207 3163 murus
1245 3114 1336 3161 31¹1·
1363 3114 1410 3160 A
1442 3114 1579 3170 mm,
1618 3114 1695 3159 m·
1738 3115 1782 3161 A
1817 3113 2117 3162 NATURAH
2148 3113 2402 3163 adnm.

265 3279 634 3351 Quibusdam
688 3284 888 3340 autem
933 3276 1179 3337 difficile
1220 3275 1579 3359 videturad
1626 3276 1820 3359 intelli
1866 3277 2088 3337 endum
2140 3280 2301 3352 quod
2368 3278 2628 3342 effectus

189 3351 498 3412 naturales
549 3350 946 3410 attribuantur
985 3351 1105 3408 Deo
1138 3352 1198 3408 et
1237 3346 1494 3407 naturali
1538 3351 1761 3421 agenti.
1842 3361 1938 3407 am
1967 3362 2091 3407 una
2115 3350 2272 3409 actio
2317 3365 2354 3408 a
2381 3350 2620 3412 duobus

190 3421 511 3496 agentibus
558 3435 681 3480 nou
704 3420 938 3480 videtur
977 3433 1086 3493 pro
1130 3418 1255 3478 redi
1295 3432 1496 3491 posse.
1518 3418 1577 3477 Si
1615 3417 1799 3500 igitur
1828 3419 1988 3477 actio
2025 3433 2132 3491 per
2160 3434 2340 3502 quam
2371 3418 2627 3481 effectus

188 3493 487 3551 naturalis
506 3491 855 3564 producitur
889 3503 1065 3563 proce
1109 3496 1156 3547 lt
1180 3504 1218 3547 a
1242 3502 1492 3562 corpore
1521 3489 1801 3552 naturali,
1833 3502 1957 3547 non
2030 3491 2260 3549 roceoit
2281 3505 2319 3548 a
2347 3493 2489 3550 Deo,

262 3564 417 3633 Item,
448 3563 603 3636 quod
634 3566 831 3633 potest
864 3560 993 3621 fieri
1022 3560 1393 3620 sufficienter
1418 3574 1523 3631 per
1553 3573 1761 3629 unum,
1785 3572 1965 3633 super
2013 3574 2156 3620 uum
2206 3567 2299 3619 est
2326 3562 2489 3634 quod
2516 3577 2623 3634 per

188 3634 385 3694 multa
410 3631 531 3691 fiat.
565 3633 843 3691 Videmus
888 3631 1046 3690 enim
1104 3630 1265 3704 quod
1298 3636 1512 3712 natura
1547 3642 1671 3711 non
1714 3629 1859 3690 facit
1902 3644 2014 3712 per
2055 3630 2177 3690 duo
2219 3632 2621 3691 instrumenta

189 3703 354 3777 quod
382 3708 580 3776 potest
621 3704 816 3762 facere
841 3715 947 3775 per
974 3714 1183 3760 unum.
1213 3702 1356 3763 Cum
1402 3707 1587 3772 igitur
1617 3704 1808 3759 virtus
1856 3699 2060 3783 divlna
2086 3699 2397 3762 sufficiens
2428 3703 2510 3762 sit
2545 3702 2626 3762 ad

185 3772 611 3848 producendos
660 3771 911 3833 effectus
956 3773 1282 3841 naturales,
1329 3771 1703 3843 superfluum
1760 3776 1853 3830 est
1907 3770 2190 3831 adbibere
2250 3774 2326 3832 ad
2379 3772 2627 3833 eosdem

186 3842 442 3904 effectus
490 3843 908 3916 producendos
947 3842 1128 3901 etiam
1183 3842 1489 3901 naturales
1538 3842 1824 3911 virtutes3
1854 3842 1972 3914 vel,
2003 3843 2059 3902 si
2100 3842 2291 3902 virtus
2329 3844 2625 3904 naturalis

186 3912 563 3975 sufficienter
589 3915 894 3987 proprium
925 3911 1203 3972 effectum
1235 3912 1531 3985 producit,
1565 3911 1934 3984 superfluum
1966 3917 2081 3984 est,
2107 3912 2268 3987 quod
2300 3912 2501 3973 divina
2547 3914 2628 3974 ad

186 3984 468 4046 eumdem
500 3984 777 4043 effectum
806 3989 964 4058 agat.
2178 4053 2190 4064 .

259 4057 553 4125 Praeterea,
575 4059 628 4114 si
659 4058 818 4114 Deus
841 4060 1032 4113 totum
1061 4052 1340 4114 effectum
1372 4053 1709 4112 naturalem
1737 4052 2032 4125 producit,
2063 4052 2218 4113 nibil
2264 4053 2626 4129 relinquitur

186 4124 266 4188 de
297 4124 517 4184 effectu
547 4125 802 4184 naturali
833 4126 1033 4198 agenti
1076 4125 1149 4184 ad
1219 4124 1649 4183 reducendum.
1686 4126 1817 4183 Non
1845 4124 2081 4182 videtur
2112 4123 2300 4196 igitur
2323 4138 2461 4184 esse
2486 4139 2630 4199 pos·

185 4196 394 4325 sibilie,
425 4194 587 4320 quod
626 4195 871 4255 eosdem
897 4193 1146 4256 effectus
1173 4138 1332 4255 Bous
1358 4193 1690 4268 producere
1728 4194 1981 4265 dicatur,
2011 4206 2167 4267 quos
2190 4207 2288 4252 res
2316 4197 2622 4257 naturales

185 4279 229 4340 P
261 4339 401 4396 llaec
455 4339 654 4395 autem
700 4332 1111 4394 difficultatem
1141 4348 1265 4394 non
1319 4334 1598 4404 afferunt,
1630 4334 1683 4395 si
1713 4334 2030 4408 praemissa
2047 4335 2527 4396 considerentur.
2552 4340 2627 4394 ln.

180 4408 465 4483 attolibet
503 4405 668 4466 enim
706 4410 925 4479 agente
962 4412 1060 4465 est
1084 4405 1205 4465 duo
1233 4405 1638 4476 considerare,
1666 4404 1902 4465 scilicet
1928 4417 2055 4464 rem
2086 4405 2282 4481 ipsam
2310 4421 2445 4483 quae
2475 4406 2625 4478 agit,
