3076 5025
412 281 518 334 486
1371 274 1500 327 [AB.
1542 273 1630 338 Ν,
1673 272 1823 326 ΟΑΡ.
1865 272 1913 325 Ι.

1063 634 1478 714 LIBER
1577 630 2206 725 QUARTUS

1475 1101 1729 1167 CAPUT
1770 1099 1818 1164 l.

1426 1279 1877 1328 PROOEMIUH.

500 1451 654 1515 Ecce,
701 1448 812 1503 haec
864 1448 1134 1516 exparte
1171 1443 1320 1501 dicta
1373 1446 1502 1500 mit
1541 1443 1761 1497 viariam
1798 1440 1949 1511 θάνες
1996 1444 2049 1497 et
2107 1454 2229 1497 cum
2278 1440 2854 1512 cispa-nmmum

428 1520 690 1578 sermonis
737 1518 855 1587 ejus
897 1518 1248 1585 audiamus,
1296 1517 1424 1585 quis
1455 1515 1663 1584 poterit
1685 1514 1989 1569 tonitruum
2010 1511 2410 1581 maanitmiinis
2437 1513 2590 1569 illius
2616 1512 2854 1568 ituuai?

432 1590 453 1664 (
502 1632 846 1719 Intellectus
876 1587 1200 1726 b)umanus,
1228 1670 1266 1713 a
1291 1654 1472 1712 rebus
1493 1652 1887 1713 sensibilibus
1913 1652 2380 1712 connaturaliter
2402 1651 2524 1711 sibi
2553 1652 2852 1711 scientiam

431 1731 703 1801 capiens,
733 1728 807 1787 ad
837 1727 1186 1785 intuendam
1215 1725 1482 1794 divinam
1508 1724 1905 1783 substantiam
1936 1723 2001 1781 in
2031 1722 2253 1795 seipsa,
2282 1738 2417 1805 quie
2459 1737 2640 1794 super
2664 1721 2853 1782 omnia

432 1800 770 1866 sensibilia,
797 1800 922 1857 imo
947 1811 1128 1869 super
1155 1796 1358 1855 omnia
1387 1795 1507 1875 alia
1534 1796 1715 1864 entia,
1736 1794 2410 1867 improportionabihter
2439 1795 2727 1862 elevatur,
2748 1806 2853 1865 pcr-

432 1871 517 1929 tin
567 1885 663 1927 ere
691 1883 797 1941 per
824 1869 1089 1939 seipsum
1121 1881 1243 1924 non
1270 1866 1445 1924 valet.

547 1941 639 2009 ed,
669 1940 809 2012 quia
838 1940 1162 2010 perfectum
1194 1937 1461 1994 hominis
1489 1936 1714 1993 bonum
1747 1942 1842 1994 est
1879 1939 1945 1992 ut
1968 1947 2212 2007 quoquo
2231 1935 2412 1993 modo
2433 1938 2619 1993 Deum
2646 1946 2854 2008 cogno-

433 2015 584 2078 scat,
617 2024 691 2065 ne
717 2015 836 2066 tam
866 2008 1088 2066 nobilis
1106 2013 1377 2066 creatura
1400 2007 1649 2064 omnino
1679 2008 1738 2063 in
1770 2019 1986 2064 vanum
2014 2019 2149 2063 esse
2176 2005 2494 2075 videretur,
2515 2006 2677 2063 velut
2695 2005 2855 2062 finem

477 2080 740 2152 roprinm
785 2079 1074 2151 attingere
1135 2091 1257 2136 non
1307 2076 1536 2140 valens,
1580 2077 1759 2135 datur
1780 2076 2001 2134 homini
2041 2076 2311 2149 quaedam
2340 2077 2435 2134 via
2458 2091 2565 2147 per
2592 2091 2769 2149 quam
2804 2076 2855 2133 in

432 2095 540 2210 Bet
578 2149 982 2223 cognitionem
1014 2147 1336 2205 ascendere
1382 2147 1597 2218 possit,
1648 2153 1712 2204 ut
1742 2147 1993 2215 scilicet,
2033 2146 2175 2219 quia
2200 2160 2410 2205 omnes
2439 2161 2638 2204 rerum
2684 2146 2856 2219 perfe-

434 2221 669 2279 ctiones
781 2219 957 2277 odam
987 2218 1266 2276 ordine-a
1293 2230 1532 2275 summo
1562 2231 1759 2274 rerum
1799 2217 2018 2273 vertice
2066 2219 2185 2275 Deo
2223 2217 2585 2287 decendunt,
2625 2218 2754 2288 ipse
2794 2214 2857 2274 ab

435 2290 706 2349 inferiori
758 2303 827 2347 us
872 2290 1169 2360 incipiens
1214 2292 1273 2345 et
1313 2288 1603 2361 gradatim
1659 2287 1993 2345 ascendens
2023 2286 2087 2344 in
2131 2288 2233 2344 Dei
2268 2288 2672 2362 cognitionem
2705 2285 2859 2360 proli·

435 2361 757 2430 cia13nam
788 2366 848 2418 et
874 2360 937 2417 in
988 2357 1400 2430 corporalibus
1442 2358 1711 2416 motibus
1755 2358 1961 2415 eadem
1997 2362 2090 2416 est
2125 2358 2223 2415 via
2263 2373 2382 2439 qua
2409 2358 2789 2416 descenditur
2810 2360 2859 2414 et

436 2432 801 2500 ascenditur,
833 2431 1064 2488 ratione
1093 2429 1368 2501 principii
1416 2434 1474 2486 et
1516 2427 1659 2487 finis
1690 2429 1989 2486 distincta.
2021 2428 2288 2487 Praedicti
2316 2435 2514 2487 autem
2548 2429 2857 2487 descensus

434 2503 871 2577 perfectionum
902 2516 938 2560 a
962 2503 1084 2559 Deo
1110 2501 1329 2572 duplex
1354 2505 1448 2558 est
1475 2500 1631 2558 ratio
1658 2518 1677 2558 z
1704 2502 1830 2557 Una
1856 2499 2123 2572 quidem,
2149 2516 2222 2559 ex
2248 2504 2413 2572 parte
2440 2501 2647 2572 primae
2677 2511 2859 2559 rerum

437 2574 733 2646 originis;
769 2586 907 2631 nam
957 2572 1157 2630 divina
1186 2571 1503 2642 sapientia,
1532 2576 1600 2628 ut
1639 2571 1924 2642 perfectio
1962 2575 2123 2629 esset
2151 2571 2215 2628 in
2242 2572 2442 2634 rebus,
2476 2585 2573 2629 res
2601 2568 2860 2643 produxit

435 2644 501 2702 in
531 2643 764 2711 ordine,
793 2647 858 2700 ut
902 2648 1308 2700 creaturarum
1339 2641 1705 2699 universitas
1747 2656 1819 2699 ex
1857 2641 2111 2699 summis
2152 2656 2349 2700 rerum
2379 2646 2439 2699 et
2463 2642 2689 2699 intimis
2716 2654 2858 2701 com-

435 2714 717 2787 pleretur.
747 2712 875 2772 Alia
904 2726 1045 2772 vero
1087 2711 1242 2770 ratio
1276 2727 1351 2770 ex
1391 2712 1543 2784 ipsis
1570 2711 1750 2771 rebus
1802 2712 2099 2793 procedit3
2155 2724 2314 2781 nam,
2346 2726 2484 2771 cum
2534 2726 2733 2771 causae
2759 2711 2859 2770 sint

437 2784 764 2843 nobiliores
793 2783 1125 2853 effectibus,
1156 2783 1347 2855 primo
1418 2783 1619 2840 uidem
1647 2787 1892 2842 causata
1926 2781 2213 2841 deficiunt
2233 2797 2270 2841 a
2334 2783 2486 2841 rima
2511 2797 2719 2853 causa,
2747 2793 2857 2856 qua

437 2856 600 2912 Deus
628 2858 739 2936 est,
771 2868 904 2928 quae
932 2859 1130 2912 tamen
1160 2854 1292 2936 suis
1315 2798 1633 2936 effectibus·
1653 2853 2065 2936 praeeminent,
2084 2853 2247 2911 etsie
2306 2853 2547 2936 einceps
2565 2864 2857 2928 quousque

439 2924 514 2983 ad
547 2926 757 2983 ultima
785 2938 980 2982 rerum
1011 2929 1404 2996 pervematur.
1439 2926 1506 2981 Et
1534 2938 1676 2997 quia
1717 2937 1779 2982 in
1824 2936 2066 2982 summo
2108 2938 2307 2982 rerum
2345 2931 2567 2983 vertice
2601 2927 2723 2983 Deo
2748 2936 2857 2996 per·

439 2995 774 3053 fectissima
814 2996 1018 3053 unitas
1061 2995 1383 3064 invenitur,
1414 3001 1473 3052 et
1520 2995 2010 3068 unumquodque,
2056 3001 2279 3068 quanto
2308 3001 2401 3053 est
2438 2995 2637 3068 magis
2669 3007 2853 3062 unum,

437 3069 606 3123 tanto
635 3069 727 3122 est
751 3066 946 3139 magis
974 3065 1307 3123 virtuosum
1332 3068 1391 3122 et
1410 3065 1671 3139 digniuS‚
1693 3079 2075 3137 consequens
2094 3070 2187 3123 est
2206 3071 2291 3135 ut,
2320 3071 2609 3138 quantum
2638 3082 2672 3123 a
2690 3065 2854 3137 primo

437 3134 735 3207 principio
765 3136 1081 3205 receditur,
1107 3142 1273 3193 tanto
1301 3135 1495 3206 major
1520 3136 1833 3213 diversitas
1869 3142 1929 3193 et
1953 3135 2198 3194 variatio
2227 3136 2565 3193 inveniatur
2587 3137 2649 3192 in
2677 3136 2853 3194 rebus,

438 3208 687 3288 Oportet
709 3206 892 3287 igitur
916 3219 1263 3278 processum
1291 3207 1690 3264 emanationis
1716 3221 1753 3263 a
1780 3209 1903 3264 Deo
1932 3207 2087 3264 uniri
2115 3206 2353 3279 quidem
2398 3207 2459 3265 in
2502 3207 2638 3278 ipso
2671 3204 2856 3277 princi-

437 3290 559 3348 p10‚
587 3276 966 3348 multiplicari
999 3283 1196 3334 autem
1230 3277 1561 3334 secundum
1606 3291 1702 3334 res
1750 3276 1992 3335 infimas
2034 3278 2107 3335 ad
2132 3290 2284 3349 quas
2305 3277 2679 3336 terminatur.
2708 3280 2769 3334 Et
2790 3276 2857 3332 itt

438 3346 772 3406 secundum
815 3347 1213 3405 diversitatem
1261 3361 1459 3404 rerum
1510 3353 1751 3418 apparet
1777 3347 2006 3405 viarum
2054 3347 2389 3418 diversitas,
2437 3349 2615 3421 quasi
2655 3348 2729 3405 ab
2754 3357 2854 3404 uno

436 3416 734 3490 principio
761 3417 1172 3475 inchoatarum
1202 3422 1262 3475 et
1287 3418 1737 3476 terminatarum
1768 3419 1843 3476 ad
1880 3418 2137 3477 diversa.

510 3490 623 3544 Per
677 3488 792 3546 bas
837 3486 1016 3561 igitur
1071 3488 1200 3545 vias
1246 3488 1588 3546 intellectus
1639 3492 1846 3547 noster
1888 3488 1950 3546 in
1991 3489 2092 3546 Dei
2123 3488 2527 3562 cognitionem
2559 3487 2855 3548 ascendere

437 3562 638 3630 potest
666 3576 680 3626 ;
713 3558 838 3627 sed,
871 3564 1110 3629 propter
1137 3557 1498 3616 debilitatem
1528 3558 1869 3617 intellectus
1898 3559 2108 3629 nostri,
2145 3571 2256 3616 nec
2285 3559 2450 3631 ipsas
2472 3560 2604 3619 vias
2626 3560 2854 3637 perfecte

437 3641 806 3701 cognoscere
859 3641 1210 3699 possumus.
1234 3628 1404 3698 Nam,
1434 3642 1570 3686 cum
1602 3642 1843 3698 sensus
1871 3629 2030 3688 unde
2086 3634 2292 3688 nostra
2337 3631 2609 3704 cognitio
2656 3628 2852 3699 incipit,

439 3698 598 3755 circa
624 3698 915 3755 exteriora
946 3698 1275 3756 accidentia
1304 3705 1592 3761 versetur,
1625 3714 1757 3771 quae
1803 3705 1946 3757 sunt
1973 3699 2305 3758 secundum
2347 3714 2412 3758 se
2451 3700 2778 3765 sensibilia,
2802 3700 2859 3754 ut

439 3768 609 3826 color
637 3773 698 3824 et
723 3768 874 3826 odor
901 3773 959 3826 et
987 3769 1351 3850 hujusmodi.
1383 3768 1724 3828 intellectus
1745 3770 1841 3827 vix
1862 3784 1969 3841 per
1997 3770 2341 3842 hujusmodi
2366 3772 2659 3830 exteriora
2683 3770 2857 3842 potest

439 3838 514 3896 ad
536 3839 881 3896 interiorem
911 3841 1181 3897 notitiam
1212 3840 1540 3913 pervenire,
1571 3840 1749 3898 etiam
1777 3841 2015 3898 illarum
2046 3855 2241 3900 rerum
2273 3856 2525 3922 quarum
2548 3838 2854 3900 accidentia

440 3919 625 3967 sensu
655 3909 912 3981 perfecte
941 3911 1414 3981 comprehendit.
1463 3910 1644 3968 Multo
1693 3911 1876 3985 igitur
1902 3912 2109 3971 minus
2149 3918 2485 3985 pertingere
2541 3912 2749 3985 poterit
2790 3903 2853 3987 ad

440 3980 1070 4051 comprehendendum
1098 3987 1344 4039 naturas
1371 3980 1613 4039 illarum
1641 3995 1836 4040 rerum
1858 3996 2109 4055 quarum
2142 3997 2332 4053 pauca
2360 3982 2691 4041 accidentia
2716 3992 2852 4050 capt·

437 4059 578 4129 mus
608 4063 812 4118 sensu,
840 4056 900 4109 et
920 4051 1116 4110 adbuc
1151 4051 1351 4110 minus
1377 4052 1613 4109 illarum
1653 4067 1901 4126 quarum
1933 4053 2266 4111 accidentia
2291 4055 2419 4125 capi
2449 4067 2571 4111 non
2600 4051 2850 4126 possunt,

437 4121 550 4176 etsi
584 4134 689 4190 per
721 4121 1016 4192 quosdam
1057 4121 1402 4182 deficientes
1442 4121 1693 4181 effectus
1737 4124 2139 4195 participetur.
2168 4123 2303 4193 Sed,
2333 4124 2444 4183 etsi
2475 4125 2627 4195 ipsae
2651 4126 2850 4180 nature

437 4201 637 4269 rerum
659 4199 864 4250 essent
892 4192 1068 4251 nobis
1100 4194 1549 4274 cognitae‚ordo
1578 4198 1773 4251 tamen
1802 4208 2032 4263 earum,
2064 4194 2395 4253 secundum
2426 4196 2588 4267 quod
2625 4190 2851 4253 adivina

437 4258 812 4330 providentia
865 4268 924 4320 et
976 4262 1049 4321 ad
1079 4262 1336 4322 invicem
1382 4264 1786 4336 disponuntur
1831 4269 1888 4323 et
1934 4265 2273 4339 diriguntur
2297 4264 2363 4322 in
2388 4265 2591 4335 tinem,
2621 4261 2849 4322 tenuiter

437 4327 620 4410 nobis
646 4337 826 4390 notus
854 4345 990 4391 esse
1018 4339 1246 4404 posset,
1275 4347 1464 4407 quum
1493 4334 1569 4394 ad
1603 4335 2087 4409 cognoscendam
2116 4336 2413 4395 rationem
2438 4335 2654 4396 divine
2676 4327 2847 4406 provi·

436 4395 649 4458 dentiae
670 4413 792 4459 non
820 4403 1253 4476 pertingamus.
2833 4402 2845 4413 ’
