3076 5025
1015 313 1145 369 Lm.
1189 314 1262 380 11,
1301 312 1452 369 CAP.
1491 311 1649 368 xLll.
2421 318 2526 376 153

165 436 328 509 possit
385 434 594 502 todire;
623 438 679 492 et
704 433 792 492 sic
823 446 1058 505 semper
1084 431 1397 491 effectibus
1424 446 1462 490 a
1485 431 1867 513 simplicitate
1895 447 2214 494 causarum
2240 436 2521 497 deficien-

167 507 314 575 tibus
377 519 463 562 um
504 504 961 575 multiplicantur
997 502 1266 572 effectus,
1293 503 1609 562 diversitas
1637 517 1953 562 causarum
1999 504 2407 572 constituitur,
2443 524 2520 568 ex

168 577 346 649 quihus
372 574 692 633 universum
722 574 1020 633 consistit.
1051 576 1184 632 Haec
1206 573 1390 647 igitur
1413 572 1634 645 positio
1662 575 1769 632 toti
1798 587 1996 633 rerum
2024 575 2352 634 diversitati
2391 593 2516 638 non

166 659 312 703 unam
350 658 574 703 causam
618 645 906 725 assignat,
938 644 1043 703 sed
1098 643 1359 717 singulis
1405 657 1622 702 causas
1669 643 2092 726 determinatas
2147 645 2511 708 effectibus:

167 722 319 774 totum
340 722 515 772 autem
544 715 939 773 diversitatem
970 728 1168 773 rerum
1197 729 1272 771 ex
1325 727 1625 772 concursu
1655 727 1923 772 omnium
1958 729 2279 775 causarum
2307 732 2513 789 proce-

168 786 275 845 dere
296 785 461 858 ponit.
492 788 569 843 Ea
595 790 788 842 autem
818 799 855 843 a
880 798 1028 843 casu
1055 798 1191 844 esse
1237 784 1495 843 dicimus
1538 797 1672 857 quae
1699 798 1774 843 ex
1799 798 2095 867 concursu
2144 786 2517 849 diversarum

175 869 431 914 causarum
457 855 824 927 proveniunt,
844 860 905 913 et
927 868 1049 914 non
1072 870 1146 913 ex
1172 855 1374 928 aliqua
1397 868 1514 913 una
1543 868 1729 914 causa
1755 855 2165 915 determinata.
2197 858 2516 919 Distinctio

173 926 311 998 igitur
334 940 509 983 rerum
538 932 594 983 et
615 926 762 984 ordo
794 926 1059 983 universi
1089 926 1201 983 erit
1225 940 1261 983 a
1283 939 1453 984 casu.

225 998 451 1067 Ampiae,
480 996 538 1053 id
569 996 725 1068 quod
756 1002 849 1054 est
883 996 1174 1068 optimum
1204 995 1266 1054 in
1295 996 1476 1055 rebus
1502 995 1721 1056 creatis
1749 996 2053 1056 reducitur
2080 997 2235 1056 utin
2263 999 2520 1071 primam

181 1079 364 1124 causam
383 1068 438 1123 in
467 1066 524 1123 id
547 1066 702 1138 quod
725 1071 815 1125 est
837 1067 1127 1138 optimum
1148 1067 1211 1124 in
1232 1065 1454 1148 causis.
1478 1069 1721 1148 Oportet
1739 1067 1898 1148 enim
1922 1066 2169 1150 effectus
2188 1071 2523 1142 proportio-

181 1136 302 1194 nales
337 1150 457 1195 esse
482 1138 701 1196 causis.
720 1138 1018 1208 Optimum
1064 1143 1260 1196 autem
1287 1150 1349 1194 in
1371 1136 1655 1195 omnihus
1699 1138 1951 1195 entibus
1989 1144 2205 1197 creatis
2248 1146 2341 1199 est
2374 1141 2524 1200 ordo

181 1207 397 1276 universi,
419 1207 474 1264 in
502 1219 619 1288 quo
643 1207 867 1267 bonum
886 1207 1148 1266 universi
1171 1207 1484 1277 consistit;
1515 1206 1675 1266 sicut
1702 1207 1765 1289 in
1786 1207 1966 1289 rebus
1989 1207 2271 1289 humanis
2294 1210 2523 1270 honum

188 1278 325 1345 gentis
358 1283 438 1335 est
480 1277 742 1335 divinius
769 1292 946 1350 quam
972 1278 1197 1337 bonum
1227 1278 1430 1335 unius.
1458 1279 1701 1349 Oportet
1746 1283 1930 1351 igitur
1957 1277 2228 1336 ordinem
2265 1281 2528 1340 universi

188 1345 359 1404 sicutin
380 1361 604 1406 causam
636 1349 891 1419 primam
916 1349 1197 1408 reducere
1217 1348 1279 1406 in
1304 1351 1700 1421 Deum,quem
1730 1347 1994 1422 supra(l.
2012 1362 2057 1417 1,
2083 1363 2137 1407 c.
2153 1349 2244 1423 4¹)
2265 1351 2528 1411 ostendi·

186 1427 402 1494 musisse
427 1432 722 1476 summum
744 1419 989 1477 bonum.
1011 1422 1141 1477 Non
1166 1419 1351 1487 igitur
1379 1432 1577 1476 rerum
1619 1418 1948 1487 distinctio,
1980 1419 2043 1475 in
2064 1433 2184 1491 quo
2203 1420 2353 1479 ordo
2381 1435 2527 1480 con·

186 1486 306 1565 sistit
320 1488 571 1559 universi,
591 1496 877 1547 causatur
897 1504 970 1548 ex
988 1489 1191 1549 causis
1207 1488 1512 1559 secundis,
1540 1489 1645 1548 sed
1665 1488 1861 1563 magis
1876 1504 1950 1548 ex
1972 1488 2305 1549 intentione
2324 1504 2527 1552 causae

185 1567 394 1704 pssdhuc,
439 1628 763 1689 absurdum
811 1629 1045 1689 videtur
1084 1629 1144 1689 id
1190 1629 1352 1703 quod
1396 1630 1824 1712 estoptimum
1870 1629 1935 1688 in
1977 1628 2181 1712 rebus,
2236 1632 2525 1693 reducere

190 1702 302 1753 sicut
321 1698 366 1755 iii
401 1713 657 1770 causam,
690 1703 754 1758 in
799 1715 997 1759 rerum
1039 1700 1354 1759 desectum.
1386 1702 1686 1772 optimum
1728 1705 1928 1758 autem
1975 1713 2039 1758 in
2086 1701 2265 1761 rebus
2304 1703 2525 1764 creatis

194 1772 260 1844 pst
287 1766 553 1841 distinctio,
592 1778 654 1829 et
701 1771 850 1829 ordo
893 1771 1179 1843 ipsarum,
1212 1776 1277 1829 ut
1320 1776 1633 1829 ostensum
1676 1775 1769 1829 est
1811 1770 1886 1843 (c.
1927 1770 2039 1843 39).
2090 1774 2525 1834 inconveniens

194 1841 326 1906 igitur
353 1846 423 1897 est
459 1841 677 1910 dicere,
709 1841 868 1922 quod
922 1841 1059 1900 talis
1110 1842 1417 1899 distinctio
1459 1855 1531 1898 ex
1560 1843 1675 1901 hoc
1715 1846 1997 1899 causetur
2042 1842 2204 1913 quod
2239 1844 2523 1905 secundae

193 1917 331 1966 muse
349 1908 599 1969 deficiunt
630 1926 671 1970 a
689 1912 1070 1984 simplicitate
1099 1925 1297 1971 cuusae
1321 1911 1548 1984 primae.

238 1977 343 2041 Item,
367 1980 418 2037 in
445 1983 726 2050 omnihus
755 1981 957 2040 causis
993 1982 1308 2055 agentibus
1337 1980 1651 2050 ordinatis,
1682 1981 1784 2040 uhi
1812 1982 2012 2054 agitur
2046 1988 2289 2054 propter
2313 1982 2519 2057 finem,

185 2051 367 2125 oportet,
391 2052 535 2130 quod
583 2052 743 2112 fines
797 2066 1113 2111 causarum
1176 2051 1575 2111 secundarum
1626 2052 1751 2110 siut
1805 2059 2043 2133 propter
2095 2052 2275 2113 finem
2320 2068 2523 2114 causae

181 2126 347 2187 pnmae,
383 2129 523 2179 sicut
567 2123 716 2181 finis
761 2123 1061 2193 militaris,
1086 2128 1145 2180 et
1190 2122 1506 2195 equestris,
1554 2126 1613 2180 et
1656 2122 2087 2182 frenifacientis
2137 2128 2233 2183 est
2282 2131 2525 2196 propter

180 2183 311 2267 tinem
343 2190 532 2251 civilis.
561 2197 899 2252 Processus
946 2199 1143 2252 autem
1187 2193 1410 2251 entium
1441 2208 1478 2250 a
1520 2192 1713 2264 primo
1758 2198 1915 2261 ente,
1937 2198 2030 2251 est
2076 2208 2181 2265 per
2223 2195 2523 2256 actionem

178 2256 439 2318 ordinatam
477 2264 545 2320 ad
581 2263 791 2331 finem,
822 2278 959 2321 cum
1009 2264 1088 2322 sit
1127 2278 1235 2336 per
1276 2263 1666 2331 intellectum,
1701 2268 1766 2320 ut
1806 2268 2117 2322 ostensum
2163 2269 2257 2325 est
2299 2265 2374 2337 (c.
2403 2266 2520 2339 23).

179 2325 446 2390 intellectus
463 2348 530 2390 au
540 2340 655 2392 tem
689 2335 891 2392 omnis
907 2340 1146 2406 propter
1163 2334 1342 2391 finem
1364 2333 1507 2405 agit.
1532 2333 1591 2390 Si
1620 2333 1803 2405 igitur
1827 2332 1889 2390 in
1909 2334 2300 2404 productione
2321 2349 2524 2396 rerum

180 2404 284 2453 sunt
303 2400 485 2473 aliquae
512 2419 716 2463 causae
749 2403 1048 2470 secundae,
1078 2408 1312 2474 oportet
1397 2402 1510 2461 uod
1551 2402 1704 2461 tines
1751 2416 1956 2460 earum
1994 2409 2051 2461 et
2096 2406 2366 2463 actiones
2399 2407 2525 2464 sint

178 2474 358 2539 propter
393 2472 555 2532 finem
580 2488 788 2535 causae
823 2475 1049 2547 primae,
1080 2474 1182 2546 qui
1210 2478 1303 2532 est
1331 2488 1370 2532 u
1398 2474 1580 2532 timus
1630 2472 1771 2532 finis
1808 2474 1872 2531 in
1914 2473 2093 2532 rebus
2143 2475 2381 2534 creatis.
2414 2476 2520 2535 Hic

178 2544 324 2597 autem
347 2549 424 2600 est
443 2545 749 2604 distinctio
770 2551 827 2603 et
852 2545 997 2604 ordo
1019 2545 1275 2616 partium
1306 2544 1592 2613 universi,
1619 2543 1720 2616 qui
1743 2550 1836 2602 est
1863 2545 2036 2617 quasi
2060 2545 2270 2603 ultima
2298 2546 2513 2606 forma.

179 2606 277 2664 Non
292 2610 440 2683 igitur
462 2621 550 2673 est
593 2615 907 2674 distinctio
937 2615 1002 2672 in
1029 2615 1209 2673 rebus
1237 2620 1297 2672 et
1336 2613 1483 2671 ordo
1530 2620 1771 2685 propter
1815 2614 2084 2673 actiones
2120 2616 2521 2677 secundarum

182 2688 439 2752 causarum,
467 2686 568 2744 sed
592 2686 795 2760 magis
824 2685 1091 2743 actiones
1117 2684 1514 2744 secundarum
1549 2696 1868 2742 causarum
1894 2689 2036 2742 sunt
2074 2690 2313 2757 propter
2357 2687 2518 2745 ordi·

188 2756 291 2806 nem
309 2757 353 2808 et
372 2754 801 2814 distinctionem
829 2756 887 2814 in
918 2755 1100 2813 rebus
1127 2753 1630 2814 constituendam.

244 2818 399 2886 Adhuc,
433 2826 482 2883 si
534 2826 849 2886 distinctio
897 2825 1152 2897 partium
1209 2824 1473 2882 universi
1530 2829 1591 2881 et
1642 2823 1790 2881 ordo
1843 2837 2046 2883 earum
2099 2830 2196 2884 est
2244 2826 2523 2898 proprius

194 2882 375 2949 effectus
414 2909 599 2955 eausae
661 2897 891 2968 primae,
921 2896 1093 2969 quasi
1149 2894 1358 2953 ultima
1411 2895 1606 2953 forma
1642 2895 2060 2975 ,et00ptimum
2112 2895 2178 2954 in
2215 2896 2521 2969 universo,

196 2963 549 3032 990netrerum
577 2967 1032 3025 distinctionem
1070 2971 1128 3023 et
1156 2965 1427 3024 ordinem
1472 2978 1608 3023 esse
1636 2977 1697 3021 in
1729 2965 2037 3023 intellectu
2064 2978 2262 3026 causae
2290 2967 2518 3039 priinae.

191 3036 239 3081 ln
259 3028 388 3091 relius
417 3038 589 3108 enim,
620 3051 760 3110 quae
790 3051 893 3108 per
933 3036 1301 3095 intellectum
1352 3040 1632 3108 aguntur,
1665 3036 1860 3093 forma
1929 3049 2017 3094 uae
2045 3035 2110 3094 in
2136 3037 2316 3097 rebus
2346 3038 2521 3099 factis

185 3097 466 3176 producitur,
494 3107 775 3180 provenit
814 3121 852 3166 a
893 3107 1085 3165 forma
1120 3105 1326 3176 simili,
1355 3120 1488 3187 quae
1513 3111 1605 3164 est
1636 3106 1699 3163 in
1749 3105 1894 3164 intel
1921 3112 2075 3177 ectu,
2105 3107 2266 3166 sicut
2302 3108 2520 3170 domus

186 3177 375 3249 quaest
395 3175 448 3232 in
489 3179 763 3248 materia,
790 3192 827 3235 a
852 3177 1031 3236 domo
1075 3191 1209 3251 quae
1230 3182 1414 3236 estin
1444 3176 1770 3235 intellectu.
1803 3178 2014 3235 Forma
2044 3183 2242 3236 autem
2280 3178 2524 3237 distinc-

184 3239 320 3320 uptiis
349 3250 394 3301 et
424 3248 650 3307 ordinis
680 3261 805 3306 non
849 3253 1047 3319 potest
1073 3260 1209 3306 esse
1237 3247 1300 3304 in
1331 3246 1635 3305 intellectu
1663 3252 1877 3328 agente
1908 3247 2028 3306 nisi
2056 3248 2181 3306 sint
2206 3248 2289 3306 ibi
2316 3248 2523 3307 formae

182 3304 521 3386 distinctorum
573 3325 633 3376 et
677 3319 1109 3376 ordinatorum.
1162 3318 1310 3376 Sunt
1348 3317 1535 3390 igitur
1584 3316 1649 3374 in
1700 3317 2005 3375 intellectu
2058 3317 2262 3376 divino
2315 3318 2523 3379 rormae

179 3373 472 3457 diversarum
519 3402 721 3447 rerum
772 3388 1186 3447 distinctarum
1242 3393 1298 3445 et
1353 3387 1781 3446 ordinatarum.
1820 3390 1939 3446 Nec
1989 3387 2106 3446 hoc
2153 3387 2522 3459 simplicitati

175 3459 323 3531 ipsius
356 3465 650 3531 repugnat,
679 3463 749 3517 ut
789 3472 970 3529 supra
998 3462 1308 3517 ostensum
1353 3463 1445 3516 est
1487 3457 1550 3528 (l.
1579 3470 1624 3526 1,
1652 3472 1704 3516 c.
1735 3462 1797 3515 51
1845 3463 1905 3515 et
1950 3458 2123 3530 seq.).
2151 3458 2211 3539 ξι
2239 3459 2257 3515 ι
2306 3459 2425 3516 ιιιιι·
2450 3473 2525 3518 ex

174 3516 337 3600 formis
408 3541 490 3585 uae
533 3535 680 3587 sunt
723 3528 786 3586 in
836 3527 1138 3586 intellectu
1180 3528 1531 3599 proveniant
1557 3540 1656 3586 res
1684 3533 1849 3585 extra
1876 3529 2138 3586 animam
2161 3542 2225 3585 in
2309 3529 2362 3586 is
2390 3543 2524 3601 quae

171 3597 254 3655 per
286 3540 619 3677 intellectum
671 3604 951 3672 aguntur,
980 3604 1259 3678 poterunt
1308 3613 1341 3655 a
1397 3597 1590 3679 prima
1617 3610 1829 3678 ‘causa
1889 3598 2230 3658 immediate
2288 3600 2525 3680 causari

170 3656 321 3732 plura,
345 3670 397 3720 et
420 3667 668 3738 diversa,
700 3683 821 3727 non
851 3669 1125 3727 obstante
1145 3668 1350 3726 divina
1372 3668 1776 3740 simplicitate,
1800 3673 2043 3739 propter
2068 3681 2249 3740 quam
2275 3669 2521 3743 quidam
2560 3717 2565 3726 .

169 3739 221 3782 in
241 3734 533 3797 praedictam
562 3740 926 3811 positionem
948 3738 1303 3797 inciderunt.

195 3798 346 3876 aem,
372 3809 514 3865 actio
541 3824 575 3866 a
620 3809 779 3868 entis
806 3823 912 3891 per
937 3808 1305 3867 intellectum
1354 3808 1709 3867 terminatur
1748 3808 1825 3867 ad
1854 3808 2105 3868 formam
2135 3823 2316 3883 quam
2345 3809 2521 3868 intel·

170 3862 293 3947 llgst,
314 3886 416 3932 non
440 3879 509 3936 ad
538 3825 742 3949 affiam,
765 3879 885 3938 nisi
916 3893 1022 3951 per
1048 3878 1348 3948 accidens,
1378 3885 1440 3937 et
1473 3893 1512 3936 a
1559 3891 1725 3937 casu.
1756 3881 1914 3960 Deus
1954 3884 2153 3961 autem
2200 3885 2291 3938 est
2336 3894 2524 3953 agens

175 3943 616 4059 fierintellectum.
647 3956 710 4008 ut
734 3955 1046 4008 ostensum
1071 3955 1165 4007 est
1191 3950 1265 4022 (c.
1291 3949 1384 4020 23)
1413 3966 1427 4005 ε
1460 3961 1583 4007 non
1653 3954 1810 4008 otest
1827 3963 1958 4021 ejus
1983 3957 2138 4007 actio
2157 3964 2292 4008 esse
2312 3965 2525 4010 casua·

217 4017 257 4073 S.
280 4023 385 4071 cum
411 4031 525 4076 non
548 4020 745 4090 possit
765 4020 829 4078 in
868 4033 982 4078 sua
1018 4021 1251 4077 actione
1290 4018 1564 4077 deficere.
1645 4025 1836 4090 portet
1875 4020 2059 4091 igitur
2100 4021 2260 4102 quod
2347 4021 2524 4080 rodu-

174 4081 253 4131 cat
274 4078 506 4145 effectum
535 4102 712 4148 suum
742 4105 817 4147 ex
843 4090 960 4148 hoc
985 4089 1148 4170 quod
1169 4089 1367 4160 ipsum
1398 4088 1677 4147 effectum
1706 4089 2007 4160 intelligit,
2038 4095 2096 4148 et
2117 4095 2281 4148 inten
2328 4092 2392 4150 it.
2414 4091 2528 4151 Sed

172 4155 259 4224 Pes
279 4163 424 4221 quam
455 4160 742 4217 rationein
769 4159 1053 4233 intelligit
1088 4173 1275 4218 unum
1323 4157 1622 4227 effectum,
1652 4164 1854 4230 potest
1902 4165 1960 4216 et
2011 4160 2235 4221 multos
2277 4161 2527 4226 effectus

170 4214 295 4276 alios
316 4237 428 4283 ase
454 4227 805 4303 intelligere.
833 4232 1038 4290 Potest
1063 4230 1247 4302 igitur
1272 4230 1471 4287 statim
1512 4229 1702 4310 multa
1741 4242 1990 4312 causare
2032 4230 2260 4304 absque
2304 4231 2524 4290 medio.

224 4289 458 4361 Amplius,
487 4299 643 4356 sicut
669 4314 852 4372 supra
905 4315 960 4358 c.
984 4299 1077 4373 22)
1105 4305 1416 4359 ostensum
1465 4305 1578 4369 est,
1601 4303 1792 4358 virtus
1832 4298 2036 4360 divina
2072 4315 2196 4360 non
2241 4302 2533 4360 limitatur

176 4352 231 4433 ιιι
256 4372 414 4422 ιιιιιιιιι
458 4367 750 4440 effectum,
782 4375 842 4428 et
927 4381 1000 4428 oc
1055 4382 1128 4429 ex
1172 4369 1304 4443 ejus
1348 4369 1731 4441 simplicitate
1766 4371 2072 4442 provenit3
2121 4371 2266 4445 quia
2304 4375 2531 4443 quanto

177 4423 332 4499 aliqua
355 4435 531 4496 virtus
555 4445 649 4497 est
669 4440 867 4513 magis
915 4439 1105 4508 unita,
1150 4444 1318 4497 tanto
1359 4444 1454 4498 est
1494 4439 1689 4512 magis
1729 4437 1988 4511 infinita,
2027 4446 2091 4499 et
2133 4442 2208 4499 ad
2250 4440 2424 4512 plura
2462 4452 2533 4497 se
