3076 5025
413 279 520 336 408
1306 269 1441 326 ΠΒ.
1482 268 1581 336 111,
1620 265 1777 324 CAP.
1818 267 1980 324 CVII.

417 395 766 470 hujusmodi
798 393 1235 454 intellectuales
1263 390 1617 450 substantiae
1638 394 1782 448 sunt
1795 388 2125 449 secundum
2152 402 2323 448 suam
2360 391 2634 447 naturam
2655 388 2881 472 maleel,

484 469 702 538 Adhuc,
774 465 1014 538 uicquid
1056 470 1150 522 est
1188 461 1255 521 in
1310 462 1491 520 rebus
1531 466 1765 532 oportet
1808 460 1968 534 quod
2020 473 2208 519 causa
2242 458 2338 517 vel
2383 464 2701 540 causatum
2741 465 2873 541 εῃς.

415 538 684 614 alioquin
711 482 787 596 a}
814 536 936 595 alia
953 535 1225 595 ordinem
1251 546 1374 592 non
1402 530 1710 591 haberent.
1738 534 1853 612 ‚Am
1894 530 2082 604 igitur
2112 529 2458 602 hujusmodi
2496 530 2863 590 substantiae

417 616 560 670 sunt
579 621 777 668 causae
806 611 1058 675 tantum,
1081 611 1184 663 aut
1205 604 1383 662 etiam
1404 608 1668 662 causata.
1694 603 1753 660 Sl
1774 606 2006 660 tantum
2025 614 2245 673 causae,
2267 600 2491 660 malum
2513 614 2637 660 non
2656 606 2867 673 potest

416 694 554 740 esse
582 693 766 739 causa
801 676 1057 748 alicujus
1102 675 1225 733 nisi
1270 687 1378 747 per
1414 673 1695 731 accidens
1733 677 1799 730 ut
1848 686 2032 745 supra
2062 672 2155 745 (ca
2199 715 2214 729 .
2264 671 2355 745 14)
2386 677 2705 731 ostensum
2732 677 2860 743 θείς

416 764 596 810 omne
617 754 817 831 autem
840 746 1002 820 quod
1030 751 1124 826 est
1149 759 1256 826 per
1283 743 1590 826 accidens·
1614 747 1848 824 oportet
1873 744 2077 802 reduci
2109 757 2147 801 a
2216 741 2278 800 id
2306 742 2601 825 quod-per
2628 756 2698 801 se
2726 748 2861 801 est:

416 814 1831 958 gffifkffssssftiritssiiltffifflffllquudssufftsst
1858 828 2037 967 ‘lx-¹33²
2047 827 2274 966 ἕὲιῖιῖῗέ
2297 812 2863 965 3ῒὲὲὲᾒῖῗὲἭὲ

415 962 602 1035 igitur
630 957 961 1019 secundum
990 971 1163 1016 suam
1194 961 1467 1014 naturam
1498 960 1641 1013 sunt
1669 955 1841 1013 maloe
1889 955 2236 1027 hujusmodi
2284 953 2661 1037 substantiae.
2691 954 2863 1014 Idem

416 1032 598 1090 etiam
627 1029 900 1102 sequitur
925 1028 979 1087 si
1008 1027 1129 1087 sint
1151 1033 1419 1085 causata.
1446 1028 1593 1084 Nam
1617 1025 1852 1083 nullum
1877 1039 2066 1099 agens
2109 1026 2234 1099 agit
2261 1039 2381 1084 nisi
2428 1025 2756 1085 intendens
2780 1025 2860 1084 ad

415 1102 665 1161 bonum.
698 1099 917 1158 Malum
968 1111 1113 1171 ergo
1159 1111 1283 1156 non
1326 1101 1527 1169 potest
1572 1110 1709 1155 esse
1757 1096 2010 1155 effectus
2051 1096 2310 1168 alicujus
2350 1108 2549 1155 causae
2594 1096 2723 1155 nisi
2753 1111 2865 1168 per

417 1172 720 1230 accidens.
775 1168 946 1238 Quod
985 1173 1183 1227 autem
1236 1172 1521 1225 causatur
1570 1181 1677 1239 per
1722 1166 2004 1225 accidens
2046 1171 2279 1225 tantum
2318 1180 2441 1224 non
2526 1170 2688 1225 otest
2719 1181 2862 1225 esse

418 1242 755 1302 secundum
781 1245 1079 1308 naturam,
1109 1251 1247 1297 cum
1275 1238 1476 1296 omnis
1505 1243 1719 1295 natura
1745 1236 2199 1295 determinatum
2226 1237 2474 1296 modum
2546 1236 2727 1297 abeat
2738 1250 2861 1311 quo

417 1312 688 1386 procedit
724 1311 787 1369 in
816 1323 974 1368 esse.
1008 1312 1139 1367 Non
1169 1314 1263 1367 est
1287 1308 1474 1381 igitur
1498 1306 1792 1380 possibile
1819 1308 1982 1380 quod
1996 1308 2343 1381 hujusmodi
2357 1307 2716 1367 substantiae
2737 1309 2865 1366 sint

418 1384 589 1442 malae
618 1380 950 1441 secundum
974 1393 1148 1438 suam
1176 1384 1472 1437 naturam.

488 1454 766 1524 Amplius,
794 1449 1264 1524 unumquodque
1288 1450 1516 1507 entium
1545 1448 1725 1507 habet
1749 1450 2058 1521 proprium
2082 1462 2218 1507 esse
2246 1447 2577 1508 secundum
2606 1448 2861 1507 modum

420 1538 548 1583 suae
568 1528 816 1581 naturae.
842 1525 985 1580 Esse
1003 1527 1224 1590 autem,
1243 1520 1303 1577 in
1327 1525 1616 1593 quantum
1644 1519 2014 1591 hujusmodi,
2030 1525 2123 1578 est
2135 1520 2392 1589 bonum;
2415 1518 2589 1600 eujus
2610 1519 2860 1592 signum

420 1600 514 1654 est
543 1592 705 1667 quod
733 1593 938 1650 omnia
969 1605 1107 1650 esse
1137 1596 1443 1664 appetunt.
1474 1590 1536 1649 Si
1563 1589 1748 1664 igitur
1776 1589 2123 1663 huiusmodi
2144 1590 2495 1649 substantiae
2518 1589 2860 1648 secundum

424 1678 598 1723 suam
625 1667 901 1722 naturam
933 1667 1135 1721 essent
1165 1662 1358 1731 malae,
1390 1661 1624 1719 nullum
1653 1674 1788 1719 esse
1813 1661 2121 1720 haberent.

488 1737 641 1798 Item,
674 1739 986 1793 ostensum
1015 1736 1110 1790 est
1134 1746 1316 1805 supra
1344 1731 1468 1803 (lib.
1500 1744 1568 1800 11,
1593 1746 1722 1803 cap.
1751 1730 1839 1802 15)
1869 1731 2031 1804 quod
2058 1730 2212 1789 nihil
2251 1735 2451 1803 potest
2478 1743 2615 1790 esse
2641 1731 2793 1805 quin
2822 1745 2865 1791 a

419 1805 620 1878 primo
648 1809 783 1861 ente
812 1817 947 1862 esse
975 1803 1211 1872 babeat,
1237 1808 1296 1859 et
1321 1802 1482 1875 quod
1551 1802 1769 1859 rimum
1799 1815 1909 1861 ens
1954 1807 2047 1860 est
2086 1814 2391 1860 summum
2430 1800 2683 1860 bonum.
2712 1803 2862 1860 Cum

421 1880 624 1934 autem
652 1887 831 1932 omne
855 1887 1064 1955 agene,
1094 1874 1159 1930 in
1187 1878 1476 1946 quantum
1552 1872 1876 1945 ujusmodi,
1893 1877 2031 1945 agat
2049 1870 2166 1954 sibi
2191 1871 2411 1955 simile,
2433 1877 2672 1944 oportet
2695 1872 2861 1954 quod

421 1959 508 2004 ea.
549 1958 683 2017 quae
734 1959 769 2002 a
825 1957 1020 2015 prlmo
1074 1948 1212 2001 ente
1274 1947 1418 2001 sunt
1469 1941 1632 2001 bona
1684 1943 1827 2001 sint.
1880 1942 2182 2001 Praedlctae
2239 1947 2425 2015 igitur
2477 1942 2861 2013 substanuae,

423 2013 758 2073 seeundum
786 2014 950 2086 quod
968 2018 1133 2083 sunt,
1159 2017 1218 2070 et
1243 2018 1517 2071 naturam
1537 2013 1801 2086 aliquam
1817 2013 2059 2083 habent,
2086 2026 2210 2071 non
2222 2018 2483 2085 possunt
2500 2025 2641 2072 esse
2658 2013 2857 2073 malae.

491 2084 713 2154 Adhuc,
740 2083 1116 2156 impossibile
1141 2089 1234 2142 est
1259 2083 1489 2164 aliquid
1513 2097 1649 2142 esse
1678 2082 1840 2156 quod
1864 2084 1943 2165 sit
1960 2083 2381 2143 universaliter
2392 2083 2702 2165 ,priyatum
2731 2098 2863 2157 par-

420 2155 768 2227 ticipatione
792 2154 958 2212 boni.
989 2156 1134 2212 Cum
1165 2153 1325 2211 enim
1356 2154 1514 2211 ldem
1543 2155 1624 2212 sit
1644 2153 1965 2226 appetibile
1990 2159 2049 2212 et
2076 2155 2325 2223 bonum,
2354 2167 2407 2212 si
2436 2154 2667 2227 ahquid
2696 2160 2863 2213 esset

423 2225 672 2283 omnino
702 2239 913 2297 expers
940 2224 1107 2294 boni,
1135 2224 1287 2281 nihil
1306 2224 1550 2282 haberet
1577 2224 1642 2282 in
1669 2238 1738 2283 se
1778 2224 2117 2297 appetibile.
2147 2224 2478 2298 Unicuique
2519 2229 2724 2284 autem
2767 2231 2865 2284 σει

421 2295 1149 2425 ῗὲἓέἑξἯὲὲἣῖξὲωωίῗῧῖῑ,
1172 2294 1827 2438 ⁰‹fss532‘ssffl‘lssiu23’
1857 2295 2737 2439 {lissiqssissssississssuffiaffim
2750 2310 2859 2425 ἒέᾱ

1156 2407 1172 2435 2
2700 2409 2722 2432 ,ν

422 2436 567 2509 quia
600 2441 692 2495 est
719 2436 946 2494 malum
975 2436 1138 2505 huic,
1166 2436 1260 2493 vel
1289 2441 1579 2509 quantum
1604 2435 1678 2494 ad
1707 2436 1852 2495 hoc:
1882 2437 2044 2495 sicut
2084 2449 2380 2495 venenum
2422 2450 2549 2495 non
2587 2441 2683 2496 est
2710 2437 2858 2496 sim-

419 2507 658 2580 pliciter
675 2507 920 2577 malum,
952 2506 1057 2565 sed
1083 2506 1224 2566 huic
1255 2507 1353 2565 cui
1380 2511 1473 2565 est
1499 2507 1781 2567 nocivum
1812 2526 1828 2578 ;
1878 2507 2039 2566 unde
2079 2506 2241 2582 quod
2287 2512 2381 2567 est
2407 2506 2510 2566 alii
2554 2522 2859 2567 venenum

423 2582 516 2637 est
540 2578 709 2636 alteri
739 2579 932 2637 cibus,
963 2579 1088 2637 Hoc
1114 2582 1310 2636 autem
1342 2578 1640 2651 contingit
1662 2592 1736 2637 ex
1763 2591 1836 2637 eo
1865 2578 2027 2651 quod
2048 2578 2276 2636 bonum
2304 2579 2662 2651 particulare
2689 2580 2857 2653 quod

424 2656 517 2707 est
536 2648 844 2721 proprium
873 2648 1053 2721 hujus
1092 2654 1183 2707 est
1224 2649 1590 2707 contrarium
1621 2647 1783 2708 bono
1808 2649 2152 2722 particulari
2196 2649 2362 2731 quod
2405 2655 2500 2730 est
2540 2650 2859 2731 proprium

423 2719 700 2789 alterius3
728 2720 886 2777 sicut
911 2720 1097 2787 calor,
1127 2719 1230 2792 qui
1260 2724 1353 2777 est
1378 2719 1644 2778 bonumi
1734 2720 1810 2789 is,
1831 2725 1924 2778 est
1951 2725 2316 2778 contranum
2346 2720 2556 2793 fngon
2573 2721 2740 2792 quod
2763 2728 2862 2780 est

419 2788 648 2848 bonum
678 2803 868 2862 aquae,
899 2794 956 2848 et
984 2789 1237 2848 destruit
1258 2789 1479 2862 ipsum.
1524 2789 1638 2847 Illu
1706 2791 1891 2865 igitur
1916 2790 2077 2863 quod
2108 2790 2439 2871 secundum
2469 2803 2643 2849 suam
2676 2798 2857 2850 natu-

421 2871 552 2918 ram
580 2860 890 2918 ordinatur
918 2860 981 2917 in
1007 2859 1234 2918 bonum
1259 2873 1381 2917 non
1410 2860 1788 2932 particulare,
1815 2860 1921 2919 sed
1953 2860 2325 2943 simpliciter,
2351 2862 2735 2934 1mpossibile
2764 2868 2861 2921 est

422 2929 607 3003 quod,
664 2929 995 2988 secundum
1051 2929 1213 2988 hunc
1265 2930 1534 3000 modum,
1582 2930 1779 3012 possit
1836 2931 2187 2989 naturaliter
2231 2932 2350 2990 dici
2408 2932 2657 2992 malum.
2716 2935 2859 2993 Tale

422 3005 621 3058 autem
650 3004 744 3059 est
760 3001 960 3058 omnis
985 3000 1355 3070 intellectus3
1387 3014 1527 3058 nam
1556 3014 1686 3073 ejus
1716 3000 1943 3060 bonum
1971 3007 2064 3060 est
2097 3003 2163 3059 in
2207 3002 2448 3074 propria
2475 3003 2857 3074 operatione,

421 3084 556 3143 quae
584 3074 676 3128 est
703 3070 1131 3129 universalium
1177 3077 1237 3129 et
1282 3085 1491 3129 eorum
1538 3085 1671 3143 quae
1732 3077 1877 3130 sunt
1927 3071 2302 3143 simpliciter.
2352 3076 2484 3130 Non
2532 3079 2627 3131 est
2669 3073 2859 3148 igitur

417 3139 711 3213 possibile
735 3140 895 3214 quod
924 3142 1144 3214 aliquis
1171 3141 1508 3200 intellectus
1535 3143 1618 3200 sit
1640 3142 1972 3200 secundum
1995 3156 2169 3201 suam
2184 3147 2458 3202 naturam
2478 3144 2699 3215 maluS,
2724 3158 2853 3205 non

419 3211 620 3270 solum
649 3212 1020 3284 simpliciter,
1060 3212 1166 3270 sed
1191 3225 1301 3270 nec
1330 3212 1662 3270 secundum
1690 3213 1855 3286 quid.

486 3284 640 3350 Item,
660 3282 724 3338 in
744 3296 1107 3355 unoquoque
1127 3282 1382 3341 habente
1407 3283 1798 3354 intellectum,
1829 3283 2087 3341 naturali
2114 3284 2326 3343 ordine
2353 3284 2700 3357 intellectus
2720 3300 2855 3348 mo-

415 3357 516 3410 vet
541 3367 615 3424 ap
660 3352 867 3409 etitum
896 3371 910 3422 ;
940 3353 1244 3425 proprium
1271 3353 1432 3410 enim
1461 3353 1759 3425 objectum
1812 3354 2138 3413 voluntatis
2181 3360 2275 3414 est
2306 3355 2534 3414 bonum
2578 3357 2854 3418 intellec-

415 3426 545 3480 tum
574 3440 590 3492 ;
663 3435 845 3480 onum
876 3428 1074 3481 autem
1103 3423 1429 3482 voluntatis
1453 3428 1547 3482 est
1575 3424 1638 3481 in
1665 3438 1738 3482 eo
1768 3424 1927 3497 quod
1954 3425 2226 3497 sequitur
2249 3425 2620 3486 intellectum
2644 3446 2660 3499 ;
2693 3425 2858 3490 sicut

415 3491 485 3551 in
512 3492 691 3551 nobis
718 3492 946 3550 bonum
970 3493 1251 3566 estquod
1278 3499 1371 3552 est
1393 3494 1727 3554 secundum
1755 3495 2081 3565 rationem3
2106 3494 2268 3568 quod
2298 3502 2497 3555 autem
2525 3503 2620 3556 est
2636 3505 2858 3570 praeter

414 3562 536 3622 hoc
602 3561 829 3622 malum
894 3568 1003 3622 est.
1058 3564 1325 3622 Naturali
1376 3565 1566 3638 igitur
1613 3565 1824 3623 ordine
1863 3566 2203 3624 substantia
2250 3565 2679 3628 intellectualis
2723 3569 2857 3629 vult

413 3632 664 3716 bonurn.
696 3631 1077 3716 Impossibile
1105 3640 1198 3693 est
1224 3635 1410 3708 igitur
1435 3635 1598 3708 quod
1617 3635 1736 3694 illoe
1762 3634 2113 3695 substantiae
2133 3636 2570 3697 intellectuales
2593 3654 2854 3712 quarum

414 3704 644 3761 auxilio
674 3717 923 3776 magicae
953 3709 1112 3763 artes
1141 3710 1391 3763 utuntur
1434 3706 1560 3764 sint
1586 3707 1937 3765 naturaliter
1961 3707 2156 3766 malae.

483 3777 773 3856 hartel-ea,
800 3789 937 3856 cum
965 3776 1246 3835 voluntas
1273 3749 1479 3858 tendat
1504 3776 1570 3834 in
1595 3776 1824 3835 bonum
1853 3777 2223 3837 intellectum
2242 3779 2594 3838 naturaliter
2611 3780 2857 3841 sicutin

410 3857 723 3927 propriutn
752 3845 1047 3916 objectum
1090 3850 1151 3903 et
1183 3846 1805 3919 finem„21mpossibile
1846 3854 1941 3907 est
1967 3849 2128 3922 quod
2172 3848 2378 3923 aliqua
2420 3850 2854 3912 intellectualis

412 3914 753 3974 substantia
779 3916 998 3974 malam
1030 3917 1362 3976 secundum
1389 3924 1663 3977 naturam
1691 3918 1909 3977 habeat
1931 3920 2319 3991 voluntatem,
2353 3921 2474 3979 nisi
2503 3922 2853 3983 intellectus

412 3984 544 4056 ejus
574 3986 926 4045 naturaliter
952 3992 1107 4045 erret
1126 3988 1290 4070 circa
1305 3988 1601 4060 judicium
1628 3990 1796 4049 boni.
1827 3989 2041 4048 Nullus
2078 3995 2278 4049 autem
2324 3990 2667 4051 intellectus
2706 3994 2852 4052 talis

408 4059 817 4127 potestesse:
850 4057 1004 4116 falsa
1043 4071 1204 4116 emm
1244 4058 1474 4130 judicia
1515 4061 1583 4118 in
1629 4061 2079 4134 operationibus
2116 4060 2457 4120 intellectus
2499 4067 2643 4121 sunt
2689 4064 2854 4123 sicut

408 4131 684 4185 monstra
723 4127 790 4184 in
830 4128 1011 4187 rebus
1053 4129 1450 4200 naturalibus,
1492 4145 1627 4204 quae
1669 4145 1794 4190 non
1836 4136 1978 4191 sunt
2033 4131 2363 4191 secundum
2401 4136 2704 4204 naturam,
2737 4132 2848 4194 sed

405 4198 965 4277 praeternaturam:
998 4212 1137 4257 nam
1163 4199 1392 4259 bonum
1418 4202 1762 4261 intellectus
1797 4207 1856 4260 et
1880 4201 2011 4275 ejus
2039 4201 2180 4261 finis
2216 4202 2506 4263 naturalis
2524 4210 2619 4263 est
2641 4206 2850 4276 cogni·

409 4271 501 4347 ²3⁰
527 4271 817 4348 vernans.
840 4269 1228 4348 ‘Impossibile
1243 4275 1338 4329 est
1361 4271 1547 4345 igitur
1574 4274 1734 4347 quod
1764 4272 1983 4346 aliquis
2008 4272 2352 4333 intellectus
2371 4273 2452 4333 sit
2518 4275 2578 4333 ui
2603 4281 2847 4335 natura-

403 4333 544 4393 liter
565 4347 631 4391 1n
664 4337 897 4418 judie1o
932 4339 1054 4397 veri
1096 4340 1224 4422 deci
1271 4341 1445 4401 latur.
1476 4345 1680 4417 Neque
1707 4343 1892 4424 igitur
1917 4343 2209 4417 possibile
2235 4349 2467 4419 estque
2527 4346 2612 4405 sit
2637 4347 2847 4421 aliqua

406 4403 753 4467 substanua
779 4407 1202 4472 mtellectuahs
1275 4412 1462 4475 abens
1487 4414 1837 4476 naturaliter
1862 4415 2083 4477 malam
2110 4415 2495 4477 voluntatem.
