3076 5025
328 306 437 360 266
1230 299 1364 354 Llss.
1404 298 1503 366 111,
1546 298 1701 354 CAP.
1739 297 1884 354 vul.

328 422 670 549 estlforma
710 426 771 480 et
810 420 1061 481 bonum.
1106 420 1284 478 Nulla
1326 420 1513 493 igitur
1556 433 1676 489 reS,
1721 420 2054 478 secundum
2101 432 2273 477 suam
2304 417 2657 489 essentiam,
2689 425 2784 479 est

400 566 554 632 item,
610 562 762 620 nihil
817 562 1005 620 tendit
1052 561 1126 620 ad
1168 575 1347 620 suum
1403 561 1803 630 contrarium
1853 558 2323 633 unumquodque
2368 560 2530 618 enim
2559 559 2789 631 appetit

330 634 492 707 quod
521 640 615 692 est
658 632 775 691 sibi
805 633 1004 692 simile
1051 636 1112 690 et
1176 630 1569 691 conveniens.
1600 634 1789 691 Omne
1817 638 2016 689 autem
2073 644 2184 689 ens
2235 629 2476 703 agendo
2520 630 2787 688 intendit

329 705 584 832 hortiumi
612 708 678 762 ut
703 707 1017 763 ostensum
1044 707 1137 762 est
1158 701 1232 776 (c.
1253 702 1329 773 3).
1356 701 1599 760 Nullum
1630 702 1816 775 igitur
1837 715 1969 772 ens,
1999 701 2064 760 in
2084 706 2373 775 quantum
2406 699 2786 775 hujusmodi,

341 789 411 834 es
465 788 563 833 ma
594 788 712 832 um.

400 846 621 908 Adhuc,
653 844 856 903 omnis
880 843 1146 903 essentia
1168 848 1261 901 est
1284 842 1464 902 alicui
1497 843 1583 901 rei
1629 842 1958 912 naturalis;
2007 842 2060 900 si
2108 841 2269 900 enim
2316 846 2408 899 est
2456 840 2520 899 in
2564 856 2783 915 genere

334 916 711 984 substantiae,
739 921 831 973 est
858 915 992 996 ipsa
1020 920 1236 972 natura
1261 915 1379 980 rei;
1437 914 1490 972 si
1542 927 1686 972 vero
1717 915 1795 973 sit
1818 914 1883 971 in
1910 926 2130 987 genere
2157 910 2509 981 accidentis,
2550 918 2789 985 oportet

335 985 501 1059 quod
530 1001 601 1043 ex
631 985 946 1058 principiis
975 984 1232 1057 alicujus
1261 983 1616 1043 substantiae
1640 990 1942 1055 causetur,
1972 988 2034 1042 et
2057 983 2149 1042 sic
2177 982 2263 1064 illi
2287 982 2643 1064 substantiae
2672 984 2791 1042 erit

336 1056 654 1119 naturalis,
683 1056 823 1113 licet
851 1055 1003 1114 forte
1032 1055 1203 1114 alteri
1232 1054 1586 1114 substantiae
1613 1068 1739 1114 non
1760 1055 1841 1114 sit
1866 1053 2182 1124 naturalis,
2204 1059 2363 1112 sicut
2388 1053 2667 1113 caliditas
2695 1059 2794 1114 est

334 1126 635 1186 naturalis
670 1125 819 1198 igni,
851 1125 993 1184 licet
1017 1126 1097 1185 sit
1123 1125 1484 1185 innaturalis
1513 1140 1550 1184 a
1594 1139 1707 1184 uae.
1759 1125 1931 1195 Quod
1977 1129 2176 1183 autem
2225 1127 2317 1183 est
2353 1124 2690 1183 secundum
2718 1138 2790 1185 se

334 1197 566 1257 malum
600 1209 724 1254 nou
751 1202 953 1270 potest
979 1210 1116 1256 esse
1135 1195 1314 1255 alicui
1348 1202 1564 1256 natura
1589 1211 1652 1267 e;
1686 1196 1761 1254 de
1787 1196 2018 1254 ratione
2047 1195 2209 1253 enim
2238 1194 2382 1252 mali
2411 1200 2505 1254 est
2527 1196 2790 1267 privatio

335 1268 470 1351 ejus
498 1267 663 1342 quod
692 1273 783 1326 est
812 1267 995 1325 alicui
1025 1274 1232 1326 natum
1262 1268 1466 1325 inesse
1496 1273 1557 1325 et
1585 1265 1851 1326 debitum
1879 1266 1968 1336 ei;
1995 1266 2220 1324 malum
2254 1265 2459 1339 igitur,
2531 1280 2677 1325 uum
2706 1267 2793 1326 sit

335 1351 470 1412 ejus
495 1339 657 1411 quod
687 1342 780 1396 est
809 1339 1085 1396 naturale
1128 1338 1406 1410 privatio,
1455 1352 1580 1396 non
1670 1342 1828 1396 otest
1874 1350 2010 1396 esse
2053 1336 2234 1396 alicui
2282 1341 2461 1418 natur
2521 1352 2582 1407 e;
2625 1337 2795 1396 unde

336 1408 629 1483 quidquid
663 1409 1014 1468 naturaliter
1040 1410 1200 1467 inest
1226 1408 1406 1468 alicui
1432 1414 1527 1467 est
1554 1408 1610 1467 ei
1680 1421 1887 1478 onum,
1916 1413 1976 1466 et
2003 1408 2228 1466 malum
2252 1406 2308 1466 si
2328 1421 2383 1465 e1
2409 1407 2587 1468 desit.
2608 1407 2797 1466 Nulla

335 1480 527 1554 igitur
552 1479 822 1539 essentia
849 1485 946 1537 est
970 1479 1303 1538 secundum
1333 1492 1401 1538 se
1430 1479 1618 1538 mala.

406 1551 686 1621 Amplius,
720 1549 1010 1630 quidquid
1041 1549 1221 1608 habet
1247 1550 1574 1608 essentiam
1604 1550 1891 1623 aliquam,
1923 1553 2027 1608 aut
2054 1548 2313 1622 ipsamet
2342 1553 2437 1607 est
2460 1548 2655 1607 forma
2681 1555 2797 1608 aut

337 1617 518 1680 hahet
547 1621 803 1680 formam
832 1621 1125 1693 aliquam3
1159 1634 1263 1692 per
1303 1620 1558 1679 formam
1602 1620 1765 1678 enim
1809 1619 2144 1678 collocatur
2190 1619 2662 1693 unumquodque
2720 1620 2795 1678 in

378 1705 555 1751 enere
584 1691 678 1748 vel
705 1691 929 1761 specie.
959 1692 1173 1749 Forma
1200 1696 1421 1760 autem,
1450 1691 1512 1748 in
1544 1695 1834 1765 quantum
1863 1690 2232 1763 hujusmodi,
2267 1689 2448 1747 habet
2488 1690 2793 1750 rationem

336 1707 653 1829 §onitatiffi
699 1775 884 1833 quum
917 1761 1000 1820 sit
1036 1761 1395 1833 principium
1423 1760 1684 1820 actionis
1710 1766 1767 1819 et
1807 1759 1948 1838 finis
1994 1773 2174 1833 quem
2202 1759 2462 1818 intendit
2488 1774 2669 1819 omne
2698 1761 2796 1820 fa-

338 1832 509 1891 ciens
529 1837 591 1889 et
613 1836 784 1890 actus
812 1845 933 1904 quo
961 1831 1432 1913 unumquodque
1459 1831 1690 1890 habens
1718 1830 1971 1889 formam
1990 1830 2319 1903 perfectum
2343 1836 2456 1889 est.
2478 1831 2634 1900 Quid
2679 1831 2793 1890 uid

338 1903 525 1983 igitur
552 1900 733 1982 nabet
755 1903 1084 1960 essentiam
1115 1903 1400 1975 anquam,
1427 1901 1493 1983 in
1519 1907 1811 1975 quantum
1843 1900 2214 1973 hujusmodi,
2245 1907 2340 1961 est
2365 1900 2616 1960 bonum.
2719 1916 2791 1962 a·

338 1973 465 2032 lum
489 1977 677 2046 1g1tur
705 1985 833 2030 non
856 1972 1035 2032 habet
1059 1973 1385 2032 essentiam
1415 1971 1703 2045 aliquam.

406 2045 560 2106 Item,
608 2054 720 2101 ens
763 2057 870 2115 per
926 2049 1125 2102 actum
1174 2049 1236 2101 et
1285 2042 1615 2115 potentiam
1649 2040 1955 2101 dividitur.
1998 2047 2181 2102 Actus
2222 2047 2445 2113 autem,
2492 2042 2558 2101 in
2598 2056 2797 2117 quan-

337 2119 468 2173 tum
497 2111 866 2185 hujusmodi,
896 2112 1124 2172 bonum
1153 2119 1267 2184 est,
1295 2112 1440 2187 quia
1456 2113 1787 2172 secundum
1821 2113 1984 2186 quod
2013 2114 2241 2189 aliquid
2265 2120 2360 2172 est
2386 2118 2543 2184 actu,
2571 2127 2795 2173 sccun-

339 2183 485 2265 dum
512 2182 629 2242 hoc
657 2183 881 2265 aliquid
915 2189 1008 2244 est
1033 2184 1357 2256 perfectum
1381 2202 1397 2253 ;
1425 2184 1694 2265 potentia
1720 2183 1899 2241 etiam
1920 2183 2148 2242 bonum
2174 2182 2402 2258 aliquid
2434 2189 2562 2253 est;
2591 2184 2794 2243 tendit

340 2268 503 2313 enun
526 2258 794 2326 potentia
819 2256 893 2313 ad
916 2261 1137 2325 actum,
1167 2261 1232 2314 ut
1258 2253 1623 2336 inquollbet
1644 2260 1811 2336 motu
1862 2260 2126 2327 apparet,
2170 2260 2228 2313 et
2274 2255 2455 2313 etiam
2497 2260 2592 2313 est
2619 2256 2789 2314 actui

339 2326 818 2397 proportionata,
845 2339 970 2384 non
998 2326 1056 2384 ei
1084 2330 1405 2395 contraria,
1436 2331 1496 2384 et
1521 2331 1618 2384 est
1643 2339 1708 2383 ln
1731 2324 1943 2384 eodem
1970 2339 2189 2398 genere
2222 2339 2361 2383 cum
2398 2329 2557 2396 actu,
2585 2331 2645 2382 et
2669 2326 2797 2399 pri-

338 2397 502 2455 vatio
535 2409 659 2453 non
683 2397 971 2468 competit
994 2397 1048 2454 ei
1080 2396 1196 2454 nisi
1216 2410 1321 2468 per
1344 2395 1647 2455 accidens.
1671 2397 1859 2454 Omne
1876 2396 2061 2469 igitur
2085 2394 2247 2477 quod
2266 2401 2380 2467 est,
2400 2409 2789 2470 quocumque

341 2467 524 2526 modo
549 2467 648 2535 sit,
679 2466 1067 2595 int-quantum
1090 2473 1183 2526 est
1220 2480 1351 2538 ens,
1384 2466 1612 2526 bonum
1644 2474 1756 2527 est.
1787 2467 2003 2526 Malum
2041 2467 2227 2542 igitur
2278 2479 2403 2526 non
2444 2465 2626 2527 habet
2669 2467 2789 2528 ali-

341 2553 688 2688 qſsmplius,
719 2610 1036 2680 probatum
1055 2613 1149 2667 est
1177 2608 1240 2681 (l.
1268 2622 1338 2678 11,
1365 2623 1420 2667 c.
1450 2610 1507 2683 5)
1551 2609 1715 2684 quod
1765 2623 1946 2668 omne
1983 2623 2143 2679 esse,
2183 2622 2566 2683 quocumque
2598 2609 2789 2670 modo

342 2684 443 2749 sn,
469 2686 562 2737 est
589 2694 626 2737 a
660 2681 805 2738 Deo.
837 2683 1021 2738 Deum
1062 2685 1261 2738 autem
1305 2692 1442 2738 esse
1477 2679 1801 2752 perfectam
1845 2679 2176 2739 honitatem
2219 2679 2599 2739 ostendimus
2646 2680 2710 2753 (l.
2737 2695 2785 2750 1,

340 2748 540 2831 ⁰·.4.¹)·
572 2750 768 2819 Quum
795 2750 985 2823 igitur
1011 2750 1154 2808 boni
1184 2748 1435 2809 effectus
1464 2749 1691 2810 malum
1720 2764 1856 2810 esse
1886 2764 2010 2809 non
2037 2751 2252 2823 possit,
2283 2750 2659 2823 impossibile
2688 2757 2790 2810 est

341 2819 588 2947 ahfluod
619 2833 751 2890 ens,
782 2821 847 2878 in
917 2825 1163 2903 uantum
1189 2826 1281 2904 est
1301 2834 1436 2905 ens,
1464 2835 1601 2880 esse
1629 2822 1879 2885 malum.

342 2904 568 3032 (affl,
587 2896 687 3031 {55
701 2891 868 3027 {¹¹33}
912 2892 2133 3044 &2232f2‘255225mn022'2522ffl052532
2155 2892 2789 3044 51²1‚²i‘1¹3²50²l‘{‘⁶¹⁶02231²3

341 3036 595 3087 creatura
621 3034 723 3086 Dei
748 3031 888 3087 bona
915 3036 994 3088 est
1011 3032 1068 3103 (Ι
1092 3034 1254 3097 Tim„
1277 3044 1360 3095 Π,
1391 3031 1468 3104 4).
1520 3034 1590 3090 Et
1618 3034 1943 3105 Dionysius
1989 3031 2093 3104 (De
2141 3033 2320 3089 divin.
2353 3034 2590 3105 nomin.)
2634 3033 2792 3092 dicit

340 3101 502 3173 quod
527 3102 735 3158 malum
768 3116 879 3158 non
932 3107 1013 3159 est
1064 3105 1300 3158 aristeus
1341 3101 1597 3174 (scilicet
1638 3116 1745 3175 per
1773 3102 1885 3176 se),
1927 3119 2023 3159 nec
2059 3103 2276 3174 aliquid
2316 3105 2380 3159 in
2421 3104 2785 3162 existentibus

340 3174 506 3242 quasi
520 3172 788 3236 accidens,
824 3174 969 3229 sicut
990 3172 1180 3228 albedo
1204 3173 1290 3228 vel
1313 3173 1564 3243 nias-edo.

411 3243 524 3300 Per
550 3241 666 3300 hoc
686 3247 885 3302 autem
910 3242 1244 3301 excluditur
1271 3256 1437 3300 error
1462 3242 1926 3303 Manichaeorum
1972 3243 2324 3315 ponentium
2373 3242 2611 3319 aliquas
2655 3257 2781 3317 res,

339 3312 675 3374 secundum
702 3325 849 3373 suas
876 3320 1148 3385 naturas,
1174 3312 1366 3372 malas
1394 3326 1553 3372 esse.
1587 3313 1633 3386 (Ι
1660 3320 1835 3386 part„
1866 3329 1926 3387 q.
1962 3326 2170 3385 xnvm,
2202 3319 2313 3372 art.
2343 3313 2424 3387 4.)

1330 3530 1589 3597 CAPUT
1629 3531 1791 3595 VIII.

846 3709 1137 3759 antonus
1162 3710 1393 3759 noum
1416 3710 1770 3759 anssm
1802 3710 2263 3760 concursmm.

406 3871 649 3934 videtur
669 3879 865 3934 autem
893 3872 1256 3947 quibusdam
1281 3873 1620 3933 rationibus
1647 3874 1945 3948 praedictae
1971 3874 2497 3957 sententiae·posse
2513 3875 2770 3940 obviari.

408 3944 490 4003 Ex
516 3946 757 4018 propria
783 3944 942 4003 enim
967 3943 1307 4025 differentia
1351 3943 1632 4026 specifica
1681 3945 2151 4019 unumquodque
2185 3959 2215 4004 s
2259 3960 2447 4005 ectem
2497 3949 2770 4010 sortitur.

334 4013 556 4095 Malum
578 4021 777 4074 autem
805 4021 899 4074 est
921 4014 1260 4074 differentia
1286 4013 1569 4088 specifica
1590 4015 1654 4074 in
1682 4015 1987 4090 aliquibus
2026 4029 2234 4089 generi
2278 4030 2373 4087 us,
2418 4017 2654 4078 scilicet
2705 4020 2770 4079 in

336 4082 641 4164 habitibus
669 4092 728 4143 et
752 4086 984 4144 actibus
1011 4084 1377 4154 moralibus;
1407 4085 1568 4144 sicut
1593 4087 1753 4145 enim
1792 4086 2003 4155 virtus,
2036 4086 2373 4145 secundum
2419 4101 2594 4147 suam
2636 4103 2769 4162 spe-

336 4167 513 4223 ciem,
543 4162 633 4212 est
661 4154 859 4215 honus
889 4156 1152 4225 habituS,
1181 4156 1264 4214 ita
1285 4157 1649 4215 contrarium
1672 4157 1881 4216 vitium
1910 4160 2002 4215 est
2029 4156 2227 4216 malus
2256 4156 2519 4230 habitae,
2553 4173 2768 4219 secun-

336 4222 480 4306 dum
507 4236 678 4283 suam
709 4226 1001 4296 speciem
1031 4232 1092 4285 et
1118 4226 1396 4285 similiter
1423 4226 1497 4285 de
1524 4226 1760 4286 actibus
1787 4226 2072 4285 virtutum
2101 4232 2162 4284 et
2206 4227 2509 4287 vitiorum.
2537 4229 2762 4290 Malum

333 4301 522 4376 igitur
546 4300 640 4353 est
664 4294 815 4353 dans
843 4298 1105 4368 speciem
1129 4296 1432 4371 aliquibus
1458 4296 1671 4369 rehus;
1701 4302 1795 4358 est
1820 4296 2005 4372 igitur
2025 4297 2231 4372 aliqua
2256 4299 2524 4358 essentia
2556 4304 2614 4359 et
2658 4300 2767 4361 ali·

340 4364 561 4439 qulbus
589 4363 768 4422 rebus
792 4367 1104 4426 naturalis.

403 4436 692 4504 Praeterea,
723 4439 1037 4512 utrumque
1058 4438 1492 4497 contrariorum
1529 4443 1623 4499 est
1662 4443 1876 4499 natura
1926 4439 2233 4514 quaedam3
2285 4440 2342 4501 si
2394 4440 2558 4502 enim
2600 4439 2761 4501 nihil
