3076 5025
1070 292 1204 348 ΠΒ.
1243 292 1344 360 111,
1381 291 1535 349 GAP.
1577 292 1794 350 LXXVI.
2537 297 2643 352 359

207 415 349 496 Ipse
377 412 567 487 igitur
591 412 862 472 omnium
886 412 1285 493 singularium
1309 413 1583 472 ordinem
1601 413 1931 487 excogitat:
1958 413 2090 487 ejus
2118 412 2304 488 igitur
2328 414 2644 487 providen-

208 490 300 545 tia
331 489 427 543 est
452 484 722 543 omnium
753 483 1152 557 singularium
1184 483 1549 542 immediate.

281 555 438 619 ltem,
464 554 531 613 in
550 553 732 613 rebus
755 553 1043 636 immanis
1069 552 1386 613 inferiores
1413 554 1757 626 provisores
1784 568 1891 629 per
1913 567 2085 613 suam
2114 554 2469 614 industriam
2488 556 2646 617 ordi·

209 638 354 687 nem
382 637 529 684 exco
574 625 726 682 itant
751 638 816 683 in
844 623 942 683 his
970 637 1225 697 quorum
1254 624 1610 698 gubernatio
1638 626 1731 684 eis
1757 641 1795 684 a
1820 625 2178 698 praesidente
2210 627 2640 687 committitur:

207 709 396 779 quam
424 695 526 769 qui
573 708 667 753 em
694 695 1052 754 industriam
1081 709 1120 754 a
1156 695 1511 766 praesidente
1553 695 1796 756 bomine
1849 709 1969 754 non
2020 696 2262 767 habent,
2310 697 2417 755 sed
2464 709 2643 756 usum

208 782 233 826 ι
279 766 433 826 siue.
463 766 692 824 sivero
721 779 759 824 a
784 765 1093 837 superiore
1121 778 1253 823 eam
1281 765 1589 837 baberent,
1616 766 1738 838 iam
1785 766 2084 826 ordinatio
2120 780 2227 838 per
2271 768 2643 839 superiorem

259 841 387 896 eret
414 855 429 894 :
459 836 579 908 ipsi
608 840 808 896 autem
832 840 1038 895 essent
1063 835 1231 895 illius
1256 836 1658 896 ordinationis
1685 851 1809 897 non
1837 837 2202 911 provisores,
2233 838 2340 895 sed
2369 843 2646 897 executo-

207 921 337 968 res.
370 907 618 989 constat
640 912 840 988 autem
857 920 978 988 ‚per
1005 906 1348 978 supradicta
1373 906 1501 980 (lib.
1529 920 1575 976 1,
1613 922 1745 989 cap.
1773 912 1862 978 ll,
1886 913 1947 967 et
1975 908 2090 989 lib..
2104 921 2197 977 111,
2216 909 2460 988 cap.·67)
2481 909 2644 981 quod

210 991 423 1038 omnis
449 977 747 1051 sapientia
769 983 829 1036 et
852 976 1193 1037 intellectus
1211 992 1250 1036 a
1270 990 1510 1037 summo
1536 978 1660 1037 Deo
1679 992 1743 1036 in
1761 978 2045 1037 omnibus
2073 976 2478 1038 intellectibus
2500 994 2644 1039 cau·

210 1054 390 1109 satur
410 1067 430 1119 ;
453 1062 565 1107 nec
588 1048 929 1107 intellectus
949 1047 1169 1121 aliquis
1191 1052 1389 1121 potest
1407 1048 1636 1122 aliquid
1660 1048 1995 1122 intelligere
2020 1047 2141 1106 nisi
2168 1049 2384 1105 virtute
2412 1048 2643 1119 divina3

210 1121 382 1180 sicut
403 1132 516 1177 nec
537 1119 781 1192 aliquod
812 1131 1000 1192 agens
1036 1125 1315 1191 operatur
1340 1118 1461 1177 nisi
1489 1120 1554 1177 in
1576 1124 1865 1193 quantum
1893 1120 2020 1191 agit
2055 1119 2269 1177 virtute
2295 1119 2512 1190 ipsius.
2545 1121 2648 1178 Est

209 1190 406 1264 igitur
420 1190 551 1262 ipse
572 1190 731 1249 Deus
751 1189 1091 1248 immediate
1120 1203 1234 1249 sua
1257 1190 1633 1262 providentia
1651 1190 1854 1249 omnia
1868 1189 2260 1261 dispensans;
2285 1189 2647 1263 quicumque

208 1274 362 1321 vero
390 1260 505 1319 sub
541 1260 675 1333 ipso
703 1260 1047 1333 provisores
1089 1260 1389 1330 dicuntur,
1427 1265 1572 1319 sunt
1619 1260 2007 1333 providentiae
2050 1260 2247 1332 ipsius
2275 1267 2643 1319 executores.

285 1333 579 1397 Praeterea,
610 1331 885 1404 superior
908 1330 1284 1404 providentia
1315 1331 1417 1389 dat
1442 1330 1686 1404 regulas
1727 1331 2115 1405 providentiae
2158 1329 2450 1396 inferiori,
2489 1332 2647 1390 sicut

209 1401 506 1475 politicus
533 1401 635 1460 dat
667 1402 907 1483 regulas
934 1407 994 1460 et
1017 1402 1183 1485 leges
1210 1402 1345 1460 duci
1377 1402 1699 1471 exercitus,
1718 1402 1822 1475 qui
1851 1402 1951 1462 dat
1976 1401 2141 1475 leges
2165 1406 2226 1458 et
2250 1401 2492 1474 regulas
2512 1413 2646 1460 cen·

209 1472 565 1532 turionibus
595 1477 654 1530 et
688 1471 968 1531 tribuniS.
999 1473 1060 1531 Si
1088 1472 1274 1545 igitur
1301 1471 1414 1531 sub
1436 1473 1632 1554 prima
1676 1473 2051 1544 providentia
2097 1471 2202 1530 Dei
2245 1473 2465 1530 sumini
2505 1476 2648 1530 sunt

212 1543 354 1603 aliae
381 1542 792 1615 providentiae,
815 1548 1045 1615 oporiet
1074 1543 1236 1618 quod
1257 1544 1417 1603 Deus
1440 1543 1566 1602 illis
1595 1544 1880 1602 secundis
1906 1544 2001 1601 vel
2021 1542 2214 1601 tertiis
2232 1542 2646 1614 provisoribus

212 1614 321 1673 det
347 1613 590 1688 regulas
606 1614 702 1673 sui
726 1613 1060 1688 regiminis.
1106 1619 1220 1673 Aut
1248 1627 1389 1695 ergo
1418 1614 1520 1672 dat
1547 1614 1638 1672 eis
1667 1614 1908 1686 regulas
1937 1620 1996 1671 et
2037 1613 2203 1687 leges
2250 1614 2645 1684 universaleS,

219 1689 330 1765 aut
354 1684 767 1756 particulares.
809 1685 870 1743 Si
903 1690 1102 1743 autem
1144 1685 1248 1742 dat
1292 1697 1382 1743 eis
1427 1684 1799 1744 universales
1844 1685 2084 1758 regulas
2130 1683 2464 1765 regiminis,
2507 1697 2646 1743 cum

216 1755 600 1814 umversales
620 1770 683 1813 re
731 1754 842 1813 ulae
866 1768 991 1814 non
1023 1755 1262 1827 possint
1285 1768 1521 1825 semper
1543 1756 1616 1814 ad
1644 1755 2027 1827 particularia
2053 1755 2357 1826 applicari,
2387 1755 2647 1813 maxime

215 1825 290 1884 in
323 1824 506 1885 rebus
523 1824 688 1884 mobi
714 1824 872 1897 ibuS,
901 1839 1035 1899 quae
1062 1839 1186 1884 non
1219 1839 1456 1898 semper
1481 1826 1693 1885 eodem
1716 1827 1897 1884 modo
1948 1840 2013 1884 se
2060 1825 2301 1896 habent,
2348 1838 2386 1884 o
2429 1830 2646 1884 orteret

217 1895 382 1969 quod
401 1895 494 1954 illi
521 1895 865 1968 provisores
885 1896 1135 1955 secundi
1156 1897 1248 1954 vel
1279 1897 1439 1954 tertii
1464 1897 1825 1970 quandoque
1841 1901 2052 1969 praetcr
2070 1897 2311 1970 regulas
2333 1897 2386 1955 si
2433 1896 2451 1952 i
2479 1896 2651 1954 datas

219 1964 573 2025 ordinarent
600 1967 675 2025 de
713 1965 895 2025 rebus
924 1981 1051 2026 suae
1094 1966 1426 2039 provisioni
1472 1967 1780 2039 subjectis.
1829 1968 2121 2026 Haberent
2169 1979 2314 2039 ergo
2353 1966 2650 2038 judicium

219 2048 408 2109 super
430 2038 673 2111 regulas
698 2043 994 2112 acceptas,
1018 2037 1260 2111 quando
1293 2038 1627 2098 secundum
1655 2051 1759 2097 eas
1784 2041 2085 2111 oporteret
2108 2050 2306 2110 agere,
2327 2042 2390 2095 et
2409 2037 2650 2110 quando

221 2120 332 2166 eas
349 2109 794 2179 praetermittere
814 2113 1132 2181 oporteret.
1164 2107 1333 2178 Quod
1363 2120 1499 2166 esse
1533 2122 1655 2167 non
1686 2113 1903 2181 potest,
1932 2108 2077 2181 quia
2096 2107 2212 2165 boc
2239 2108 2535 2178 judicium
2575 2107 2650 2167 ad

223 2179 598 2259 superiorem
620 2178 895 2250 pertinet.
924 2181 1068 2237 Nam
1101 2178 1232 2260 ejus
1250 2183 1343 2238 est
1367 2178 1743 2251 interpretari
1775 2179 1941 2253 leges
1962 2183 2022 2236 et
2053 2178 2401 2249 dispensare
2430 2179 2495 2236 in
2537 2179 2650 2248 eis,

220 2261 401 2321 cuius
427 2253 522 2308 est
547 2262 651 2307 eas
674 2248 953 2307 condere.
979 2250 1103 2306 Hoc
1131 2249 1316 2320 igitur
1335 2248 1631 2319 iudicium
1660 2249 1734 2307 de
1760 2249 1988 2321 regulis
2026 2249 2471 2307 universalibus
2496 2247 2652 2308 datis

221 2323 463 2400 oportet
488 2319 650 2392 quod
676 2316 782 2400 fiat
805 2332 914 2390 per
936 2331 1008 2399 su
1053 2332 1280 2377 remum
1305 2318 1696 2399 provisorem.
1719 2319 1892 2399 Quod
1918 2319 2159 2400 quidem
2190 2332 2325 2399 esse
2355 2333 2477 2378 non
2510 2333 2652 2391 pos·

223 2393 341 2459 set,
389 2402 443 2447 si
479 2402 549 2448 se
593 2388 958 2447 ordinationi
1049 2402 1220 2447 orum
1267 2390 1668 2461 singularium
1714 2393 2056 2447 immediate
2100 2401 2222 2447 non
2266 2391 2650 2447 immisceret.

227 2459 473 2532 Oportet
493 2459 679 2533 igitur
705 2459 1037 2519 secundum
1065 2460 1181 2519 hoc
1195 2460 1355 2536 quod
1377 2460 1458 2519 sit
1483 2459 1699 2519 borum
1715 2459 2096 2518 immediatus
2119 2460 2413 2531 provisor.
2430 2459 2490 2518 Si
2509 2471 2652 2518 vero

226 2530 479 2589 secundi
508 2536 568 2588 et
588 2531 748 2589 tertii
774 2531 1116 2605 provisores
1161 2545 1198 2590 a
1236 2544 1475 2589 summo
1515 2532 1826 2602 provisore
1869 2529 2262 2612 particulares
2306 2529 2548 2610 regulas
2593 2534 2653 2588 et

223 2601 395 2673 leges
419 2601 738 2673 accipiunt,
769 2601 1084 2659 manifeste
1110 2615 1183 2673 ap
1227 2607 1371 2670 aret,
1402 2600 1565 2674 quod
1592 2601 1810 2660 horum
1834 2600 2234 2673 singularium
2267 2600 2568 2659 ordinatio
2586 2598 2655 2658 fit

225 2670 572 2730 immediate
588 2685 695 2744 per
720 2671 983 2731 divinam
1009 2673 1174 2754 provi
1220 2672 1463 2729 entiam.

299 2743 576 2813 Amplius,
603 2755 839 2814 semper
864 2755 1141 2814 provisor
1167 2742 1442 2814 superior
1467 2740 1650 2800 babet
1667 2741 1962 2814 judicium
1991 2740 2067 2798 de
2094 2740 2194 2800 bis
2219 2754 2354 2814 quae
2381 2741 2458 2801 ab
2500 2741 2653 2800 inre·

227 2812 494 2872 rioribus
517 2813 930 2885 provisoribus
960 2813 1331 2883 ordinantur,
1360 2818 1560 2871 utrum
1591 2813 1714 2871 sint
1735 2812 1887 2870 bene
1907 2811 2202 2882 ordinata,
2230 2824 2441 2870 necne.
2463 2812 2524 2869 Si
2545 2811 2655 2884 igi·

227 2888 330 2942 tur
355 2883 606 2943 secundi
635 2883 979 2956 provisores
1004 2883 1099 2941 vel
1125 2882 1283 2941 tertii
1317 2883 1441 2942 sint
1481 2881 1597 2941 sub
1638 2885 1760 2941 Deo
1808 2883 2003 2955 primo
2049 2882 2358 2954 provisore
2421 2886 2657 2954 oportet

227 2954 394 3026 quod
417 2956 577 3013 Deus
597 2953 892 3037 judicium
921 2953 1137 3013 habeat
1170 2954 1252 3034 ,de
1275 2953 1374 3012 his
1397 2967 1531 3034 quie
1558 2952 1634 3013 ab
1662 2954 1752 3035 eis
1788 2954 2144 3011 ordinantur
2172 2970 2222 3034 ε,
2262 2924 2382 3011 uod
2410 2953 2653 3026 quidem

230 3037 371 3085 esse
397 3037 522 3082 non
547 3029 765 3098 potest,
796 3038 850 3083 si
880 3024 1095 3083 borum
1132 3038 1228 3083 sin
1275 3024 1532 3083 ularium
1571 3025 1842 3082 ordinem
1886 3036 2012 3081 non
2052 3036 2224 3083 consi
2270 3029 2416 3084 erat.
2468 3022 2656 3082 Habet

229 3107 379 3169 ergo
405 3095 537 3167 ipse
562 3108 670 3167 per
701 3095 970 3167 seipsum
994 3109 1200 3154 curam
1228 3039 1301 3153 ge
1329 3095 1427 3154 his
1456 3094 1889 3176 singularibus.
1988 3164 2001 3177 ⁶
2227 3165 2241 3176 ·

301 3165 521 3229 Adhuc,
554 3165 788 3225 sinetis
815 3179 921 3238 per
946 3166 1214 3238 seipsum
1249 3165 1590 3224 immediate
1618 3166 1905 3223 inferiora
1950 3163 2284 3237 singularia
2310 3177 2436 3223 non
2462 3169 2653 3235 curat,

229 3237 352 3299 hoc
379 3249 505 3294 non
533 3241 628 3295 est
654 3236 773 3295 nisi
797 3236 890 3294 vel
1005 3237 1068 3295 ia
1092 3249 1164 3294 ea
1189 3235 1461 3308 despicit,
1496 3237 1591 3295 vel
1619 3249 1693 3294 ne
1720 3236 1852 3309 ejus
1880 3235 2145 3307 dignitas
2178 3235 2545 3308 inquinetur,
2588 3240 2659 3294 ut

229 3306 478 3390 quidam
503 3306 711 3366 dicunt
729 3252 1016 3388 (Averrtlli.,
1032 3307 1308 3378 metaph„
1326 3318 1433 3377 xii,
1455 3311 1598 3365 text.
1619 3320 1837 3366 comm.
1859 3310 1926 3364 37
1948 3311 2010 3388 et
2028 3306 2140 3387 ὃς).
2158 3307 2280 3365 Hoc
2296 3305 2658 3386 autemjrra-

227 3376 523 3439 tionabile
541 3382 666 3448 est3
688 3390 827 3435 nam
848 3377 1094 3451 dignius
1113 3384 1202 3436 est
1215 3377 1461 3449 provide
1477 3378 1816 3451 aliquorum
1834 3374 2274 3436 ordinationem
2293 3380 2653 3449 excogitare,

231 3460 417 3522 quain
439 3448 504 3505 in
534 3447 627 3507 eis
647 3448 901 3520 operari.
931 3448 993 3506 Si
1019 3448 1037 3505 i
1088 3448 1203 3506 'tur
1224 3450 1383 3507 Deus
1402 3449 1467 3507 in
1485 3449 1770 3507 omnibus
1794 3453 2093 3520 operatur,
2115 3447 2272 3505 sicut
2298 3458 2483 3518 supra
2499 3447 2655 3518 (cap.

229 3519 322 3592 67)
353 3523 667 3601 ostensum
693 3522 806 3589 est,
832 3532 943 3600 nec
970 3462 1182 3577 ingl-'icc
1209 3518 1437 3591 aliquid
1481 3518 1615 3591 ejus
1644 3517 1943 3599 ,dignitati
1993 3516 2335 3589 derogatur,
2382 3516 2655 3597 qui-nimo

227 3593 490 3663 pertinet
512 3588 590 3651 ad
617 3602 758 3661 ejus·
774 3589 1112 3648 universale
1203 3593 1263 3646 et
1285 3602 1583 3648 summam
1602 3594 1901 3658 virtutem,
1929 3587 2100 3645 nullo
2127 3587 2308 3645 modo
2326 3586 2659 3667 despicien-

229 3661 377 3719 dum
405 3664 499 3720 est
516 3660 595 3741 ei,
624 3659 719 3718 vel
727 3659 785 3742 ej
795 3673 866 3718 us
884 3660 942 3718 di
988 3659 1115 3719 nita
1139 3666 1234 3718 ern
1261 3659 1679 3730 commaculat,
1696 3659 1753 3719 si
1778 3659 1940 3720 circa
1961 3657 2091 3717 haec
2106 3656 2658 3731 singulariaimme·

231 3731 391 3791 diate
408 3730 843 3803 providentiam
866 3730 946 3789 ha
988 3734 1102 3789 eat.

298 3803 457 3870 Item,
486 3801 686 3861 omnis
712 3801 957 3873 sapiens
977 3801 1081 3873 qui
1109 3799 1354 3882 provide
1380 3814 1496 3860 sua
1510 3800 1729 3860 virtute
1754 3800 1962 3871 utitur,
1988 3799 2056 3857 in
2101 3799 2338 3872 agendo
2382 3798 2654 3880 modera-

211 3877 334 3933 .tur
357 3884 488 3951 suae
513 3871 748 3930 virtutis
775 3884 976 3935 usum,
999 3870 1289 3931 ordinans
1312 3869 1388 3930 ad
1415 3870 1561 3944 quid
1588 3876 1649 3930 et
1713 3876 1960 3930 uantum
1985 3871 2332 3942 provenien
2358 3869 2512 3929 alias
2536 3882 2657 3927 vir·

233 3945 336 3999 tus
357 3954 425 3997 in
447 3940 679 4013 agendo
707 3943 1061 4014 sapientiam
1098 3954 1224 3999 non
1260 3947 1629 4013 sequeretur.
1718 3947 1920 4001 onstat
1962 3947 2162 3999 autem
2203 3954 2277 3998 ex
2322 3941 2654 4011 praemissis

228 4007 400 4141 ἅμερα
428 4007 631 4091 divina
653 4011 843 4093 virtus
868 4013 935 4072 in
958 4011 1263 4094 operando
1291 4025 1483 4093 usque
1511 4011 1587 4070 ad
1630 4010 1841 4072 infima
1877 4024 2077 4071 rerum
2121 4010 2425 4083 pervenit;
2469 4012 2655 4092 igitur

299 4093 441 4137 vina
462 4087 757 4150 sapientia
778 4087 873 4141 est
898 4083 1233 4142 ordinativa
1265 4096 1390 4155 qui,
1431 4086 1491 4139 et
1525 4088 1693 4155 quot,
1739 4088 1798 4141 et
1837 4083 2094 4155 qualiter
2138 4095 2215 4140 ex
2259 4084 2391 4154 ejus
2432 4088 2653 4143 virtute

228 4149 701 4226 progrediantur
725 4150 994 4223 effectus,
1018 4155 1196 4211 etiam
1232 4152 1297 4210 in
1327 4150 1554 4210 infimis
1573 4153 1772 4212 rebus.
1801 4154 1904 4210 Est
1925 4153 2111 4226 igitur
2135 4152 2268 4223 ipse
2312 4151 2657 4214 immediate

227 4235 352 4281 sua
363 4220 742 4302 providentia
768 4224 1038 4282 omnium
1055 4236 1254 4282 rerum
1283 4222 1552 4281 ordinem
1575 4223 1945 4296 excogitans.

306 4294 459 4351 Hinc
479 4297 572 4349 est
595 4291 757 4365 quod
783 4291 1021 4363 dicitur,
1049 4295 1244 4363 Rom„
1274 4305 1405 4363 xm,
1437 4297 1461 4350 ι
1491 4292 1654 4361 :Quae
1679 4298 1860 4350 autem
1877 4295 2024 4361 emit,
2046 4305 2084 4347 a
2106 4292 2216 4349 Deo
2232 4291 2653 4352 ordinatasimt.

230 4363 302 4422 Et
325 4365 353 4420 J
362 4361 553 4431 udith,
583 4374 666 4433 lx,
694 4365 798 4420 14:
832 4364 915 4419 Tu
937 4365 1120 4431 fecisti
1134 4367 1351 4437 priora,
1379 4367 1432 4419 et
1452 4363 1556 4418 illa
1575 4369 1701 4435 post
1742 4363 1846 4421 illa
1886 4364 2161 4435 cogitasti,
2210 4368 2264 4421 et
2302 4364 2402 4422 Ιιοο
2441 4366 2655 4432 tactum

231 4432 488 4505 estquod
509 4436 630 4506 ipse
651 4434 894 4492 voluisti.
926 4432 976 4508 (Ι
1005 4442 1182 4509 part„
1201 4449 1262 4508 q.
1292 4445 1443 4505 xxii,
1471 4437 1582 4493 art.
1609 4431 1693 4507 3.)
2249 4437 2253 4441 ’
