3076 5025
502 343 607 397 502
1397 332 1530 386 Llss.
1573 332 1663 399 lV,
1702 332 1854 386 CAP.
1895 332 2037 386 vm.

503 461 657 518 idem
707 463 868 516 sunt.
903 455 1064 513 Unde
1109 453 1577 525 communicatio
1629 453 1843 510 divinae
1892 459 2117 510 naturae
2164 458 2255 509 est
2301 451 2480 509 etiam
2517 450 2691 508 intelli
2731 451 2874 512 entire

502 528 988 589 communicatio
1019 524 1493 585 communicatio
1528 529 1724 581 autem
1753 522 2162 595 intelligentiae
2192 522 2617 579 demonstratio
2641 536 2700 577 ve
2746 523 2877 580 locu-

503 601 588 658 tio
626 600 752 657 sive
790 598 1065 656 doctrina
1098 602 1295 667 potest
1351 595 1491 653 dici.
1516 596 1627 651 Per
1653 595 1766 651 hoc
1805 608 1948 666 ergo
1980 594 2137 666 quod
2166 594 2351 651 Filius
2397 607 2507 650 sua
2557 592 2824 649 nativitate
2848 608 2878 651 a

508 673 679 729 Patre
712 676 984 726 naturam
1014 667 1274 724 divinam
1306 665 1619 736 acceperit,
1651 664 1869 721 dicitur
1906 665 1993 721 vel
2023 680 2059 721 a
2090 667 2255 722 Patre
2286 662 2605 733 audivisse,
2632 663 2715 719 vel
2742 665 2885 721 Pater
2992 729 2993 736 ἵ

508 741 561 800 ei
593 740 1066 806 demonstrasse,
1091 736 1184 794 vel
1219 737 1270 794 si
1303 736 1446 808 quid
1475 735 1637 793 aliud
1669 735 1866 792 simile
1895 734 2112 808 legitur
2140 734 2199 791 in
2229 734 2582 805 Scripturis;
2615 746 2723 790 non
2750 733 2880 804 quod

503 811 672 884 prius
720 811 909 867 Filius
957 810 970 863 i
1023 821 1244 865 uorans
1287 812 1391 864 aut
1436 805 1719 863 nesciens
1766 805 1963 874 suerit,
1997 811 2055 861 et
2105 811 2240 876 post
2283 805 2525 863 modum
2570 817 2698 860 eum
2745 806 2885 861 Pater

503 880 773 940 docuerit
797 899 809 949 ;
837 824 1155 936 coniftetur
1183 877 1341 934 enim
1366 876 1691 948 Apostolus
1722 876 1994 933 Christum
2018 878 2118 931 Dei
2134 879 2390 930 virtutem
2410 879 2462 930 et
2489 877 2588 930 Dei
2604 877 2884 944 sapieniam

506 953 559 1023 (I
581 952 725 1014 Gor„
753 965 794 1018 1,
825 952 956 1020 24);
992 963 1110 1006 non
1139 954 1232 1005 est
1256 953 1451 1005 autem
1472 945 1763 1019 possibile
1789 947 1949 1019 quod
1971 947 2264 1019 sapientia
2291 947 2371 1004 sit
2393 947 2696 1018 ignorans,
2725 958 2883 1017 neque

505 1021 665 1095 quod
695 1021 885 1077 virtus
913 1018 1264 1076 infirmetur.

579 1092 716 1149 ldeo
747 1090 922 1147 etiam
967 1089 1127 1162 quod
1159 1089 1375 1145 dicitur
1406 1106 1421 1144 ε
1448 1090 1572 1147 Non
1614 1092 1788 1158 potest
1829 1089 2003 1143 Filius
2026 1104 2063 1143 a
2082 1102 2137 1143 se
2158 1088 2339 1154 facere
2365 1087 2664 1158 quidquam
2685 1086 2881 1156 (Ionium,

505 1176 566 1219 V.
602 1162 688 1231 19)
742 1161 967 1218 nullam
1013 1159 1417 1216 infirmitatem
1467 1158 1683 1231 agendi
1715 1158 2086 1216 demonstrat
2115 1158 2177 1214 in
2209 1158 2397 1224 Fili03
2432 1158 2560 1226 sed,
2592 1169 2763 1229 quum
2790 1158 2885 1214 Deo

506 1245 630 1290 non
660 1232 738 1289 sit
767 1231 931 1288 aliud
956 1245 1131 1303 agere
1161 1243 1338 1302 quam
1369 1242 1529 1297 esse,
1557 1242 1667 1286 nec
1697 1242 1809 1286 sua
1835 1229 1993 1287 actio
2019 1229 2099 1287 sit
2126 1228 2286 1285 aliud
2315 1242 2493 1301 quam
2511 1242 2622 1285 sua
2643 1227 2883 1294 essentia,

509 1307 577 1360 ut
604 1316 783 1371 supra
840 1302 877 1357 l,
910 1315 950 1368 1,
976 1315 1029 1356 c.
1063 1301 1153 1370 45)
1182 1299 1474 1371 probatuu
1505 1305 1618 1365 est,
1652 1299 1733 1356 ita
1758 1299 1975 1357 dicitur
2020 1299 2181 1369 quod
2210 1299 2397 1356 Filius
2426 1312 2546 1356 non
2577 1298 2762 1369 possit
2782 1310 2882 1354 ase

510 1387 707 1442 agere,
737 1387 803 1429 se
894 1377 1031 1444 agat
1060 1386 1095 1428 a
1123 1373 1313 1438 Patre,
1343 1371 1500 1428 sicut
1548 1370 1708 1442 quod
1736 1383 1854 1428 non
1906 1376 2103 1442 potest
2132 1385 2166 1427 a
2212 1384 2277 1427 sc
2324 1383 2481 1437 esse,
2517 1368 2622 1426 sed
2669 1368 2885 1427 soluma

508 1446 699 1500 Patre.
730 1443 790 1501 Si
838 1443 995 1500 enim
1026 1457 1061 1499 a
1101 1454 1165 1498 se
1197 1446 1377 1508 esset,
1410 1440 1534 1512 jam
1588 1439 1773 1496 Filius
1802 1453 1921 1498 non
1970 1448 2166 1508 esset;
2196 1442 2353 1498 sicut
2394 1453 2540 1512 ergo
2585 1439 2760 1496 Filius
2793 1451 2884 1495 non
2992 1483 2993 1492 ,

509 1518 706 1585 polest
735 1526 856 1571 uon
884 1526 1019 1570 esse
1061 1511 1269 1579 Filius,
1300 1511 1382 1568 ita
1409 1526 1444 1569 a
1473 1525 1537 1567 se
1572 1524 1749 1581 agere
1778 1523 1897 1566 non
1930 1517 2143 1581 potest.
2177 1512 2328 1579 Quia
2353 1524 2494 1568 vero
2522 1509 2780 1568 eamdem
2804 1522 2880 1565 iia-
2992 1537 2993 1540 =

511 1589 705 1641 turam
731 1584 945 1654 accipit
985 1582 1171 1640 Filius
1207 1596 1387 1655 quam
1418 1581 1597 1638 habet
1628 1583 1798 1638 Pater
1825 1586 1882 1637 et
1911 1596 1984 1638 ex
2026 1582 2420 1652 consequenti
2452 1580 2717 1638 eamdem
2742 1579 2886 1636 virtu·

508 1659 714 1723 tutem,
748 1654 882 1711 licet
914 1652 1098 1711 Filius
1127 1669 1160 1709 a
1190 1666 1257 1710 se
1287 1665 1408 1709 non
1439 1652 1518 1709 sit
1549 1664 1657 1708 nec
1688 1666 1722 1708 a
1756 1666 1821 1708 se
1843 1656 2139 1722 operetur,
2170 1657 2369 1709 tamen
2398 1656 2491 1708 est
2520 1666 2626 1722 per
2650 1664 2711 1709 se
2737 1655 2790 1707 et
2810 1661 2887 1720 per

509 1738 577 1805 se
604 1730 884 1795 operatur
908 1742 922 1792 ;
950 1725 1110 1803 quia,
1143 1723 1301 1780 sicut
1328 1729 1420 1780 est
1447 1736 1554 1793 per
1578 1723 1879 1794 propriam
1912 1728 2180 1780 naturam
2210 1736 2388 1794 quam
2420 1721 2650 1793 accepit
2677 1736 2708 1778 a
2734 1723 2882 1786 Patre.
2992 1719 2993 1796 ξ

509 1801 594 1850 ita
623 1809 727 1874 per
781 1807 1079 1874 propriam
1111 1800 1384 1852 naturam
1415 1807 1452 1850 a
1496 1795 1667 1850 Patre
1720 1798 2020 1865 acceptam
2066 1798 2364 1865 operatur.
2396 1793 2587 1856 Unde,
2618 1797 2883 1863 postquam

507 1865 801 1921 Dominus
848 1863 1078 1920 dixerat
1108 1881 1121 1920 t
1151 1866 1273 1922 Non
1321 1867 1494 1934 potest
1531 1864 1707 1919 Filius
1753 1880 1789 1917 a
1826 1879 1882 1919 se
1918 1866 2100 1932 facere
2134 1864 2454 1935 quidquam,
2484 1869 2553 1920 ut
2599 1861 2885 1920 ostenderet

511 1934 690 2006 quod,
720 1935 857 1989 licet
884 1947 1006 1990 non
1034 1947 1072 1990 a
1118 1947 1206 2002 se,
1236 1939 1434 1990 tamen
1455 1931 1568 2003 'per
1611 1947 1677 1990 se
1708 1934 1894 1992 Filius
1943 1940 2240 2005 operatur,
2267 1933 2583 2006 subJungit
2618 1952 2632 1991 :
2661 1933 2887 2001 Quaeeim-

508 2019 614 2075 que
639 2005 731 2059 ille
750 2006 959 2072 fecerit,
992 2002 1224 2061 scilicet
1249 2006 1441 2071 Pater,
1470 2004 1582 2059 liaec
1609 2008 1660 2058 et
1684 2006 1857 2059 Filius
1889 2006 2143 2061 similiter
2167 2007 2326 2074 facit,
2351 2005 2594 2085 (Ionum,
2623 2017 2683 2073 v,
2715 2003 2808 2071 19).

580 2076 661 2130 Ex
712 2074 1044 2144 praemissis
1089 2074 1265 2130 etiam
1319 2080 1562 2144 apparet
1609 2074 1865 2145 qualiter
1910 2077 2084 2132 Pater
2126 2076 2428 2146 praecipiat
2458 2075 2634 2144 Fili0,
2664 2079 2718 2130 et
2746 2072 2888 2130 Filius

510 2143 750 2202 obediat
801 2144 978 2211 Patri,
1012 2149 1114 2200 aut
1166 2147 1395 2200 Patrem
1426 2148 1574 2211 oret,
1605 2148 1708 2200 aut
1761 2144 2028 2202 mittatur
2056 2160 2093 2203 a
2131 2148 2335 2215 Patre;
2368 2146 2497 2203 haec
2546 2145 2703 2202 enim
2730 2143 2890 2202 omnia

510 2214 658 2273 Filio
706 2214 1070 2271 conveniunt
1104 2215 1441 2294 ‘secundum
1473 2213 1634 2285 quod
1666 2220 1760 2270 est
1806 2216 1960 2272 Patri
1990 2216 2319 2288 subjectuS,
2350 2216 2512 2288 quod
2547 2230 2666 2274 non
2695 2221 2774 2272 est
2800 2211 2887 2269 nisi

512 2284 840 2343 secundum
873 2285 1300 2342 humanitatem
1350 2290 1740 2355 assumptam,
1766 2289 1835 2342 ut
1880 2291 2192 2344 ostensum
2223 2292 2315 2344 est
2348 2305 2362 2355 ;
2392 2289 2570 2343 Pater
2606 2300 2740 2358 ergo
2775 2283 2889 2341 Filio

506 2356 775 2426 praecipit
819 2360 888 2411 ut
930 2355 1199 2425 subjecto
1245 2355 1361 2412 sibi
1410 2354 1743 2412 secundum
1786 2356 2110 2414 humanam
2156 2363 2451 2416 naturam.
2486 2360 2555 2414 Et
2605 2357 2714 2414 hoc
2752 2355 2889 2412 etiam

507 2424 689 2482 verba
716 2425 951 2482 Domini
983 2425 1385 2482 manifestant.
1413 2428 1581 2492 Nam,
1612 2438 1749 2482 cum
1812 2428 2101 2486 Dominus
2132 2428 2328 2485 dicat:
2361 2430 2427 2484 Ut
2451 2431 2736 2497 cognoscat
2767 2439 2887 2480 mmi-

507 2494 611 2551 dus
641 2498 775 2566 quia
801 2496 973 2565 diliqo
995 2498 1232 2559 Patrem,
1263 2501 1315 2552 et
1342 2499 1482 2552 sicut
1508 2495 1830 2553 mandatum
1858 2496 2009 2553 dedit
2033 2500 2174 2554 milii
2196 2500 2378 2568 Pater,
2408 2501 2487 2555 sic
2515 2501 2665 2567 facio
2692 2497 2887 2567 (Joamt.
2988 2483 2991 2539 3

506 2577 636 2635 xm,
669 2565 783 2638 31),
812 2567 973 2638 quod
1043 2567 1123 2624 sit
1165 2567 1326 2625 istud
1377 2567 1745 2637 mandalum,
1772 2570 2108 2626 ostenditur
2150 2584 2256 2640 per
2295 2570 2356 2626 id
2404 2570 2570 2641 quod
2614 2567 2890 2628 subditur:

504 2636 744 2705 surpite,
778 2652 961 2717 eamus
991 2637 1153 2703 λίπος
1187 2638 1301 2695 hoc
1328 2638 1487 2696 enim
1542 2637 1687 2695 dixit
1734 2639 1805 2695 ad
1849 2641 2193 2709 passionem
2243 2639 2560 2707 accedens,
2594 2639 2888 2697 mandatum

506 2713 703 2763 autem
762 2707 1022 2777 patiendi
1069 2709 1455 2765 manifestum
1503 2714 1597 2765 est
1644 2707 1791 2766 Filio
1857 2723 1977 2767 non
2035 2716 2391 2783 competere,
2422 2712 2547 2768 nisi
2607 2707 2888 2769 secundum

506 2775 829 2834 humanam
867 2784 1159 2834 naturam.
1192 2779 1496 2845 Similiter,
1535 2778 1634 2835 ubi
1664 2779 1746 2834 ait
1780 2798 1792 2834 :
1820 2780 1883 2836 Si
1901 2787 2179 2852 praecepta
2214 2798 2333 2836 mea
2358 2785 2727 2844 servaveritis,
2756 2792 2890 2835 mane·

507 2847 634 2927 bitis
661 2850 723 2903 ἐκ
769 2848 1053 2903 dilectione
1091 2864 1230 2918 mea,
1258 2852 1400 2904 sicut
1425 2854 1478 2903 et
1505 2864 1601 2917 eqo
1643 2851 1831 2904 Patris
1858 2853 1963 2905 mei
1991 2857 2264 2922 praecepta
2302 2855 2542 2920 servavi,
2572 2858 2627 2909 et
2661 2866 2829 2908 maneo
2848 2851 2887 2902 ia

503 2917 943 2998 ejus-dilectione
979 2920 1218 2989 (lanam,
1250 2931 1355 2990 xv,
1389 2920 1498 2991 to),
1528 2918 1912 2978 manifestum
1956 2927 2048 2979 est
2093 2922 2217 2979 haec
2262 2929 2555 2995 praecepta
2597 2922 2673 2980 ad
2716 2921 2885 2979 Filium

502 2992 802 3114 gei-tinere
849 2994 1024 3058 prout
1078 3002 1113 3046 a
1157 2991 1329 3047 Patre
1375 2989 1735 3061 diligebatur
1784 2996 1845 3048 ut
1886 2991 2088 3062 homo,
2121 2993 2280 3051 sicut
2332 2994 2459 3064 ipse
2509 2992 2824 3064 discipulos
2848 2992 2891 3044 ut

549 3058 783 3115 omines
829 3057 1131 3129 diligebat.
1166 3062 1232 3116 Et
1273 3059 1435 3132 quod
1483 3066 1776 3141 praecepta
1806 3064 1996 3120 Patris
2043 3063 2115 3120 ad
2164 3064 2376 3121 Filium
2423 3063 2769 3135 accipienda
2802 3058 2890 3118 sint

504 3128 837 3208 secundum
873 3129 1216 3211 ,humanam
1256 3136 1529 3188 naturam
1561 3145 1598 3187 a
1641 3131 1790 3187 Filio
1839 3139 2230 3214 assumptam,
2263 3134 2596 3205 Apostolus
2647 3130 2888 3195 ostendit.

505 3197 730 3256 docens
780 3198 991 3256 Filium
1045 3199 1420 3281 obedientem
1468 3201 1626 3258 Patri
1673 3201 1862 3259 fuisse
1891 3203 1955 3259 in
2005 3202 2100 3261 his
2128 3219 2259 3276 quae
2286 3205 2589 3275 peitinent
2617 3205 2691 3263 ad
2723 3205 2887 3259 liuma-

505 3280 644 3325 nam
695 3275 967 3326 naturam
995 3288 1010 3338 ;
1038 3269 1182 3328 dicit
1243 3272 1405 3328 enim
1435 3289 1450 3328 ε
1481 3274 1680 3327 Factus
1724 3277 1816 3331 est
1873 3274 2120 3331 obediens
2158 3276 2315 3332 Patri
2363 3291 2536 3345 usque
2573 3276 2651 3331 ad
2691 3276 2890 3330 morian.

502 3337 692 3464 &Phia
723 3352 788 3407 11,
813 3340 890 3411 8).
922 3340 1193 3398 Ostendit
1218 3341 1396 3399 etiam
1445 3341 1770 3423 Apostolus
1801 3344 1961 3414 quod
2006 3358 2176 3402 orare
2200 3346 2346 3403 Filio
2376 3347 2696 3403 conveniat
2719 3353 2892 3403 secun·

547 3422 645 3465 um
695 3409 1015 3467 humanam
1062 3412 1545 3481 naturam3dicit
1585 3412 1743 3470 enim
1814 3414 1994 3487 quod,
2022 3418 2081 3470 in
2124 3416 2312 3471 diebus
2358 3419 2543 3472 earnis
2592 3432 2720 3478 suae,
2750 3423 2890 3485 preces
2988 3430 2989 3481 3

499 3480 1026 3550 supplicationesque
1051 3482 1128 3537 ad
1152 3498 1271 3537 eum
1299 3486 1397 3553 qui
1432 3486 1609 3554 possit
1629 3485 1785 3539 illum
1826 3487 2039 3542 salvum
2064 3489 2246 3553 facere
2269 3503 2305 3541 a
2344 3492 2530 3550 morte,
2563 3503 2686 3542 cum
2706 3486 2892 3542 clamen

498 3550 686 3605 valido
731 3555 782 3605 et
828 3552 1375 3633 lacrymis-offerens,
1402 3555 1696 3610 exauditus
1729 3559 1808 3611 est
1843 3572 1950 3626 pro
1997 3572 2098 3612 sua
2140 3560 2458 3613 reuerentia.
2512 3557 2720 3628 (Hebr.,
2758 3568 2811 3622 v,
2834 3549 2891 3619 7.)

499 3621 835 3703 Secundum
859 3623 1004 3691 quid
1034 3627 1211 3680 etiam
1242 3625 1469 3682 missus
1499 3639 1535 3682 a
1566 3628 1733 3682 Patre
1760 3626 1992 3684 dicatur
2016 3628 2339 3698 Apostolus
2368 3628 2657 3697 ostendit,
2674 3627 2888 3684 dicens:

497 3692 654 3771 quzt
678 3693 820 3748 Deus
861 3693 1064 3748 Filium
1108 3709 1284 3758 suum,
1309 3698 1520 3764 sactum
1561 3712 1629 3750 επ
1669 3697 1891 3752 muliere
1922 3698 2151 3767 (Galat.,
2184 3711 2270 3767 IV,
2297 3698 2351 3769 4)
2378 3716 2393 3767 ;
2422 3711 2494 3755 co
2524 3711 2673 3769 ergo
2715 3694 2894 3754 dicitur

499 3773 731 3819 missus
778 3763 938 3833 quod
983 3768 1076 3820 est
1119 3764 1313 3823 factus
1360 3781 1432 3823 ex
1486 3766 1769 3836 mulier-<33
1800 3768 1962 3840 quod
2006 3768 2249 3840 quidem
2314 3768 2650 3826 secundum
2692 3775 2891 3825 carnem

499 3838 868 3913 assumptam
897 3841 1122 3891 certum
1153 3842 1246 3893 est
1273 3835 1388 3894 sibi
1419 3838 1761 3895 convenire.

578 3905 745 3983 Patet
766 3905 1146 3985 igiturquod
1177 3920 1281 3977 per
1329 3907 1456 3964 haec
1485 3909 1690 3965 omnia
1735 3921 1858 3966 non
1904 3913 2103 3981 potest
2130 3909 2367 3968 ostendi
2406 3909 2594 3967 Filius
2619 3906 2770 3966 Patri
2787 3916 2892 3962 esse

498 3971 827 4044 subjectus,
855 3965 972 4033 nisi
1006 3977 1336 4034 secundum
1364 3979 1686 4036 humanam
1718 3986 2014 4038 naturam.
2859 4042 2869 4052 ,

546 4044 697 4123 ⁶Sed
723 4051 920 4126 tamen
952 4046 1263 4104 sciendum
1296 4054 1388 4104 est
1415 4049 1576 4121 quod
1606 4049 1791 4108 Filius
1834 4051 1984 4108 mitti
2012 4064 2048 4108 a
2073 4054 2242 4109 Patre
2271 4051 2487 4110 dicitur
2514 4051 2694 4108 etiam
2720 4045 2890 4105 invisi·

497 4109 701 4170 biliter
746 4128 808 4171 in
856 4123 1146 4188 quantum
1186 4120 1364 4186 Deus,
1421 4119 1556 4176 sine
1609 4120 1953 4192 praejudicio
1996 4123 2354 4194 aequalitatis
2399 4135 2572 4194 quam
2634 4120 2799 4178 habet
2835 4110 2888 4172 ad

496 4181 752 4253 Patrem,
781 4190 849 4242 ut
888 4187 1047 4245 infra
1089 4187 1163 4260 (c.
1192 4188 1284 4262 23)
1324 4189 1695 4261 ostendetur,
1725 4205 1910 4265 quum
1957 4198 2167 4266 agetur
2211 4194 2283 4251 de
2335 4192 2626 4251 missione
2670 4188 2888 4262 Spiritus
2986 4232 2987 4235 ,

497 4259 869 4399 εᾶῑὲῖἓὶἣίῑει·
895 4328 1073 4384 etiam
1119 4333 1280 4399 patet
1306 4329 1488 4402 quod,
1518 4345 1625 4402 per
1653 4332 1765 4389 hoc
1795 4334 1955 4405 quod
1983 4334 2169 4393 Filius
2197 4350 2233 4392 a
2255 4338 2426 4392 Patre
2454 4331 2800 4391 clarificatur
2817 4321 2884 4407 ise!

497 4398 825 4450 suscitatur
842 4396 936 4452 vel
955 4399 1268 4470 exaltatur,
1286 4413 1407 4457 non
1429 4407 1628 4471 potest
1654 4404 1890 4460 ostendi
1913 4406 2074 4477 quod
2090 4406 2193 4462 Fili
2203 4419 2273 4463 us
2286 4406 2361 4462 sit
2380 4406 2574 4462 minoi·
2593 4407 2774 4467 Patre,
2794 4406 2885 4453 nim

496 4463 830 4525 secundum
878 4465 1203 4528 humanam
1262 4476 1557 4532 naturam.
1592 4475 1724 4533 Non
1776 4475 1936 4535 enim
1992 4477 2181 4536 Filius
2226 4476 2648 4536 clarificatione
2692 4467 2886 4540 indiget
