3076 5025
425 283 534 340 352
1282 276 1417 334 LIB.
1455 276 1555 344 111,
1595 275 1749 333 GAP.
1790 274 1990 333 Lxxn.

428 400 586 460 sicut
613 403 900 471 quantum
929 397 1157 456 bonum
1188 396 1271 457 sit
1308 397 1540 456 sanitas
1567 395 1789 454 infirmi
1820 395 2078 454 maxime
2105 400 2501 468 cognoscunt,
2532 395 2637 469 qui
2683 394 2868 455 etiam

428 471 504 531 ad
534 483 660 527 eam
693 470 888 540 magis
920 468 1205 527 exardent
1229 481 1407 540 quam
1435 466 1591 526 sani.
1621 469 1751 525 Non
1781 467 1965 540 igitur
1988 466 2245 539 pertinet
2270 467 2347 525 ad
2382 466 2645 525 divinam
2670 467 2873 539 provi-

427 541 690 602 dentiam
716 540 872 598 mala
901 553 939 598 a
962 540 1144 598 rebus
1174 539 1437 598 totaliter
1464 537 1799 596 excludere.

502 615 746 683 Propter
774 610 934 683 quod
983 609 1202 668 dicitur
1234 611 1500 666 :Faciens
1521 623 1730 680 pacem,
1754 612 1805 662 et
1831 623 2019 663 creans
2044 609 2251 665 malum
2294 608 2425 680 (Isa.
2474 619 2616 678 nv,
2639 607 2733 680 7);
2758 612 2822 666 et
2848 625 2867 670 t

427 683 493 744 Si
517 684 622 738 erit
646 682 852 738 malum
877 682 940 736 in
967 682 1189 736 civitate
1215 679 1361 749 quod
1389 681 1650 736 Dominus
1677 694 1787 734 non
1812 680 2005 747 fecerit
2033 679 2243 750 (Amos,
2277 691 2368 748 111,
2395 649 2472 751 65.

500 755 612 811 Per
635 753 750 811 hoc
775 756 972 810 autem
1003 748 1338 807 excluditur
1364 749 1760 823 quorumdam
1789 761 1976 818 error,
1992 749 2093 822 qui
2123 754 2363 821 propter
2388 748 2505 807 hoc
2530 747 2691 821 quod
2708 748 2874 809 mala.

426 823 493 883 in
522 822 748 882 mundo
772 821 1040 880 invenire
1065 819 1365 889 videbant,
1402 819 1679 878 dicebant
1725 821 1913 877 Deum
1941 832 2065 878 non
2092 833 2267 888 esse;
2299 820 2458 878 sicut
2506 820 2752 876 Boetius
2802 819 2869 877 in

425 894 624 967 primo
650 895 726 948 De
751 893 1115 948 consolatione
1138 889 1323 963 (pros
1354 894 1409 956 4,
1435 905 1493 961 p.
1528 889 1618 961 54)
1646 888 1972 948 introducit
2007 890 2322 962 quemdam
2363 889 2870 962 pbilosophorum

428 968 791 1092 adicientem
819 978 836 1020 t
867 962 926 1019 Si
958 964 1116 1020 Deus
1144 965 1257 1032 est,
1287 960 1444 1019 unde
1474 960 1746 1019 malum?
1766 963 1945 1041 ‘Esset
1975 966 2172 1018 autem
2200 974 2236 1017 e
2273 960 2575 1019 contrario
2617 973 2871 1033 arguen-

472 1046 573 1091 um
606 1051 619 1090 :
651 1033 713 1090 Si
750 1033 973 1091 malum
1022 1038 1133 1095 est.
1164 1034 1323 1090 Deus
1363 1035 1474 1090 est.
1505 1033 1637 1089 Non
1682 1044 1844 1088 enim
1890 1036 2052 1088 esset
2097 1031 2323 1089 malum
2371 1030 2610 1088 sublato
2655 1030 2871 1090 ordine

337 1146 351 1160 .
426 1104 594 1171 boni,
624 1102 797 1175 cujus
825 1102 1078 1175 privatio
1108 1106 1203 1161 est
1226 1101 1452 1160 malum
1485 1120 1499 1157 :
1533 1102 1634 1159 hic
1660 1107 1857 1160 autem
1888 1101 2036 1159 ordo
2068 1114 2189 1159 non
2224 1105 2406 1171 esset,
2436 1101 2490 1159 si
2534 1104 2694 1160 Deus
2740 1113 2866 1162 non

499 1244 751 1302 Tollitur
777 1244 958 1302 etiam
987 1243 1211 1302 erroris
1240 1242 1482 1301 occasio
1511 1256 1619 1313 per
1644 1242 1960 1313 praemissa
1986 1240 2110 1299 illis
2138 1242 2241 1315 qui
2269 1241 2530 1301 divinam
2549 1241 2868 1314 providen-

428 1315 574 1372 tiam
607 1329 798 1387 usque
825 1315 902 1373 ad
931 1315 1060 1372 liaec
1089 1313 1499 1385 corruptibilia
1552 1312 1787 1370 extendi
1839 1310 2157 1384 negabant,
2188 1319 2430 1385 propter
2457 1313 2572 1371 hoc
2596 1312 2759 1385 quod
2801 1313 2868 1372 iu

395 1385 519 1444 .eis
546 1386 734 1442 multa
761 1386 920 1443 mala
945 1384 1182 1442 evenire
1228 1382 1701 1465 conspiciebant.
1733 1382 1873 1442 Sola
1918 1388 2116 1440 autem
2144 1382 2621 1456 incorruptibilia
2649 1383 2867 1442 divinae

429 1455 815 1527 providentiae
844 1454 1022 1514 subdi
1050 1452 1346 1524 dicebant,
1377 1467 1441 1512 in
1467 1453 1690 1526 quibus
1719 1453 1923 1511 nullus
1947 1452 2213 1511 desectus
2235 1467 2346 1512 nec
2370 1453 2595 1512 malum
2620 1453 2865 1526 aliquod

428 1527 748 1585 invenitur.

505 1600 612 1654 Per
640 1597 755 1653 hoc
783 1596 964 1653 etiam
992 1595 1223 1653 tollitur
1251 1594 1488 1652 errandi
1518 1593 1761 1652 occasio
1792 1593 2156 1663 manichaeis,
2186 1592 2290 1666 qui
2318 1592 2438 1652 duo
2463 1593 2658 1667 prima
2701 1595 2865 1667 prin-

428 1667 585 1737 cipia
610 1665 849 1738 agentia
876 1672 1226 1737 posuerunt,
1257 1664 1483 1723 bonum
1511 1671 1570 1721 et
1599 1663 1842 1723 malum.
1875 1664 2057 1732 Quasi
2087 1664 2312 1723 malum
2339 1663 2454 1722 sub
2490 1664 2868 1738 providentia

427 1737 572 1796 boni
605 1737 706 1794 Dei
737 1737 935 1794 locum
966 1737 1182 1795 habere
1209 1749 1332 1793 non
1360 1740 1587 1807 posset.

503 1806 762 1864 Solvitur
788 1807 966 1864 etiam
1001 1806 1397 1880 quorumdam
1425 1805 1739 1876 dubitatio,
1771 1809 1969 1863 utrum
1999 1805 2230 1863 scilicet
2253 1806 2524 1865 actiones
2545 1807 2719 1865 malae
2740 1807 2869 1864 sint

430 1891 467 1936 a
494 1879 654 1946 Deo;
688 1891 826 1934 nam
852 1891 985 1934 cum
1017 1883 1327 1936 ostensum
1358 1876 1439 1933 sit
1468 1877 1618 1949 (cap.
1645 1880 1739 1948 70)
1772 1889 1951 1934 omne
1980 1889 2165 1950 agens
2196 1876 2494 1934 actionem
2525 1890 2699 1936 suam
2732 1890 2869 1949 pro-

427 1948 646 2006 ducere
678 1947 741 2004 in
777 1952 1070 2019 quantum
1090 1952 1230 2020 agat
1250 1947 1465 2005 virtute
1490 1946 1713 2016 divina,
1746 1952 1805 2003 et
1841 1960 1915 2004 ex
1958 1945 2073 2005 hoc
2101 1948 2288 2003 Deum
2326 1960 2463 2004 esse
2490 1948 2764 2005 omnium
2805 1952 2871 2006 et

429 2016 746 2076 effectuum
776 2023 832 2075 et
860 2017 1039 2076 etiam
1086 2018 1391 2076 actionum
1439 2031 1705 2081 causam,
1763 2017 2024 2089 itemque
2070 2020 2383 2097 ostensum
2427 2017 2509 2075 sit
2562 2017 2716 2090 (cap.
2744 2017 2866 2091 70),

429 2088 589 2161 quod
619 2088 841 2145 malum
874 2093 932 2145 et
959 2087 1249 2157 defectus,
1280 2088 1345 2145 in
1375 2087 1471 2145 liis
1501 2102 1634 2160 quae
1663 2086 2037 2159 providentia
2063 2086 2264 2145 divina
2292 2093 2605 2160 reguntur,
2632 2087 2871 2147 accidat

430 2172 503 2216 ex
529 2158 873 2217 conditione
914 2158 1311 2218 secundarum
1362 2170 1702 2227 causarum,
1756 2157 1820 2215 in
1861 2156 2081 2230 quibus
2122 2161 2321 2229 potest
2376 2170 2513 2217 esse
2559 2158 2867 2228 defectum

427 2229 817 2290 manifestum
860 2233 973 2297 est,
1000 2228 1160 2302 quod
1190 2230 1461 2287 actiones
1490 2226 2072 2309 male-secundum·
2098 2228 2257 2299 quod
2304 2226 2652 2288 deficientes
2697 2234 2865 2298 sunt,

428 2310 552 2357 non
589 2305 793 2357 sunta
818 2301 960 2368 Dec,
992 2298 1098 2358 sed
1127 2313 1165 2357 a
1190 2300 1396 2358 causis
1447 2312 1739 2371 proximis
1779 2296 2213 2356 deficientibus.
2245 2300 2309 2354 In
2341 2305 2631 2370 quantum
2663 2304 2867 2358 autem

429 2368 504 2428 ad
533 2369 593 2427 id
624 2370 782 2442 quod
812 2369 887 2427 de
915 2370 1151 2429 actione
1170 2374 1231 2428 et
1258 2369 1501 2428 entitate
1530 2369 1771 2437 habent,
1805 2381 1843 2426 o
1886 2373 2041 2426 ortet
2085 2368 2246 2441 quod
2295 2369 2420 2425 sint
2447 2384 2484 2427 a
2532 2372 2677 2440 Deo,
2705 2369 2870 2429 sicut

429 2439 789 2499 claudicatio
823 2445 917 2498 est
935 2454 973 2498 a
999 2441 1213 2499 virtute
1242 2440 1464 2498 motiva
1489 2443 1777 2511 quantum
1809 2452 1846 2497 a
1912 2438 1974 2497 id
2004 2438 2163 2512 quod
2183 2438 2444 2497 habetde
2467 2447 2868 2514 motuzquan-

425 2516 555 2570 tum
585 2524 726 2569 vero
758 2510 1109 2655 adzidgizi'ofl
1139 2508 1316 2570 habet
1357 2509 1431 2570 de
1475 2509 1733 2582 defectu,
1764 2517 1857 2569 est
1896 2523 1970 2569 ex
2013 2508 2300 2568 curvitate
2343 2511 2560 2572 cruris.
2611 2511 2655 2585 (1
2685 2518 2865 2585 part..

427 2595 487 2657 q.
515 2595 664 2653 xxii,
695 2595 761 2641 ar
789 2623 803 2638 .
896 2595 931 2641 a
1042 2624 1056 2640 .

1377 2797 1630 2867 CAPUT
1668 2801 1908 2868 LXXII.

568 2983 719 3036 QUOD
754 2981 968 3029 mmm
993 2981 1398 3029 *Pnovmssrt‘rla
1432 2981 1552 3029 NON
1587 2982 1876 3029 Excmm‘r
1909 2981 2386 3028 commonitum
2418 2982 2463 3027 A
2497 2982 2706 3031 mus,

495 3145 662 3204 Sicut
690 3149 888 3203 autem
937 3144 1141 3203 divina
1173 3144 1549 3216 providentia
1590 3159 1712 3203 non
1760 3144 2021 3204 excludit
2066 3145 2487 3204 universaliter
2533 3146 2761 3204 malum
2815 3159 2857 3205 a

420 3216 639 3285 rebus,
682 3216 768 3274 ita
807 3216 986 3274 etiam
1032 3228 1156 3273 non
1198 3214 1458 3274 excludit
1501 3216 1994 3289 contingentiam,
2042 3229 2153 3273 nec
2202 3215 2624 3275 necessitatem
2669 3216 2855 3275 rebus

420 3286 697 3359 imponit.
726 3288 853 3345 Jam
900 3286 1061 3344 enim
1108 3289 1419 3345 ostensum
1463 3293 1557 3346 est
1599 3286 1750 3359 (cap.
1790 3285 1884 3358 70)
1935 3285 2094 3359 quod
2146 3287 2414 3358 operatio
2460 3286 2855 3359 providentiae

420 3371 542 3430 qua
568 3359 728 3415 Deus
756 3361 1033 3428 operatur
1058 3355 1122 3413 in
1151 3357 1353 3427 rebus,
1381 3370 1506 3414 non
1535 3356 1794 3415 excludit
1823 3370 2039 3415 causas
2087 3357 2407 3421 secundas,
2437 3356 2544 3415 sed
2595 3370 2702 3430 per
2746 3369 2858 3416 eas

419 3426 722 3499 impletur,
752 3427 815 3483 in
845 3431 1131 3498 quantum
1160 3433 1346 3500 agunt
1371 3428 1587 3486 virtute
1615 3427 1737 3484 Dei.
1763 3429 1846 3483 Ex
1874 3427 2078 3485 causis
2108 3433 2308 3485 autem
2337 3427 2629 3499 proximis
2656 3426 2856 3500 aliqui

416 3495 672 3556 effectus
718 3496 998 3555 dicuntur
1041 3497 1365 3557 necessarii
1413 3497 1506 3555 vel
1551 3498 2000 3569 contingentes;
2052 3510 2172 3555 non
2230 3503 2428 3556 autem
2494 3512 2568 3557 ex
2634 3497 2851 3556 causis

330 3598 340 3609 ·
416 3569 687 3648 remotis,
717 3570 864 3626 Nam
893 3566 1269 3627 fructificatio
1299 3568 1514 3640 plantae
1544 3573 1636 3626 est
1663 3566 1911 3626 effectus
1941 3568 2300 3639 contingens
2327 3573 2568 3657 propter
2595 3580 2846 3627 causam

416 3651 773 3712 proximam,
820 3651 953 3711 quae
1000 3641 1092 3696 est
1133 3639 1227 3697 vis
1268 3638 1630 3712 generativa,
1675 3652 1808 3711 quae
1854 3644 2054 3710 potest
2110 3638 2384 3710 impediri
2445 3645 2506 3699 et
2569 3637 2846 3709 deiicere,

417 3706 696 3782 quamvis
742 3722 927 3767 causa
970 3714 1217 3771 remota.
1250 3709 1482 3767 scilicet
1528 3709 1646 3776 sol,
1676 3709 1758 3768 sit
1805 3722 1990 3769 causa
2035 3709 2393 3768 necessitate
2440 3720 2652 3783 agens.
2700 3709 2848 3769 Cum

415 3778 437 3837 i
485 3780 603 3838 itur
620 3779 776 3837 inter
794 3792 1010 3838 causas
1034 3779 1335 3851 proximas
1356 3778 1560 3837 multae
1586 3779 1713 3837 sint
1735 3792 1870 3852 quae
1893 3778 2146 3838 deficere
2174 3785 2452 3861 possunt,
2472 3792 2597 3838 non
2625 3791 2846 3839 omnes

416 3863 451 3908 e
500 3854 667 3976 ectus
694 3849 797 3977 qitii
826 3850 1211 3921 providentiae
1257 3848 1618 3919 subduntur,
1649 3857 1825 3909 erunt
1868 3848 2216 3919 necessarii,
2248 3850 2355 3909 sed
2405 3849 2650 3922 plurimi
2700 3854 2849 3908 sunt

417 3932 532 3979 con
566 3933 625 3977 in
670 3934 745 3978 en
773 3933 860 3978 es.

483 3935 690 4050 Adhffc
714 3989 787 4048 ad
814 3989 1075 4049 divinam
1102 3988 1537 4061 providentiam
1565 3991 1841 4062 pertinet,
1868 3995 1936 4050 ut
1960 3989 2183 4064 gradus
2225 3991 2454 4050 entium
2500 3991 2603 4064 qui
2654 3990 2851 4062 possi·

414 4057 571 4118 biles
619 4068 782 4130 sunt,
812 4060 1265 4131 adimpleantur,
1291 4066 1357 4118 ut
1401 4074 1474 4119 ex
1522 4060 1885 4134 supradictis
1933 4059 2084 4133 (cap.
2112 4059 2208 4131 71)
2252 4064 2433 4133 patet.
2465 4063 2585 4119 Ens
2642 4065 2847 4121 autem

414 4127 698 4209 dividitur
722 4146 829 4213 per
855 4131 1213 4203 contingens
1242 4135 1300 4189 et
1327 4133 1737 4191 necessarium
1770 4148 1785 4189 t
1817 4134 1875 4188 et
1902 4135 1994 4188 est
2037 4144 2145 4203 per
2189 4145 2256 4190 se
2304 4131 2523 4191 divisio
2572 4132 2755 4190 entis.
2785 4131 2851 4190 Si

413 4197 601 4270 igitur
623 4201 826 4261 divina
851 4200 1224 4274 providentia
1250 4201 1593 4261 excluderet
1637 4214 1876 4260 omnem
1925 4201 2422 4274 contingentiam,
2454 4215 2578 4260 non
2625 4213 2850 4261 omnes

413 4270 640 4342 gradus
666 4272 898 4332 entium
925 4277 1443 4331 conservarentur.

481 4341 758 4420 amptius,
787 4348 1012 4415 quanto
1040 4341 1241 4417 aliqua
1266 4347 1410 4402 sunt
1431 4342 1862 4417 propinquiora
1886 4344 2031 4413 Deo,
2059 4347 2228 4403 tanto
2270 4341 2469 4416 magis
2509 4342 2585 4402 de
2630 4341 2850 4402 simili-

409 4410 619 4472 tudine
646 4411 842 4485 ipsius
869 4412 1257 4488 participant3
1287 4419 1347 4473 et
1372 4420 1599 4488 quanto
1625 4412 1821 4486 magis
1846 4411 2092 4485 distant,
2121 4416 2289 4473 tanto
2318 4411 2517 4487 magis
2544 4426 2582 4471 a
2628 4412 2851 4473 simili·
