3076 5025
826 303 959 359 Lis.
1000 269 1290 370 inferii».
1331 303 1525 359 cxxix
1560 301 1719 375 (ms).
2379 310 2482 366 437

183 425 557 498 Unusquisque
601 430 797 483 autem
826 439 1032 482 curam
1063 424 1242 482 habet
1269 424 1607 497 aliquorum
1630 425 1961 485 secundum
1990 425 2150 500 quod
2178 428 2251 485 ad
2276 428 2478 499 ipsum

162 498 410 559 ertinem3
437 509 565 551 nam
592 496 749 567 quod
772 495 846 553 de
874 495 971 553 his
999 510 1132 567 quae
1162 496 1234 552 ad
1267 496 1463 566 ipsum
1489 508 1612 553 non
1643 497 1939 567 pertinent
1987 511 2189 555 curam
2221 505 2387 571 gerat
2414 506 2478 557 ut

162 568 364 626 uriosus
398 566 769 636 vituperatur.
816 565 946 623 Alio
992 578 1133 622 vero
1162 565 1368 623 ordine
1397 579 1554 622 unus
1579 566 1760 623 homo
1789 573 1879 624 est
1907 567 2211 638 pertinens
2240 568 2313 626 ad
2334 569 2480 626 alte-

162 651 253 702 im,
296 637 398 693 alio
440 642 630 693 autem
678 635 749 693 ad
793 637 1000 693 Deum.
1056 637 1219 692 Unus
1260 636 1419 692 enim
1468 635 1648 693 bomo
1698 636 1771 694 ad
1801 638 2049 695 alterum
2081 638 2353 710 pertinet,
2384 640 2480 698 vel

162 706 401 764 erundum
425 705 742 764 naturalem
774 706 1069 778 originem
1096 720 1228 779 quae
1249 719 1355 776 per
1380 706 1650 777 corporis
1679 707 2111 765 traductionem
2144 707 2228 777 fit,
2261 709 2352 766 vel
2373 723 2480 780 per

162 776 344 848 liquam
385 790 617 847 operum
659 776 1018 834 exteriorum
1067 776 1589 857 conjunctionem;
1620 776 1955 858 secundum·
1973 777 2290 858 interiores
2318 780 2481 837 enim

162 851 268 904 ctus
307 847 469 903 homo
508 861 630 905 non
674 853 871 919 potest
915 847 1083 905 alteri
1127 859 1593 916 communicare,
1638 860 1753 904 nisi
1803 847 2203 906 mediantibus
2248 851 2479 910 actibus

162 916 478 975 acrioribus.
511 919 697 976 Homo
723 922 919 976 autem
947 917 1200 990 pertinet
1229 916 1302 975 ad
1334 919 1515 974 Deum
1548 917 1877 974 secundum
1911 917 2070 989 quod
2096 917 2170 976 ab
2196 919 2329 989 ipso
2359 921 2481 978 ori-

162 986 289 1042 inem
309 986 481 1056 habet,
507 988 678 1058 cujus
704 988 941 1069 quidem
972 987 1225 1058 originis
1252 987 1402 1044 ratio
1428 992 1485 1044 et
1503 988 1651 1045 ordo
1680 988 1901 1045 attendi
1925 993 2121 1059 potest
2147 990 2480 1048 secundum

164 1057 516 1136 {militudinem
565 1059 828 1116 hominis
873 1058 944 1116 ad
995 1060 1180 1116 Deum
1205 1057 1733 1185 {unumguodque
1772 1057 1930 1116 enim
1960 1058 2086 1130 agit
2112 1057 2228 1116 sibi
2258 1060 2478 1119 simile.

163 1139 277 1197 ,agis
300 1133 476 1185 autem
506 1129 733 1187 accedit
752 1129 933 1186 homo
962 1128 1033 1186 ad
1065 1128 1162 1185 Dei
1195 1128 1444 1186 similitu
1490 1141 1649 1185 inem
1672 1128 2002 1186 secundum
2024 1129 2282 1186 animam
2300 1142 2480 1202 quam

165 1196 400 1254 mundum
426 1213 641 1280 corpus
667 1217 684 1269 ;
719 1199 975 1256 maxime
999 1204 1195 1256 autem
1227 1198 1556 1256 secundum
1582 1202 1862 1257 mentem.
1910 1198 2072 1257 Unde
2097 1200 2480 1258 manifestum

167 1270 200 1321 it
220 1268 352 1337 quod
381 1268 435 1325 in
465 1271 698 1341 origine
740 1269 1026 1338 hominis,
1057 1268 1386 1327 secundum
1415 1268 1577 1341 quod
1608 1283 1644 1327 a
1672 1271 1793 1327 Deo
1835 1269 2124 1341 procedit,
2152 1269 2481 1342 principale

167 1339 368 1394 utentum
395 1345 481 1396 est
506 1353 697 1409 mens,
721 1345 780 1397 et
799 1344 1036 1410 propter
1055 1352 1186 1397 eam
1212 1339 1624 1410 producuntur
1647 1353 1684 1397 a
1709 1342 1833 1397 Deo
1860 1338 1993 1398 aliie
2017 1345 2212 1410 pai-tes
2233 1340 2482 1410 animae;

169 1445 176 1458 .
195 1414 394 1476 propter
419 1410 675 1468 animam
705 1409 1051 1480 producitur
1077 1422 1331 1480 corpus:
1355 1409 1444 1467 sic
1467 1409 1652 1482 igitur
1671 1411 1790 1468 Deo
1808 1411 2106 1482 praecipue
2124 1423 2269 1470 cura
2290 1417 2383 1469 est
2408 1410 2485 1470 de

170 1484 282 1533 „ente
306 1478 570 1537 hominis.
600 1483 1043 1552 consequenter
1074 1485 1269 1539 autem
1301 1479 1373 1537 de
1402 1479 1541 1537 aliis
1569 1480 1837 1551 partibus
1863 1480 2099 1551 animae,
2126 1486 2343 1553 etpost
2369 1481 2481 1540 lias

167 1557 463 1624 tempore:
515 1556 573 1607 et
599 1552 741 1609 hinc
772 1555 862 1607 est
885 1549 1047 1622 quod
1075 1564 1179 1622 per
1215 1555 1475 1608 mentem
1504 1550 1686 1608 bomo
1712 1551 1987 1607 ultimum
2013 1550 2190 1609 finem
2222 1550 2481 1623 attingit,

169 1628 212 1670 ui
247 1624 319 1674 est
358 1619 610 1680 humana
657 1620 932 1689 felicitaS‚
980 1627 1045 1678 ut
1088 1634 1271 1691 supra
1312 1619 1435 1692 (lib.
1466 1633 1556 1687 111,
1587 1635 1716 1692 cap.
1748 1620 1836 1692 37)
1868 1626 2181 1678 ostensum
2209 1626 2319 1680 est.
2349 1621 2483 1702 Ali-a

172 1697 388 1812 irodquae
430 1699 571 1749 sunt
614 1690 680 1749 in
724 1690 968 1751 homine
1013 1690 1295 1763 organice
1335 1690 1681 1749 deserviunt
1706 1690 1781 1748 ad
1832 1690 2259 1750 beatitudinem
2289 1705 2481 1764 perci-

177 1767 234 1810 en
269 1772 370 1815 ain.

179 1826 244 1881 Ex
267 1827 349 1885 liis
377 1829 552 1902 igitur
590 1837 836 1904 apparet
861 1831 1021 1905 quod
1059 1832 1371 1890 hominum
1402 1832 1669 1904 regimen
1697 1845 1903 1891 curam
1929 1832 2108 1891 habet
2133 1833 2209 1891 de
2235 1833 2482 1891 interio-

173 1891 260 1953 hus
300 1901 615 1960 secundum
663 1901 823 1975 quod
869 1902 1220 1960 ordinantur
1269 1902 1344 1960 ad
1386 1902 1699 1972 exteriora,
1740 1908 1799 1960 et
1840 1917 1946 1975 per
1971 1917 2044 1961 ea
2074 1917 2145 1962 ex
2189 1903 2486 1974 licantur3

172 1975 247 2044 ius
278 1977 458 2028 autem
499 1986 531 2031 e
579 1985 872 2032 converso
921 1987 1122 2030 curam
1172 1971 1351 2031 habet
1400 1972 1471 2031 de
1516 1971 1911 2032 exterioribus
1953 1987 2138 2033 secun
2188 1987 2282 2031 um
2318 1975 2481 2047 quod

170 2033 417 2097 rimantur
455 2043 528 2099 ad
565 2041 875 2109 interiora,
919 2043 1176 2100 maxime
1223 2050 1512 2115 quantum
1545 2043 1619 2100 ad
1648 2049 1929 2113 mentem,
1957 2058 2065 2115 per
2090 2058 2268 2117 quam
2297 2044 2478 2102 homo

169 2107 195 2158 ›t
225 2121 386 2179 capax
428 2112 773 2171 felicitatis:
827 2112 1081 2171 felicitas
1126 2120 1323 2171 autem
1354 2114 1617 2170 humana
1643 2113 1923 2172 consistit
1951 2114 2011 2171 in
2041 2115 2323 2172 fruitione
2352 2114 2479 2183 Dei,

171 2181 246 2230 cut
280 2193 446 2251 supra
470 2182 633 2253 (loco
661 2183 861 2254 citato)
890 2189 1201 2242 ostensum
1243 2188 1353 2242 est.
1382 2183 1468 2241 Ad
1497 2184 1611 2242 hoc
1642 2184 1824 2256 igitur
1851 2184 2160 2242 ordinatur
2187 2190 2310 2242 tota
2339 2198 2486 2265 cura

170 2255 261 2303 tam
303 2250 466 2310 habet
496 2255 661 2313 Deus
710 2253 784 2311 de
823 2254 1089 2322 homine,
1122 2260 1186 2312 ut
1212 2267 1383 2312 mens
1412 2254 1543 2326 eJus
1566 2259 1927 2326 praeparetur
1955 2256 2028 2312 ad
2055 2255 2316 2312 divinam
2338 2255 2483 2312 frui-

171 2327 317 2387 )nem,
342 2322 408 2379 ad
478 2338 620 2381 uam
667 2330 1028 2405 praeparatur
1062 2323 1197 2387 fide,
1229 2338 1337 2395 spe
1364 2329 1423 2381 et
1449 2324 1712 2382 caritate.
1745 2327 1856 2381 Per
1881 2323 2058 2382 fldem
2088 2325 2248 2382 euim
2275 2324 2480 2395 dispo-

173 2389 247 2441 tur
266 2403 421 2451 mens
489 2395 720 2453 ominis
751 2400 816 2453 ut
842 2401 1168 2466 cognoscat
1197 2395 1383 2466 Deum
1413 2394 1640 2465 aliquid
1670 2407 1854 2465 supra
1880 2407 1946 2451 se
1976 2408 2110 2452 esse
2139 2411 2155 2462 3
2187 2408 2293 2465 per
2312 2407 2482 2465 spem

170 2459 275 2537 [tem
321 2464 688 2524 confortatur
730 2469 798 2524 ut
840 2465 1040 2523 tendat
1086 2464 1146 2522 in
1195 2464 1416 2536 ipsum,
1454 2468 1738 2536 tanquam
1783 2463 1848 2521 in
1886 2477 2063 2523 suum
2092 2463 2347 2533 bonum;
2380 2477 2484 2536 per

169 2533 372 2590 ritatem
414 2534 625 2606 flgitur
650 2536 715 2595 in
760 2536 916 2617 ipso,
950 2541 1013 2593 ut
1053 2533 1438 2592 immobiliter
1465 2534 1519 2591 ei
1544 2535 1874 2592 adhaereat:
1911 2534 2115 2592 omnia
2141 2535 2325 2606 igitur
2350 2548 2484 2607 quae

170 2608 245 2678 ilis
267 2601 332 2660 ab
360 2604 602 2664 homine
632 2606 885 2681 requirit
910 2605 973 2662 in
1005 2605 1114 2664 hac
1141 2605 1263 2661 vita
1289 2605 1359 2662 ad
1392 2605 1508 2663 ista
1531 2604 1904 2662 ordinantur.
2348 2632 2355 2638 ·

174 2666 294 2727 Hinc
336 2681 422 2732 est
447 2677 614 2749 quod
663 2676 900 2741 dicitur,
923 2679 1115 2744 Deut.,
1136 2687 1197 2741 x,
1231 2679 1328 2732 ¹2:
1354 2677 1426 2731 Et
1461 2690 1626 2742 nunc,
1655 2676 1845 2735 Israel.
1877 2676 2012 2745 quid
2055 2677 2319 2733 Dominus
2342 2678 2483 2733 Deus

169 2750 216 2791 ιι*
232 2746 348 2810 petit
371 2762 405 2801 a
429 2750 495 2807 te.
529 2749 652 2805 nisi
678 2750 741 2803 ut
762 2749 952 2801 timeas
979 2747 1267 2801 Dominum
1293 2748 1461 2801 Deum
1489 2748 1717 2801 tutemet
1742 2746 1980 2801 ambules
2005 2748 2066 2801 in
2094 2748 2201 2801 viis
2222 2745 2340 2816 ejus
2357 2748 2388 2800 ?
2425 2749 2486 2804 et

169 2807 403 2891 Corinth„
425 2829 554 2887 xiii,
593 2821 693 2875 13:
724 2818 885 2876 Nunc
907 2820 1086 2871 autem
1109 2819 1329 2871 manent
1353 2816 1505 2886 fideS,
1528 2831 1650 2885 spes
1676 2819 1728 2870 et
1751 2816 2010 2878 charitas,
2037 2818 2150 2871 tria
2172 2816 2301 2872 haec.

174 2877 298 2945 Quia
325 2899 454 2944 vero
485 2889 756 2946 humana
795 2900 968 2944 mens
996 2885 1326 2944 secundum
1356 2899 1526 2944 suam
1560 2891 1829 2943 naturam
1858 2886 2015 2944 inter
2040 2892 2285 2945 caeteras
2309 2886 2483 2945 intel-

169 2950 356 3011 ctuales
398 2964 647 3016 naturas
691 2957 868 3015 etiam
899 2957 1217 3029 perfectior
1258 2961 1369 3028 est,
1412 2961 1636 3037 quanto
1665 2962 1863 3015 autem
1891 2956 2231 3039 aliquid-est
2260 2958 2480 3029 perfec-

167 3030 231 3086 πε,
257 3027 404 3083 tanto
449 3035 541 3086 est
567 3028 904 3086 virtuosius
933 3028 1008 3085 ad
1036 3027 1394 3084 tendendum
1439 3040 1503 3083 in
1532 3040 1709 3084 suum
1753 3026 1953 3097 tinem,
1979 3027 2361 3086 manifestum
2391 3034 2486 3086 est

166 3090 244 3145 iod
273 3107 425 3156 mens
455 3098 723 3157 humana
751 3097 1044 3156 infirmior
1063 3102 1154 3155 est
1180 3097 1510 3155 secundum
1531 3111 1703 3155 suam
1732 3103 2002 3157 naturam
2023 3098 2098 3157 ad
2122 3097 2484 3157 tendendum

167 3204 170 3209 .
212 3161 389 3233 Deum,
474 3169 536 3227 ui
596 3172 688 3227 est
741 3168 882 3227 finis
929 3168 1196 3226 omnium
1244 3168 1492 3237 entium,
1538 3182 1716 3240 quani
1746 3169 2088 3240 superiores
2135 3170 2483 3250 angelorum

167 3236 336 3307 entes:
359 3243 416 3294 et
483 3253 569 3298 aec
610 3238 849 3311 quidem
875 3237 1191 3297 infirmitas
1219 3238 1608 3319 quantum-ad
1640 3238 1760 3297 duo
1786 3245 1983 3320 potest
2009 3240 2255 3320 attendi.
2286 3239 2483 3297 Primo

165 3299 317 3361 iidem
361 3315 651 3380 quantum
695 3309 774 3367 ad
824 3308 1185 3367 debilitatem
1232 3309 1469 3366 virtutis
1514 3308 1891 3368 intellectivae
1914 3324 2047 3383 quae
2076 3317 2257 3369 estin
2285 3311 2487 3367 anima

163 3380 357 3448 mana,
397 3379 459 3436 in
487 3381 938 3451 comparatione
967 3379 1041 3437 ad
1071 3379 1411 3450 superiores
1454 3380 1890 3438 intellectuales
1932 3380 2334 3439 substantias:
2362 3393 2485 3437 non

163 3448 252 3498 ³111]
289 3454 475 3517 potest
515 3450 862 3509 immediate
889 3450 954 3507 in
992 3449 1009 3506 i
1055 3464 1183 3507 sam
1233 3449 1668 3523 intelligibilem
1715 3451 2020 3508 veritatem
2073 3449 2336 3521 tendere,
2376 3450 2485 3509 sed

163 3517 307 3573 Jortet
349 3520 502 3590 quod
554 3534 688 3580 eam
735 3535 808 3579 ex
852 3520 1014 3579 sensi
1059 3520 1243 3578 ilibus
1283 3519 1549 3591 colligat,
1598 3526 1660 3577 ut
1686 3534 1757 3577 ex
1796 3521 2207 3591 superioribus
2237 3521 2362 3593 (lib.
2392 3535 2482 3591 111,

162 3590 218 3648 Ψ·
261 3588 316 3664 41
363 3594 419 3645 et
465 3592 594 3664 1¹9)
633 3595 809 3662 patet.
860 3590 1130 3649 Secundo
1172 3603 1312 3648 vero
1359 3596 1647 3663 quantum
1695 3590 1874 3648 adim
1919 3591 2216 3649 edimenta
2259 3590 2480 3664 quibus

163 3653 408 3729 trahitur,
455 3675 530 3719 ne
571 3660 838 3720 totaliter
878 3662 1071 3732 possit
1096 3661 1159 3718 in
1186 3662 1371 3718 Deum
1402 3661 1576 3729 ferri;
1607 3674 1738 3734 quae
1754 3663 1869 3742 ⁸qui
1915 3675 2008 3718 em
2036 3661 2486 3734 impedimenta,

162 3730 337 3790 tparte
378 3732 651 3803 corporis
699 3736 861 3799 sunt,
893 3731 1065 3803 cuius
1090 3731 1514 3789 sustentationi
1562 3738 1620 3787 et
1665 3737 1852 3802 quieti
1897 3746 2100 3789 curam
2143 3732 2484 3803 impendere

162 3798 325 3865 mitet,
370 3806 424 3858 et
465 3817 540 3861 ex
584 3807 751 3874 parte
774 3802 1120 3859 inferiorum
1154 3802 1367 3859 virium
1399 3802 1634 3859 animae.
1665 3803 1809 3859 Nam
1837 3801 2274 3860 commotiones
2298 3802 2483 3874 phan-

163 3870 388 3926 smatum
434 3879 493 3928 et
537 3871 1015 3946 perturbationes
1041 3873 1391 3943 passionum
1421 3870 1768 3943 perturbant
1791 3872 2049 3944 quietem
2084 3871 2322 3937 mentis,
2396 3887 2488 3934 uae

162 3932 189 3983 ⁵1
221 3941 545 4017 necessaria
573 3944 647 4001 ad
676 3943 793 4000 boc
861 3943 977 4000 uod
1021 3956 1191 4000 mens
1223 3941 1405 3999 libere
1427 3943 1648 4000 feratur
1676 3943 1739 3998 in
1766 3944 1973 4000 Deum.
1999 3946 2067 4000 Et
2093 3943 2220 4000 haec
2243 3942 2342 4015 qui
2390 3958 2485 4002 em

162 4004 493 4070 tpedimenta
515 4013 777 4071 totaliter
913 4012 1158 4071 homine
1201 4012 1331 4069 tolli
1377 4025 1497 4071 non
1546 4018 1820 4085 possunt,
1851 4012 2133 4086 quamdiu
2159 4013 2484 4074 inmortali

162 4083 322 4141 'more
347 4081 522 4139 vivit:
553 4089 784 4156 oportet
822 4085 980 4141 enim
1011 4082 1170 4156 quod
1197 4082 1272 4141 ad
1295 4097 1368 4141 ea
1392 4096 1524 4156 quae
1554 4088 1697 4141 sunt
1716 4084 2056 4142 necessaria
2077 4082 2313 4142 mortali
2347 4084 2488 4146 vitae

163 4142 340 4205 tendat
364 4168 380 4219 ς
408 4166 515 4223 per
541 4153 702 4227 quod
729 4154 1048 4225 impeditur
1079 4167 1155 4210 ne
1188 4160 1323 4210 actu
1377 4153 1441 4210 in
1479 4155 1663 4210 Deum
1703 4165 1940 4225 semper
1983 4153 2224 4212 tendere
2264 4157 2480 4237 possit.

163 4223 382 4277 cautem
407 4223 705 4282 moderari
728 4230 958 4296 oportet
984 4224 1408 4296 impedimenta
1435 4224 1735 4294 praedicta,
1756 4228 1822 4280 ut
1839 4224 2051 4281 saltem
2072 4225 2324 4285 intentio
2350 4241 2484 4299 quae

162 4284 275 4342 *tad
305 4291 483 4369 Deum
513 4300 711 4354 mente
741 4294 1008 4354 hominis
1050 4309 1169 4353 non
1208 4300 1541 4364 rumpatur;
1573 4300 1637 4374 et
1672 4298 1897 4375 quanto
1935 4295 2071 4376 plus
2116 4294 2243 4354 fleri
2289 4302 2487 4368 potest

162 4353 242 4410 lod
264 4363 431 4419 etiam
455 4370 594 4422 actu
620 4378 794 4425 mens
823 4366 1046 4423 feratur
1073 4366 1134 4423 in
1163 4367 1368 4433 Deum,
1400 4370 1565 4423 tanto
1582 4369 1705 4422 vita
1734 4364 1997 4423 hominis
2023 4366 2342 4437 perfectior
2373 4368 2486 4424 erit

163 4430 282 4490 itote
301 4428 406 4491 fini
433 4433 718 4497 intimior.
750 4438 818 4497 Et
841 4450 947 4508 per
974 4436 1090 4495 hoc
1127 4436 1303 4496 etiam
1353 4434 1515 4512 quod
1568 4440 1705 4497 actu
1747 4435 1935 4497 fertur
1976 4450 2148 4498 mens
2192 4437 2257 4495 in
2297 4439 2479 4494 Deum
