3076 5025
1090 359 1224 417 LIB.
1265 361 1310 428 l,
1349 359 1503 417 CAP.
1536 358 1643 418 XX.
2507 368 2571 422 21

189 487 344 571 sicut,
372 483 433 543 in
464 497 679 613 {03¹⁶}OE
707 481 904 565 calidi,
934 481 1116 611 ignis,
1144 483 1244 564 qui
1275 496 1398 565 non
1440 481 1626 565 habet·
1665 483 1923 566 aliquam
1973 484 2431 556 permixtionem
2478 488 2578 545 sri-

241 558 310 616 di.
340 556 467 625 Quo
536 560 721 627 igitur
750 558 926 612 estin
998 567 1072 610 ne
1103 553 1435 612 nobilitatis
1464 567 1730 612 omnium
1763 562 2010 623 entium,
2057 562 2291 627 oportet
2333 571 2468 615 esse
2511 558 2577 615 in

224 642 288 686 ne
312 624 732 697 simplicitatis.
760 627 879 682 Hoc
899 631 1117 707 autem.
1147 624 1305 697 quod
1337 629 1429 683 est
1457 625 1520 682 in
1543 625 1660 683 ssne
1681 626 2009 684 nobilitatis
2025 627 2293 685 omnium
2325 629 2573 700 entium,

188 698 414 758 dicimus
447 699 650 765 neum,
680 708 865 768 quum
893 701 972 753 sit
998 709 1188 768 prima
1219 708 1403 753 causa
1434 712 1448 763 ς
1480 709 1667 755 causa
1704 697 1864 756 enim
1893 701 1984 755 est
2028 697 2291 756 nobilior
2334 697 2572 757 effectu.

186 770 335 828 Nulla
356 767 533 841 igitur
545 766 918 849 ‘compositio
951 765 1004 823 ei
1035 766 1303 824 accidere
1334 771 1548 839 potest.

243 842 510 906 Praeterea,
541 850 603 893 m
634 837 802 894 omni
825 836 1179 908 composito,
1207 836 1429 895 bonum
1460 850 1582 894 non
1613 838 1898 912 esthujus
1917 838 2011 897 vel
2030 838 2195 899 illius
2227 841 2436 910 partis,
2467 840 2575 899 sed

189 910 382 977 totius;
412 907 626 991 etdico
656 908 880 975 bonum
912 908 1239 965 secundum
1275 908 1434 989 illam
1461 907 1809 977 bonitatem,
1840 924 1970 981 quae
2001 914 2092 968 est
2120 911 2356 992 propria
2390 911 2575 969 totius

190 987 239 1039 et
260 981 524 1052 perfectio
551 991 709 1051 eJus.
740 981 883 1035 Nam
907 983 1107 1048 partes
1136 983 1278 1037 sunt
1307 978 1664 1049 imperfectae
1688 986 1955 1049 respectu
1974 980 2178 1049 totius,
2201 987 2357 1038 sicut
2376 989 2576 1053 partes

187 1050 417 1109 bominis
449 1062 565 1107 non
594 1053 744 1107 sunt
770 1048 973 1107 homo,
1010 1052 1212 1107 Partes
1238 1049 1414 1106 etiam
1447 1050 1680 1107 numeri
1709 1052 1930 1108 senarii
1965 1064 2084 1110 non
2118 1051 2337 1109 habent
2359 1053 2579 1123 persec-

189 1121 376 1179 tionem
405 1119 626 1177 senarii
656 1124 764 1199 ;·et
792 1119 1069 1177 similiter
1096 1124 1293 1191 partes
1322 1119 1497 1178 lineae
1524 1133 1647 1177 non
1682 1122 2031 1192 perveniunt
2051 1122 2123 1179 ad
2147 1122 2574 1193 perfectionem

190 1204 468 1259 mensurae,
500 1204 633 1262 quae
685 1203 751 1247 1n
777 1195 901 1247 tota
925 1191 1083 1247 linea
1120 1190 1437 1248 invenitur.
1469 1190 1528 1248 Si
1570 1205 1712 1263 ergo
1736 1194 1892 1250 Deus
1915 1197 2006 1251 est
2037 1192 2575 1264 compositus,per-

188 1261 339 1343 sectio
373 1261 723 1342 etubonitas
756 1259 898 1341 ‚ejus
925 1261 1162 1332 propria
1211 1261 1514 1317 invenitur
1554 1260 1617 1318 in
1653 1267 1798 1331 toto,
1846 1276 1967 1320 non
2019 1268 2216 1319 autem
2266 1263 2328 1318 in
2377 1263 2581 1335 aliqua

189 1346 298 1404 eJus
322 1339 580 1403 partium.
616 1334 687 1387 Et
718 1344 807 1388 sic
837 1344 957 1389 non
985 1332 1098 1388 erit
1124 1331 1186 1388 in
1217 1345 1289 1390 eo
1318 1345 1464 1402 pure
1492 1331 1553 1388 id
1590 1333 1809 1390 bonum
1841 1333 2003 1407 quod
2027 1337 2119 1390 est
2145 1333 2447 1403 proprium
2477 1333 2531 1389 ei
2558 1352 2575 1402 ;

189 1414 288 1460 non
321 1408 402 1459 est
427 1415 566 1475 ergo
591 1402 730 1472 ipse
759 1402 1015 1471 primum
1047 1407 1103 1459 et
1135 1415 1439 1459 summum
1470 1401 1717 1460 bonum.

245 1474 373 1534 item,
407 1478 551 1553 'ante
608 1471 1060 1530 multitudinem
1113 1477 1344 1542 oportet
1384 1472 1648 1530 invenire
1698 1473 2003 1533 unitatem.
2036 1477 2101 1533 1n
2159 1474 2324 1532 omni
2379 1477 2577 1531 autem

193 1547 481 1614 composito
511 1547 604 1601 est
629 1542 981 1601 multitudo·
1013 1541 1201 1615 Igitur
1227 1548 1459 1614 oportet
1483 1542 1566 1610 id,
1598 1543 1756 1613 quod
1788 1550 2042 1602 estante
2071 1545 2296 1616 omnia,
2346 1544 2580 1603 scilicet

196 1614 369 1684 Deum,
395 1613 547 1673 omni
576 1613 1029 1685 compositione
1059 1619 1340 1684 carere.tl
1364 1618 1540 1683 part„
1571 1629 1630 1687 q.
1660 1627 1749 1687 111,
1779 1621 1890 1676 art.
1919 1619 2000 1693 7.)

1132 1830 1386 1896 CAPUT
1434 1831 1599 1895 xlx.

360 2011 501 2068 QUOD
525 2014 593 2060 m
621 2012 748 2059 nto
774 2012 941 2059 mm.
962 2011 1438 2073 Esnvlomlt'rux
1461 2013 1744 2065 mmmm
1776 2013 2020 2059 ruma
2059 2012 2362 2060 NATURAM.

246 2177 316 2233 Ex
347 2175 452 2235 hoc
506 2181 723 2237 autem
768 2175 1145 2236 concluditur
1187 2176 1348 2249 quod
1387 2175 1452 2233 in
1498 2178 1621 2234 Deo
1649 2175 1798 2233 nihil
1830 2181 2024 2246 potest
2060 2188 2193 2233 esse
2221 2174 2574 2241 violentum,

190 2257 350 2320 neque
370 2254 523 2307 extra
550 2254 862 2306 naturam.
893 2249 1077 2305 Omne
1103 2246 1262 2304 enim
1293 2246 1438 2303 illud
1470 2246 1532 2303 in
1564 2260 1681 2318 quo
1713 2246 1937 2318 aliquid
1970 2246 2294 2304 violentum
2326 2250 2381 2301 et
2427 2258 2576 2316 prae-

188 2321 262 2375 ter
280 2323 524 2378 naturam
554 2319 871 2377 invenitur
899 2317 1122 2390 aliquid
1154 2317 1267 2375 sibi
1300 2317 1566 2374 additum
1597 2317 1790 2374 hahet.
1831 2320 1973 2373 Nam
2009 2316 2167 2389 quod
2197 2323 2287 2373 est
2316 2316 2388 2372 de
2434 2315 2575 2372 sub-

188 2389 377 2447 stantia
398 2391 476 2447 rei
505 2403 642 2448 non
669 2395 866 2460 potest
881 2401 1015 2447 esse
1036 2388 1358 2445 violentum
1381 2401 1572 2460 neque
1593 2392 1803 2458 praeter
1823 2396 2115 2445 naturam.
2143 2386 2354 2444 Nullus
2377 2392 2574 2442 autem

187 2458 403 2533 simplex
424 2461 614 2521 habet
637 2459 703 2518 in
731 2473 797 2518 se
828 2458 1051 2532 aliquid
1081 2458 1368 2517 additum.
1402 2461 1482 2515 Ex
1527 2459 1641 2516 hoc
1674 2457 1832 2516 enim
1880 2457 2238 2531 compositio
2286 2455 2579 2528 relinque-

187 2536 339 2589 retur.
368 2534 499 2590 Cum
524 2532 723 2604 igitur
750 2533 908 2589 Deus
936 2530 1017 2588 sit
1044 2530 1318 2601 simplex,
1354 2535 1419 2587 ut
1446 2535 1758 2588 ostensum
1789 2534 1899 2600 est,
1929 2529 2080 2586 nihil
2104 2529 2171 2586 in
2199 2540 2271 2585 eo
2300 2539 2436 2584 esse
2472 2539 2576 2596 po·

186 2604 282 2659 test
301 2602 626 2661 violentum
657 2614 850 2674 neque
877 2606 1089 2674 praeter
1123 2606 1415 2658 naturam.

238 2671 487 2744 Amplius,
538 2673 880 2731 necessitas
917 2670 1248 2730 coactionis
1295 2675 1389 2728 est
1432 2670 1764 2728 necessitas
1807 2683 1878 2727 ex
1923 2668 2163 2727 alio.1n
2206 2671 2331 2727 Deo
2377 2673 2577 2725 autem

185 2754 285 2799 non
311 2750 393 2801 est
418 2744 761 2802 necessitas
789 2757 862 2800 ex
888 2742 1030 2810 ali0,
1063 2742 1168 2799 sed
1198 2745 1289 2799 est
1322 2753 1425 2811 per
1475 2753 1542 2797 se
1585 2740 1783 2809 ipsum
1833 2738 2241 2797 necessarium
2290 2742 2350 2795 et
2397 2751 2580 2795 causa

184 2816 532 2873 necessitatis
565 2814 729 2871 aliis.
758 2814 945 2885 Igitur
974 2812 1037 2868 in
1067 2825 1140 2869 eo
1169 2810 1321 2867 nihil
1348 2814 1440 2867 est
1466 2815 1762 2867 coactum.

236 2883 433 2955 Adhuc,
470 2885 840 2964 ubicumque
882 2887 975 2940 est
1001 2881 1242 2954 aliquod
1268 2880 1617 2944 violentum,
1650 2879 1729 2937 ibi
1762 2883 1957 2950 potest
1986 2891 2119 2937 esse
2164 2877 2385 2951 aliquid
2429 2892 2578 2948 prae-

180 2958 255 3011 ter
275 2954 442 3020 illud,
473 2955 645 3029 quod
677 2969 761 3011 ret
788 2968 891 3025 per
917 2967 984 3012 se
1010 2956 1344 3011 conveniat.
1375 2954 1520 3009 Nam
1551 2950 1876 3009 violentum
1903 2947 2298 3007 contrariatur
2326 2949 2380 3007 ei
2419 2947 2581 3020 quod

179 3029 254 3104 est
282 3027 609 3084 secundam
643 3030 915 3082 naturam
943 3041 958 3093 ;
991 3023 1095 3082 sed
1125 3024 1187 3080 in
1222 3025 1343 3079 Deo
1370 3035 1490 3080 non
1521 3027 1613 3079 est
1642 3021 1932 3092 possibile
1966 3035 2100 3079 esse
2122 3020 2345 3093 aliquid
2370 3026 2582 3090 praeter

176 3093 226 3152 td
250 3096 394 3169 quod
425 3095 772 3155 secundum
801 3108 867 3152 se
898 3094 951 3152 ei
981 3094 1278 3161 convenit,
1308 3107 1442 3150 cum
1477 3093 1807 3150 secundum
1847 3105 1912 3150 se
1941 3092 2022 3150 sit
2049 3104 2295 3149 necesse
2326 3104 2483 3159 esse,
2515 3093 2582 3147 ut

178 3171 456 3226 ostensum
495 3173 590 3224 est
616 3165 769 3248 (cap.
804 3163 926 3237 13);
958 3178 1079 3222 non
1110 3170 1305 3236 potest
1321 3164 1504 3236 igitur
1535 3163 1599 3220 in
1631 3177 1703 3221 eo
1732 3176 1868 3220 esse
1898 3162 1973 3220 nli
2024 3162 2123 3220 uid
2150 3162 2501 3219 violentum.

232 3238 369 3308 Item,
396 3251 585 3297 omne
612 3250 678 3293 tn
704 3249 824 3307 quo
850 3238 943 3293 est
969 3235 1193 3308 aliquid
1224 3234 1549 3292 violentum
1590 3234 1682 3290 vel
1731 3233 2009 3291 innatura
2035 3248 2086 3302 6,
2122 3238 2326 3290 natum
2372 3238 2465 3288 est
2505 3229 2578 3287 ab

178 3304 275 3365 alio
298 3308 547 3368 moveri.
579 3309 726 3364 Nam
756 3306 1082 3365 violentum
1111 3310 1202 3363 est
1230 3303 1402 3376 quus
1430 3304 1764 3375 principum
1795 3310 1885 3361 est
1929 3308 2128 3366 extra,
2177 3302 2328 3360 nihil
2376 3300 2578 3360 conse-

178 3388 319 3436 rente
343 3380 459 3438 vim
515 3390 722 3450 passo.
750 3379 909 3434 Deus
951 3381 1149 3434 autem
1178 3379 1271 3433 est
1314 3375 1563 3432 omnino
1593 3373 1942 3441 immobiliS‚
1974 3379 2039 3431 ut
2076 3378 2387 3431 ostensum
2440 3376 2576 3428 est:

178 3444 336 3520 igitur
367 3464 491 3509 non
523 3453 724 3520 potest
756 3447 817 3504 in
849 3461 921 3505 eo
951 3460 1083 3504 esse
1112 3444 1339 3526 aliquid
1373 3444 1701 3502 violentum
1728 3444 1820 3501 vel
1849 3444 2206 3501 innaturale.

235 3519 368 3578 Hinc
405 3519 695 3594 estquod
733 3517 1136 3588 Philosophus
1166 3516 1310 3573 dicit
1349 3516 1410 3572 in
1440 3529 1485 3574 v
1526 3516 1769 3585 Metaph.
1820 3513 1980 3587 quod
2018 3514 2080 3570 in
2128 3513 2226 3572 his
2267 3526 2400 3584 quae
2440 3516 2584 3572 sunt

176 3592 522 3664 sempiterna
548 3595 609 3649 et
632 3588 968 3649 immobilia
993 3587 1145 3646 nihil
1174 3592 1268 3645 est
1289 3585 1639 3657 violentum,
1670 3598 1865 3658 neque
1894 3589 2107 3658 praeter
2141 3588 2437 3644 naturam.

1148 3804 1407 3871 CAPUT
1455 3805 1589 3870 XX.

933 3986 1090 4041 QUOD
1122 3988 1273 4035 DEUS
1297 3988 1417 4036 lton
1443 3989 1553 4035 EST
1573 3987 1811 4036 comus·

234 4154 312 4213 Ex
335 4151 642 4228 praedictis
667 4156 863 4211 autem
894 4150 1252 4222 ostenditur,
1283 4151 1443 4224 quod
1468 4154 1627 4210 Deus
1654 4163 1778 4209 non
1806 4153 1899 4208 est
1923 4162 2163 4221 corpus.

236 4226 419 4283 Omne
456 4226 619 4283 enim
662 4236 903 4295 corpus,
934 4237 1119 4296 quum
1169 4224 1248 4281 sit
1287 4222 1660 4292 continuum,
1718 4221 2114 4292 compositum
2164 4224 2257 4279 est
2283 4224 2342 4278 et
2382 4224 2582 4293 partes

174 4288 411 4354 habens.
442 4298 603 4353 Deus
632 4299 834 4353 autem
860 4307 985 4353 non
1014 4299 1107 4353 est
1141 4292 1535 4364 compositust,
1567 4298 1634 4350 ut
1659 4298 1973 4349 ostensum
2002 4296 2095 4351 est
2118 4295 2193 4363 (c.
2223 4290 2351 4366 18);
2401 4292 2586 4364 igitur

174 4375 529 4513 ῗοὲρνὲῗεξεῗιῗ
552 4370 732 4492 (ξιςὶιῑὶω
825 4438 1014 4492 cutum
1041 4439 1134 4492 est
1162 4433 1367 4507 aliquo
1392 4430 1577 4491 modo
1603 4433 1667 4489 in
1684 4431 2135 4504 potentiamam
2156 4433 2474 4488 continuum
2493 4430 2587 4487 est

172 4515 228 4563 tn
238 4508 503 4580 potentia
512 4505 755 4565 divisibi
782 4519 815 4565 e
840 4505 906 4565 in
927 4504 1228 4565 infinitum
1248 4522 1264 4576 3
1294 4518 1550 4563 numerus
1563 4507 1761 4563 autem
1777 4503 1843 4562 in
1869 4501 2176 4565 infinitum
2190 4505 2282 4562 est
2302 4508 2588 4578 augmen-
