3076 5025
1083 304 1214 358 Lis.
1253 304 1345 372 IV,
1386 305 1536 358 CAP.
1578 304 1759 357 intl.
2529 306 2631 358 599

204 425 392 551 {psam
429 421 798 502 producatur·
820 420 884 502 in
914 436 1091 491 esse3
1125 424 1278 480 unde
1310 423 1509 480 divina
1535 424 1749 480 virtute
1781 423 1906 480 fieri
1955 427 2151 494 potest
2179 423 2339 495 quod
2378 423 2508 480 haec
2546 424 2631 480 izz-

252 492 446 549 ividua
506 492 839 549 substantia
867 506 926 551 in
975 494 1137 549 illam
1166 495 1639 564 praeexistentem
1674 498 2069 550 convertatur.
2119 493 2278 550 Sicut
2330 494 2487 550 enim
2518 496 2631 551 vir-

204 569 326 621 tute
357 562 647 619 naturalis
670 562 923 632 agentis,
955 563 1127 633 quus
1159 564 1423 634 operatio
1451 578 1516 621 se
1567 564 1829 620 extendit
1874 569 2103 620 tantum
2151 563 2225 621 ad
2268 564 2631 621 immutatio-

205 647 343 691 nem
375 633 600 699 sormae,
634 632 951 689 existentia
1004 633 1252 705 subJecti
1285 634 1618 704 supposita,
1650 634 1763 691 hoc
1791 639 1981 690 totum
2013 634 2074 689 in
2099 633 2250 690 illud
2275 639 2464 690 totum
2495 648 2635 691 con-

204 704 448 760 vertitur
478 702 808 760 secundum
838 703 1226 761 variationem
1275 704 1497 775 speciei
1528 710 1585 760 et
1620 704 1847 773 sormae,
1874 709 2077 774 utpote
2105 703 2205 759 hic
2234 718 2336 760 aer
2381 705 2441 759 in
2472 705 2633 761 hunc

203 774 407 848 ignem
437 778 805 845 generatum,
838 773 921 830 ita
949 774 1162 831 virtute
1186 774 1408 836 divina,
1437 788 1569 846 ηοω
1598 775 1907 832 materiam
1932 787 2053 829 non
2080 775 2501 844 praesupponit,
2526 776 2634 832 sed

205 858 338 903 eam
367 843 661 924 producit,
694 844 819 899 haec
849 845 1098 902 materia
1145 846 1509 902 convertitur
1535 845 1600 900 in
1639 845 1805 902 illam
1853 848 1911 901 et
1953 857 2060 915 per
2090 857 2469 923 consequens
2518 846 2634 903 hoc

202 914 577 972 individuum
603 913 669 969 in
698 913 846 970 illud
873 932 888 982 ;
916 913 1404 973 individuationis
1443 916 1604 972 enim
1650 915 2011 985 principium
2057 920 2305 971 materia
2336 921 2446 983 est,
2477 916 2637 973 sicut

204 985 402 1043 forma
428 988 522 1042 est
551 984 901 1064 principium
929 985 1169 1065 speciei.
1204 986 1351 1043 Hinc
1382 991 1581 1043 autem
1627 986 2013 1043 manifestum
2043 988 2136 1042 est
2178 983 2339 1056 quod
2381 985 2444 1040 in
2489 999 2633 1042 con-

201 1055 483 1114 versione
512 1054 792 1125 praedicta
841 1068 1016 1126 panis
1058 1055 1124 1113 in
1170 1069 1389 1127 corpus
1439 1055 1673 1124 Christi,
1704 1070 1827 1113 non
1878 1059 1971 1113 est
2014 1053 2275 1126 aliquod,
2300 1055 2633 1125 subjectum

203 1138 527 1184 commune
555 1138 911 1195 permanens
936 1131 1074 1197 post
1102 1127 1583 1194 conversionem,
1615 1141 1800 1198 quum
1826 1126 2249 1184 transmutatio
2278 1124 2380 1183 flat
2416 1139 2631 1183 secun-

205 1196 350 1255 dum
384 1196 639 1266 primum
672 1196 1025 1267 subjectum,
1065 1197 1226 1268 quod
1265 1203 1356 1254 est
1410 1197 1902 1255 individuationis
1948 1196 2325 1267 principium.
2378 1199 2635 1255 Necesse

208 1270 531 1325 esttamen
569 1265 790 1337 aliquid
819 1280 1148 1337 remanere,
1179 1272 1247 1325 ut
1292 1282 1497 1325 verum
1547 1268 1626 1325 sit
1676 1267 1837 1339 quod
1879 1267 2137 1325 dicitur:
2186 1269 2297 1322 Hoc
2336 1272 2415 1322 est
2441 1282 2632 1347 corpus

203 1353 382 1394 meum
398 1355 417 1403 ς
449 1350 580 1408 quae
611 1336 847 1408 quidem
878 1337 1057 1395 verba
1079 1342 1222 1396 sunt
1237 1337 1422 1410 huJus
1451 1338 1865 1396 conversionis
1892 1336 2288 1410 significativa
2314 1342 2374 1395 et
2402 1338 2631 1396 factiva.

210 1410 297 1475 Et,
329 1407 473 1479 quia
501 1406 838 1465 substantia
864 1408 1039 1478 panis
1067 1422 1191 1465 non
1219 1413 1442 1477 manet,
1473 1422 1585 1465 nec
1613 1409 1813 1481 aliqua
1878 1409 1999 1466 rior
2026 1407 2293 1476 materia,
2324 1412 2388 1464 ut
2432 1413 2633 1465 osten-

209 1491 344 1537 sum
376 1483 488 1543 est,
520 1491 768 1558 necesse
798 1485 889 1536 est
919 1478 1113 1536 dicere
1148 1480 1308 1551 quod
1337 1484 1576 1537 maneat
1602 1478 1663 1535 id
1733 1494 1771 1536 u
1877 1484 1969 1537 est
1994 1483 2207 1551 praetei·
2235 1477 2633 1536 substantiam

209 1549 405 1622 panis.
434 1548 788 1628 Huiusmodi
816 1553 1012 1606 autem
1038 1555 1131 1607 est
1159 1550 1436 1607 accidens
1460 1549 1657 1621 panis.
1758 1553 2036 1609 emanent
2082 1548 2265 1621 igitur
2308 1547 2636 1607 accidentia

209 1619 381 1692 panis
407 1623 588 1676 etiam
649 1623 747 1676 ost
766 1620 1216 1678 conversionem
1245 1620 1608 1692 praedictam.

278 1694 439 1746 Inter
465 1690 591 1747 acci
634 1690 792 1747 entia
817 1703 958 1748 vero
987 1690 1229 1761 quidam
1261 1691 1409 1748 ordo
1431 1689 1910 1749 considerandus
1940 1695 2050 1749 est.
2078 1694 2224 1749 Nam
2253 1691 2407 1747 inter
2433 1690 2638 1748 omnia.

205 1760 545 1820 accidentia
571 1760 965 1841 propinquius
988 1761 1236 1818 inhaeret
1264 1761 1616 1835 substantiae
1660 1762 1963 1833 quantitas
2002 1761 2370 1829 dimensiva3
2420 1761 2634 1819 deinde

205 1831 532 1903 qualitates
574 1844 636 1886 in
690 1830 1024 1889 substantia
1068 1831 1456 1902 recipiuntur,
1501 1832 1829 1903 quantitate
1870 1830 2186 1901 mediante,
2245 1832 2403 1890 sicut
2444 1832 2633 1899 color,

205 1902 510 1961 mediante
540 1900 876 1971 superficie,
906 1902 1064 1959 unde
1093 1908 1151 1959 et
1179 1916 1283 1972 pei·
1307 1902 1664 1964 divisionem
1696 1902 2047 1973 quantitatis
2074 1917 2179 1972 per
2206 1902 2484 1959 accidens
2516 1901 2636 1959 alia

206 1972 545 2031 accidentia
569 1971 946 2040 dividuntur;
979 1972 1229 2028 ulterius
1258 1976 1456 2029 autem
1484 1972 1803 2044 qualitates
1832 1976 1974 2029 sunt
2001 1974 2302 2030 actionum
2328 1977 2385 2029 et
2407 1972 2636 2042 passio-

205 2054 356 2101 num
387 2041 676 2113 principia
704 2047 763 2099 et
793 2042 1153 2121 relationum
1191 2042 1604 2168 quarumdam,
1638 2046 1703 2099 ut
1730 2045 1872 2100 sunt
1897 2048 2064 2113 pater
2090 2049 2147 2100 et
2175 2044 2336 2100 filius
2361 2048 2419 2098 et
2447 2042 2635 2098 domi-

207 2127 330 2171 nus
356 2117 415 2170 et
444 2126 654 2170 servus
683 2116 741 2169 et
759 2112 879 2170 alia
905 2112 1187 2184 hujusmo
1232 2114 1286 2183 i;
1318 2113 1588 2185 'quaedam
1630 2126 1770 2169 vero
1816 2113 2139 2171 relationes
2186 2112 2526 2170 immediate
2558 2112 2634 2170 ad

201 2183 572 2256 quantitates
601 2196 665 2240 se
710 2187 952 2252 uuntur,
981 2187 1047 2241 ut
1068 2183 1263 2255 majus
1292 2190 1351 2241 et
1377 2183 1598 2250 minus,
1631 2183 1878 2255 duplum
1904 2188 1965 2240 et
1984 2184 2288 2242 dimidium
2314 2191 2371 2240 et
2391 2182 2631 2240 similia.

200 2256 305 2312 Sic
333 2254 515 2327 igitur
543 2254 669 2311 acci
711 2254 868 2313 entia
895 2254 1070 2326 panis
1108 2258 1246 2325 post
1285 2254 1742 2313 conversionem
1783 2254 2125 2325 praedictam
2171 2268 2478 2312 remanere
2530 2266 2633 2325 po-

208 2326 478 2382 nendum
508 2328 695 2382 estut
740 2324 875 2382 sola
911 2326 1217 2397 quantitas
1262 2324 1596 2382 dimensiva
1638 2325 1770 2382 sine
1820 2324 2089 2395 subjecto
2132 2326 2425 2382 subsistat
2470 2329 2528 2380 et
2569 2324 2633 2380 in

207 2396 344 2467 ipsa
373 2394 690 2466 qualitates
719 2394 1040 2452 fundentur
1064 2396 1222 2452 sicut
1259 2396 1322 2451 in
1351 2395 1643 2465 subjecto,
1669 2397 1729 2450 et
1768 2408 1871 2463 per
1919 2407 2298 2465 consequens
2338 2394 2630 2462 actioneS,

204 2466 531 2539 passiones
561 2471 620 2523 et
645 2464 983 2524 relationes.
1011 2464 1239 2523 Accidit
1262 2464 1444 2536 igitur
1469 2464 1533 2520 in
1579 2463 1691 2521 hac
1737 2463 2124 2520 conversione
2169 2463 2532 2521 contrarium
2579 2465 2633 2521 ei

205 2537 374 2609 quod
404 2537 467 2593 in
498 2536 869 2594 naturalibus
906 2534 1340 2592 mutationibus
1390 2533 1658 2591 accidere
1702 2534 1879 2602 solet,
1920 2534 1985 2590 in
2030 2534 2249 2605 quibus
2297 2533 2635 2592 substantia

207 2612 416 2666 manet
440 2612 505 2664 ut
532 2606 883 2664 mutationis
923 2606 1278 2677 subJectum,
1308 2604 1639 2662 accidentia
1666 2617 1807 2662 vero
1834 2604 2175 2673 variantur3
2225 2604 2324 2662 hic
2369 2609 2567 2661 autem
2599 2618 2632 2661 e

203 2691 507 2737 converso
529 2677 805 2735 accidens
831 2682 1030 2734 manet
1045 2682 1103 2732 et
1129 2675 1465 2734 substantia
1492 2675 1722 2732 transit.
1756 2674 2107 2746 Hujusmodi
2134 2675 2293 2731 enim
2317 2674 2631 2732 conversio

207 2763 334 2806 non
366 2753 563 2820 potest
589 2748 824 2818 proprie
843 2747 958 2804 dici
989 2752 1210 2814 motus,
1234 2746 1392 2803 sicut
1419 2760 1455 2802 a
1483 2745 1886 2818 (philosopho)
1918 2745 2171 2803 naturali
2199 2746 2629 2814 consideratur,

211 2826 283 2877 ut
311 2819 648 2889 subjectum
678 2817 964 2890 requirit;
996 2816 1102 2875 sed
1151 2822 1243 2874 est
1279 2816 1550 2888 quaedam
1576 2815 1991 2874 substantialis
2020 2816 2350 2885 successio,
2386 2817 2543 2873 sicut
2568 2815 2631 2872 in

210 2890 522 2949 creatione
552 2894 645 2946 est
672 2887 982 2946 successio
1012 2901 1146 2945 esse
1177 2891 1235 2944 et
1261 2900 1384 2944 non
1414 2900 1571 2954 esse,
1608 2891 1672 2944 ut
1701 2886 1923 2943 dictum
1951 2892 2041 2945 est
2071 2885 2134 2957 (l.
2165 2900 2232 2955 11,
2263 2901 2315 2943 c.
2350 2885 2456 2957 19).

287 2963 422 3017 Haec
453 2959 634 3032 igitur
665 2965 755 3017 est
783 2973 906 3017 una
930 2959 1082 3016 ratio
1110 2972 1292 3031 quare
1321 2957 1603 3015 accidens
1635 2958 1811 3028 panis
1854 2970 2160 3014 remanere
2189 2962 2422 3028 oportet
2451 2959 2516 3012 ut
2547 2956 2632 3012 in-

205 3031 483 3089 veniatur
510 3030 754 3102 aliquod
784 3042 1035 3086 manens
1061 3030 1123 3086 in
1169 3028 1576 3108 conversione·
1600 3028 1897 3098 praedicta.
1944 3030 2044 3085 Est
2079 3032 2277 3085 autem
2325 3031 2384 3108 et
2420 3033 2633 3108 praeter

210 3102 331 3161 hoc
357 3100 517 3158 aliud
546 3100 970 3157 necessarium.
1003 3100 1062 3157 Si
1092 3100 1249 3155 enim
1283 3099 1617 3156 substantia
1643 3099 1818 3170 panis
1846 3099 1909 3154 in
1955 3111 2174 3168 corpus
2226 3098 2438 3155 Christi
2488 3110 2631 3154 con-

208 3177 540 3229 verteretur
568 3177 624 3228 et
653 3171 822 3242 panis
847 3169 1176 3227 accidentia
1200 3170 1545 3238 transirent,
1574 3184 1647 3226 ex
1673 3168 1777 3226 ‘tali
1823 3170 2214 3227 conversione
2257 3182 2380 3225 non
2428 3181 2633 3238 seque-

210 3248 379 3300 retur
403 3242 565 3313 quod
592 3253 695 3298 cor
740 3255 810 3299 us
834 3240 1064 3306 Christi,
1096 3239 1424 3297 secundum
1455 3254 1626 3297 suam
1674 3240 2089 3302 substantiam,
2118 3244 2282 3297 esset
2321 3239 2419 3296 ubi
2464 3237 2630 3308 prius

211 3313 327 3371 fuit
395 3313 567 3380 anis;
597 3311 704 3368 nul
731 3326 767 3368 a
790 3311 948 3368 enim
980 3311 1412 3390 relinqueretur
1447 3310 1735 3367 habitudo
1776 3310 2045 3381 corporis
2087 3308 2302 3367 Christi
2328 3309 2401 3366 ad
2433 3309 2629 3365 locum

207 3328 580 3455 praetfictum.
599 3382 733 3450 Sed,
756 3395 940 3453 quum
968 3386 1269 3453 quantitas
1292 3380 1621 3438 dimensiva
1648 3381 1819 3451 panis
1848 3385 2112 3437 remanet
2134 3387 2271 3451 post
2293 3378 2629 3437 conversio-

211 3467 373 3521 nem,
401 3467 510 3523 per
538 3466 714 3533 quam
762 3452 937 3522 panis
963 3450 1125 3508 hunc
1159 3451 1359 3508 locum
1390 3451 1772 3519 sortiebatur,
1810 3451 2147 3509 substantia
2175 3451 2370 3522 panis,
2402 3450 2465 3506 in
2494 3462 2625 3506 coi·-

210 3537 328 3596 pus
359 3523 570 3581 Christi
603 3527 845 3586 mutata,
879 3520 943 3578 fit
991 3534 1208 3602 corpus
1237 3521 1451 3578 Christi
1485 3522 1597 3579 sub
1636 3522 1965 3594 quantitate
1992 3521 2325 3578 dimensiva
2350 3519 2543 3592 paniS,
2574 3524 2633 3575 et

207 3608 319 3722 ger
347 3606 724 3721 conseq-{ens
754 3593 952 3673 locum
984 3606 1158 3663 panis
1186 3592 1627 3664 quodammodo
1676 3591 1944 3663 sortitur,
1990 3591 2387 3650 mediantibus
2429 3596 2628 3648 tamen

256 3677 577 3721 imensioni
628 3677 698 3720 us
769 3676 922 3719 anis.

284 3737 548 3792 Possunt
569 3739 627 3790 et
654 3677 784 3790 alitae
813 3733 1075 3790 rationes
1106 3732 1425 3803 assignari,
1466 3738 1522 3791 et
1551 3738 1840 3814 quantum
1868 3732 1941 3790 ad
1971 3731 2106 3790 fidei
2156 3733 2466 3800 rationem,
2498 3746 2629 3804 quae

207 3806 285 3863 de
309 3803 713 3862 invisibilibus
753 3808 864 3872 est,
894 3808 951 3859 et
996 3807 1280 3874 quantum
1312 3803 1385 3859 ad
1436 3810 1731 3873 meritum,
1763 3803 1919 3875 quod
1956 3804 2111 3861 circa
2139 3802 2253 3861 hoc
2292 3816 2630 3860 sacramen-

207 3882 338 3933 tum
372 3880 537 3932 tanto
564 3873 757 3946 maJus
788 3879 880 3931 est
909 3878 1132 3946 quanto
1159 3873 1520 3931 invisibilius
1551 3875 1768 3946 agitur,
1791 3888 2037 3945 corpore
2067 3873 2282 3930 Christi
2314 3873 2425 3929 sub
2454 3873 2629 3943 panis

210 3944 625 4004 accidentibus
654 3944 908 4007 occulto,
945 3947 1179 4014 propter
1206 3944 1669 4001 commodiorem
1701 3949 1759 3999 et
1786 3943 2190 4002 honestiorem
2221 3956 2393 4000 usum
2427 3957 2626 4000 sacra-

205 4016 415 4074 menti.
471 4018 639 4072 Esset
684 4014 844 4073 enim
891 4013 1124 4071 horrori
1182 4014 1554 4071 sumentibus
1603 4020 1659 4070 et
1696 4013 2125 4072 abominationi
2182 4012 2543 4081 videntibus,
2576 4014 2630 4070 si

208 4100 430 4156 corpus
459 4085 677 4144 Christi
708 4085 770 4140 in
796 4097 907 4142 sua
935 4083 1130 4154 specie
1160 4097 1198 4140 a
1225 4083 1500 4142 fidelibus
1530 4090 1884 4142 sumeretur.
1913 4084 2076 4141 Unde
2095 4082 2208 4140 sub
2237 4083 2435 4153 specie
2455 4084 2629 4154 panis

205 4163 268 4214 et
295 4156 440 4225 vini,
476 4156 693 4228 quibus
717 4154 996 4212 homines
1026 4154 1405 4211 communius
1433 4159 1684 4212 utuntur
1720 4154 1795 4212 ad
1822 4167 1993 4212 esum
2042 4158 2101 4211 et
2150 4156 2379 4226 potum,
2409 4164 2629 4228 corpus

203 4227 430 4286 Christi
459 4225 811 4298 proponitur
837 4224 912 4284 ad
945 4224 1427 4284 manducandum
1460 4230 1520 4284 et
1545 4226 1795 4299 sanguis
1818 4222 2135 4297 potandus.
