3076 5025
1069 246 1207 307 un.
1226 219 1530 311 filma.
1568 242 1774 303 xcvii.
2534 243 2637 301 eia

201 370 276 433 iu
299 369 499 431 forma
521 368 915 433 humanitatis
949 365 1268 442 iudicabit,
1296 379 1479 449 quam
1525 360 1743 425 omnes
1784 367 2045 447 possunt
2073 363 2308 447 ,videi-e,
2323 367 2448 423 tam
2488 361 2641 423 boni

208 455 394 518 qnam
416 440 581 501 mali.
606 440 772 503 visio
806 443 1007 503 autem
1034 438 1365 499 divinitatis
1392 450 1525 512 ejus
1551 436 1762 496 beatos
1788 435 1933 497 facit
1977 439 2134 495 utin
2158 440 2339 494 tertio
2363 434 2517 507 (cap.
2547 432 2644 507 5¹)

206 517 524 574 ostensum
555 516 649 573 est
677 526 695 569 i
728 510 888 571 unde
915 523 954 569 a
980 510 1135 571 solis
1158 508 1340 571 bonis
1366 507 1554 567 videri
1579 506 1816 580 poterit.
1843 479 2146 566 iudicium
2173 509 2375 565 autem
2403 504 2635 564 anima-
2682 526 2689 531 ·

206 596 375 666 rum,
441 583 544 643 uia
573 580 649 642 de
674 579 1083 663 invisibilibus
1102 583 1196 641 est
1243 578 1630 662 invisibiliter
1654 578 1873 660 agitur.
2319 643 2333 656 ,
2425 643 2438 656 ,
2603 644 2615 657 ·

207 723 225 737 ο
282 655 416 735 Lice
469 658 669 712 autem
693 652 962 735 cbristus
985 622 1354 732 inille-finali
1373 648 1607 732 judicio
1630 651 2047 730 auctoritatem
2071 644 2292 728 babeat
2310 643 2643 727 judicandi,

206 722 565 805 iudicabunt
585 726 787 784 tamen
813 721 995 805 simul
1016 734 1154 782 cum
1182 720 1318 804 ¹¹¹⁰ae
1336 720 1500 802 velut
1518 719 1743 802 judicis
1766 729 2135 786 assessores,
2246 731 2268 774 ι
2295 729 2354 774 ei
2380 728 2503 787 prae
2529 727 2615 775 σε

119 832 124 839 .
207 800 364 852 teris
391 791 799 880 adhaeserunt,-
817 793 1046 857 scilicet
1063 791 1345 878 apostoli,
1387 790 1621 865 ‚quibus
1644 788 2012 917 dmmffitqst'
2061 789 2186 914 ria‘ti
2248 827 2287 912 ,Ξ
2330 788 2651 912 :grangias

209 860 2362 1079 ffiffiffissffifflffffssffiggffisswssw⁰⁵‘⁰¹⁰¹'¹¹¹¹²
2391 925 2648 999 vestigia

525 1046 543 1065 ⁶
837 1044 877 1071 ⁰,
1166 1044 1187 1077 ς
1256 1040 1277 1063 0
1330 1042 1351 1075 ς
1466 1045 1484 1063 ο
1549 1044 1565 1061 ο

1172 1219 1429 1287 cAPuT
1462 1220 1704 1287 xcvll.

922 1398 1005 1449 bn
1029 1398 1224 1449 snm
1252 1398 1441 1448 ml
1470 1399 1620 1448 POST
1647 1397 1942 1448 ΙῸἨῙΕΙΠῘ.

291 1565 542 1647 Peracto
566 1561 755 1640 igitur
766 1561 948 1647 ‚finali
968 1523 1226 1638 iudicio.
1251 1571 1469 1627 natura
1509 1564 1781 1626 humana
1815 1525 2081 1624 totaliter
2123 1562 2190 1622 in
2234 1575 2350 1623 suo
2394 1561 2651 1622 termino

218 1639 641 1697 constituetur.
667 1636 827 1706 Quia
847 1648 992 1695 vero
1015 1635 1227 1697 omnia
1245 1634 1589 1710 corporalia
1610 1636 1770 1697 facta
1788 1639 1932 1695 sunt
1946 1633 2392 1709 quodammodo
2409 1646 2520 1705 pro
2561 1636 2654 1692 tei·

216 1703 556 1778 hominem,
580 1710 651 1767 ut
675 1706 941 1765 intertio
966 1704 1124 1767 libro
1153 1706 1308 1781 (cap.
1351 1706 1480 1780 181)
1520 1711 1617 1766 est
1660 1710 1998 1777 ostensum,
2040 1710 2189 1766 tunc
2238 1704 2419 1764 etiam
2462 1708 2527 1761 to
2554 1713 2653 1762 ius

217 1782 511 1837 creaturae
535 1788 839 1858 corporeae
856 1777 1226 1843 conveniens
1249 1780 1347 1841 est
1370 1783 1441 1837 ut
1462 1780 1661 1837 status
1679 1777 2049 1846 immutetur,
2067 1782 2136 1834 ut
2152 1787 2269 1834 con
2387 1779 2450 1835 at
2469 1773 2654 1833 statui
2694 1812 2699 1819 -

219 1845 540 1908 bominum
563 1860 670 1921 qui
696 1850 843 1907 tune
869 1850 1075 1928 erunt·
1110 1852 1193 1919 et,
1220 1848 1365 1922 quia
1386 1851 1534 1909 tunc
1580 1845 1859 1907 homines
1884 1846 2276 1929 incorruptibi
2304 1859 2372 1905 es
2399 1847 2596 1915 erunt,
2614 1856 2655 1904 a

215 1921 351 1977 tota
376 1922 649 1999 creatura
675 1914 973 1989 corporali
994 1891 1242 1979 tolletur
1262 1918 1675 1994 generationis
1699 1923 1764 1979 et
1786 1923 2190 1991 corruptionis
2205 1921 2434 1977 status:
2455 1919 2519 2001 et
2534 1913 2657 1974 boc

219 1991 321 2049 est
342 1986 508 2073 quod
533 1986 678 2049 dieii
698 1987 1046 2074 ᾹροξιῑοῐιιεΞ
1074 1991 1270 2059 Rom..
1296 2000 1432 2059 vm,
1458 1992 1555 2074 2¹,
1642 1987 1760 2049 uod
1809 1991 1824 2004 '
1957 1992 2212 2046 oeeatiira
2248 1986 2575 2045 libet-abitio·
2615 1999 2658 2043 a

219 2061 484 2117 servitute
514 2062 880 2131 commitem
901 2060 968 2119 in
999 2059 1304 2117 liba-tatem
1337 2059 1528 2129 olona
1638 2063 1651 2076 ·
1932 2096 1950 2115 .
1992 2057 2307 2118 Generatio
2350 2060 2551 2117 autem
2592 2056 2661 2116 et

226 2127 558 2201 corruptio,
584 2142 720 2203 quae
743 2129 927 2191 estin
954 2128 1342 2195 inferioribus
1358 2130 1735 2202 corporibus,
1763 2143 1840 2189 ex
1862 2134 2031 2190 motii
2059 2129 2198 2189 coeli
2242 2131 2546 2189 causatur.
2565 2125 2657 2185 Ad

222 2196 344 2259 hoc
379 2198 561 2272 igitur
605 2197 769 2273 quod
821 2198 889 2259 in
929 2198 1318 2262 inferioribus
1357 2207 1560 2260 cesset
1600 2200 1909 2275 generatio
1960 2204 2023 2259 et
2062 2200 2371 2273 corruptio
2419 2200 2660 2272 oportet

223 2266 390 2343 quod
416 2268 593 2328 etiam
616 2274 821 2349 motus
846 2269 985 2333 coeli
1013 2275 1246 2335 eesset:
1278 2274 1342 2329 et
1380 2276 1625 2342 propter
1660 2271 1778 2350 boo
1807 2270 2051 2342 dicitur,
2092 2275 2137 2330 A
2180 2270 2361 2348 ocal„
2379 2279 2445 2335 x,
2489 2266 2656 2338 quod

222 2343 465 2420 tempus
489 2332 750 2411 amplius
773 2350 902 2420 non
928 2338 1060 2399 erit.
1088 2343 1220 2398 Non
1243 2339 1423 2398 debet
1447 2343 1650 2399 autem
1672 2338 2052 2418 impossibile
2067 2341 2127 2395 vi
2170 2350 2255 2395 eri
2274 2335 2438 2410 quod
2452 2339 2656 2395 motus

226 2409 366 2469 coeli
392 2412 624 2478 oesset;
650 2420 782 2469 nen
840 2420 967 2477 nini
992 2413 1204 2491 motus
1217 2407 1355 2469 coeli
1388 2408 1482 2468 sio
1504 2412 1603 2467 est
1638 2407 1932 2468 naturalis
1968 2409 2130 2466 sicut
2154 2410 2358 2466 motus
2383 2405 2656 2480 gravium

227 2484 290 2541 et
313 2478 557 2550 levium,
586 2481 654 2538 ut
683 2474 759 2538 ab
787 2489 825 2537 a
847 2478 992 2552 iquo
1018 2478 1286 2538 interiori
1310 2478 1506 2544 activo
1552 2477 1851 2552 principio
1890 2477 2215 2537 inclinetur
2258 2475 2335 2537 ad
2383 2481 2655 2546 motnm;

229 2549 341 2613 sed
363 2550 583 2609 dicitur
598 2548 914 2620 naturalis,
928 2549 1285 2624 inquantum
1302 2548 1484 2610 babet
1505 2548 1573 2608 in
1594 2561 1708 2609 sua
1734 2554 1950 2609 natura
1966 2546 2358 2622 aptitudinem
2375 2546 2454 2607 ad
2475 2546 2657 2608 talem

228 2625 483 2682 motum.
511 2619 877 2693 Principium
899 2622 1100 2679 autem
1118 2618 1288 2679 illius
1313 2625 1517 2681 motus
1542 2624 1639 2679 est
1662 2618 1884 2695 aliquis
1911 2618 2273 2690 intellectus,
2293 2618 2451 2680 utin
2476 2617 2657 2680 tertio

231 2692 390 2767 (cap.
416 2690 516 2763 22)
536 2695 854 2750 ostensum
878 2693 993 2749 est.
1021 2691 1285 2750 novetur
1309 2690 1497 2764 igitur
1521 2690 1742 2751 coelum
1777 2690 1938 2750 sicut
1972 2703 2048 2750 ea
2093 2703 2230 2764 quie
2276 2704 2313 2750 a
2349 2688 2657 2772 voluntate

233 2765 593 2831 moventur;
622 2760 906 2820 voluntas
931 2763 1133 2821 autem
1154 2765 1358 2820 movet
1381 2765 1624 2835 propter
1646 2759 1851 2822 finem.
1880 2760 2047 2821 Finis
2073 2767 2273 2822 autem
2296 2765 2500 2820 motus
2517 2758 2658 2820 coeli

233 2844 363 2894 non
426 2835 584 2891 otest
603 2842 741 2892 esse
764 2830 964 2904 ipsum
985 2830 1252 2914 moveriJ,
1277 2837 1481 2892 motus
1498 2832 1683 2903 enim,
1700 2844 1887 2915 quum
1905 2844 2035 2892 sem
2077 2831 2228 2892 erin
2250 2830 2414 2891 aliud
2430 2830 2657 2902 tendat,

234 2916 364 2985 non
383 2846 570 2962 {abet
593 2900 887 2961 rationem
914 2900 1110 2961 ultimi
1133 2900 1295 2962 finis.
1310 2903 1433 2962 Nec
1455 2906 1655 2976 potest
1671 2901 1807 2972 dici,
1827 2902 1990 2977 quod
2057 2902 2152 2961 nis
2177 2901 2441 2984 coelestis
2454 2906 2659 2962 motus

235 2979 320 3037 sit
341 2977 410 3033 ut
451 2984 674 3045 eorpus
719 2971 967 3053 coeleste
1014 2971 1336 3033 reducatur
1368 2972 1703 3056 secundum
1728 2974 1830 3031 ubi·
1850 2972 1929 3034 de
1975 2975 2247 3103 Kotenna
2273 2984 2356 3056 ‚in
2411 2976 2659 3042 actum;

237 3042 382 3119 quia
402 3040 534 3103 baec
557 3046 825 3114 potentia
849 3054 1179 3115 numquam
1284 3046 1402 3103 test
1426 3047 1556 3104 tota
1577 3056 1643 3103 in
1687 3048 1888 3103 actum
1913 3056 1979 3104 re
2023 3056 2148 3113 uci;
2186 3056 2346 3118 quia,
2362 3040 2507 3102 dum
2530 3053 2661 3102 cor-

233 3125 353 3190 pus
373 3113 621 3174 coeleste
642 3117 736 3172 est
757 3115 895 3173 actu
917 3112 983 3171 in
1011 3125 1135 3173 uno
1240 3115 1274 3184 ·,
1327 3117 1424 3174 est
1458 3114 1526 3174 in
1572 3114 1841 3188 potentia
1878 3113 1957 3174 ad
1996 3113 2185 3185 aliud,
2232 3114 2391 3174 sicut
2442 3117 2538 3172 est
2584 3111 2660 3173 de

232 3184 503 3260 potentia
525 3182 789 3244 materiae
812 3183 1021 3257 primae
1043 3187 1320 3257 respectu
1346 3183 1697 3245 formarum.
1725 3185 1889 3244 Siout
1911 3183 2099 3267 igitur
2131 3183 2277 3245 finis
2317 3189 2551 3244 naturai
2592 3183 2662 3242 in

235 3253 627 3331 generatione
652 3265 779 3314 non
805 3257 901 3313 est
924 3253 1209 3337 reducere
1234 3255 1545 3337 materiam
1570 3253 1644 3338 de
1669 3255 1934 3328 potentia
1960 3267 2025 3315 m
2046 3260 2269 3325 actum,
2296 3254 2404 3315 sed
2430 3252 2662 3384 aliguid

235 3325 400 3401 quod
428 3324 504 3407 ad
531 3324 651 3407 ,¹190
677 3329 1089 3407 consequitur,
1116 3323 1349 3408 scilicet
1414 3329 1741 3408 erpetuitas
1761 3338 1983 3408 rerum3
2027 3337 2136 3400 per
2177 3338 2359 3401 quam
2406 3323 2484 3385 ad
2532 3338 2660 3407 'ivi-

234 3408 378 3457 nam
408 3393 857 3456 similitudinem
884 3393 1329 3465 accedunt31ta
1398 3408 1495 3455 nis
1520 3400 1725 3456 motus
1750 3395 2017 3455 coelestis
2037 3409 2164 3455 non
2208 3400 2304 3455 est
2344 3395 2551 3456 reduci
2587 3394 2662 3454 de

235 3466 506 3542 potentia
533 3465 599 3526 in
619 3470 841 3536 actum,
863 3463 975 3525 sed
1007 3464 1235 3539 aliquid
1256 3478 1639 3541 consequens
1664 3465 1742 3527 ad
1767 3465 1925 3527 lianc
1959 3466 2391 3533 reductionem.
2429 3465 2666 3527 scilicet

237 3535 560 3598 assimilari
611 3536 737 3595 Deo
771 3535 838 3594 in
881 3535 1213 3596 causando.
1251 3536 1469 3597 omnia
1507 3540 1709 3596 autem
1744 3537 2109 3611 generabilia
2150 3540 2210 3596 et
2255 3536 2667 3611 corruptibilia

236 3621 370 3683 quae
399 3610 727 3668 causantur
749 3618 860 3689 per
894 3610 1128 3667 motum
1171 3606 1311 3668 coeli
1349 3606 1427 3667 ad
1468 3605 1776 3667 bominem
1820 3606 2175 3668 ordinantur
2218 3606 2664 3682 quodammodo

235 3679 394 3740 sieut
416 3679 484 3740 in
509 3675 716 3747 finem,
743 3681 816 3736 ut
839 3689 905 3735 in
929 3676 1107 3737 tertio
1132 3676 1289 3752 (cap.
1313 3677 1409 3750 81)
1432 3682 1749 3738 ostensum
1776 3682 1888 3738 est.
1916 3679 2109 3738 notus
2134 3678 2319 3752 igitur
2353 3678 2492 3738 coeli
2558 3688 2666 3737 ιω-

235 3748 412 3822 cipue
436 3752 530 3808 est
553 3760 663 3820 pro
704 3751 798 3806 ter
819 3747 1272 3821 generationem
1307 3746 1623 3809 bominum
1645 3766 1661 3781 ·
1694 3749 1761 3810 in
1801 3747 1920 3809 boc
1952 3748 2115 3808 enim
2148 3748 2471 3808 maximam
2550 3747 2665 3807 ivi-

139 3871 142 3874 .
232 3831 376 3880 nam
402 3761 855 3901 similitudinem
881 3818 1277 3901 consequitur
1298 3819 1365 3878 in
1391 3792 1723 3889 causando,
1746 3818 1892 3902 qnia
1909 3818 2103 3878 forma
2128 3817 2416 3888 bominis,
2433 3817 2665 3879 scilicet

236 3890 439 3952 anima
463 3887 806 3958 rationalis,
832 3888 1176 3950 immediate
1201 3894 1437 3949 creatur
1460 3902 1502 3949 a
1524 3892 1675 3959 Deo,
1700 3892 1771 3949 ut
1792 3901 1860 3947 in
1886 3887 2155 3948 secundo
2182 3889 2277 3962 (ca
2321 3892 2424 3947 ,87
2465 3892 2665 3949 osten-

137 4005 142 4010 .
236 3972 374 4043 sum
403 3964 516 4042 est.
543 3961 679 4043 lyon
704 3962 907 4019 eutem
933 3962 1135 4041 potest
1158 3972 1297 4043 esse
1321 3957 1464 4042 finis
1487 3959 1663 4043 multi
1704 3957 1908 4042 licatio
1935 3958 2267 4042 animarum
2277 3903 2382 4041 fni
2472 3958 2665 4043 nitum

234 4042 378 4104 quia
402 4028 704 4090 infimtum
732 4033 1133 4089 contrariatur
1153 4034 1376 4091 ratiom
1396 4028 1561 4089 finis.
1582 4031 1664 4089 'Nl
1712 4029 1757 4089 il
1777 4035 1963 4104 igitur
1986 4042 2421 4089 inconveniens
2457 4043 2665 4105 sequi·

133 4116 143 4134 ·
232 4103 351 4171 tur,
378 4099 455 4172 si,
477 4104 643 4160 certo
668 4111 922 4160 numero
947 4098 1261 4162 bominum
1281 4099 1606 4173 completo,
1633 4112 1930 4173 ponamus
1944 4103 2173 4159 motum
2196 4099 2334 4159 ooeli
2350 4099 2663 4162 desistere.

306 4171 589 4230 cessante
612 4173 818 4251 tamen
845 4174 1017 4229 motu
1043 4170 1202 4253 ouili,
1230 4170 1721 4254 etgeneratione,
1750 4176 1818 4253 et'
1829 4171 2212 4252 corruptione
2226 4170 2303 4253 ab
2325 4171 2665 4252 elementis,

237 4252 445 4302 eorum
472 4239 815 4300 substantia
835 4239 1171 4303 remanebit
1198 4253 1275 4301 ex
1297 4240 1716 4301 immobilitate
1760 4240 1978 4300 divinae
2029 4240 2318 4302 bonitatis
2373 4260 2390 4300 :
2441 4243 2666 4303 creavit

235 4309 396 4373 enim
418 4322 518 4371 res
551 4314 622 4370 ut
645 4313 889 4379 essent;
916 4309 1077 4370 unde
1104 4322 1245 4371 esse
1271 4323 1474 4371 rerum
1502 4325 1640 4385 quae
1665 4310 2057 4384 aptitudinem
2099 4310 2323 4371 habent
2346 4311 2423 4371 ad
2460 4321 2664 4383 perpe-

235 4381 510 4442 tuitatem
532 4380 598 4439 in
644 4383 997 4454 perpetuum
1020 4380 1371 4444 remanebit.
1389 4379 1621 4443 Habent
1644 4384 1845 4441 autem
1863 4386 2138 4443 naturam
2160 4387 2229 4444 ut
2242 4382 2365 4442 sint
2375 4384 2663 4453 perpetua

2952 4899 3023 4910 l
2950 4739 3023 4826 Χ
