<?xml version="1.0" encoding="UTF-8"?>
<!DOCTYPE html PUBLIC "-//W3C//DTD XHTML 1.0 Transitional//EN"
    "http://www.w3.org/TR/xhtml1/DTD/xhtml1-transitional.dtd">
<html xmlns="http://www.w3.org/1999/xhtml" xml:lang="en" lang="en">
 <head>
  <title>
</title>
<meta http-equiv="Content-Type" content="text/html;charset=utf-8" />
  <meta name='ocr-system' content='tesseract 3.04.00' />
  <meta name='ocr-capabilities' content='ocr_page ocr_carea ocr_par ocr_line ocrx_word'/>
</head>
<body>
  <div class='ocr_page' id='page_1' title='image "./deveritatecatho00rubegoog_0267.png"; bbox 0 0 3076 5025; ppageno 0'>
   <div class='ocr_carea' id='block_1_1' title="bbox 1147 360 2730 429">
    <p class='ocr_par' dir='ltr' id='par_1_1' title="bbox 1147 360 2730 429">
     <span class='ocr_line' id='line_1_1' title="bbox 1147 360 2730 429; baseline 0.004 -13"><span class='ocrx_word' id='word_1_1' title='bbox 1147 360 1279 417; x_wconf 78' lang='lat' dir='ltr'>Lm.</span> <span class='ocrx_word' id='word_1_2' title='bbox 1321 360 1396 429; x_wconf 81' lang='lat'>11,</span> <span class='ocrx_word' id='word_1_3' title='bbox 1434 361 1587 417; x_wconf 77' lang='lat' dir='ltr'>CAP.</span> <span class='ocrx_word' id='word_1_4' title='bbox 1628 360 1915 418; x_wconf 79' lang='lat' dir='ltr'>Lxxxvll.</span> <span class='ocrx_word' id='word_1_5' title='bbox 2622 366 2730 423; x_wconf 77' lang='lat'>233</span> 
     </span>
    </p>
   </div>
   <div class='ocr_carea' id='block_1_2' title="bbox 295 481 2737 3385">
    <p class='ocr_par' dir='ltr' id='par_1_2' title="bbox 298 481 2732 1049">
     <span class='ocr_line' id='line_1_2' title="bbox 304 481 2727 559; baseline 0.002 -17"><span class='ocrx_word' id='word_1_6' title='bbox 304 482 374 542; x_wconf 88' lang='lat' dir='ltr'>de</span> <span class='ocrx_word' id='word_1_7' title='bbox 400 482 670 555; x_wconf 86' lang='lat' dir='ltr'>potentia</span> <span class='ocrx_word' id='word_1_8' title='bbox 695 481 758 539; x_wconf 91' lang='lat' dir='ltr'>in</span> <span class='ocrx_word' id='word_1_9' title='bbox 788 487 1006 545; x_wconf 88' lang='lat' dir='ltr'>actum,</span> <span class='ocrx_word' id='word_1_10' title='bbox 1039 486 1099 539; x_wconf 92' lang='lat' dir='ltr'>et</span> <span class='ocrx_word' id='word_1_11' title='bbox 1121 482 1210 541; x_wconf 87' lang='lat' dir='ltr'>sic</span> <span class='ocrx_word' id='word_1_12' title='bbox 1240 481 1667 541; x_wconf 80' lang='lat' dir='ltr'>determinatur</span> <span class='ocrx_word' id='word_1_13' title='bbox 1693 483 1770 541; x_wconf 88' lang='lat' dir='ltr'>ad</span> <span class='ocrx_word' id='word_1_14' title='bbox 1794 497 1930 543; x_wconf 87' lang='lat' dir='ltr'>esse</span> <span class='ocrx_word' id='word_1_15' title='bbox 1967 489 2103 542; x_wconf 90' lang='lat' dir='ltr'>actu</span> <span class='ocrx_word' id='word_1_16' title='bbox 2146 483 2411 543; x_wconf 84' lang='lat' dir='ltr'>materiae</span> <span class='ocrx_word' id='word_1_17' title='bbox 2445 487 2606 559; x_wconf 88' lang='lat' dir='ltr'>quod</span> <span class='ocrx_word' id='word_1_18' title='bbox 2632 493 2727 548; x_wconf 90' lang='lat' dir='ltr'>est</span> 
     </span>
     <span class='ocr_line' id='line_1_3' title="bbox 303 552 2726 631; baseline 0.003 -21"><span class='ocrx_word' id='word_1_19' title='bbox 303 566 406 625; x_wconf 90' lang='lat' dir='ltr'>pei·</span> <span class='ocrx_word' id='word_1_20' title='bbox 433 553 720 613; x_wconf 89' lang='lat' dir='ltr'>unionem</span> <span class='ocrx_word' id='word_1_21' title='bbox 755 552 992 622; x_wconf 83' lang='lat' dir='ltr'>formae;</span> <span class='ocrx_word' id='word_1_22' title='bbox 1025 552 1205 622; x_wconf 88' lang='lat' dir='ltr'>unde,</span> <span class='ocrx_word' id='word_1_23' title='bbox 1230 553 1283 610; x_wconf 87' lang='lat' dir='ltr'>si</span> <span class='ocrx_word' id='word_1_24' title='bbox 1311 567 1418 624; x_wconf 89' lang='lat' dir='ltr'>per</span> <span class='ocrx_word' id='word_1_25' title='bbox 1443 553 1558 611; x_wconf 90' lang='lat' dir='ltr'>hoc</span> <span class='ocrx_word' id='word_1_26' title='bbox 1587 555 1764 612; x_wconf 87' lang='lat' dir='ltr'>etiam</span> <span class='ocrx_word' id='word_1_27' title='bbox 1795 555 2044 627; x_wconf 83' lang='lat' dir='ltr'>incipiat</span> <span class='ocrx_word' id='word_1_28' title='bbox 2066 568 2201 613; x_wconf 89' lang='lat' dir='ltr'>esse</span> <span class='ocrx_word' id='word_1_29' title='bbox 2232 556 2459 626; x_wconf 78' lang='lat' dir='ltr'>formae,</span> <span class='ocrx_word' id='word_1_30' title='bbox 2491 558 2726 631; x_wconf 91' lang='lat' dir='ltr'>simpli-</span> 
     </span>
     <span class='ocr_line' id='line_1_4' title="bbox 303 622 2729 705; baseline 0.002 -22"><span class='ocrx_word' id='word_1_31' title='bbox 303 624 452 684; x_wconf 85' lang='lat' dir='ltr'>citer</span> <span class='ocrx_word' id='word_1_32' title='bbox 478 637 616 681; x_wconf 85' lang='lat' dir='ltr'>esse</span> <span class='ocrx_word' id='word_1_33' title='bbox 641 624 846 681; x_wconf 75' lang='lat' dir='ltr'>formae</span> <span class='ocrx_word' id='word_1_34' title='bbox 873 637 993 681; x_wconf 91' lang='lat' dir='ltr'>non</span> <span class='ocrx_word' id='word_1_35' title='bbox 1019 623 1131 680; x_wconf 88' lang='lat' dir='ltr'>erit</span> <span class='ocrx_word' id='word_1_36' title='bbox 1176 622 1293 681; x_wconf 86' lang='lat' dir='ltr'>nisi</span> <span class='ocrx_word' id='word_1_37' title='bbox 1325 624 1389 680; x_wconf 90' lang='lat' dir='ltr'>in</span> <span class='ocrx_word' id='word_1_38' title='bbox 1414 624 1530 682; x_wconf 90' lang='lat' dir='ltr'>hoc</span> <span class='ocrx_word' id='word_1_39' title='bbox 1578 625 1738 705; x_wconf 88' lang='lat' dir='ltr'>quod</span> <span class='ocrx_word' id='word_1_40' title='bbox 1767 631 1859 683; x_wconf 88' lang='lat' dir='ltr'>est</span> <span class='ocrx_word' id='word_1_41' title='bbox 1894 626 2051 683; x_wconf 89' lang='lat' dir='ltr'>uniri</span> <span class='ocrx_word' id='word_1_42' title='bbox 2098 626 2381 695; x_wconf 67' lang='lat' dir='ltr'>materiai,</span> <span class='ocrx_word' id='word_1_43' title='bbox 2413 629 2585 686; x_wconf 88' lang='lat' dir='ltr'>etsie</span> <span class='ocrx_word' id='word_1_44' title='bbox 2615 630 2729 687; x_wconf 90' lang='lat' dir='ltr'>erit</span> 
     </span>
     <span class='ocr_line' id='line_1_5' title="bbox 303 692 2732 769; baseline 0.002 -15"><span class='ocrx_word' id='word_1_45' title='bbox 303 695 634 754; x_wconf 82' lang='lat' dir='ltr'>secundum</span> <span class='ocrx_word' id='word_1_46' title='bbox 659 708 795 752; x_wconf 89' lang='lat' dir='ltr'>esse</span> <span class='ocrx_word' id='word_1_47' title='bbox 819 709 856 752; x_wconf 89' lang='lat' dir='ltr'>a</span> <span class='ocrx_word' id='word_1_48' title='bbox 877 694 1128 752; x_wconf 82' lang='lat' dir='ltr'>materia</span> <span class='ocrx_word' id='word_1_49' title='bbox 1155 692 1518 765; x_wconf 87' lang='lat' dir='ltr'>dependens.</span> <span class='ocrx_word' id='word_1_50' title='bbox 1551 696 1611 752; x_wconf 90' lang='lat' dir='ltr'>Si</span> <span class='ocrx_word' id='word_1_51' title='bbox 1641 695 1826 768; x_wconf 84' lang='lat' dir='ltr'>igitur</span> <span class='ocrx_word' id='word_1_52' title='bbox 1845 696 2045 754; x_wconf 90' lang='lat' dir='ltr'>anima</span> <span class='ocrx_word' id='word_1_53' title='bbox 2073 696 2335 755; x_wconf 90' lang='lat' dir='ltr'>humana</span> <span class='ocrx_word' id='word_1_54' title='bbox 2363 698 2732 769; x_wconf 82' lang='lat' dir='ltr'>producatur</span> 
     </span>
     <span class='ocr_line' id='line_1_6' title="bbox 304 765 2727 840; baseline 0.002 -17"><span class='ocrx_word' id='word_1_55' title='bbox 304 766 367 824; x_wconf 89' lang='lat' dir='ltr'>in</span> <span class='ocrx_word' id='word_1_56' title='bbox 393 778 531 823; x_wconf 89' lang='lat' dir='ltr'>esse</span> <span class='ocrx_word' id='word_1_57' title='bbox 558 779 666 836; x_wconf 90' lang='lat' dir='ltr'>per</span> <span class='ocrx_word' id='word_1_58' title='bbox 686 766 962 822; x_wconf 87' lang='lat' dir='ltr'>virtutem</span> <span class='ocrx_word' id='word_1_59' title='bbox 992 765 1244 822; x_wconf 81' lang='lat' dir='ltr'><strong>activam</strong></span> <span class='ocrx_word' id='word_1_60' title='bbox 1269 778 1401 838; x_wconf 85' lang='lat' dir='ltr'>quae</span> <span class='ocrx_word' id='word_1_61' title='bbox 1432 765 1610 823; x_wconf 88' lang='lat' dir='ltr'>estin</span> <span class='ocrx_word' id='word_1_62' title='bbox 1637 767 1886 837; x_wconf 85' lang='lat' dir='ltr'>semine,</span> <span class='ocrx_word' id='word_1_63' title='bbox 1911 767 2183 839; x_wconf 86' lang='lat' dir='ltr'>sequitur</span> <span class='ocrx_word' id='word_1_64' title='bbox 2210 769 2370 840; x_wconf 89' lang='lat' dir='ltr'>quod</span> <span class='ocrx_word' id='word_1_65' title='bbox 2391 783 2525 827; x_wconf 90' lang='lat' dir='ltr'>esse</span> <span class='ocrx_word' id='word_1_66' title='bbox 2547 784 2727 828; x_wconf 85' lang='lat' dir='ltr'>suum</span> 
     </span>
     <span class='ocr_line' id='line_1_7' title="bbox 302 835 2728 911; baseline 0.002 -16"><span class='ocrx_word' id='word_1_67' title='bbox 302 835 383 895; x_wconf 86' lang='lat' dir='ltr'>sit</span> <span class='ocrx_word' id='word_1_68' title='bbox 407 836 753 908; x_wconf 88' lang='lat' dir='ltr'>dependens</span> <span class='ocrx_word' id='word_1_69' title='bbox 782 850 816 893; x_wconf 89' lang='lat' dir='ltr'>a</span> <span class='ocrx_word' id='word_1_70' title='bbox 845 836 1115 906; x_wconf 82' lang='lat' dir='ltr'>materia,</span> <span class='ocrx_word' id='word_1_71' title='bbox 1148 835 1307 894; x_wconf 89' lang='lat' dir='ltr'>sicut</span> <span class='ocrx_word' id='word_1_72' title='bbox 1328 850 1465 893; x_wconf 89' lang='lat' dir='ltr'>esse</span> <span class='ocrx_word' id='word_1_73' title='bbox 1501 836 1751 893; x_wconf 89' lang='lat' dir='ltr'>aliarum</span> <span class='ocrx_word' id='word_1_74' title='bbox 1784 836 2110 895; x_wconf 84' lang='lat' dir='ltr'>formarum</span> <span class='ocrx_word' id='word_1_75' title='bbox 2152 839 2582 911; x_wconf 80' lang='lat' dir='ltr'>materialium3</span> <span class='ocrx_word' id='word_1_76' title='bbox 2624 856 2728 899; x_wconf 90' lang='lat' dir='ltr'>cu·</span> 
     </span>
     <span class='ocr_line' id='line_1_8' title="bbox 298 905 2730 990; baseline 0.002 -24"><span class='ocrx_word' id='word_1_77' title='bbox 298 906 397 990; x_wconf 74' lang='lat' dir='ltr'>jus</span> <span class='ocrx_word' id='word_1_78' title='bbox 444 908 809 965; x_wconf 89' lang='lat' dir='ltr'>contrarium</span> <span class='ocrx_word' id='word_1_79' title='bbox 845 920 1027 987; x_wconf 86' lang='lat' dir='ltr'>supra</span> <span class='ocrx_word' id='word_1_80' title='bbox 1057 905 1130 988; x_wconf 82' lang='lat' dir='ltr'>(c.</span> <span class='ocrx_word' id='word_1_81' title='bbox 1174 906 1269 978; x_wconf 81' lang='lat'>79)</span> <span class='ocrx_word' id='word_1_82' title='bbox 1330 912 1642 964; x_wconf 87' lang='lat' dir='ltr'>ostensum</span> <span class='ocrx_word' id='word_1_83' title='bbox 1685 913 1796 965; x_wconf 90' lang='lat' dir='ltr'>est.</span> <span class='ocrx_word' id='word_1_84' title='bbox 1854 908 2030 966; x_wconf 88' lang='lat' dir='ltr'>Nullo</span> <span class='ocrx_word' id='word_1_85' title='bbox 2075 908 2259 981; x_wconf 83' lang='lat' dir='ltr'>igitur</span> <span class='ocrx_word' id='word_1_86' title='bbox 2298 910 2480 968; x_wconf 87' lang='lat' dir='ltr'>modo</span> <span class='ocrx_word' id='word_1_87' title='bbox 2524 911 2730 972; x_wconf 87' lang='lat' dir='ltr'>anima</span> 
     </span>
     <span class='ocr_line' id='line_1_9' title="bbox 304 976 2196 1049; baseline -0.001 -13"><span class='ocrx_word' id='word_1_88' title='bbox 304 977 668 1036; x_wconf 85' lang='lat' dir='ltr'>intellectiva</span> <span class='ocrx_word' id='word_1_89' title='bbox 689 976 1036 1048; x_wconf 90' lang='lat' dir='ltr'>producitur</span> <span class='ocrx_word' id='word_1_90' title='bbox 1066 991 1129 1034; x_wconf 89' lang='lat' dir='ltr'>in</span> <span class='ocrx_word' id='word_1_91' title='bbox 1155 988 1291 1035; x_wconf 85' lang='lat' dir='ltr'>esse</span> <span class='ocrx_word' id='word_1_92' title='bbox 1321 990 1425 1049; x_wconf 89' lang='lat' dir='ltr'>per</span> <span class='ocrx_word' id='word_1_93' title='bbox 1453 976 1707 1036; x_wconf 86' lang='lat' dir='ltr'>seminis</span> <span class='ocrx_word' id='word_1_94' title='bbox 1740 976 2196 1037; x_wconf 81' lang='lat' dir='ltr'>traductionem.</span> 
     </span>
    </p>

    <p class='ocr_par' dir='ltr' id='par_1_3' title="bbox 303 1047 2733 1625">
     <span class='ocr_line' id='line_1_10' title="bbox 370 1047 2730 1119; baseline 0.003 -14"><span class='ocrx_word' id='word_1_95' title='bbox 370 1049 649 1119; x_wconf 79' lang='lat' dir='ltr'>Amplius,</span> <span class='ocrx_word' id='word_1_96' title='bbox 684 1047 884 1106; x_wconf 87' lang='lat' dir='ltr'>omnis</span> <span class='ocrx_word' id='word_1_97' title='bbox 926 1047 1121 1106; x_wconf 87' lang='lat' dir='ltr'>forma</span> <span class='ocrx_word' id='word_1_98' title='bbox 1209 1061 1300 1106; x_wconf 80' lang='lat' dir='ltr'>uae</span> <span class='ocrx_word' id='word_1_99' title='bbox 1347 1047 1620 1105; x_wconf 77' lang='lat' dir='ltr'>educitur</span> <span class='ocrx_word' id='word_1_100' title='bbox 1661 1049 1721 1105; x_wconf 91' lang='lat' dir='ltr'>in</span> <span class='ocrx_word' id='word_1_101' title='bbox 1754 1062 1889 1106; x_wconf 87' lang='lat' dir='ltr'>esse</span> <span class='ocrx_word' id='word_1_102' title='bbox 1977 1063 2045 1106; x_wconf 91' lang='lat' dir='ltr'>er</span> <span class='ocrx_word' id='word_1_103' title='bbox 2071 1051 2331 1109; x_wconf 83' lang='lat' dir='ltr'>materiae</span> <span class='ocrx_word' id='word_1_104' title='bbox 2366 1057 2730 1113; x_wconf 83' lang='lat' dir='ltr'>transmuta-</span> 
     </span>
     <span class='ocr_line' id='line_1_11' title="bbox 309 1118 2730 1189; baseline 0.002 -11"><span class='ocrx_word' id='word_1_105' title='bbox 309 1119 530 1178; x_wconf 81' lang='lat' dir='ltr'>tionem</span> <span class='ocrx_word' id='word_1_106' title='bbox 564 1124 656 1176; x_wconf 88' lang='lat' dir='ltr'>est</span> <span class='ocrx_word' id='word_1_107' title='bbox 698 1118 889 1177; x_wconf 82' lang='lat' dir='ltr'>forma</span> <span class='ocrx_word' id='word_1_108' title='bbox 933 1118 1147 1176; x_wconf 90' lang='lat' dir='ltr'>educta</span> <span class='ocrx_word' id='word_1_109' title='bbox 1224 1134 1255 1176; x_wconf 92' lang='grc'><strong>6</strong></span> <span class='ocrx_word' id='word_1_110' title='bbox 1303 1118 1569 1189; x_wconf 88' lang='lat' dir='ltr'>potentia</span> <span class='ocrx_word' id='word_1_111' title='bbox 1607 1119 1904 1188; x_wconf 77' lang='lat' dir='ltr'>materioe3</span> <span class='ocrx_word' id='word_1_112' title='bbox 1972 1133 2042 1177; x_wconf 94' lang='lat' dir='ltr'>oc</span> <span class='ocrx_word' id='word_1_113' title='bbox 2087 1120 2245 1178; x_wconf 91' lang='lat' dir='ltr'>enim</span> <span class='ocrx_word' id='word_1_114' title='bbox 2280 1127 2370 1178; x_wconf 90' lang='lat' dir='ltr'>est</span> <span class='ocrx_word' id='word_1_115' title='bbox 2418 1124 2730 1183; x_wconf 80' lang='lat' dir='ltr'>materiam</span> 
     </span>
     <span class='ocr_line' id='line_1_12' title="bbox 304 1188 2730 1261; baseline 0.002 -13"><span class='ocrx_word' id='word_1_116' title='bbox 304 1189 713 1258; x_wconf 88' lang='lat' dir='ltr'>transmutari,</span> <span class='ocrx_word' id='word_1_117' title='bbox 740 1188 813 1247; x_wconf 91' lang='lat' dir='ltr'>de</span> <span class='ocrx_word' id='word_1_118' title='bbox 859 1189 1125 1261; x_wconf 88' lang='lat' dir='ltr'>potentia</span> <span class='ocrx_word' id='word_1_119' title='bbox 1153 1189 1217 1245; x_wconf 90' lang='lat' dir='ltr'>in</span> <span class='ocrx_word' id='word_1_120' title='bbox 1255 1195 1453 1246; x_wconf 91' lang='lat' dir='ltr'>actum</span> <span class='ocrx_word' id='word_1_121' title='bbox 1500 1189 1694 1246; x_wconf 87' lang='lat' dir='ltr'>educi.</span> <span class='ocrx_word' id='word_1_122' title='bbox 1725 1189 1937 1247; x_wconf 78' lang='lat' dir='ltr'>Anima</span> <span class='ocrx_word' id='word_1_123' title='bbox 1984 1194 2181 1248; x_wconf 85' lang='lat' dir='ltr'>autem</span> <span class='ocrx_word' id='word_1_124' title='bbox 2213 1190 2574 1252; x_wconf 79' lang='lat' dir='ltr'>intellectiva</span> <span class='ocrx_word' id='word_1_125' title='bbox 2604 1207 2730 1253; x_wconf 88' lang='lat' dir='ltr'>non</span> 
     </span>
     <span class='ocr_line' id='line_1_13' title="bbox 304 1258 2733 1341; baseline 0.001 -22"><span class='ocrx_word' id='word_1_126' title='bbox 304 1266 502 1333; x_wconf 84' lang='lat' dir='ltr'>potest</span> <span class='ocrx_word' id='word_1_127' title='bbox 528 1259 700 1318; x_wconf 85' lang='lat' dir='ltr'>educi</span> <span class='ocrx_word' id='word_1_128' title='bbox 740 1260 812 1316; x_wconf 90' lang='lat' dir='ltr'>de</span> <span class='ocrx_word' id='word_1_129' title='bbox 858 1259 1123 1331; x_wconf 87' lang='lat' dir='ltr'>potentia</span> <span class='ocrx_word' id='word_1_130' title='bbox 1167 1260 1462 1329; x_wconf 74' lang='lat' dir='ltr'>materiae3</span> <span class='ocrx_word' id='word_1_131' title='bbox 1485 1258 1610 1341; x_wconf 85' lang='lat' dir='ltr'>jam</span> <span class='ocrx_word' id='word_1_132' title='bbox 1642 1260 1801 1317; x_wconf 90' lang='lat' dir='ltr'>enim</span> <span class='ocrx_word' id='word_1_133' title='bbox 1844 1274 2026 1332; x_wconf 88' lang='lat' dir='ltr'>supra</span> <span class='ocrx_word' id='word_1_134' title='bbox 2055 1260 2128 1333; x_wconf 93' lang='lat' dir='ltr'>(c.</span> <span class='ocrx_word' id='word_1_135' title='bbox 2159 1261 2248 1333; x_wconf 84' lang='lat'>68)</span> <span class='ocrx_word' id='word_1_136' title='bbox 2297 1268 2609 1322; x_wconf 85' lang='lat' dir='ltr'>ostensum</span> <span class='ocrx_word' id='word_1_137' title='bbox 2638 1270 2733 1324; x_wconf 86' lang='lat' dir='ltr'>est</span> 
     </span>
     <span class='ocr_line' id='line_1_14' title="bbox 306 1329 2732 1405; baseline 0.002 -16"><span class='ocrx_word' id='word_1_138' title='bbox 306 1331 462 1404; x_wconf 91' lang='lat' dir='ltr'>quod</span> <span class='ocrx_word' id='word_1_139' title='bbox 492 1331 628 1402; x_wconf 89' lang='lat' dir='ltr'>ipsa</span> <span class='ocrx_word' id='word_1_140' title='bbox 656 1331 857 1387; x_wconf 89' lang='lat' dir='ltr'>anima</span> <span class='ocrx_word' id='word_1_141' title='bbox 895 1329 1260 1388; x_wconf 84' lang='lat' dir='ltr'>intellectiva</span> <span class='ocrx_word' id='word_1_142' title='bbox 1297 1330 1528 1387; x_wconf 84' lang='lat' dir='ltr'>excedit</span> <span class='ocrx_word' id='word_1_143' title='bbox 1556 1335 1745 1389; x_wconf 87' lang='lat' dir='ltr'>totum</span> <span class='ocrx_word' id='word_1_144' title='bbox 1776 1344 1956 1402; x_wconf 89' lang='lat' dir='ltr'>posse</span> <span class='ocrx_word' id='word_1_145' title='bbox 1986 1332 2271 1401; x_wconf 77' lang='lat' dir='ltr'>materiae,</span> <span class='ocrx_word' id='word_1_146' title='bbox 2302 1347 2486 1405; x_wconf 90' lang='lat' dir='ltr'>quum</span> <span class='ocrx_word' id='word_1_147' title='bbox 2516 1335 2732 1399; x_wconf 82' lang='lat' dir='ltr'>babeat</span> 
     </span>
     <span class='ocr_line' id='line_1_15' title="bbox 304 1400 2730 1475; baseline 0.002 -16"><span class='ocrx_word' id='word_1_148' title='bbox 304 1402 567 1475; x_wconf 86' lang='lat' dir='ltr'>aliquam</span> <span class='ocrx_word' id='word_1_149' title='bbox 596 1401 1005 1472; x_wconf 86' lang='lat' dir='ltr'>operationem</span> <span class='ocrx_word' id='word_1_150' title='bbox 1034 1400 1262 1473; x_wconf 84' lang='lat' dir='ltr'>absque</span> <span class='ocrx_word' id='word_1_151' title='bbox 1292 1401 1560 1471; x_wconf 89' lang='lat' dir='ltr'>materia,</span> <span class='ocrx_word' id='word_1_152' title='bbox 1592 1406 1658 1458; x_wconf 93' lang='lat' dir='ltr'>ut</span> <span class='ocrx_word' id='word_1_153' title='bbox 1684 1415 1867 1474; x_wconf 88' lang='lat' dir='ltr'>supra</span> <span class='ocrx_word' id='word_1_154' title='bbox 1897 1400 1971 1473; x_wconf 93' lang='lat' dir='ltr'>(c.</span> <span class='ocrx_word' id='word_1_155' title='bbox 1993 1402 2083 1475; x_wconf 85' lang='grc'>69)</span> <span class='ocrx_word' id='word_1_156' title='bbox 2115 1407 2428 1464; x_wconf 89' lang='lat' dir='ltr'>ostensum</span> <span class='ocrx_word' id='word_1_157' title='bbox 2459 1410 2570 1463; x_wconf 90' lang='lat' dir='ltr'>est.</span> <span class='ocrx_word' id='word_1_158' title='bbox 2599 1408 2730 1464; x_wconf 88' lang='lat' dir='ltr'>Non</span> 
     </span>
     <span class='ocr_line' id='line_1_16' title="bbox 303 1471 2730 1548; baseline 0.002 -18"><span class='ocrx_word' id='word_1_159' title='bbox 303 1472 490 1545; x_wconf 84' lang='lat' dir='ltr'>igitur</span> <span class='ocrx_word' id='word_1_160' title='bbox 528 1473 731 1531; x_wconf 89' lang='lat' dir='ltr'>anima</span> <span class='ocrx_word' id='word_1_161' title='bbox 757 1471 1119 1529; x_wconf 84' lang='lat' dir='ltr'>intellectiva</span> <span class='ocrx_word' id='word_1_162' title='bbox 1145 1471 1205 1529; x_wconf 89' lang='lat' dir='ltr'>in</span> <span class='ocrx_word' id='word_1_163' title='bbox 1253 1485 1388 1530; x_wconf 89' lang='lat' dir='ltr'>esse</span> <span class='ocrx_word' id='word_1_164' title='bbox 1418 1471 1694 1530; x_wconf 88' lang='lat' dir='ltr'>educitur</span> <span class='ocrx_word' id='word_1_165' title='bbox 1715 1487 1820 1545; x_wconf 89' lang='lat' dir='ltr'>per</span> <span class='ocrx_word' id='word_1_166' title='bbox 1845 1473 2410 1532; x_wconf 87' lang='lat' dir='ltr'>transmutationem</span> <span class='ocrx_word' id='word_1_167' title='bbox 2439 1478 2730 1548; x_wconf 71' lang='lat' dir='ltr'>materias,</span> 
     </span>
     <span class='ocr_line' id='line_1_17' title="bbox 303 1541 2065 1625; baseline 0.002 -26"><span class='ocrx_word' id='word_1_168' title='bbox 303 1543 480 1601; x_wconf 83' lang='lat' dir='ltr'>etsie</span> <span class='ocrx_word' id='word_1_169' title='bbox 510 1556 701 1614; x_wconf 90' lang='lat' dir='ltr'>neque</span> <span class='ocrx_word' id='word_1_170' title='bbox 730 1557 835 1614; x_wconf 92' lang='lat' dir='ltr'>per</span> <span class='ocrx_word' id='word_1_171' title='bbox 861 1542 1158 1600; x_wconf 88' lang='lat' dir='ltr'>actionem</span> <span class='ocrx_word' id='word_1_172' title='bbox 1191 1541 1428 1600; x_wconf 87' lang='lat' dir='ltr'>virtutis</span> <span class='ocrx_word' id='word_1_173' title='bbox 1447 1557 1581 1625; x_wconf 82' lang='lat' dir='ltr'>quae</span> <span class='ocrx_word' id='word_1_174' title='bbox 1609 1548 1703 1601; x_wconf 90' lang='lat' dir='ltr'>est</span> <span class='ocrx_word' id='word_1_175' title='bbox 1730 1542 1793 1600; x_wconf 90' lang='lat' dir='ltr'>in</span> <span class='ocrx_word' id='word_1_176' title='bbox 1814 1544 2065 1605; x_wconf 85' lang='lat' dir='ltr'>semine.</span> 
     </span>
    </p>

    <p class='ocr_par' dir='ltr' id='par_1_4' title="bbox 300 1613 2737 2166">
     <span class='ocr_line' id='line_1_18' title="bbox 373 1613 2731 1685; baseline 0.003 -15"><span class='ocrx_word' id='word_1_177' title='bbox 373 1616 664 1675; x_wconf 68' lang='lat' dir='ltr'>Praeterea,</span> <span class='ocrx_word' id='word_1_178' title='bbox 696 1613 864 1671; x_wconf 90' lang='lat' dir='ltr'>nulla</span> <span class='ocrx_word' id='word_1_179' title='bbox 896 1613 1088 1670; x_wconf 86' lang='lat' dir='ltr'>virtus</span> <span class='ocrx_word' id='word_1_180' title='bbox 1131 1613 1323 1671; x_wconf 83' lang='lat' dir='ltr'>activa</span> <span class='ocrx_word' id='word_1_181' title='bbox 1376 1619 1500 1685; x_wconf 82' lang='lat' dir='ltr'>agit</span> <span class='ocrx_word' id='word_1_182' title='bbox 1528 1613 1684 1672; x_wconf 90' lang='lat' dir='ltr'>ultra</span> <span class='ocrx_word' id='word_1_183' title='bbox 1720 1627 1899 1672; x_wconf 87' lang='lat' dir='ltr'>suum</span> <span class='ocrx_word' id='word_1_184' title='bbox 1968 1628 2140 1673; x_wconf 86' lang='lat' dir='ltr'>enus.</span> <span class='ocrx_word' id='word_1_185' title='bbox 2172 1615 2285 1677; x_wconf 86' lang='lat' dir='ltr'>Sed</span> <span class='ocrx_word' id='word_1_186' title='bbox 2330 1616 2533 1675; x_wconf 88' lang='lat' dir='ltr'>anima</span> <span class='ocrx_word' id='word_1_187' title='bbox 2555 1616 2731 1676; x_wconf 90' lang='lat' dir='ltr'>intel·</span> 
     </span>
     <span class='ocr_line' id='line_1_19' title="bbox 303 1683 2737 1760; baseline 0.002 -18"><span class='ocrx_word' id='word_1_188' title='bbox 303 1684 523 1742; x_wconf 87' lang='lat' dir='ltr'>lectiva</span> <span class='ocrx_word' id='word_1_189' title='bbox 550 1683 782 1741; x_wconf 87' lang='lat' dir='ltr'>excedit</span> <span class='ocrx_word' id='word_1_190' title='bbox 806 1689 999 1742; x_wconf 91' lang='lat' dir='ltr'>totum</span> <span class='ocrx_word' id='word_1_191' title='bbox 1028 1697 1221 1756; x_wconf 84' lang='lat' dir='ltr'>genus</span> <span class='ocrx_word' id='word_1_192' title='bbox 1245 1697 1620 1755; x_wconf 86' lang='lat' dir='ltr'>corporeum,</span> <span class='ocrx_word' id='word_1_193' title='bbox 1652 1699 1835 1758; x_wconf 89' lang='lat' dir='ltr'>quum</span> <span class='ocrx_word' id='word_1_194' title='bbox 1868 1685 1943 1742; x_wconf 86' lang='lat' dir='ltr'>lia</span> <span class='ocrx_word' id='word_1_195' title='bbox 1986 1690 2083 1744; x_wconf 86' lang='lat' dir='ltr'>eat</span> <span class='ocrx_word' id='word_1_196' title='bbox 2109 1686 2517 1758; x_wconf 87' lang='lat' dir='ltr'>operationem</span> <span class='ocrx_word' id='word_1_197' title='bbox 2550 1701 2737 1760; x_wconf 88' lang='lat' dir='ltr'>super</span> 
     </span>
     <span class='ocr_line' id='line_1_20' title="bbox 304 1754 2735 1830; baseline 0.001 -16"><span class='ocrx_word' id='word_1_198' title='bbox 304 1755 512 1814; x_wconf 87' lang='lat' dir='ltr'>omnia</span> <span class='ocrx_word' id='word_1_199' title='bbox 539 1768 793 1825; x_wconf 88' lang='lat' dir='ltr'>corpora</span> <span class='ocrx_word' id='word_1_200' title='bbox 816 1755 1126 1824; x_wconf 87' lang='lat' dir='ltr'>elevatam,</span> <span class='ocrx_word' id='word_1_201' title='bbox 1150 1768 1282 1827; x_wconf 78' lang='lat' dir='ltr'>quae</span> <span class='ocrx_word' id='word_1_202' title='bbox 1310 1759 1404 1813; x_wconf 88' lang='lat' dir='ltr'>est</span> <span class='ocrx_word' id='word_1_203' title='bbox 1425 1754 1781 1827; x_wconf 81' lang='lat' dir='ltr'>intelligere.</span> <span class='ocrx_word' id='word_1_204' title='bbox 1810 1756 1985 1814; x_wconf 87' lang='lat' dir='ltr'>Nulla</span> <span class='ocrx_word' id='word_1_205' title='bbox 2015 1756 2200 1829; x_wconf 83' lang='lat' dir='ltr'>igitur</span> <span class='ocrx_word' id='word_1_206' title='bbox 2225 1757 2414 1815; x_wconf 85' lang='lat' dir='ltr'>virtus</span> <span class='ocrx_word' id='word_1_207' title='bbox 2444 1772 2735 1830; x_wconf 84' lang='lat' dir='ltr'>corporea</span> 
     </span>
     <span class='ocr_line' id='line_1_21' title="bbox 303 1824 2734 1907; baseline 0.002 -24"><span class='ocrx_word' id='word_1_208' title='bbox 303 1830 505 1907; x_wconf 86' lang='lat' dir='ltr'>potest</span> <span class='ocrx_word' id='word_1_209' title='bbox 534 1825 862 1906; x_wconf 87' lang='lat' dir='ltr'>producere</span> <span class='ocrx_word' id='word_1_210' title='bbox 893 1826 1155 1883; x_wconf 86' lang='lat' dir='ltr'>animam</span> <span class='ocrx_word' id='word_1_211' title='bbox 1184 1824 1628 1885; x_wconf 88' lang='lat' dir='ltr'>intellectivam.</span> <span class='ocrx_word' id='word_1_212' title='bbox 1658 1825 1769 1883; x_wconf 90' lang='lat' dir='ltr'>Sed</span> <span class='ocrx_word' id='word_1_213' title='bbox 1801 1826 2001 1885; x_wconf 87' lang='lat' dir='ltr'>omnis</span> <span class='ocrx_word' id='word_1_214' title='bbox 2026 1828 2182 1886; x_wconf 88' lang='lat' dir='ltr'>actio</span> <span class='ocrx_word' id='word_1_215' title='bbox 2209 1827 2447 1887; x_wconf 89' lang='lat' dir='ltr'>virtutis</span> <span class='ocrx_word' id='word_1_216' title='bbox 2476 1843 2609 1903; x_wconf 82' lang='lat' dir='ltr'>quoe</span> <span class='ocrx_word' id='word_1_217' title='bbox 2638 1835 2734 1888; x_wconf 87' lang='lat' dir='ltr'>est</span> 
     </span>
     <span class='ocr_line' id='line_1_22' title="bbox 301 1896 2733 1978; baseline 0.002 -23"><span class='ocrx_word' id='word_1_218' title='bbox 301 1910 373 1955; x_wconf 89' lang='lat' dir='ltr'>in</span> <span class='ocrx_word' id='word_1_219' title='bbox 400 1909 633 1955; x_wconf 89' lang='lat' dir='ltr'>semine</span> <span class='ocrx_word' id='word_1_220' title='bbox 671 1901 763 1954; x_wconf 89' lang='lat' dir='ltr'>est</span> <span class='ocrx_word' id='word_1_221' title='bbox 790 1909 895 1967; x_wconf 91' lang='lat' dir='ltr'>per</span> <span class='ocrx_word' id='word_1_222' title='bbox 922 1896 1183 1978; x_wconf 87' lang='lat' dir='ltr'>aliquam</span> <span class='ocrx_word' id='word_1_223' title='bbox 1224 1909 1575 1968; x_wconf 91' lang='lat' dir='ltr'>corpoream</span> <span class='ocrx_word' id='word_1_224' title='bbox 1604 1896 1913 1965; x_wconf 88' lang='lat' dir='ltr'>virtutem;</span> <span class='ocrx_word' id='word_1_225' title='bbox 1945 1897 2070 1971; x_wconf 84' lang='lat' dir='ltr'>agit</span> <span class='ocrx_word' id='word_1_226' title='bbox 2096 1899 2255 1956; x_wconf 90' lang='lat' dir='ltr'>enim</span> <span class='ocrx_word' id='word_1_227' title='bbox 2290 1898 2482 1957; x_wconf 86' lang='lat' dir='ltr'>virtus</span> <span class='ocrx_word' id='word_1_228' title='bbox 2512 1901 2733 1960; x_wconf 85' lang='lat' dir='ltr'>sorma-</span> 
     </span>
     <span class='ocr_line' id='line_1_23' title="bbox 300 1966 2731 2038; baseline 0.002 -15"><span class='ocrx_word' id='word_1_229' title='bbox 300 1967 448 2035; x_wconf 63' lang='grc' dir='ltr'><strong>τίνα,</strong></span> <span class='ocrx_word' id='word_1_230' title='bbox 479 1966 777 2024; x_wconf 88' lang='lat' dir='ltr'>mediante</span> <span class='ocrx_word' id='word_1_231' title='bbox 819 1966 1037 2038; x_wconf 85' lang='lat' dir='ltr'>triplici</span> <span class='ocrx_word' id='word_1_232' title='bbox 1086 1966 1305 2037; x_wconf 89' lang='lat' dir='ltr'>calore,</span> <span class='ocrx_word' id='word_1_233' title='bbox 1337 1966 1568 2026; x_wconf 84' lang='lat' dir='ltr'>scilicet</span> <span class='ocrx_word' id='word_1_234' title='bbox 1612 1966 1631 2023; x_wconf 91' lang='lat' dir='ltr'>i</span> <span class='ocrx_word' id='word_1_235' title='bbox 1679 1968 1796 2037; x_wconf 80' lang='lat' dir='ltr'>niS,</span> <span class='ocrx_word' id='word_1_236' title='bbox 1827 1967 1984 2037; x_wconf 88' lang='lat' dir='ltr'>coeli,</span> <span class='ocrx_word' id='word_1_237' title='bbox 2015 1972 2076 2026; x_wconf 89' lang='lat' dir='ltr'>et</span> <span class='ocrx_word' id='word_1_238' title='bbox 2099 1968 2298 2027; x_wconf 88' lang='lat' dir='ltr'>calore</span> <span class='ocrx_word' id='word_1_239' title='bbox 2326 1970 2563 2029; x_wconf 75' lang='lat' dir='ltr'>animae.</span> <span class='ocrx_word' id='word_1_240' title='bbox 2598 1974 2731 2030; x_wconf 87' lang='lat' dir='ltr'>Non</span> 
     </span>
     <span class='ocr_line' id='line_1_24' title="bbox 303 2037 2729 2120; baseline 0.001 -23"><span class='ocrx_word' id='word_1_241' title='bbox 303 2037 491 2120; x_wconf 75' lang='lat' dir='ltr'>igitur</span> <span class='ocrx_word' id='word_1_242' title='bbox 519 2042 717 2109; x_wconf 88' lang='lat' dir='ltr'>potest</span> <span class='ocrx_word' id='word_1_243' title='bbox 750 2037 998 2109; x_wconf 88' lang='lat' dir='ltr'>produci</span> <span class='ocrx_word' id='word_1_244' title='bbox 1029 2037 1092 2095; x_wconf 90' lang='lat' dir='ltr'>in</span> <span class='ocrx_word' id='word_1_245' title='bbox 1121 2050 1257 2095; x_wconf 90' lang='lat' dir='ltr'>esse</span> <span class='ocrx_word' id='word_1_246' title='bbox 1286 2038 1489 2096; x_wconf 89' lang='lat' dir='ltr'>anima</span> <span class='ocrx_word' id='word_1_247' title='bbox 1531 2037 1654 2096; x_wconf 88' lang='lat' dir='ltr'>inte</span> <span class='ocrx_word' id='word_1_248' title='bbox 1683 2038 1893 2097; x_wconf 88' lang='lat' dir='ltr'>lectiva</span> <span class='ocrx_word' id='word_1_249' title='bbox 1921 2053 2026 2110; x_wconf 90' lang='lat' dir='ltr'>per</span> <span class='ocrx_word' id='word_1_250' title='bbox 2051 2040 2328 2098; x_wconf 88' lang='lat' dir='ltr'>virtutem</span> <span class='ocrx_word' id='word_1_251' title='bbox 2359 2055 2493 2114; x_wconf 84' lang='lat' dir='ltr'>quae</span> <span class='ocrx_word' id='word_1_252' title='bbox 2543 2046 2638 2100; x_wconf 90' lang='lat' dir='ltr'>est</span> <span class='ocrx_word' id='word_1_253' title='bbox 2664 2042 2729 2099; x_wconf 91' lang='lat' dir='ltr'>in</span> 
     </span>
     <span class='ocr_line' id='line_1_25' title="bbox 301 2120 558 2166; baseline -0.008 0"><span class='ocrx_word' id='word_1_254' title='bbox 301 2120 558 2166; x_wconf 82' lang='lat' dir='ltr'>semine.</span> 
     </span>
    </p>

    <p class='ocr_par' dir='ltr' id='par_1_5' title="bbox 299 2177 2737 2662">
     <span class='ocr_line' id='line_1_26' title="bbox 376 2177 2731 2251; baseline 0.002 -16"><span class='ocrx_word' id='word_1_255' title='bbox 376 2181 661 2241; x_wconf 59' lang='lat' dir='ltr'>Praei-ea,</span> <span class='ocrx_word' id='word_1_256' title='bbox 689 2177 1007 2236; x_wconf 88' lang='lat' dir='ltr'>ridiculum</span> <span class='ocrx_word' id='word_1_257' title='bbox 1036 2182 1128 2237; x_wconf 87' lang='lat' dir='ltr'>est</span> <span class='ocrx_word' id='word_1_258' title='bbox 1172 2178 1369 2237; x_wconf 90' lang='lat' dir='ltr'>dicere</span> <span class='ocrx_word' id='word_1_259' title='bbox 1396 2179 1659 2251; x_wconf 84' lang='lat' dir='ltr'>aliquam</span> <span class='ocrx_word' id='word_1_260' title='bbox 1692 2179 2155 2238; x_wconf 88' lang='lat' dir='ltr'>intellectualem</span> <span class='ocrx_word' id='word_1_261' title='bbox 2198 2182 2597 2241; x_wconf 85' lang='lat' dir='ltr'>substantiam</span> <span class='ocrx_word' id='word_1_262' title='bbox 2634 2182 2731 2242; x_wconf 84' lang='lat' dir='ltr'>vel</span> 
     </span>
     <span class='ocr_line' id='line_1_27' title="bbox 299 2248 2729 2325; baseline 0.001 -18"><span class='ocrx_word' id='word_1_263' title='bbox 299 2264 413 2322; x_wconf 86' lang='lat' dir='ltr'>per</span> <span class='ocrx_word' id='word_1_264' title='bbox 441 2249 799 2307; x_wconf 86' lang='lat' dir='ltr'>divisionem</span> <span class='ocrx_word' id='word_1_265' title='bbox 840 2249 1111 2320; x_wconf 88' lang='lat' dir='ltr'>corporis</span> <span class='ocrx_word' id='word_1_266' title='bbox 1138 2248 1336 2306; x_wconf 89' lang='lat' dir='ltr'>dividi·</span> <span class='ocrx_word' id='word_1_267' title='bbox 1353 2249 1441 2307; x_wconf 92' lang='lat' dir='ltr'>vel</span> <span class='ocrx_word' id='word_1_268' title='bbox 1485 2249 1668 2308; x_wconf 87' lang='lat' dir='ltr'>etiam</span> <span class='ocrx_word' id='word_1_269' title='bbox 1698 2250 1775 2307; x_wconf 85' lang='lat' dir='ltr'>ab</span> <span class='ocrx_word' id='word_1_270' title='bbox 1801 2250 2003 2323; x_wconf 90' lang='lat' dir='ltr'>aliqua</span> <span class='ocrx_word' id='word_1_271' title='bbox 2031 2251 2246 2309; x_wconf 87' lang='lat' dir='ltr'>virtute</span> <span class='ocrx_word' id='word_1_272' title='bbox 2274 2267 2564 2325; x_wconf 89' lang='lat' dir='ltr'>corporea</span> <span class='ocrx_word' id='word_1_273' title='bbox 2591 2266 2729 2325; x_wconf 90' lang='lat' dir='ltr'>pro-</span> 
     </span>
     <span class='ocr_line' id='line_1_28' title="bbox 301 2319 2732 2396; baseline 0.002 -18"><span class='ocrx_word' id='word_1_274' title='bbox 301 2320 467 2378; x_wconf 90' lang='lat' dir='ltr'>duci.</span> <span class='ocrx_word' id='word_1_275' title='bbox 500 2319 609 2378; x_wconf 90' lang='lat' dir='ltr'>Sed</span> <span class='ocrx_word' id='word_1_276' title='bbox 643 2320 844 2378; x_wconf 89' lang='lat' dir='ltr'>anima</span> <span class='ocrx_word' id='word_1_277' title='bbox 873 2320 1136 2378; x_wconf 85' lang='lat' dir='ltr'>humana</span> <span class='ocrx_word' id='word_1_278' title='bbox 1173 2326 1266 2377; x_wconf 89' lang='lat' dir='ltr'>est</span> <span class='ocrx_word' id='word_1_279' title='bbox 1293 2319 1565 2392; x_wconf 86' lang='lat' dir='ltr'>quaedam</span> <span class='ocrx_word' id='word_1_280' title='bbox 1594 2321 2018 2379; x_wconf 87' lang='lat' dir='ltr'>intellectualis</span> <span class='ocrx_word' id='word_1_281' title='bbox 2047 2323 2407 2392; x_wconf 88' lang='lat' dir='ltr'>substantia,</span> <span class='ocrx_word' id='word_1_282' title='bbox 2438 2331 2502 2381; x_wconf 91' lang='lat' dir='ltr'>ut</span> <span class='ocrx_word' id='word_1_283' title='bbox 2547 2338 2732 2396; x_wconf 87' lang='lat' dir='ltr'>supra</span> 
     </span>
     <span class='ocr_line' id='line_1_29' title="bbox 300 2390 2733 2465; baseline 0.002 -17"><span class='ocrx_word' id='word_1_284' title='bbox 300 2391 384 2464; x_wconf 87' lang='lat' dir='ltr'>(c.</span> <span class='ocrx_word' id='word_1_285' title='bbox 415 2390 506 2463; x_wconf 86' lang='grc'>68)</span> <span class='ocrx_word' id='word_1_286' title='bbox 539 2395 850 2449; x_wconf 89' lang='lat' dir='ltr'>ostensum</span> <span class='ocrx_word' id='word_1_287' title='bbox 897 2396 1008 2449; x_wconf 89' lang='lat' dir='ltr'>est.</span> <span class='ocrx_word' id='word_1_288' title='bbox 1037 2393 1169 2447; x_wconf 86' lang='lat' dir='ltr'>Non</span> <span class='ocrx_word' id='word_1_289' title='bbox 1215 2390 1400 2463; x_wconf 85' lang='lat' dir='ltr'>igitur</span> <span class='ocrx_word' id='word_1_290' title='bbox 1429 2396 1626 2462; x_wconf 88' lang='lat' dir='ltr'>potest</span> <span class='ocrx_word' id='word_1_291' title='bbox 1672 2391 1788 2449; x_wconf 87' lang='lat' dir='ltr'>dici</span> <span class='ocrx_word' id='word_1_292' title='bbox 1828 2391 1987 2464; x_wconf 90' lang='lat' dir='ltr'>quod</span> <span class='ocrx_word' id='word_1_293' title='bbox 2025 2391 2323 2450; x_wconf 87' lang='lat' dir='ltr'>dividatur</span> <span class='ocrx_word' id='word_1_294' title='bbox 2348 2407 2458 2465; x_wconf 85' lang='lat' dir='ltr'>per</span> <span class='ocrx_word' id='word_1_295' title='bbox 2482 2394 2733 2454; x_wconf 84' lang='lat' dir='ltr'>divisio·</span> 
     </span>
     <span class='ocr_line' id='line_1_30' title="bbox 300 2459 2732 2543; baseline 0.001 -22"><span class='ocrx_word' id='word_1_296' title='bbox 300 2474 447 2521; x_wconf 88' lang='lat' dir='ltr'>nem</span> <span class='ocrx_word' id='word_1_297' title='bbox 475 2461 761 2543; x_wconf 58' lang='lat' dir='ltr'>seminis,</span> <span class='ocrx_word' id='word_1_298' title='bbox 780 2475 973 2535; x_wconf 91' lang='lat' dir='ltr'>neque</span> <span class='ocrx_word' id='word_1_299' title='bbox 1002 2459 1161 2534; x_wconf 91' lang='lat' dir='ltr'>quod</span> <span class='ocrx_word' id='word_1_300' title='bbox 1192 2460 1554 2533; x_wconf 88' lang='lat' dir='ltr'>producatur</span> <span class='ocrx_word' id='word_1_301' title='bbox 1583 2461 1645 2520; x_wconf 90' lang='lat' dir='ltr'>in</span> <span class='ocrx_word' id='word_1_302' title='bbox 1683 2474 1821 2520; x_wconf 85' lang='lat' dir='ltr'>esse</span> <span class='ocrx_word' id='word_1_303' title='bbox 1851 2476 1886 2520; x_wconf 88' lang='lat' dir='ltr'>a</span> <span class='ocrx_word' id='word_1_304' title='bbox 1909 2462 2124 2520; x_wconf 90' lang='lat' dir='ltr'>virtute</span> <span class='ocrx_word' id='word_1_305' title='bbox 2147 2463 2341 2521; x_wconf 88' lang='lat' dir='ltr'>activa</span> <span class='ocrx_word' id='word_1_306' title='bbox 2385 2478 2517 2537; x_wconf 82' lang='lat' dir='ltr'>quae</span> <span class='ocrx_word' id='word_1_307' title='bbox 2547 2469 2639 2523; x_wconf 91' lang='lat' dir='ltr'>est</span> <span class='ocrx_word' id='word_1_308' title='bbox 2666 2465 2732 2524; x_wconf 89' lang='lat' dir='ltr'>in</span> 
     </span>
     <span class='ocr_line' id='line_1_31' title="bbox 301 2531 2737 2660; baseline 0.001 -68"><span class='ocrx_word' id='word_1_309' title='bbox 301 2532 572 2660; x_wconf 33' lang='lat' dir='ltr'>,sen-iiii?</span> <span class='ocrx_word' id='word_1_310' title='bbox 607 2537 666 2591; x_wconf 90' lang='lat' dir='ltr'>et</span> <span class='ocrx_word' id='word_1_311' title='bbox 711 2547 800 2591; x_wconf 91' lang='lat' dir='ltr'>sic</span> <span class='ocrx_word' id='word_1_312' title='bbox 850 2533 1016 2592; x_wconf 89' lang='lat' dir='ltr'>nullo</span> <span class='ocrx_word' id='word_1_313' title='bbox 1061 2531 1242 2590; x_wconf 91' lang='lat' dir='ltr'>modo</span> <span class='ocrx_word' id='word_1_314' title='bbox 1290 2546 1399 2604; x_wconf 85' lang='lat' dir='ltr'>per</span> <span class='ocrx_word' id='word_1_315' title='bbox 1439 2532 1692 2591; x_wconf 87' lang='lat' dir='ltr'>seminis</span> <span class='ocrx_word' id='word_1_316' title='bbox 1739 2532 2172 2591; x_wconf 84' lang='lat' dir='ltr'>traductionem</span> <span class='ocrx_word' id='word_1_317' title='bbox 2220 2534 2421 2594; x_wconf 89' lang='lat' dir='ltr'>anima</span> <span class='ocrx_word' id='word_1_318' title='bbox 2467 2535 2737 2594; x_wconf 87' lang='lat' dir='ltr'>humana</span> 
     </span>
     <span class='ocr_line' id='line_1_32' title="bbox 300 2617 704 2662; baseline -0.002 0"><span class='ocrx_word' id='word_1_319' title='bbox 300 2617 427 2662; x_wconf 85' lang='lat' dir='ltr'>inci</span> <span class='ocrx_word' id='word_1_320' title='bbox 476 2619 494 2660; x_wconf 89' lang='lat' dir='ltr'>i</span> <span class='ocrx_word' id='word_1_321' title='bbox 549 2617 704 2662; x_wconf 89' lang='lat' dir='ltr'>esse.</span> 
     </span>
    </p>

    <p class='ocr_par' dir='ltr' id='par_1_6' title="bbox 299 2618 2737 3101">
     <span class='ocr_line' id='line_1_33' title="bbox 376 2618 2731 2753; baseline 0.002 -22"><span class='ocrx_word' id='word_1_322' title='bbox 376 2618 665 2737; x_wconf 54' lang='lat' dir='ltr'>Pipaeterea,</span> <span class='ocrx_word' id='word_1_323' title='bbox 693 2673 750 2732; x_wconf 88' lang='lat' dir='ltr'>si</span> <span class='ocrx_word' id='word_1_324' title='bbox 803 2673 1111 2746; x_wconf 85' lang='lat' dir='ltr'>generatio</span> <span class='ocrx_word' id='word_1_325' title='bbox 1163 2671 1420 2744; x_wconf 85' lang='lat' dir='ltr'>alicujus</span> <span class='ocrx_word' id='word_1_326' title='bbox 1459 2677 1552 2753; x_wconf 78' lang='lat' dir='ltr'>est</span> <span class='ocrx_word' id='word_1_327' title='bbox 1597 2686 1783 2732; x_wconf 89' lang='lat' dir='ltr'>causa</span> <span class='ocrx_word' id='word_1_328' title='bbox 1811 2672 1970 2745; x_wconf 89' lang='lat' dir='ltr'>quod</span> <span class='ocrx_word' id='word_1_329' title='bbox 2025 2672 2251 2747; x_wconf 90' lang='lat' dir='ltr'>aliquid</span> <span class='ocrx_word' id='word_1_330' title='bbox 2305 2675 2406 2746; x_wconf 88' lang='lat' dir='ltr'>sit,</span> <span class='ocrx_word' id='word_1_331' title='bbox 2428 2678 2731 2749; x_wconf 88' lang='lat' dir='ltr'>corruptio</span> 
     </span>
     <span class='ocr_line' id='line_1_34' title="bbox 299 2741 2734 2817; baseline 0.001 -14"><span class='ocrx_word' id='word_1_332' title='bbox 299 2743 441 2817; x_wconf 78' lang='lat' dir='ltr'>ejus</span> <span class='ocrx_word' id='word_1_333' title='bbox 474 2746 586 2803; x_wconf 89' lang='lat' dir='ltr'>erit</span> <span class='ocrx_word' id='word_1_334' title='bbox 609 2757 790 2804; x_wconf 87' lang='lat' dir='ltr'>causa</span> <span class='ocrx_word' id='word_1_335' title='bbox 815 2745 975 2817; x_wconf 89' lang='lat' dir='ltr'>quod</span> <span class='ocrx_word' id='word_1_336' title='bbox 1005 2741 1154 2801; x_wconf 91' lang='lat' dir='ltr'>illud</span> <span class='ocrx_word' id='word_1_337' title='bbox 1190 2756 1327 2801; x_wconf 88' lang='lat' dir='ltr'>esse</span> <span class='ocrx_word' id='word_1_338' title='bbox 1357 2741 1612 2801; x_wconf 89' lang='lat' dir='ltr'>desinat.</span> <span class='ocrx_word' id='word_1_339' title='bbox 1635 2743 1945 2814; x_wconf 84' lang='lat' dir='ltr'>corruptio</span> <span class='ocrx_word' id='word_1_340' title='bbox 1966 2749 2165 2801; x_wconf 89' lang='lat' dir='ltr'>autem</span> <span class='ocrx_word' id='word_1_341' title='bbox 2196 2746 2467 2817; x_wconf 86' lang='lat' dir='ltr'>corporis</span> <span class='ocrx_word' id='word_1_342' title='bbox 2496 2761 2616 2806; x_wconf 92' lang='lat' dir='ltr'>non</span> <span class='ocrx_word' id='word_1_343' title='bbox 2640 2755 2734 2806; x_wconf 90' lang='lat' dir='ltr'>est</span> 
     </span>
     <span class='ocr_line' id='line_1_35' title="bbox 299 2812 2733 2890; baseline 0.001 -15"><span class='ocrx_word' id='word_1_344' title='bbox 299 2829 496 2875; x_wconf 86' lang='lat' dir='ltr'>causa</span> <span class='ocrx_word' id='word_1_345' title='bbox 522 2815 680 2888; x_wconf 90' lang='lat' dir='ltr'>quod</span> <span class='ocrx_word' id='word_1_346' title='bbox 711 2815 913 2873; x_wconf 88' lang='lat' dir='ltr'>anima</span> <span class='ocrx_word' id='word_1_347' title='bbox 940 2815 1202 2872; x_wconf 88' lang='lat' dir='ltr'>humana</span> <span class='ocrx_word' id='word_1_348' title='bbox 1251 2826 1388 2872; x_wconf 87' lang='lat' dir='ltr'>esse</span> <span class='ocrx_word' id='word_1_349' title='bbox 1425 2812 1681 2883; x_wconf 89' lang='lat' dir='ltr'>desinat,</span> <span class='ocrx_word' id='word_1_350' title='bbox 1720 2828 1906 2886; x_wconf 92' lang='lat' dir='ltr'>quum</span> <span class='ocrx_word' id='word_1_351' title='bbox 1937 2814 2018 2872; x_wconf 89' lang='lat' dir='ltr'>sit</span> <span class='ocrx_word' id='word_1_352' title='bbox 2044 2814 2422 2886; x_wconf 89' lang='lat' dir='ltr'>immortalis,</span> <span class='ocrx_word' id='word_1_353' title='bbox 2454 2822 2522 2874; x_wconf 91' lang='lat' dir='ltr'>ut</span> <span class='ocrx_word' id='word_1_354' title='bbox 2549 2832 2733 2890; x_wconf 88' lang='lat' dir='ltr'>supra</span> 
     </span>
     <span class='ocr_line' id='line_1_36' title="bbox 299 2884 2734 2960; baseline 0.001 -16"><span class='ocrx_word' id='word_1_355' title='bbox 299 2886 384 2960; x_wconf 86' lang='lat' dir='ltr'>(c.</span> <span class='ocrx_word' id='word_1_356' title='bbox 412 2886 507 2958; x_wconf 74' lang='lat'>70)</span> <span class='ocrx_word' id='word_1_357' title='bbox 550 2892 861 2945; x_wconf 87' lang='lat' dir='ltr'>ostensum</span> <span class='ocrx_word' id='word_1_358' title='bbox 907 2891 1018 2944; x_wconf 88' lang='lat' dir='ltr'>est.</span> <span class='ocrx_word' id='word_1_359' title='bbox 1050 2887 1252 2957; x_wconf 89' lang='lat' dir='ltr'>Neque</span> <span class='ocrx_word' id='word_1_360' title='bbox 1298 2884 1484 2956; x_wconf 82' lang='lat' dir='ltr'>igitur</span> <span class='ocrx_word' id='word_1_361' title='bbox 1526 2884 1837 2958; x_wconf 82' lang='lat' dir='ltr'>generatio</span> <span class='ocrx_word' id='word_1_362' title='bbox 1888 2886 2158 2957; x_wconf 89' lang='lat' dir='ltr'>corporis</span> <span class='ocrx_word' id='word_1_363' title='bbox 2206 2892 2299 2944; x_wconf 90' lang='lat' dir='ltr'>est</span> <span class='ocrx_word' id='word_1_364' title='bbox 2342 2901 2527 2945; x_wconf 88' lang='lat' dir='ltr'>causa</span> <span class='ocrx_word' id='word_1_365' title='bbox 2572 2890 2734 2960; x_wconf 89' lang='lat' dir='ltr'>quod</span> 
     </span>
     <span class='ocr_line' id='line_1_37' title="bbox 300 2954 2737 3039; baseline 0 -23"><span class='ocrx_word' id='word_1_366' title='bbox 300 2955 514 3016; x_wconf 85' lang='lat' dir='ltr'>anima</span> <span class='ocrx_word' id='word_1_367' title='bbox 542 2956 788 3028; x_wconf 90' lang='lat' dir='ltr'>incipiat</span> <span class='ocrx_word' id='word_1_368' title='bbox 812 2970 969 3015; x_wconf 88' lang='lat' dir='ltr'>esse.</span> <span class='ocrx_word' id='word_1_369' title='bbox 1001 2955 1115 3013; x_wconf 88' lang='lat' dir='ltr'>Sed</span> <span class='ocrx_word' id='word_1_370' title='bbox 1143 2954 1438 3012; x_wconf 89' lang='lat' dir='ltr'>traductio</span> <span class='ocrx_word' id='word_1_371' title='bbox 1467 2956 1721 3013; x_wconf 89' lang='lat' dir='ltr'>seminis</span> <span class='ocrx_word' id='word_1_372' title='bbox 1742 2961 1833 3013; x_wconf 88' lang='lat' dir='ltr'>est</span> <span class='ocrx_word' id='word_1_373' title='bbox 1848 2969 2034 3015; x_wconf 89' lang='lat' dir='ltr'>causa</span> <span class='ocrx_word' id='word_1_374' title='bbox 2058 2957 2297 3028; x_wconf 87' lang='lat' dir='ltr'>propria</span> <span class='ocrx_word' id='word_1_375' title='bbox 2323 2959 2737 3039; x_wconf 79' lang='lat' dir='ltr'>generationis</span> 
     </span>
     <span class='ocr_line' id='line_1_38' title="bbox 299 3025 2731 3101; baseline -0 -14"><span class='ocrx_word' id='word_1_376' title='bbox 299 3028 600 3101; x_wconf 77' lang='lat' dir='ltr'>corporis,</span> <span class='ocrx_word' id='word_1_377' title='bbox 632 3030 761 3086; x_wconf 88' lang='lat' dir='ltr'>Non</span> <span class='ocrx_word' id='word_1_378' title='bbox 809 3031 898 3087; x_wconf 90' lang='lat' dir='ltr'>est</span> <span class='ocrx_word' id='word_1_379' title='bbox 940 3027 1126 3100; x_wconf 81' lang='lat' dir='ltr'>igitur</span> <span class='ocrx_word' id='word_1_380' title='bbox 1151 3025 1448 3084; x_wconf 88' lang='lat' dir='ltr'>traductio</span> <span class='ocrx_word' id='word_1_381' title='bbox 1477 3025 1731 3085; x_wconf 89' lang='lat' dir='ltr'>seminis</span> <span class='ocrx_word' id='word_1_382' title='bbox 1759 3040 1944 3085; x_wconf 89' lang='lat' dir='ltr'>causa</span> <span class='ocrx_word' id='word_1_383' title='bbox 1968 3027 2377 3101; x_wconf 82' lang='lat' dir='ltr'>generationis</span> <span class='ocrx_word' id='word_1_384' title='bbox 2423 3029 2639 3087; x_wconf 83' lang='lat' dir='ltr'>animae</span> <span class='ocrx_word' id='word_1_385' title='bbox 2667 3028 2731 3086; x_wconf 91' lang='lat' dir='ltr'>in</span> 
     </span>
    </p>

    <p class='ocr_par' dir='ltr' id='par_1_7' title="bbox 295 3166 2732 3385">
     <span class='ocr_line' id='line_1_39' title="bbox 378 3166 2731 3244; baseline 0.001 -16"><span class='ocrx_word' id='word_1_386' title='bbox 378 3173 491 3228; x_wconf 90' lang='lat' dir='ltr'>Per</span> <span class='ocrx_word' id='word_1_387' title='bbox 517 3169 633 3229; x_wconf 87' lang='lat' dir='ltr'>hoc</span> <span class='ocrx_word' id='word_1_388' title='bbox 687 3173 886 3227; x_wconf 88' lang='lat' dir='ltr'>autem</span> <span class='ocrx_word' id='word_1_389' title='bbox 946 3166 1284 3227; x_wconf 84' lang='lat' dir='ltr'>excluditur</span> <span class='ocrx_word' id='word_1_390' title='bbox 1328 3181 1498 3226; x_wconf 89' lang='lat' dir='ltr'>error</span> <span class='ocrx_word' id='word_1_391' title='bbox 1522 3167 1925 3239; x_wconf 82' lang='lat' dir='ltr'>Appollinaris</span> <span class='ocrx_word' id='word_1_392' title='bbox 1954 3173 2012 3227; x_wconf 90' lang='lat' dir='ltr'>et</span> <span class='ocrx_word' id='word_1_393' title='bbox 2067 3170 2415 3242; x_wconf 88' lang='lat' dir='ltr'>sequacium</span> <span class='ocrx_word' id='word_1_394' title='bbox 2446 3171 2598 3244; x_wconf 79' lang='lat' dir='ltr'>ejuS,</span> <span class='ocrx_word' id='word_1_395' title='bbox 2628 3171 2731 3244; x_wconf 90' lang='lat' dir='ltr'>qui</span> 
     </span>
     <span class='ocr_line' id='line_1_40' title="bbox 300 3237 2732 3311; baseline 0 -11"><span class='ocrx_word' id='word_1_396' title='bbox 300 3240 606 3309; x_wconf 81' lang='lat' dir='ltr'>dixerunt,</span> <span class='ocrx_word' id='word_1_397' title='bbox 636 3244 788 3298; x_wconf 88' lang='lat' dir='ltr'>teste</span> <span class='ocrx_word' id='word_1_398' title='bbox 834 3239 1118 3311; x_wconf 85' lang='lat' dir='ltr'>Gregorio</span> <span class='ocrx_word' id='word_1_399' title='bbox 1164 3242 1437 3311; x_wconf 80' lang='lat' dir='ltr'>Nysseno</span> <span class='ocrx_word' id='word_1_400' title='bbox 1466 3237 1563 3311; x_wconf 87' lang='lat' dir='ltr'>(De</span> <span class='ocrx_word' id='word_1_401' title='bbox 1602 3239 1828 3309; x_wconf 71' lang='lat' dir='ltr'>philos„</span> <span class='ocrx_word' id='word_1_402' title='bbox 1862 3239 1901 3296; x_wconf 91' lang='lat' dir='ltr'>l.</span> <span class='ocrx_word' id='word_1_403' title='bbox 1923 3252 1992 3308; x_wconf 89' lang='lat'>11,</span> <span class='ocrx_word' id='word_1_404' title='bbox 2016 3253 2068 3298; x_wconf 91' lang='lat' dir='ltr'>c.</span> <span class='ocrx_word' id='word_1_405' title='bbox 2101 3239 2177 3311; x_wconf 88' lang='grc'>6),</span> <span class='ocrx_word' id='word_1_406' title='bbox 2209 3241 2442 3299; x_wconf 86' lang='lat' dir='ltr'>animas</span> <span class='ocrx_word' id='word_1_407' title='bbox 2472 3242 2546 3300; x_wconf 89' lang='lat' dir='ltr'>ab</span> <span class='ocrx_word' id='word_1_408' title='bbox 2603 3241 2732 3301; x_wconf 89' lang='lat' dir='ltr'>ani-</span> 
     </span>
     <span class='ocr_line' id='line_1_41' title="bbox 295 3309 2625 3385; baseline 0 -16"><span class='ocrx_word' id='word_1_409' title='bbox 295 3311 519 3371; x_wconf 87' lang='lat' dir='ltr'>mabus</span> <span class='ocrx_word' id='word_1_410' title='bbox 548 3310 820 3384; x_wconf 84' lang='lat' dir='ltr'>generari</span> <span class='ocrx_word' id='word_1_411' title='bbox 847 3310 1005 3371; x_wconf 81' lang='lat' dir='ltr'>sicut</span> <span class='ocrx_word' id='word_1_412' title='bbox 1037 3324 1075 3368; x_wconf 90' lang='lat' dir='ltr'>a</span> <span class='ocrx_word' id='word_1_413' title='bbox 1116 3310 1474 3381; x_wconf 87' lang='lat' dir='ltr'>corporibus</span> <span class='ocrx_word' id='word_1_414' title='bbox 1502 3322 1775 3381; x_wconf 87' lang='lat' dir='ltr'>corpora.</span> <span class='ocrx_word' id='word_1_415' title='bbox 1803 3309 1849 3382; x_wconf 87' lang='grc' dir='ltr'>(Ι</span> <span class='ocrx_word' id='word_1_416' title='bbox 1875 3314 2052 3381; x_wconf 68' lang='lat' dir='ltr'>part„</span> <span class='ocrx_word' id='word_1_417' title='bbox 2082 3324 2141 3383; x_wconf 94' lang='lat' dir='ltr'>q.</span> <span class='ocrx_word' id='word_1_418' title='bbox 2165 3323 2372 3374; x_wconf 70' lang='lat' dir='ltr'>enm,</span> <span class='ocrx_word' id='word_1_419' title='bbox 2401 3317 2514 3370; x_wconf 87' lang='lat' dir='ltr'>art.</span> <span class='ocrx_word' id='word_1_420' title='bbox 2547 3311 2625 3385; x_wconf 84' lang='lat' dir='ltr'>t.)</span> 
     </span>
    </p>
   </div>
   <div class='ocr_carea' id='block_1_3' title="bbox 1197 3529 1833 3597">
    <p class='ocr_par' dir='ltr' id='par_1_8' title="bbox 1197 3529 1833 3597">
     <span class='ocr_line' id='line_1_42' title="bbox 1197 3529 1833 3597; baseline -0.003 -2"><span class='ocrx_word' id='word_1_421' title='bbox 1197 3530 1452 3595; x_wconf 84' lang='lat' dir='ltr'>CAPUT</span> <span class='ocrx_word' id='word_1_422' title='bbox 1489 3529 1833 3597; x_wconf 86' lang='lat' dir='ltr'>LXXXVII.</span> 
     </span>
    </p>
   </div>
   <div class='ocr_carea' id='block_1_4' title="bbox 410 3707 2623 3799">
    <p class='ocr_par' dir='ltr' id='par_1_9' title="bbox 410 3707 2623 3799">
     <span class='ocr_line' id='line_1_43' title="bbox 410 3707 2623 3799; baseline -0.001 -40"><span class='ocrx_word' id='word_1_423' title='bbox 410 3711 563 3766; x_wconf 78' lang='lat' dir='ltr'>QUOD</span> <span class='ocrx_word' id='word_1_424' title='bbox 613 3709 807 3759; x_wconf 65' lang='lat' dir='ltr'>mma</span> <span class='ocrx_word' id='word_1_425' title='bbox 837 3707 1088 3758; x_wconf 70' lang='lat' dir='ltr'>numa</span> <span class='ocrx_word' id='word_1_426' title='bbox 1121 3707 1507 3759; x_wconf 65' lang='lat' dir='ltr'>encliticam</span> <span class='ocrx_word' id='word_1_427' title='bbox 1555 3710 1621 3756; x_wconf 83' lang='lat' dir='ltr'>IN</span> <span class='ocrx_word' id='word_1_428' title='bbox 1662 3709 1807 3757; x_wconf 73' lang='lat' dir='ltr'>ESSE</span> <span class='ocrx_word' id='word_1_429' title='bbox 1854 3709 1898 3757; x_wconf 76' lang='lat' dir='ltr'>A</span> <span class='ocrx_word' id='word_1_430' title='bbox 1941 3708 2058 3759; x_wconf 64' lang='lat' dir='ltr'>mio</span> <span class='ocrx_word' id='word_1_431' title='bbox 2082 3710 2198 3757; x_wconf 68' lang='lat' dir='ltr'>ruit</span> <span class='ocrx_word' id='word_1_432' title='bbox 2232 3709 2623 3799; x_wconf 48' lang='lat' dir='ltr'>quarinum.</span> 
     </span>
    </p>
   </div>
   <div class='ocr_carea' id='block_1_5' title="bbox 377 3872 2837 3970">
    <p class='ocr_par' dir='ltr' id='par_1_10' title="bbox 377 3872 2837 3970">
     <span class='ocr_line' id='line_1_44' title="bbox 377 3872 2837 3970; baseline 0 -36"><span class='ocrx_word' id='word_1_433' title='bbox 377 3878 463 3934; x_wconf 81' lang='lat' dir='ltr'>Ex</span> <span class='ocrx_word' id='word_1_434' title='bbox 487 3875 585 3934; x_wconf 90' lang='lat' dir='ltr'>his</span> <span class='ocrx_word' id='word_1_435' title='bbox 611 3881 810 3936; x_wconf 90' lang='lat' dir='ltr'>autem</span> <span class='ocrx_word' id='word_1_436' title='bbox 857 3887 992 3949; x_wconf 81' lang='lat' dir='ltr'>quae</span> <span class='ocrx_word' id='word_1_437' title='bbox 1021 3874 1183 3933; x_wconf 89' lang='lat' dir='ltr'>dicta</span> <span class='ocrx_word' id='word_1_438' title='bbox 1206 3878 1352 3933; x_wconf 88' lang='lat' dir='ltr'>sunt</span> <span class='ocrx_word' id='word_1_439' title='bbox 1395 3872 1632 3933; x_wconf 88' lang='lat' dir='ltr'>ostendi</span> <span class='ocrx_word' id='word_1_440' title='bbox 1664 3877 1864 3947; x_wconf 88' lang='lat' dir='ltr'>potest</span> <span class='ocrx_word' id='word_1_441' title='bbox 1886 3874 2047 3947; x_wconf 88' lang='lat' dir='ltr'>quod</span> <span class='ocrx_word' id='word_1_442' title='bbox 2076 3874 2250 3934; x_wconf 85' lang='lat' dir='ltr'>solus</span> <span class='ocrx_word' id='word_1_443' title='bbox 2280 3876 2440 3934; x_wconf 85' lang='lat' dir='ltr'>Deus</span> <span class='ocrx_word' id='word_1_444' title='bbox 2470 3875 2735 3934; x_wconf 89' lang='lat' dir='ltr'>animam</span> <span class='ocrx_word' id='word_1_445' title='bbox 2822 3909 2837 3970; x_wconf 37' lang='grc' dir='ltr'>ζ</span> 
     </span>
    </p>
   </div>
   <div class='ocr_carea' id='block_1_6' title="bbox 248 3945 2739 4586">
    <p class='ocr_par' dir='ltr' id='par_1_11' title="bbox 299 3945 1204 4018">
     <span class='ocr_line' id='line_1_45' title="bbox 299 3945 1204 4018; baseline -0.009 -8"><span class='ocrx_word' id='word_1_446' title='bbox 299 3948 632 4012; x_wconf 80' lang='lat' dir='ltr'>humanam</span> <span class='ocrx_word' id='word_1_447' title='bbox 655 3947 719 4005; x_wconf 92' lang='lat' dir='ltr'>in</span> <span class='ocrx_word' id='word_1_448' title='bbox 741 3959 878 4005; x_wconf 90' lang='lat' dir='ltr'>esse</span> <span class='ocrx_word' id='word_1_449' title='bbox 905 3945 1204 4018; x_wconf 88' lang='lat' dir='ltr'>producit.</span> 
     </span>
    </p>

    <p class='ocr_par' dir='ltr' id='par_1_12' title="bbox 248 4015 2739 4586">
     <span class='ocr_line' id='line_1_46' title="bbox 377 4015 2739 4090; baseline -0.001 -12"><span class='ocrx_word' id='word_1_450' title='bbox 377 4021 567 4078; x_wconf 86' lang='lat' dir='ltr'>Omne</span> <span class='ocrx_word' id='word_1_451' title='bbox 616 4018 777 4075; x_wconf 89' lang='lat' dir='ltr'>enim</span> <span class='ocrx_word' id='word_1_452' title='bbox 812 4016 977 4090; x_wconf 89' lang='lat' dir='ltr'>quod</span> <span class='ocrx_word' id='word_1_453' title='bbox 1022 4016 1087 4075; x_wconf 90' lang='lat' dir='ltr'>in</span> <span class='ocrx_word' id='word_1_454' title='bbox 1134 4027 1273 4074; x_wconf 86' lang='lat' dir='ltr'>esse</span> <span class='ocrx_word' id='word_1_455' title='bbox 1311 4015 1682 4087; x_wconf 85' lang='lat' dir='ltr'>producitur,</span> <span class='ocrx_word' id='word_1_456' title='bbox 1708 4015 1803 4073; x_wconf 90' lang='lat' dir='ltr'>vel</span> <span class='ocrx_word' id='word_1_457' title='bbox 1841 4019 2164 4088; x_wconf 84' lang='lat' dir='ltr'>generatur</span> <span class='ocrx_word' id='word_1_458' title='bbox 2210 4028 2319 4087; x_wconf 87' lang='lat' dir='ltr'>per</span> <span class='ocrx_word' id='word_1_459' title='bbox 2368 4029 2437 4074; x_wconf 84' lang='lat' dir='ltr'>se</span> <span class='ocrx_word' id='word_1_460' title='bbox 2478 4020 2582 4073; x_wconf 88' lang='lat' dir='ltr'>aut</span> <span class='ocrx_word' id='word_1_461' title='bbox 2632 4029 2739 4087; x_wconf 89' lang='lat' dir='ltr'>per</span> 
     </span>
     <span class='ocr_line' id='line_1_47' title="bbox 248 4086 2737 4159; baseline -0 -14"><span class='ocrx_word' id='word_1_462' title='bbox 248 4138 256 4145; x_wconf 90' lang='lat'>.</span> <span class='ocrx_word' id='word_1_463' title='bbox 306 4089 615 4159; x_wconf 79' lang='lat' dir='ltr'>accidenS,</span> <span class='ocrx_word' id='word_1_464' title='bbox 642 4088 737 4145; x_wconf 88' lang='lat' dir='ltr'>vel</span> <span class='ocrx_word' id='word_1_465' title='bbox 759 4094 1014 4146; x_wconf 86' lang='lat' dir='ltr'>creatur.</span> <span class='ocrx_word' id='word_1_466' title='bbox 1044 4086 1258 4145; x_wconf 82' lang='lat' dir='ltr'>Anima</span> <span class='ocrx_word' id='word_1_467' title='bbox 1287 4091 1484 4145; x_wconf 90' lang='lat' dir='ltr'>autem</span> <span class='ocrx_word' id='word_1_468' title='bbox 1506 4087 1769 4145; x_wconf 85' lang='lat' dir='ltr'>humana</span> <span class='ocrx_word' id='word_1_469' title='bbox 1797 4098 1921 4143; x_wconf 89' lang='lat' dir='ltr'>non</span> <span class='ocrx_word' id='word_1_470' title='bbox 1950 4090 2271 4158; x_wconf 79' lang='lat' dir='ltr'>generatur</span> <span class='ocrx_word' id='word_1_471' title='bbox 2298 4099 2405 4158; x_wconf 84' lang='lat' dir='ltr'>per</span> <span class='ocrx_word' id='word_1_472' title='bbox 2428 4099 2517 4149; x_wconf 78' lang='lat' dir='ltr'>se,</span> <span class='ocrx_word' id='word_1_473' title='bbox 2553 4099 2737 4159; x_wconf 90' lang='lat' dir='ltr'>quum</span> 
     </span>
     <span class='ocr_line' id='line_1_48' title="bbox 303 4155 2738 4230; baseline -0.001 -11"><span class='ocrx_word' id='word_1_474' title='bbox 303 4172 432 4219; x_wconf 87' lang='lat' dir='ltr'>non</span> <span class='ocrx_word' id='word_1_475' title='bbox 460 4160 541 4219; x_wconf 87' lang='lat' dir='ltr'>sit</span> <span class='ocrx_word' id='word_1_476' title='bbox 559 4159 895 4230; x_wconf 88' lang='lat' dir='ltr'>composita</span> <span class='ocrx_word' id='word_1_477' title='bbox 920 4173 993 4217; x_wconf 81' lang='lat' dir='ltr'>ex</span> <span class='ocrx_word' id='word_1_478' title='bbox 1021 4158 1272 4217; x_wconf 89' lang='lat' dir='ltr'>materia</span> <span class='ocrx_word' id='word_1_479' title='bbox 1297 4160 1358 4215; x_wconf 89' lang='lat' dir='ltr'>et</span> <span class='ocrx_word' id='word_1_480' title='bbox 1387 4157 1601 4227; x_wconf 88' lang='lat' dir='ltr'>forma,</span> <span class='ocrx_word' id='word_1_481' title='bbox 1618 4163 1684 4216; x_wconf 94' lang='lat' dir='ltr'>ut</span> <span class='ocrx_word' id='word_1_482' title='bbox 1708 4169 1890 4228; x_wconf 86' lang='lat' dir='ltr'>supra</span> <span class='ocrx_word' id='word_1_483' title='bbox 1914 4155 1991 4229; x_wconf 92' lang='lat' dir='ltr'>(c.</span> <span class='ocrx_word' id='word_1_484' title='bbox 2020 4160 2092 4215; x_wconf 79' lang='lat'>50</span> <span class='ocrx_word' id='word_1_485' title='bbox 2138 4161 2201 4215; x_wconf 87' lang='lat' dir='ltr'>et</span> <span class='ocrx_word' id='word_1_486' title='bbox 2244 4156 2396 4229; x_wconf 88' lang='lat' dir='ltr'>seq.)</span> <span class='ocrx_word' id='word_1_487' title='bbox 2423 4162 2738 4216; x_wconf 90' lang='lat' dir='ltr'>ostensum</span> 
     </span>
     <span class='ocr_line' id='line_1_49' title="bbox 301 4226 2739 4302; baseline -0.002 -13"><span class='ocrx_word' id='word_1_488' title='bbox 301 4235 433 4300; x_wconf 79' lang='lat' dir='ltr'>est3</span> <span class='ocrx_word' id='word_1_489' title='bbox 464 4244 659 4302; x_wconf 87' lang='lat' dir='ltr'>neque</span> <span class='ocrx_word' id='word_1_490' title='bbox 684 4235 1001 4301; x_wconf 82' lang='lat' dir='ltr'>generatur</span> <span class='ocrx_word' id='word_1_491' title='bbox 1027 4244 1134 4302; x_wconf 86' lang='lat' dir='ltr'>per</span> <span class='ocrx_word' id='word_1_492' title='bbox 1159 4227 1476 4298; x_wconf 87' lang='lat' dir='ltr'>accidens;</span> <span class='ocrx_word' id='word_1_493' title='bbox 1507 4242 1693 4301; x_wconf 91' lang='lat' dir='ltr'>quum</span> <span class='ocrx_word' id='word_1_494' title='bbox 1719 4229 1879 4286; x_wconf 90' lang='lat' dir='ltr'>enim</span> <span class='ocrx_word' id='word_1_495' title='bbox 1910 4227 1992 4286; x_wconf 91' lang='lat' dir='ltr'>sit</span> <span class='ocrx_word' id='word_1_496' title='bbox 2018 4226 2212 4286; x_wconf 87' lang='lat' dir='ltr'>forma</span> <span class='ocrx_word' id='word_1_497' title='bbox 2236 4228 2531 4300; x_wconf 76' lang='lat' dir='ltr'>corporiS,</span> <span class='ocrx_word' id='word_1_498' title='bbox 2562 4240 2739 4299; x_wconf 84' lang='lat' dir='ltr'>gene·</span> 
     </span>
     <span class='ocr_line' id='line_1_50' title="bbox 302 4295 2739 4377; baseline -0.002 -19"><span class='ocrx_word' id='word_1_499' title='bbox 302 4307 538 4360; x_wconf 88' lang='lat' dir='ltr'>raretur</span> <span class='ocrx_word' id='word_1_500' title='bbox 556 4313 663 4371; x_wconf 87' lang='lat' dir='ltr'>per</span> <span class='ocrx_word' id='word_1_501' title='bbox 680 4299 951 4370; x_wconf 86' lang='lat' dir='ltr'>corporis</span> <span class='ocrx_word' id='word_1_502' title='bbox 977 4300 1427 4370; x_wconf 80' lang='lat' dir='ltr'>generationem</span> <span class='ocrx_word' id='word_1_503' title='bbox 1455 4313 1589 4373; x_wconf 86' lang='lat' dir='ltr'>quae</span> <span class='ocrx_word' id='word_1_504' title='bbox 1611 4304 1701 4357; x_wconf 90' lang='lat' dir='ltr'>est</span> <span class='ocrx_word' id='word_1_505' title='bbox 1727 4313 1801 4357; x_wconf 84' lang='lat' dir='ltr'>ex</span> <span class='ocrx_word' id='word_1_506' title='bbox 1823 4298 2040 4357; x_wconf 85' lang='lat' dir='ltr'>virtute</span> <span class='ocrx_word' id='word_1_507' title='bbox 2070 4298 2263 4357; x_wconf 85' lang='lat' dir='ltr'>activa</span> <span class='ocrx_word' id='word_1_508' title='bbox 2284 4299 2559 4366; x_wconf 88' lang='lat' dir='ltr'>seminis,</span> <span class='ocrx_word' id='word_1_509' title='bbox 2578 4295 2739 4377; x_wconf 82' lang='lat' dir='ltr'>quod</span> 
     </span>
     <span class='ocr_line' id='line_1_51' title="bbox 303 4368 2739 4445; baseline -0.004 -15"><span class='ocrx_word' id='word_1_510' title='bbox 303 4370 708 4445; x_wconf 86' lang='lat' dir='ltr'>improbatum</span> <span class='ocrx_word' id='word_1_511' title='bbox 737 4373 830 4427; x_wconf 89' lang='lat' dir='ltr'>est</span> <span class='ocrx_word' id='word_1_512' title='bbox 858 4369 933 4441; x_wconf 93' lang='lat' dir='ltr'>(c.</span> <span class='ocrx_word' id='word_1_513' title='bbox 965 4370 1078 4443; x_wconf 88' lang='grc'>86).</span> <span class='ocrx_word' id='word_1_514' title='bbox 1109 4372 1305 4440; x_wconf 84' lang='lat' dir='ltr'>Quum</span> <span class='ocrx_word' id='word_1_515' title='bbox 1335 4383 1479 4443; x_wconf 80' lang='lat' dir='ltr'>ergo</span> <span class='ocrx_word' id='word_1_516' title='bbox 1508 4370 1710 4429; x_wconf 87' lang='lat' dir='ltr'>anima</span> <span class='ocrx_word' id='word_1_517' title='bbox 1736 4370 1998 4429; x_wconf 89' lang='lat' dir='ltr'>humana</span> <span class='ocrx_word' id='word_1_518' title='bbox 2039 4368 2112 4428; x_wconf 79' lang='lat' dir='ltr'>de</span> <span class='ocrx_word' id='word_1_519' title='bbox 2140 4383 2298 4430; x_wconf 87' lang='lat' dir='ltr'>novo</span> <span class='ocrx_word' id='word_1_520' title='bbox 2327 4383 2463 4428; x_wconf 87' lang='lat' dir='ltr'>esse</span> <span class='ocrx_word' id='word_1_521' title='bbox 2492 4368 2739 4436; x_wconf 75' lang='lat' dir='ltr'>incipiat</span> 
     </span>
     <span class='ocr_line' id='line_1_52' title="bbox 308 4440 2736 4525; baseline -0.005 -24"><span class='ocrx_word' id='word_1_522' title='bbox 308 4441 455 4513; x_wconf 87' lang='lat' dir='ltr'>(non</span> <span class='ocrx_word' id='word_1_523' title='bbox 495 4442 659 4501; x_wconf 90' lang='lat' dir='ltr'>enim</span> <span class='ocrx_word' id='word_1_524' title='bbox 705 4445 798 4500; x_wconf 87' lang='lat' dir='ltr'>est</span> <span class='ocrx_word' id='word_1_525' title='bbox 839 4446 1061 4499; x_wconf 82' lang='lat' dir='ltr'>aeterna</span> <span class='ocrx_word' id='word_1_526' title='bbox 1102 4455 1216 4500; x_wconf 89' lang='lat' dir='ltr'>nec</span> <span class='ocrx_word' id='word_1_527' title='bbox 1251 4440 1578 4525; x_wconf 65' lang='lat' dir='ltr'>praeexistit</span> <span class='ocrx_word' id='word_1_528' title='bbox 1606 4442 1863 4513; x_wconf 88' lang='lat' dir='ltr'>corpori,</span> <span class='ocrx_word' id='word_1_529' title='bbox 1889 4446 1957 4500; x_wconf 93' lang='lat' dir='ltr'>ut</span> <span class='ocrx_word' id='word_1_530' title='bbox 1995 4453 2069 4500; x_wconf 87' lang='lat' dir='ltr'>su</span> <span class='ocrx_word' id='word_1_531' title='bbox 2114 4455 2180 4500; x_wconf 91' lang='lat' dir='ltr'>ra</span> <span class='ocrx_word' id='word_1_532' title='bbox 2205 4440 2282 4513; x_wconf 87' lang='lat' dir='ltr'>[c.</span> <span class='ocrx_word' id='word_1_533' title='bbox 2315 4440 2405 4512; x_wconf 86' lang='grc'>83]</span> <span class='ocrx_word' id='word_1_534' title='bbox 2425 4442 2736 4497; x_wconf 89' lang='lat' dir='ltr'>ostensum</span> 
     </span>
     <span class='ocr_line' id='line_1_53' title="bbox 313 4455 2734 4586; baseline -0.005 -15"><span class='ocrx_word' id='word_1_535' title='bbox 313 4514 447 4586; x_wconf 86' lang='lat' dir='ltr'>est),</span> <span class='ocrx_word' id='word_1_536' title='bbox 480 4512 843 4585; x_wconf 83' lang='lat' dir='ltr'>relinquitur</span> <span class='ocrx_word' id='word_1_537' title='bbox 862 4510 1022 4585; x_wconf 85' lang='lat' dir='ltr'>quod</span> <span class='ocrx_word' id='word_1_538' title='bbox 1053 4516 1224 4572; x_wconf 86' lang='lat' dir='ltr'>exeat</span> <span class='ocrx_word' id='word_1_539' title='bbox 1247 4526 1313 4572; x_wconf 91' lang='lat' dir='ltr'>in</span> <span class='ocrx_word' id='word_1_540' title='bbox 1351 4525 1492 4573; x_wconf 81' lang='lat' dir='ltr'>esse</span> <span class='ocrx_word' id='word_1_541' title='bbox 1517 4525 1626 4586; x_wconf 84' lang='lat' dir='ltr'>per</span> <span class='ocrx_word' id='word_1_542' title='bbox 1653 4512 2038 4574; x_wconf 87' lang='lat' dir='ltr'>creationem.</span> <span class='ocrx_word' id='word_1_543' title='bbox 2069 4455 2391 4573; x_wconf 61' lang='lat' dir='ltr'>gstensum</span> <span class='ocrx_word' id='word_1_544' title='bbox 2417 4512 2512 4568; x_wconf 86' lang='lat' dir='ltr'>est</span> <span class='ocrx_word' id='word_1_545' title='bbox 2538 4509 2734 4563; x_wconf 87' lang='lat' dir='ltr'>autem</span> 
     </span>
    </p>
   </div>
  </div>
 </body>
</html>
