3076 5025
1117 281 1250 337 LIB.
1292 280 1361 343 11,
1403 279 1555 336 CAP.
1594 280 1771 337 XLIV.
2557 288 2658 342 157

210 401 357 462 huic
384 414 458 461 co
532 402 623 460 ori
650 400 806 461 uniri
837 416 958 461 nou
991 407 1082 460 est
1110 402 1165 460 ei
1191 416 1296 474 per
1322 416 1411 470 se,
1442 401 1548 459 sed
1577 417 1685 473 per
1707 402 2014 460 accidens.
2047 405 2126 459 Ex
2157 402 2254 460 bis
2284 408 2479 462 autem
2525 421 2656 479 quaa

212 489 320 545 per
349 473 477 532 acci
524 487 635 532 ens
663 473 973 541 uniuntur,
998 486 1119 531 non
1150 472 1399 530 resultat
1426 473 1630 553 aliqua
1669 474 1922 543 species,
1971 473 2113 545 quia
2164 487 2284 531 non
2337 474 2403 531 fit
2448 491 2520 533 ex
2569 477 2657 536 eis

206 555 401 602 unum
433 558 541 615 per
569 558 634 601 se
667 562 681 612 ;
713 557 835 602 non
865 544 1023 601 enim
1048 548 1141 602 est
1167 543 1369 616 aliqua
1393 557 1625 614 species
1651 544 1832 602 homo
1860 543 2036 605 albus
2055 544 2148 599 vel
2168 544 2349 603 homo
2381 547 2654 606 vestituS.

205 614 594 696 ‘Relinquitur
619 614 800 686 igitur
827 614 989 687 quod
1018 614 1201 672 homo
1228 627 1351 671 non
1380 614 1460 673 sit
1488 614 1690 687 aliqua
1718 614 1972 685 specieS,
2025 628 2136 671 nec
2170 614 2283 675 sol.
2334 629 2444 673 nec
2489 617 2656 682 luna,

20 713 23 740 i
210 699 326 742 nec
356 685 585 758 ahquid
613 685 981 757 hujusmodi.

20 749 23 836 Ι
282 758 564 837 simplius,
596 770 666 837 ea
693 754 954 884 ‘ffiae-ad
1003 755 1215 813 merita
1266 759 1720 836 consequuntur
1762 761 2021 826 possunt
2068 755 2149 836 in·
2184 755 2404 814 melius
2447 758 2539 815 vel
2596 759 2662 816 in

20 859 21 870 κ
209 840 392 900 pejus
430 831 671 884 mutari.
773 830 924 883 erita
966 829 1163 883 autem
1207 832 1266 883 et
1314 827 1602 883 demerita
1647 831 1904 896 possunt
1947 840 2023 884 au
2068 840 2153 883 eri
2195 827 2286 883 vel
2335 828 2549 897 minui,
2599 837 2659 886 et

213 897 520 969 praecipue
545 896 877 955 secundum
912 897 1249 969 origenem,
1282 897 1383 968 qui
1410 895 1646 953 dicebat
1673 896 1925 954 liberum
1957 910 2024 954 ar
2065 896 2266 953 itrium
2337 898 2658 970 cuiuslibet

213 971 505 1025 creaturae
526 981 763 1038 semper
797 980 933 1025 esse
961 966 1023 1024 in
1052 972 1364 1040 utramque
1390 972 1612 1037 partem
1643 963 1920 1024 flexibile.
1950 967 2008 1025 Si
2040 967 2224 1038 igitur
2253 968 2453 1026 anima
2485 970 2661 1030 ratio-

20 1069 23 1086 }
214 1038 377 1096 nalis
404 1037 522 1095 hoc
543 1051 763 1109 corpus
781 1042 1106 1096 consecuta
1133 1043 1225 1095 est
1240 1043 1479 1109 propter
1496 1036 1839 1108 praecedens
1855 1037 2130 1095 meritum
2163 1037 2256 1095 vel
2280 1038 2655 1108 demeritum,

20 1123 23 1180 t
216 1113 508 1190 sequetur
530 1108 693 1181 quod
723 1108 914 1181 possit
944 1109 1159 1165 iterum
1190 1107 1474 1181 conjungi
1501 1107 1672 1165 alteri
1701 1107 1937 1180 corpori
1965 1125 1980 1177 ;
2011 1112 2070 1165 et
2093 1121 2217 1166 non
2264 1109 2462 1167 solum
2493 1111 2654 1182 quod

20 1195 23 1252 Ἰ
216 1192 424 1238 anima
444 1179 710 1237 humana
736 1184 1007 1237 assumat
1030 1179 1193 1237 aliud
1219 1192 1438 1250 corpus
1469 1179 1820 1248 humanum,
1850 1178 1957 1237 sed
1987 1178 2166 1236 etiam
2190 1179 2350 1251 quod
2386 1188 2657 1240 assumat

217 1249 582 1323 quaudoque
611 1263 829 1320 corpus
852 1249 1152 1308 sidereum
1182 1268 1196 1320 ;
1227 1249 1383 1323 quod
1417 1253 1510 1307 est
1538 1249 1891 1322 (secundum
1929 1249 2353 1322 pythagoricas
2401 1250 2655 1324 fabulas)

219 1319 552 1393 quamlibet
579 1319 840 1378 animam
866 1320 1174 1393 quodlibet
1216 1334 1434 1392 corpus
1483 1320 1737 1391 ingredi.
1792 1322 1917 1378 Hoc
1959 1325 2177 1388 autem,
2226 1324 2284 1378 et
2325 1322 2656 1380 secundum

217 1390 670 1464 philosophiam
690 1395 931 1463 apparet
948 1405 1082 1450 esse
1101 1405 1437 1450 erroneum.
1466 1391 1795 1449 secundum
1818 1404 1997 1464 quam
2017 1390 2425 1471 determinatis
2449 1392 2658 1451 formis

219 1466 283 1524 ot
310 1461 646 1519 motoribus
677 1462 1066 1535 assignantur
1096 1460 1503 1519 determinatae
1530 1462 1795 1522 materiae
1824 1467 1882 1519 et
1920 1461 2313 1519 determinata
2361 1461 2611 1521 mobilia
2642 1483 2658 1532 ;

222 1537 282 1591 et
313 1532 647 1590 secundum
678 1531 852 1590 fldem
883 1532 1249 1602 haereticum,
1280 1547 1411 1606 quae
1433 1532 1696 1590 animam
1714 1532 1780 1589 in
1799 1531 2414 1591 resurrectioneidem
2439 1547 2663 1605 corpus

226 1616 540 1662 resumere
568 1603 853 1674 praedicat
878 1602 1039 1676 quod
1067 1602 1331 1675 deponit.

289 1675 585 1744 Praeterea,
616 1688 801 1746 quum
827 1673 1144 1731 multitudo
1172 1674 1306 1733 sine
1354 1672 1696 1733 diversitate
1724 1686 1860 1732 esse
1916 1686 2037 1731 non
2069 1672 2282 1746 possit,
2317 1674 2370 1731 si
2420 1673 2666 1733 suerunt

223 1743 578 1824 aprinoipio
608 1751 893 1803 creaturae
921 1743 1248 1803 rationales
1275 1745 1336 1803 in
1368 1745 1625 1826 quadam
1668 1743 2048 1802 multitudine
2102 1744 2465 1812 constitutae,
2493 1758 2665 1817 opor·

223 1816 337 1873 tuit
366 1815 432 1871 in
458 1829 550 1872 eis
580 1815 840 1888 aliquam
872 1816 1271 1874 diversitatem
1308 1816 1518 1874 fuisse.
1563 1815 1801 1888 Aliquid
1844 1827 1989 1888 ergo
2037 1815 2245 1873 babuit
2291 1827 2413 1872 una
2456 1830 2663 1874 earum

225 1885 388 1958 quod
418 1898 544 1943 non
573 1886 782 1944 habuit
825 1886 1038 1954 altera;
1083 1891 1144 1944 et
1170 1886 1224 1946 si
1276 1887 1391 1945 boc
1441 1902 1515 1945 ex
1555 1885 1895 1944 diversitate
1941 1885 2135 1943 meriti
2188 1897 2311 1943 non
2358 1887 2659 1957 procedat,

224 1970 355 2086 pff
387 1956 621 2037 ratione
649 1971 762 2084 rutae
788 1956 900 2015 fuit
929 1969 1178 2016 necesse
1209 1962 1275 2014 ut
1305 1957 1528 2030 gradus
1558 1955 1875 2016 diversitas
1903 1970 1978 2015 ex
2013 1955 2364 2015 meritorum
2412 1956 2663 2015 diversi·

420 2039 691 2085 rovenire
724 2070 738 2085 .

20 2123 23 2174 i
296 2041 452 2164 Regi,
485 2098 686 2156 omnis
710 2097 1019 2156 distinctio
1046 2103 1150 2157 aut
1168 2103 1262 2157 est
1287 2099 1619 2157 secundum
1645 2097 2000 2156 divisionem
2030 2097 2400 2171 quantitatis,
2429 2112 2561 2170 quae
2600 2097 2665 2156 in

22 2177 23 2180 ’
227 2169 383 2229 solis
411 2169 768 2240 corporibus
795 2173 907 2237 est,
933 2168 1092 2226 unde
1120 2169 1182 2226 in
1213 2169 1570 2228 substantiis
1624 2168 1815 2251 primo
1861 2168 2099 2237 creatiS,
2153 2168 2481 2227 secundum
2535 2169 2666 2227 Ori·

228 2252 466 2314 genem,
502 2253 638 2297 esse
666 2253 789 2298 non
822 2240 1057 2311 potuit;
1089 2245 1191 2298 aut
1217 2240 1550 2299 secundum
1584 2238 1938 2298 divisionem
1969 2239 2302 2307 formalem,
2351 2254 2483 2311 quae
2530 2239 2667 2297 sine

229 2309 456 2384 gradus
481 2309 823 2368 diversitate
847 2323 982 2368 esse
1012 2324 1134 2368 non
1164 2315 1378 2382 potest,
1408 2325 1593 2383 quum
1623 2308 1763 2366 talis
1792 2308 2009 2368 divisio
2053 2309 2373 2367 reducatur
2418 2310 2492 2367 ad
2543 2310 2662 2382 pri·

227 2381 531 2439 vationem
562 2386 619 2438 et
645 2381 897 2439 formam
928 2398 944 2449 ;
977 2386 1035 2439 et
1062 2380 1151 2439 sic
1181 2386 1411 2451 oportet
1439 2380 1598 2453 quod
1630 2380 1815 2437 altera
1846 2379 2171 2437 formarum
2215 2379 2661 2437 condivisarum

230 2452 310 2511 sit
341 2450 560 2509 melior
583 2456 639 2508 et
668 2452 856 2510 altera
880 2451 1057 2508 vilior
1088 2469 1103 2521 ;
1132 2450 1311 2516 unde,
1348 2451 1680 2509 secuudum
1711 2449 2162 2522 Philosophum.
2196 2450 2430 2522 species
2463 2463 2661 2508 rerum

229 2527 375 2582 sunt
402 2522 562 2580 sicut
589 2523 842 2592 numeri,
868 2535 1124 2596 quorum
1175 2535 1333 2580 unus
1367 2523 1536 2580 alteri
1581 2521 1745 2581 addit
1790 2525 1894 2578 aut
1938 2521 2174 2579 minuit.
2223 2520 2319 2579 Sic
2363 2521 2565 2593 igitur,
2609 2521 2663 2579 si

230 2594 475 2653 fuerunt
502 2606 539 2650 a
566 2592 859 2664 principio
912 2592 1114 2650 multae
1161 2592 1512 2652 substantioe
1571 2592 1894 2652 rationales
1940 2597 2172 2660 creatae,
2223 2596 2456 2662 oportet
2503 2591 2665 2664 quod

231 2663 417 2723 fuerit
445 2663 509 2720 in
542 2663 633 2721 eis
663 2664 886 2736 gradus
910 2663 1247 2721 diversitas.
1448 2708 1468 2729 ,

301 2736 457 2797 Item.
489 2733 544 2792 si
575 2739 859 2792 creaturae
885 2733 1214 2792 rationales
1264 2732 1398 2791 sine
1438 2731 1793 2805 corporibus
1832 2730 2162 2791 subsistere
2208 2736 2495 2802 possunt,
2540 2745 2665 2792 non

230 2805 348 2864 fuit
372 2803 784 2863 necessarium
813 2810 1055 2878 propter
1081 2804 1318 2862 diversa
1344 2804 1553 2861 merita
1591 2802 1999 2885 rationalium·
2021 2807 2426 2885 creaturarum
2469 2801 2663 2861 diver·

230 2877 473 2935 sitatem
506 2875 564 2931 in
598 2881 810 2934 natura
837 2889 943 2934 cor
984 2874 1136 2934 orali
1164 2874 1395 2933 institui
1430 2875 1635 2947 3quia,
1666 2879 1725 2931 et
1767 2886 1902 2932 sine
1941 2874 2281 2954 diversitate
2322 2886 2661 2944 corporum,

227 2950 466 3018 poterat
493 2945 769 3004 diversus
813 2960 920 3019 gra
967 2959 1040 3005 us
1090 2945 1153 3004 in
1199 2945 1555 3004 substantiis
1603 2944 2000 3004 rationalibus
2040 2944 2315 3001 inveniri.
2355 2944 2415 3001 Si
2462 2949 2661 3003 autem

230 3021 522 3077 creaturae
554 3016 878 3075 rationales
907 3016 1041 3074 sine
1075 3016 1429 3088 corporibus
1458 3016 1788 3074 subsistere
1817 3028 1938 3074 non
1969 3019 2244 3086 possunt,
2272 3028 2416 3096 ergo
2446 3029 2481 3073 a
2508 3015 2662 3087 prin·

232 3087 397 3159 cipio
422 3086 605 3147 simul
639 3101 772 3145 cum
803 3093 1074 3147 creatura
1101 3087 1376 3145 rationali
1412 3091 1502 3145 est
1532 3087 1710 3144 etiam
1735 3092 2005 3145 creatura
2020 3084 2349 3157 corporalis
2368 3087 2667 3146 instituta.

230 3158 421 3229 major
455 3163 545 3215 est
573 3162 769 3215 autem
799 3158 1083 3216 distantia
1112 3157 1442 3230 corporalis
1466 3163 1752 3216 creaturae
1779 3157 1852 3215 ad
1896 3155 2266 3229 spiritualem
2310 3171 2488 3230 quam
2540 3157 2663 3229 spi-

231 3228 543 3288 ritualium
572 3233 976 3286 creaturarum
1004 3229 1075 3285 ad
1107 3228 1381 3287 invicem.
1404 3228 1465 3286 Si
1489 3229 1505 3284 i
1560 3227 2036 3301 'turaprincipio
2058 3230 2214 3285 Deus
2239 3233 2360 3285 tam
2382 3240 2662 3299 magnam

232 3298 585 3359 distantiam
614 3299 676 3356 in
709 3299 839 3358 suis
869 3299 1157 3358 creaturis
1187 3299 1449 3357 instituit
1470 3243 1697 3371 alguque
1723 3298 2025 3372 aliquibus
2053 3296 2661 3380 meritispraeceden·

231 3370 400 3443 tibus
453 3382 576 3428 uon
605 3370 866 3441 oportuit
896 3368 1105 3427 merita
1144 3369 1378 3428 diversa
1421 3369 1754 3441 praecedere
1795 3369 1871 3430 ad
1915 3368 2034 3429 hoc
2079 3368 2243 3442 quod
2295 3380 2361 3426 m
2409 3369 2662 3427 diversis

232 3412 527 3515 gradibus
556 3446 839 3498 creaturae
864 3440 1190 3498 rationales
1217 3438 1692 3499 instituerentur.
2315 3507 2329 3521 ⁸

305 3511 528 3579 Adhuc,
557 3510 611 3569 si
642 3510 957 3569 diversitas
984 3516 1270 3569 creaturae
1299 3511 1629 3582 corporalis
1656 3509 1977 3582 respondet
2003 3508 2331 3567 diversitati
2374 3511 2661 3569 creatura)

234 3581 576 3650 rationalis,
608 3581 732 3654 pari
763 3582 993 3639 ratione
1013 3585 1075 3638 et
1105 3581 1497 3640 uniformitati
1544 3581 1926 3640 rationalium
1965 3584 2368 3639 creaturarum
2412 3590 2661 3650 respon·

235 3653 405 3712 deret
423 3652 805 3710 uniformitas
824 3657 1051 3710 naturae
1074 3652 1425 3723 corporalis.
1451 3652 1688 3711 Fuisset
1702 3665 1843 3722 ergo
1865 3655 2077 3709 natura
2090 3648 2419 3722 corporalis
2441 3654 2662 3719 creata,

235 3723 420 3782 etiam
449 3722 507 3781 si
532 3722 769 3780 diversa
794 3721 1006 3780 merita
1035 3722 1347 3781 rationalis
1375 3729 1660 3780 creaturae
1689 3734 1814 3780 non
1851 3721 2326 3794 praecessissent,
2368 3719 2475 3779 sed
2526 3718 2662 3777 uni-

238 3794 454 3853 formis
480 3810 497 3863 3
527 3792 743 3852 fuisset
771 3792 954 3865 igitur
980 3797 1177 3850 creata
1202 3793 1451 3851 materia
1476 3793 1688 3864 prima,
1717 3806 1849 3865 quae
1878 3798 1971 3850 est
1996 3789 2279 3873 omnibus
2307 3789 2662 3862 corporibus

236 3862 604 3926 communis.
634 3863 740 3922 sed
769 3862 883 3921 sub
913 3876 1032 3920 una
1060 3868 1290 3921 tantum
1318 3863 1527 3921 forma.
1559 3865 1709 3922 Sunt
1730 3867 1927 3921 autem
1957 3862 2022 3919 in
2048 3874 2182 3934 rpsa
2203 3862 2408 3932 plures
2454 3861 2665 3920 forma>

237 3936 303 3993 in
328 3933 619 4006 potentia.
650 3934 1058 3992 nemausisset
1085 3933 1271 4006 igitur
1290 3933 1654 4006 imperfecta,
1685 3934 1818 3991 sola
1851 3946 1973 3991 una
2000 3931 2131 4005 ejus
2177 3932 2372 3992 forma
2418 3931 2664 3991 reducta

237 4006 300 4064 in
333 4009 556 4071 actum,
630 4004 747 4062 uod
776 4016 899 4062 non
929 4008 1021 4062 est
1048 4003 1265 4063 divinae
1292 4004 1657 4062 conveniens
1683 4002 1959 4062 bonitati.

304 4077 462 4139 Ιιεηι.
494 4074 547 4133 si
582 4018 897 4133 giversitas
921 4075 1250 4146 corporalis
1289 4082 1574 4134 creaturae
1606 4074 1879 4148 sequitur
1926 4072 2197 4133 diversos
2242 4078 2444 4132 motus
2485 4071 2665 4133 liberi

237 4146 470 4204 arbitrii
502 4145 815 4203 rationalis
842 4150 1153 4215 creaturae,
1174 4145 1471 4218 oportebit
1496 4145 1693 4205 dicere
1733 4144 1896 4218 quod
1938 4157 2136 4221 causa,
2168 4158 2352 4218 quare
2395 4150 2487 4203 est
2530 4150 2663 4203 tan-

232 4220 365 4275 tum
394 4228 561 4275 unus
588 4216 681 4274 sol
719 4216 784 4273 in
809 4216 1055 4285 mundo,
1090 4215 1170 4275 sit
1194 4216 1337 4290 quia
1363 4220 1592 4274 tantum
1624 4228 1745 4274 una
1773 4214 2087 4273 rationalis
2103 4221 2375 4275 creatura
2390 4215 2479 4274 sic
2499 4218 2664 4273 mota

235 4292 334 4346 est
358 4301 469 4360 per
496 4285 752 4345 liberum
780 4287 1089 4345 arbitrium
1117 4292 1185 4344 ut
1224 4287 1330 4344 tali
1375 4287 1611 4358 corpori
1655 4291 1980 4343 mereretur
2008 4284 2276 4360 adjungi.
2302 4289 2424 4345 Hoc
2459 4291 2661 4344 autem

234 4357 352 4418 fuit
380 4372 421 4417 a
447 4370 597 4416 casu
656 4357 775 4416 uod
804 4370 926 4416 una
950 4362 1182 4415 tantum
1203 4357 1293 4416 sic
1323 4362 1611 4428 peccaret.
1642 4359 1746 4414 Est
1771 4356 1956 4429 igitur
1981 4369 2018 4415 a
2044 4370 2191 4416 casu
2214 4357 2376 4432 quod
2401 4356 2481 4416 sit
2500 4366 2666 4415 unus

234 4429 334 4493 sol
357 4428 429 4490 in
453 4439 601 4490 mun
647 4440 707 4500 o,
734 4432 795 4488 et
811 4440 935 4489 non
950 4426 1034 4495 ,ad
1050 4427 1472 4490 necessitatem
1500 4427 1831 4502 corporalis
1850 4431 2101 4489 naturai.
