3076 5025
349 285 461 341 306
1234 278 1368 332 LIB.
1411 277 1507 338 111,
1551 275 1703 332 GAP.
1742 275 1903 332 XLII.

356 409 554 479 potest
579 416 735 467 esse,
765 400 888 459 nisi
917 400 1159 473 quando
1183 398 1434 457 effectus
1463 397 1738 471 adaequat
1763 397 2042 456 virtutem
2068 410 2270 456 causae
2299 396 2464 469 (tunc
2492 398 2652 455 enim
2680 413 2782 470 pei·

355 475 634 534 effectum
663 478 788 531 tota
815 472 1005 529 virtus
1032 484 1232 529 causae
1260 471 1671 542 cognoscitur,
1702 470 1891 527 virtus
1919 475 2117 526 autem
2142 469 2227 524 rei
2254 467 2629 526 demonstrat
2650 471 2788 527 sub-

360 546 640 606 stantiam
671 542 920 615 ipsius);
950 543 1068 601 hoc
1090 547 1288 599 autem
1316 541 1379 597 in
1423 540 1732 611 proposito
1763 540 1880 598 dici
1926 553 2050 598 non
2095 543 2321 609 potest3
2365 552 2505 597 nam
2535 539 2784 597 virtutes

361 615 829 676 substantiarum
860 617 1267 683 separatarum
1296 611 1591 669 excedunt
1617 609 1865 667 effectus
1895 609 2216 668 sensibiles
2261 623 2476 668 omnes
2519 624 2673 683 quos
2704 611 2792 666 in-

361 688 602 745 tellectu
632 683 1218 756 comprehendimus,
1249 683 1409 740 sicut
1436 681 1629 739 virtus
1650 681 2008 738 universalis
2038 679 2315 737 effectum
2344 680 2787 750 partic-itatem.

360 761 491 817 Non
519 761 612 814 est
638 755 823 829 igitur
843 753 1142 880 lpossibile
1170 752 1353 826 quod,
1383 766 1488 832 per
1515 752 1895 809 sensibilium
1924 750 2315 820 intellectum,
2346 750 2625 808 devenire
2649 765 2792 822 pos-

362 829 556 886 simus
585 826 658 884 ad
691 825 837 883 intel
865 823 1149 896 igendum
1179 822 1550 881 substantias
1580 827 1912 893 separatas,

429 898 650 959 Adhuc,
702 894 908 953 omnia
982 893 1388 966 intelligibilia
1435 893 1500 950 in
1555 906 1809 965 quorum
1854 892 2266 965 coguitionem
2312 892 2662 951 devenimus
2686 907 2793 964 pei·

363 967 821 1039 inquisitionem
853 969 911 1022 et
940 964 1204 1022 studium
1234 964 1308 1021 ad
1336 963 1599 1037 aliquam
1646 962 2032 1021 scientiarum
2081 963 2577 1034 speculativarum
2623 963 2792 1036 perti·

364 1043 528 1096 nent.
559 1038 620 1094 si
647 1037 851 1108 igitur,
883 1048 992 1106 per
1015 1035 1130 1093 boc
1158 1033 1320 1108 quod
1348 1034 1747 1105 intelligimus
1778 1040 2022 1091 naturas
2051 1039 2112 1090 et
2146 1033 2507 1106 quidditates
2537 1034 2787 1091 istorum

365 1107 769 1175 sensibilium,
796 1106 1179 1177 pervenimus
1212 1104 1286 1162 ad
1314 1104 1740 1176 intelligendas
1778 1104 2149 1162 substantias
2200 1110 2527 1175 separataS,
2558 1110 2791 1185 oportet

364 1179 526 1253 quod
554 1177 891 1249 intelligere
918 1176 1292 1234 substantias
1315 1181 1623 1253 separatas
1652 1175 1961 1247 contingat
1990 1189 2094 1245 par
2110 1174 2373 1248 aliquam
2399 1176 2787 1233 scientiarum

364 1248 885 1320 speculativarum.
919 1248 1042 1304 Hoc
1070 1251 1269 1304 autem
1295 1259 1417 1303 non
1439 1246 1749 1314 videmus;
1782 1259 1902 1303 non
1933 1251 2026 1303 est
2069 1245 2231 1302 enim
2277 1246 2478 1317 aliqua
2524 1247 2792 1316 specula-

364 1319 487 1377 tiva
511 1318 766 1376 scientia
802 1331 935 1396 quae
963 1317 1177 1375 doceat
1204 1317 1278 1374 de
1305 1316 1508 1396 aliqua
1550 1315 2023 1396 substantiarum
2053 1321 2461 1387 separatorum
2498 1316 2646 1397 qnid
2675 1322 2789 1388 est,

366 1390 471 1447 sed
502 1389 702 1447 solum
731 1402 874 1460 quia
897 1393 1006 1446 est.
1036 1391 1164 1445 Non
1196 1393 1290 1445 est
1316 1388 1500 1458 igitur
1520 1386 1814 1459 possibile
1843 1385 2024 1459 quod,
2048 1400 2152 1458 per
2184 1387 2299 1445 boc
2325 1386 2485 1459 quod
2514 1387 2796 1459 intelligi-

363 1473 504 1520 mus
529 1465 773 1517 naturas
799 1457 1201 1525 sensibilium,
1228 1458 1648 1529 perveniamus
1677 1456 1752 1515 ad
1772 1456 2196 1528 intelligendas
2224 1455 2598 1515 substantias
2627 1471 2794 1529 sepa-

364 1536 547 1589 ratas.
578 1530 636 1588 Si
665 1534 865 1587 autem
894 1528 1127 1609 dicatur
1154 1527 1315 1600 quod
1343 1535 1437 1585 est
1459 1527 1753 1599 possibile
1783 1540 1918 1585 esse
1948 1513 2207 1608 aliquam
2246 1527 2426 1585 talem
2462 1528 2794 1607 'scientiam

368 1599 819 1672 speculativam,
845 1611 1120 1670 quamvis
1148 1598 1344 1656 adhuc
1367 1611 1489 1656 non
1511 1599 1591 1656 sit
1618 1599 1878 1666 inventa,
1910 1598 2025 1656 hoc
2055 1598 2204 1655 nihil
2232 1603 2352 1666 est;
2374 1612 2517 1669 quia
2547 1611 2668 1656 non
2699 1604 2796 1656 est

366 1670 679 1743 possibile,
711 1683 816 1740 per
846 1669 1048 1742 aliqua
1070 1667 1366 1741 principia
1411 1669 1589 1727 nobis
1636 1675 1796 1738 nota,
1839 1668 1909 1727 ad
1957 1668 2379 1739 intelligendas
2420 1668 2794 1726 substantias

409 1740 682 1797 raedictas
712 1739 1010 1796 devenire.
1039 1739 1254 1797 Omnia
1283 1739 1444 1796 enim
1479 1740 1719 1811 propria
1747 1738 1937 1811 princi
1982 1740 2043 1796 ia
2064 1739 2494 1811 cujuscumque
2524 1740 2797 1797 scientiae

408 1810 703 1882 ependent
731 1824 804 1866 ex
828 1810 1142 1890 principiis
1181 1810 1393 1880 primis
1420 1808 1945 1867 indemonstrabili
1991 1823 2064 1867 us
2092 1823 2197 1881 per
2224 1824 2290 1868 se
2325 1809 2506 1871 notis,
2536 1823 2797 1882 quorum

366 1880 772 1953 cognitionem
803 1894 840 1937 a
875 1879 1268 1938 sensibilibus
1297 1880 1649 1952 accipimus,
1686 1886 1749 1938 ut
1776 1885 1938 1952 patet
1964 1880 2028 1937 in
2055 1878 2175 1937 fine
2223 1883 2584 1936 Posterior-um
2633 1880 2798 1952 (text.

367 1965 583 2011 comm.
614 1949 726 2021 27).
751 1951 1073 2009 sensibilia
1099 1957 1298 2009 autem
1327 1964 1451 2009 non
1483 1950 1851 2009 sufficienter
1875 1951 2102 2008 ducunt
2146 1951 2209 2008 in
2255 1950 2659 2023 cognitionem
2706 1965 2798 2008 re-

365 2035 499 2079 rum
531 2021 1037 2090 immaterialium,
1078 2028 1145 2079 ut
1190 2036 1298 2093 per
1341 2022 1687 2093 superiores
1736 2021 2001 2079 rationes
2042 2026 2135 2078 est
2177 2021 2510 2093 probatum.
2544 2023 2678 2079 Non
2707 2027 2801 2079 est

370 2105 513 2165 ergo
543 2090 834 2163 possibile
865 2091 1125 2165 aliquam
1157 2093 1474 2150 scientiam
1487 2106 1626 2151 esse
1643 2106 1750 2164 per
1770 2105 1952 2165 quam
1979 2090 2055 2150 ad
2072 2092 2495 2165 intelligendas
2522 2091 2804 2150 substan·

366 2162 485 2221 tias
513 2168 819 2235 separatas
847 2163 1144 2235 perveniri
1166 2163 1380 2235 possit.

1342 2373 1595 2438 CAPUT
1643 2374 1827 2439 XLII.

361 2546 517 2602 QUOD
553 2546 673 2593 Non
705 2547 1003 2593 rossmms
1039 2546 1105 2592 m
1139 2546 1258 2592 HAG
1293 2546 1439 2591 vi‘rA
1478 2546 1852 2592 GOGNOSCERE
1888 2546 2282 2593 suBsTAN'rlAs
2314 2548 2678 2606 sinemus»,
2718 2549 2798 2595 ΠΤ

1269 2632 1476 2680 ΡΟΒῙΠΤ
1510 2633 1885 2679 ALEXANDER.

437 2796 589 2865 Quia
614 2810 756 2854 vero
783 2795 1114 2854 Alexander
1143 2796 1347 2868 posuit
1376 2796 1678 2868 (Parapbr.
1710 2797 1783 2854 de
1810 2798 2042 2866 Anima,
2075 2796 2115 2855 l.
2147 2811 2190 2867 1,
2221 2812 2352 2869 cap.
2396 2801 2475 2855 De
2518 2800 2797 2856 intellectu

366 2868 577 2939 aqeiite)
601 2867 760 2939 quod
790 2865 1130 2924 intellectus
1156 2867 1467 2937 possibilis
1492 2873 1585 2923 est
1618 2868 1984 2938 generabilis
2027 2872 2085 2924 et
2130 2869 2560 2949 corruptibiliS,
2593 2875 2801 2940 utpote

366 2938 637 3010 quaedam
665 2950 783 3007 prae
826 2936 1015 2995 aratio
1044 2937 1318 2995 humanae
1341 2944 1593 3006 naturae,
1620 2951 2000 3011 consequens
2018 2940 2507 2998 commixtionem
2534 2941 2799 2997 elemen-

363 3012 582 3076 torum,
615 3011 678 3064 ut
707 2951 975 3087 hagitum
1002 3012 1095 3065 est
1123 3007 1184 3079 (l.
1211 3021 1276 3077 11,
1303 3024 1358 3076 c,
1386 3008 1473 3088 62)
1500 3007 1644 3080 (non
1676 3015 1767 3065 est
1793 3016 1991 3066 autem
2021 3009 2312 3079 possibile
2344 3017 2408 3068 ut
2433 3010 2573 3068 talis
2600 3011 2799 3069 virtus

365 3091 549 3148 supra
575 3077 909 3158 materialia
937 3077 1242 3158 elevetur),
1274 3084 1474 3158 posuit
1500 3078 1662 3150 quod
1691 3079 2030 3137 intellectus
2058 3081 2373 3161 possibilis
2402 3085 2606 3138 noster
2634 3094 2795 3138 nun-

364 3162 542 3220 quam
598 3152 793 3219 possit
839 3162 1146 3219 pervenire
1194 3148 1268 3205 ad
1316 3148 1739 3220 intelligendas
1789 3149 2159 3209 substantias
2210 3158 2545 3222 separatas;
2586 3152 2800 3221 posuit

363 3224 563 3275 tamen
595 3218 754 3291 quod
785 3232 922 3287 nos,
955 3219 1288 3276 secundum
1309 3226 1526 3277 statum
1558 3221 1873 3291 praesentis
1899 3221 2053 3290 vitae,
2074 3235 2400 3293 possumus
2422 3221 2798 3281 substantias

364 3302 430 3346 se
473 3294 669 3347 aratas
699 3288 1067 3362 intelligere3
1098 3289 1260 3416 guod
1288 3290 1526 3370 quidem
1559 3290 1875 3349 ostendere
1900 3292 2200 3351 nitebatur
2228 3293 2342 3350 boc
2363 3292 2539 3350 modo
2572 3310 2587 3348 ε

483 3358 909 3431 numquodque
934 3374 1093 3433 quan
1139 3374 1175 3417 o
1205 3365 1536 3431 pervenerit
1558 3360 1633 3417 ad
1656 3363 2156 3432 complementum
2181 3363 2241 3419 in
2267 3376 2379 3421 sua
2398 3363 2793 3435 generatione

364 3433 423 3487 et
437 3430 521 3510 ‘ad
553 3429 824 3511 ultimam
852 3430 1278 3511 perfectionem
1325 3444 1450 3512 suae
1498 3430 1870 3501 substantiae,
1901 3433 2296 3503 complebitur
2336 3435 2603 3505 operatio
2649 3448 2791 3505 pro-

361 3512 492 3569 pria
521 3512 651 3570 sua,
683 3514 808 3558 sive
835 3506 992 3558 actio
1021 3515 1147 3558 sive
1176 3516 1417 3574 passio;
1449 3502 1610 3560 sicut
1640 3502 1797 3559 enim
1848 3503 2114 3574 operatio
2159 3503 2558 3562 substantiam
2590 3505 2795 3576 sequi-

365 3575 477 3639 tur,
531 3570 614 3627 ita
661 3571 1028 3651 operationis
1086 3572 1371 3642 perfectio
1420 3571 1848 3643 perfectionem
1907 3574 2285 3643 substantiam
2336 3574 2494 3633 unde
2541 3575 2788 3646 animal,

361 3654 544 3720 quum
578 3640 754 3698 suerit
778 3655 852 3698 ex
873 3646 1000 3699 toto
1029 3642 1377 3713 perfectum,
1404 3644 1621 3714 poterit
1649 3658 1754 3715 per
1778 3658 1844 3703 se
1870 3644 2194 3702 ambulare.
2218 3646 2561 3704 Intellectus
2589 3651 2794 3704 autem

358 3709 706 3779 habitualiS,
733 3712 834 3784 qui
865 3711 1017 3770 nihil
1047 3718 1139 3769 est
1167 3714 1330 3771 aliud
1358 3727 1534 3785 quam
1564 3716 1797 3784 species
1826 3715 2238 3788 intelligibiles
2270 3715 2437 3774 factae
2467 3731 2573 3788 per
2613 3716 2792 3773 intel-

358 3778 578 3839 lectum
624 3788 898 3862 agentem
942 3783 1265 3863 existen-tes
1291 3785 1356 3840 in
1391 3784 1695 3843 intellectu
1736 3786 2036 3858 possibili,
2066 3787 2336 3857 operatio
2380 3793 2473 3844 est
2514 3785 2733 3857 duplex
2769 3804 2785 3842 ε

359 3851 505 3920 Una,
538 3856 602 3908 ut
633 3851 810 3909 faciat
838 3853 1137 3911 intellecta
1166 3868 1229 3911 in
1274 3854 1538 3925 potentia
1567 3870 1701 3913 esse
1751 3857 2053 3914 intellecta
2094 3863 2251 3926 actu,
2282 3871 2460 3929 quam
2506 3857 2684 3915 habet
2715 3870 2791 3914 ex

358 3927 524 4002 parte
555 3923 896 3981 intellectus
925 3925 1193 3996 agentis3
1226 3925 1492 3983 secunda
1521 3931 1615 3983 est
1658 3927 1992 3998 intelligere
2038 3927 2341 3986 intellecta
2372 3929 2433 3984 in
2463 3933 2630 3995 actu;
2658 3927 2785 3985 haec

360 4004 522 4048 enim
550 3993 669 4051 duo
698 3992 880 4051 bomo
908 3999 1106 4065 potest
1131 3995 1323 4052 facere
1354 4009 1458 4066 per
1497 3996 1766 4055 habitum
1798 3998 2279 4055 intellectualem.
2312 3998 2563 4068 Quando
2602 3997 2787 4070 igitur

360 4061 753 4143 complebitur
782 4066 1088 4146 generatio
1125 4065 1464 4123 intellectus
1507 4066 1571 4124 in
1602 4067 1829 4136 babitu,
1861 4067 2257 4138 complebitur
2282 4069 2344 4125 in
2380 4070 2513 4140 ipso
2536 4075 2782 4141 utraque

358 4144 598 4202 praemis
636 4148 804 4215 arum
830 4140 1264 4207 operationum.
1303 4137 1546 4207 Semper
1572 4145 1770 4196 autem
1792 4138 2018 4196 accedit
2039 4138 2114 4196 ad
2134 4140 2639 4211 complementum
2655 4151 2778 4197 suae

357 4208 786 4275 generatonis,
817 4204 958 4263 dum
985 4220 1171 4265 novas
1203 4208 1437 4278 species
1468 4209 1799 4266 intellectas
1827 4208 2111 4281 acquirit;
2161 4215 2219 4267 et
2257 4210 2346 4267 sic
2397 4224 2647 4269 necesse
2688 4212 2783 4266 est

358 4271 517 4344 quod
573 4276 929 4349 quandoque
982 4279 1287 4350 generatio
1343 4278 1731 4349 compleatur,
1784 4278 1903 4336 nisi
1947 4279 2027 4336 sit
2067 4279 2584 4352 impedimentum,
2640 4280 2786 4352 quia

356 4341 526 4400 nulla
551 4346 856 4426 generatio
887 4352 980 4405 est
1007 4348 1082 4405 ad
1112 4347 1410 4406 infinitum
1442 4350 1711 4407 tendens.
1744 4349 2148 4420 complebitur
2195 4351 2379 4423 igitur
2416 4351 2782 4423 quandoque

355 4418 605 4488 utraque
624 4421 1038 4489 operationum
1060 4419 1401 4479 intellectus
1429 4420 1492 4478 in
1514 4420 1742 4490 habitu,
1772 4434 1879 4492 per
1909 4421 2021 4480 boc
2049 4420 2211 4495 quod
2235 4421 2442 4482 omnia
2467 4420 2779 4483 intellecta
