3076 5025
429 253 535 310 560
1272 247 1408 304 Lm.
1443 246 1536 315 1v,
1575 245 1729 303 GAP.
1765 244 2013 303 xxxvii.

429 365 632 430 anima
674 374 733 427 et
760 384 832 427 ex
860 369 976 427 hoc
1001 382 1251 439 corpore
1276 367 1373 426 hic
1402 368 1586 426 homo
1614 367 1819 440 (quod,
1893 370 2064 424 raeter
2113 364 2486 437 hypostasim
2512 364 2610 421 vel
2645 376 2869 445 perso-
2940 385 2954 406 ·

427 455 590 506 nam,
616 441 984 512 hypostasim
1013 447 1071 496 et
1098 451 1414 511 personam
1438 438 1757 510 designat),
1780 450 1853 495 vo
1879 443 2049 495 entes
2073 437 2292 493 evitare
2314 449 2388 492 ne
2415 440 2784 507 cogerentur
2800 447 2874 493 m
2938 451 2953 458 ·

428 509 664 571 Christo
713 522 930 581 ponere
977 509 1237 582 aliquam
1271 508 1634 581 hypostasim
1682 507 1770 565 vel
1820 520 2137 577 personam
2166 505 2671 587 vemt-dixerunt
2695 504 2874 585 quod

427 580 630 640 anima
656 581 715 637 et
740 593 960 651 corpus
989 594 1111 638 non
1142 580 1383 637 fuerunt
1405 579 1568 637 unita
1590 578 1651 636 in
1683 578 1938 648 Chi-isto,
1959 592 2068 635 nec
2093 592 2167 634 ex
2190 576 2278 634 eis
2298 578 2496 648 aliqua
2515 575 2879 635 substantia

426 650 586 710 facta
610 656 734 718 est;
768 656 829 707 et
868 664 971 720 per
999 650 1113 708 hoc
1159 648 1415 707 Nestorii
1447 649 1719 707 haeresim
1753 647 1933 706 vitare
1963 647 2257 706 volebant.
2285 648 2536 715 RursuS,
2567 646 2715 717 quia
2744 645 2879 704 hoc

423 720 796 792 impossibile
814 720 1044 777 videtur
1061 719 1221 792 quod
1242 719 1465 792 aliquid
1492 719 1567 777 sit
1592 718 1981 778 substantiale
2000 717 2176 777 alicui
2202 724 2261 775 et
2291 729 2410 774 non
2434 717 2514 774 sit
2542 716 2616 774 de
2645 722 2876 776 natura

424 790 558 865 ejiis
585 805 763 863 quam
790 790 954 862 prius
981 790 1208 858 habuit,
1233 790 1460 861 absque
1486 789 1815 848 mutatione
1844 788 2058 861 ipsius,
2087 787 2341 847 Verbum
2372 792 2573 846 autem
2604 787 2871 846 omnino

423 860 793 920 immutabile
822 864 931 929 est,
966 874 1040 918 ne
1067 866 1424 943 cogerentur
1484 874 1667 918 onere
1694 860 1951 919 animam
1982 863 2041 917 et
2061 872 2282 930 corpus
2314 863 2629 928 assumpta
2674 857 2871 929 perti·

422 944 568 991 nere
604 931 676 989 ad
707 935 977 990 naturam
1005 931 1196 995 Verbi,
1229 944 1406 1004 quam
1480 930 1647 988 abuit
1674 931 1748 988 ab
1771 934 2014 1000 aetern0,
2038 934 2369 1003 posuerunt
2403 928 2565 1002 quod
2597 928 2870 987 Verbum

426 1002 759 1081 assumpsit
798 1001 1057 1060 animam
1105 1002 1426 1061 humanam
1470 1005 1529 1059 et
1567 1014 1787 1073 corpus
1829 1001 2010 1059 modo
2057 998 2428 1068 accidentali,
2460 1000 2617 1057 sicut
2674 998 2871 1057 homo

426 1077 682 1149 asspmit
699 1070 1110 1130 indumentum
1162 1087 1268 1144 per
1295 1073 1409 1132 hoc
1437 1085 1695 1131 errorem
1722 1070 2062 1146 Eutychetis
2090 1069 2404 1129 excludere
2430 1068 2727 1128 volentes.
2742 1069 2873 1130 Sed

419 1141 553 1201 haec
576 1142 799 1213 positio
827 1141 1076 1200 omnino
1147 1143 1393 1201 octrinae
1419 1143 1560 1199 fidei
1589 1148 1900 1215 repugnat.

493 1213 703 1293 Anima
733 1212 889 1270 enim
917 1217 977 1270 et
1001 1226 1220 1284 corpus
1247 1227 1360 1272 sua
1386 1214 1611 1272 unione
1640 1213 1942 1270 hominem
1985 1212 2359 1272 constituunt
2385 1229 2403 1280 ς
2433 1210 2631 1268 forma
2670 1209 2866 1278 enim,

421 1289 687 1341 materiae
733 1283 1078 1355 adveniens,
1120 1284 1380 1355 speciem
1409 1284 1736 1341 constituit.
1778 1284 1837 1343 Si
1884 1283 2067 1356 igitur
2117 1283 2319 1341 anima
2360 1286 2417 1340 et
2461 1293 2686 1352 corpus
2732 1293 2868 1339 nou

424 1352 648 1413 ssterint
690 1352 752 1411 in
796 1353 1029 1413 Christo
1084 1353 1270 1423 unita,
1320 1354 1592 1413 Christus
1632 1368 1751 1412 non
1811 1355 1922 1411 fuit
1968 1354 2182 1423 hom0,
2237 1358 2447 1411 contra
2496 1350 2867 1423 Apostolum

424 1422 721 1483 dicentem
753 1440 770 1482 τ
801 1424 1068 1481 Mediator
1089 1427 1189 1481 Dei
1213 1430 1264 1481 et
1285 1425 1562 1481 hominum
1587 1426 1738 1481 homo
1770 1425 2016 1482 Christus
2041 1427 2214 1481 JesuS.
2239 1424 2290 1496 (Ι
2317 1426 2478 1488 Tim„
2497 1436 2566 1490 11,
2594 1421 2672 1492 5.)

495 1495 649 1558 Item,
681 1495 1095 1567 unusquisque
1127 1500 1396 1552 nostrum
1425 1511 1495 1552 ea
1541 1497 1771 1550 ratione
1805 1496 1985 1550 homo
2023 1494 2238 1549 dieitur
2263 1493 2404 1571 quia
2432 1494 2525 1547 est
2545 1505 2620 1547 ex
2653 1490 2871 1549 anima

423 1563 703 1623 rationali
729 1565 1114 1623 constitutus.
1135 1566 1192 1623 Si
1223 1566 1402 1634 igitur
1425 1563 1695 1621 Christus
1723 1576 1843 1620 non
1875 1578 1945 1620 ea
1987 1563 2214 1620 ratione
2242 1561 2459 1619 dicitur
2495 1561 2702 1631 homo,
2746 1560 2867 1620 sed

426 1634 624 1693 solum
656 1635 796 1705 quia
828 1633 1036 1690 hahuit
1076 1635 1335 1690 animam
1383 1638 1441 1690 et
1467 1647 1706 1704 corpuS,
1738 1633 1875 1691 licet
1902 1646 2025 1690 non
2078 1632 2265 1696 unita,
2295 1632 2595 1705 aequivoce
2626 1632 2868 1691 dicetur

423 1703 632 1770 homo,
665 1709 720 1760 et
750 1716 871 1759 non
898 1703 1010 1760 erit
1037 1702 1303 1774 ejusdem
1333 1704 1555 1774 speciei
1587 1704 1917 1770 nobiscum,
1947 1709 2157 1762 contra
2175 1703 2527 1775 Apostolum
2559 1701 2863 1761 dicentem

424 1773 586 1849 quod
606 1775 811 1829 debuit
830 1788 927 1843 per
948 1775 1131 1829 omnia
1158 1771 1430 1841 tratribus
1456 1775 1715 1829 similari.
1744 1774 1948 1846 (Helm,
1972 1787 2038 1842 11,
2068 1773 2181 1847 17.)

495 1844 716 1911 Adhuc,
750 1857 867 1900 non
918 1857 1095 1901 omne
1124 1839 1342 1915 corpus
1381 1845 1630 1914 pertinet
1681 1843 1754 1902 ad
1794 1845 2115 1902 humanam
2162 1847 2460 1912 naturam,
2499 1843 2608 1901 sed
2651 1844 2861 1902 solum

423 1926 649 1985 corpus
692 1914 1045 1971 humanum.
1090 1916 1220 1971 Non
1268 1920 1462 1971 autem
1507 1918 1600 1972 est
1645 1928 1863 1985 corpus
1908 1915 2232 1972 humanum
2269 1914 2378 1971 nisi
2414 1914 2578 1986 quod
2626 1919 2719 1973 est
2750 1927 2863 1985 per

424 1983 710 2043 unionem
734 1984 947 2041 aniniae.
978 1983 1284 2042 rationalis
1312 1984 1665 2043 vivificatum
1691 2004 1706 2055 ;
1739 1999 1931 2058 neque
1960 1987 2119 2042 enim
2141 1986 2353 2043 oculus
2372 1992 2477 2042 aut
2503 1998 2722 2042 manus
2752 1989 2861 2042 aut

421 2066 553 2126 peS,
583 2053 676 2110 vel
719 2068 859 2111 caro
904 2060 963 2110 et
1006 2066 1097 2121 οε,
1130 2053 1326 2111 anima
1369 2060 1662 2124 separata,
1705 2055 1985 2113 dicuntur
2012 2055 2128 2113 nisi
2155 2055 2478 2127 aequivoce.
2510 2057 2644 2112 Non
2672 2053 2861 2135 igitur

421 2123 782 2204 poterii-dici
805 2123 964 2196 quod
993 2123 1246 2203 Verbum
1274 2127 1605 2196 assumpsit
1625 2132 1897 2183 naturam
1927 2125 2272 2194 humanam,
2298 2125 2352 2184 si
2382 2139 2605 2197 corpus
2633 2137 2853 2183 animae

421 2206 546 2253 non
571 2199 797 2250 unitum
828 2197 1172 2264 assumpsit.

492 2264 768 2334 Amplius,
811 2263 1011 2322 anima
1050 2263 1692 2344 humana-naturaliter
1732 2266 1980 2324 unibilis
2010 2273 2102 2324 est
2129 2266 2386 2337 corpori.
2420 2267 2633 2323 Anima
2670 2265 2858 2339 igitur

422 2348 557 2408 quae
609 2348 915 2406 nunquam
943 2346 1178 2404 corpori
1225 2340 1426 2391 unitur
1464 2335 1537 2391 ad
1569 2335 1790 2406 aliquid
1835 2337 2318 2394 constituendum
2358 2350 2480 2393 non
2511 2342 2606 2394 est
2650 2337 2857 2395 anima

422 2405 688 2464 humana
726 2405 868 2475 quia
894 2403 1052 2476 quod
1083 2407 1175 2461 est
1203 2408 1415 2475 praeter
1445 2408 1718 2462 naturam
1748 2420 1871 2464 nou
1902 2412 2098 2477 potest
2133 2420 2268 2465 esse
2294 2420 2551 2477 semper.
2583 2406 2639 2465 Si
2671 2407 2857 2480 igitur

421 2477 628 2535 anima
650 2474 862 2534 Christi
894 2487 1015 2533 non
1034 2478 1137 2554 ’est
1165 2474 1328 2556 unita
1350 2476 1587 2547 corpori
1614 2477 1744 2549 eJus
1770 2477 1842 2535 ad
1881 2476 2106 2551 aliquid
2134 2476 2642 2546 constituendum,
2671 2476 2854 2536 relin-

421 2547 626 2672 quitur
653 2546 813 2618 quod
842 2558 964 2602 non
994 2550 1074 2602 sit
1113 2558 1310 2603 anima
1339 2546 1638 2616 humana3
1671 2552 1730 2604 et
1772 2549 1862 2606 sic
1897 2547 1961 2605 in
1993 2548 2226 2607 Christo
2268 2561 2392 2605 non
2431 2548 2543 2606 fuit
2588 2548 2855 2608 humana

420 2629 502 2675 na
530 2630 656 2674 ura.

492 2689 783 2749 Praeterea,
815 2685 866 2743 si
909 2685 1162 2744 verbum
1203 2687 1432 2745 unitum
1474 2692 1567 2746 est
1593 2689 1808 2746 animae
1855 2694 1914 2747 et
1940 2689 2174 2761 corpori
2200 2689 2662 2760 accidentaliter,
2692 2690 2854 2748 sicut

419 2756 796 2825 indumento,
828 2760 1038 2837 natura
1086 2757 1349 2815 humana
1378 2772 1496 2816 non
1557 2760 1668 2815 suit
1716 2764 1927 2818 natura
1953 2760 2147 2817 verbi.
2181 2760 2434 2818 Verbum
2486 2760 2668 2832 igitur
2709 2765 2852 2831 post

420 2827 705 2886 unionem
766 2839 882 2883 non
936 2826 1047 2883 fuit
1096 2827 1432 2885 subsistens
1486 2830 1544 2885 in
1598 2830 1832 2888 duabus
1890 2831 2155 2899 naturis,
2207 2830 2364 2888 sicut
2415 2844 2607 2902 neque
2662 2830 2847 2888 homo

418 2896 669 2956 indutus
694 2896 906 2953 dicitur
933 2895 992 2953 in
1014 2895 1247 2954 duabus
1279 2899 1502 2955 naturis
1533 2898 1858 2958 subsistere
1881 2919 1897 2972 ;
1926 2901 2087 2973 quod
2113 2899 2254 2973 quia
2280 2901 2574 2974 Eutyches
2601 2900 2763 2971 dixit,
2781 2901 2847 2959 in

419 2965 884 3029 chalcedonensi
913 2966 1151 3038 Synodo
1182 2972 1274 3024 est
1301 2967 1639 3026 damnatus.

490 3038 644 3119 Item,
673 3036 1002 3117 indumenti
1074 3036 1236 3117 assio
1265 3050 1382 3094 non
1403 3038 1653 3094 refertur
1669 3041 1741 3095 ad
1761 3041 2072 3112 indutum3
2104 3056 2223 3101 non
2248 3042 2402 3100 enim
2427 3041 2642 3100 dicitur
2663 3042 2842 3101 homo

418 3120 591 3171 nasci
659 3107 899 3179 quando
954 3120 1014 3163 in
1064 3112 1221 3165 uitur
1242 3148 1259 3176 ,
1315 3121 1508 3180 neque
1583 3110 1878 3166 vulnerari
1943 3111 1996 3169 si
2061 3112 2478 3170 vestimentum
2536 3113 2839 3171 laceretur.

417 3177 479 3237 Si
543 3177 727 3251 igitur
782 3176 1035 3235 Verbum
1081 3178 1418 3258 assumpsit
1469 3178 1728 3236 animam
1798 3184 1856 3236 et
1921 3194 2142 3253 corpus
2203 3181 2356 3239 sicut
2416 3182 2599 3241 homo
2669 3182 2839 3241 indu·

418 3255 709 3375 mentumt,
758 3261 881 3306 nou
908 3252 1122 3320 poterit
1146 3249 1262 3306 dici
1287 3249 1446 3322 quod
1476 3251 1635 3307 Deus
1666 3250 1742 3308 sit
1772 3257 1948 3310 natus
1976 3257 2079 3310 aut
2113 3265 2332 3324 passus
2360 3259 2603 3325 propter
2627 3266 2836 3324 corpus

419 3330 666 3390 assump
699 3332 817 3376 um.

489 3389 708 3451 Adhuc,
735 3389 786 3446 si
813 3389 1063 3446 Verbum
1097 3390 1427 3469 assumpsit
1454 3390 1776 3448 humanam
1808 3398 2079 3450 naturam
2110 3392 2306 3451 solum
2341 3397 2405 3451 ut
2432 3394 2832 3452 indumentum

417 3472 541 3532 quo
571 3465 775 3530 posset
807 3459 1116 3517 hominum
1145 3461 1336 3525 oculis
1363 3476 1666 3531 apparere,
1699 3462 1920 3519 frustra
1941 3463 2204 3520 animam
2232 3465 2681 3536 assumpsisset,
2707 3477 2831 3536 quie

419 3530 750 3587 secundum
777 3543 945 3587 suam
971 3533 1238 3587 naturam
1268 3530 1585 3589 invisibilis
1613 3538 1724 3591 est.

488 3600 766 3669 Amplius,
816 3601 1144 3657 ser-undum
1194 3601 1307 3658 hoc
1353 3615 1473 3660 non
1523 3602 1699 3659 aliter
1751 3605 2183 3683 assumpsisset
2227 3605 2414 3665 Filius
2455 3619 2692 3663 caruem
2723 3603 2828 3662 hu·
2872 3602 2879 3605 ’

418 3681 657 3728 manani
688 3683 864 3742 quam
898 3668 1147 3741 Spiritus
1177 3677 1424 3733 sanctus
1452 3673 1744 3730 columbae
1769 3688 2029 3744 speciem
2060 3676 2122 3731 in
2171 3689 2290 3746 qua
2337 3678 2650 3746 apparuit;
2678 3671 2823 3747 quod

417 3745 580 3812 patet
618 3753 755 3821 esse
806 3740 1059 3809 salsum3
1098 3753 1234 3797 nam
1275 3741 1525 3812 Spiritus
1571 3751 1817 3801 sanctus
1864 3758 1984 3801 non
2044 3744 2260 3803 dicitur
2313 3746 2511 3804 factus
2566 3743 2828 3804 columba

420 3823 495 3869 ne
540 3825 614 3868 ue
636 3823 834 3868 minoi·
861 3813 1027 3868 Patre
1058 3811 1384 3869 secundum
1417 3821 1686 3871 naturam
1719 3819 2110 3887 assumptam.

519 3887 639 3962 tem,
681 3882 733 3962 si
771 3880 907 3954 quis
933 3881 1241 3963 diligenter
1268 3883 1624 3947 consideret.
1650 3885 1722 3942 ad
1757 3886 1909 3944 hanc
1940 3886 2294 3967 positionem
2324 3887 2691 3945 diversarum
2715 3886 2822 3944 hae·

419 3964 642 4033 resium
698 3959 1175 4033 inconvenientia
1221 3961 1573 4025 sequuntur.
1626 3958 1703 4012 Ex
1747 3970 1818 4013 eo
1861 3970 2016 4014 enim
2065 3958 2226 4030 quod
2282 3958 2422 4016 dicit
2478 3959 2686 4015 Filium
2733 3954 2824 4013 Dei

419 4027 667 4103 unitum·
704 4035 916 4080 animae
963 4027 1022 4079 et
1056 4023 1220 4079 carni
1271 4025 1619 4082 accidentali
1673 4027 1870 4094 mod0,
1909 4029 2067 4085 sicut
2110 4029 2411 4086 hominem
2462 4029 2819 4093 vestimento,

418 4098 698 4173 convenit
726 4093 996 4175 opinioni
1026 4093 1305 4161 Nestorii,
1337 4095 1435 4168 qui
1466 4096 1793 4154 secundum
1828 4098 2316 4156 inhabitationem
2344 4098 2515 4155 Verbi
2552 4100 2652 4156 Dei
2687 4098 2822 4155 hanc

417 4173 479 4218 in
512 4160 756 4243 hom-ine
788 4178 1070 4222 unionem
1117 4178 1252 4222 esse
1285 4167 1494 4223 l'actam
1527 4168 1818 4237 asseruit3
1852 4182 1972 4226 non
2002 4171 2161 4227 enim
2195 4172 2379 4227 Deum
2409 4183 2545 4228 esse
2567 4169 2820 4228 indutum

415 4233 610 4303 potest
645 4234 897 4308 intelligi
941 4250 1043 4306 per
1086 4241 1304 4293 tactum
1353 4250 1727 4309 corporeum,
1773 4240 1877 4297 sed
1924 4240 2119 4298 solum
2165 4255 2271 4311 per
2324 4242 2575 4314 gratiam
2609 4236 2820 4298 inhabi-

416 4306 662 4360 tantem.
693 4304 773 4361 Ex
802 4305 916 4362 hoc
946 4306 1117 4362 etiam
1141 4306 1297 4380 quod
1330 4306 1476 4388 dixit
1508 4310 1930 4367 accidentalem
1962 4312 2246 4370 unionem
2274 4312 2447 4368 Verbi
2476 4312 2550 4369 ad
2578 4310 2817 4387 animam

417 4377 479 4430 et
531 4386 770 4433 carnem
828 4376 1172 4449 humanam,
1225 4384 1495 4453 sequitur
1548 4381 1709 4454 quod
1751 4381 2005 4441 verbum
2047 4388 2187 4456 post
2233 4383 2519 4442 unionem
2563 4394 2681 4441 non
2722 4379 2820 4437 fuit
