3076 5025
361 301 469 357 208
1221 299 1363 368 2LIB.
1404 298 1485 367 11,
1524 298 1679 355 CAP.
1719 297 1936 355 Lxxvl.

373 420 682 494 sicigitur
702 424 985 479 causatur
1011 419 1278 502 scientia·
1291 419 1356 480 in
1384 418 1683 501 discipulo
1718 432 1825 491 per
1850 417 2227 492 magistrum.
2258 432 2383 479 non
2410 421 2593 480 modo
2621 426 2800 482 natu-

371 491 518 551 ralis
544 490 820 559 actioniS,
852 489 958 549 sed
988 489 1337 554 artificialis,
1367 495 1437 549 ut
1463 489 1705 549 &dictum
1733 495 1845 549 est.
2108 559 2119 570 ,

395 628 402 635 ,
441 564 732 630 Praeterea,
763 575 950 634 quum
977 563 1419 619 commentator
1477 560 1756 619 raedictus
1775 564 1958 641 ponat
1984 558 2224 618 habitus
2242 561 2629 621 scientiarum
2658 577 2796 623 esse

372 632 440 690 in
462 631 767 690 intellectu
796 631 1041 703 passivo
1067 632 1226 690 sicut
1251 631 1316 689 in
1359 643 1433 689 su
1470 629 1652 703 jec10‚
1681 631 1882 690 unitas
1928 629 2269 711 intellectus
2298 633 2612 703 possibilis
2640 634 2793 694 nihil

371 702 518 760 facit
546 701 620 760 ad
648 701 763 759 hoc
794 701 951 774 quod
992 702 1071 760 sit
1104 714 1228 759 una
1254 700 1509 760 scientia
1550 714 1803 760 numero
1840 702 1904 759 in
1933 701 2232 782 discipulo
2262 709 2319 760 et
2346 703 2670 777 magistro;
2697 704 2792 763 in-

375 772 680 831 tellectum
709 772 868 831 enim
905 772 1213 844 passivum
1242 776 1479 831 constat
1501 784 1625 853 non
1656 785 1791 830 esse
1820 772 2094 831 eumdem
2120 785 2183 829 1n
2213 771 2486 844 diversis,
2505 787 2689 848 quum
2712 775 2793 833 sit

371 843 639 923 potentia
677 842 1026 902 materialis.
1066 842 1230 901 Unde
1259 843 1388 901 haec
1433 846 1585 900 ratio
1614 855 1737 902 non
1781 846 1875 903 est
1920 842 1996 901 ad
2035 844 2430 915 propositum,
2461 845 2793 905 secundum

369 927 501 985 ejus
527 911 911 986 positionem.
943 912 988 985 (l
1015 917 1190 985 part„
1219 927 1278 986 q.
1305 924 1509 981 mvl,
1540 917 1648 972 art.
1689 912 1767 985 3.)

1312 1158 1569 1224 CAPUT
1613 1159 1873 1224 LXXVI.

363 1354 517 1412 QUOD
541 1354 925 1405 wunnerus
956 1356 1116 1404 AGBN
1121 1357 1152 1404 S
1177 1356 1298 1402 NON
1324 1356 1417 1403 sn·
1439 1356 1799 1404 SUBSTANTIA
1819 1357 2143 1417 smmum,
2164 1358 2272 1406 sm)
2296 1356 2535 1414 Annum
2562 1358 2799 1411 Anum.

440 1547 527 1604 Ex
553 1545 654 1603 his
680 1550 879 1604 autem
911 1545 1191 1604 concludi
1218 1549 1417 1626 potest
1442 1545 1605 1627 quod
1651 1559 1769 1627 nec
1802 1546 2139 1629 intellectus
2187 1561 2374 1621 agens
2420 1555 2514 1609 est
2535 1563 2700 1610 unus
2728 1551 2799 1610 in

366 1615 674 1685 omnibus,
707 1619 777 1695 ut
800 1614 1131 1675 Alexander
1159 1620 1338 1674 etiam
1367 1622 1541 1697 ponit
1585 1620 1643 1675 et
1666 1620 1988 1688 Avicenna,
2016 1633 2119 1692 qut
2149 1631 2272 1676 non
2298 1624 2531 1691 ponunt
2556 1621 2796 1680 intelle·

363 1691 528 1747 ctum
547 1685 900 1757 possibilem
930 1699 1067 1744 esse
1104 1699 1290 1745 unum
1329 1699 1622 1745 omnium.

436 1757 633 1826 Quum
663 1756 823 1813 enim
853 1769 1041 1828 agens
1070 1762 1129 1813 et
1156 1756 1452 1829 recipiens
1472 1757 1597 1815 sint
1615 1757 2085 1830 proportionata,
2113 1763 2344 1831 oportet
2371 1759 2533 1833 quod
2562 1761 2799 1821 unicui-

360 1842 480 1901 que
509 1826 754 1898 passivo
782 1826 1147 1897 respondeat
1191 1826 1500 1908 proprium
1554 1827 1834 1908 activum.
1874 1829 2219 1889 Intellectus
2246 1836 2442 1888 autem
2475 1832 2796 1903 possibilis

361 1901 747 1969 comparatur
777 1895 850 1954 ad
879 1902 1155 1970 agentem
1187 1901 1251 1954 ut
1276 1910 1581 1969 proprlum
1622 1911 1929 1970 passivum
1962 1900 2087 1959 sive
2116 1902 2519 1972 susceptivum
2552 1902 2794 1974 ipsius;

358 1967 548 2027 habet
604 1968 764 2024 enim
819 1980 886 2025 se
941 1966 1016 2024 ad
1068 1979 1204 2025 eum
1254 1980 1442 2040 agens
1492 1968 1652 2027 sicut
1701 1983 1800 2027 ars
1854 1969 1925 2027 ad
1982 1971 2310 2033 materiam,
2342 1977 2407 2029 ut
2453 1972 2670 2032 dicitur
2693 1974 2801 2045 (De

359 2040 576 2107 anima,
605 2051 696 2107 111,
723 2042 864 2095 text.
921 2050 1140 2096 comm.
1190 2036 1300 2110 17).
1329 2038 1390 2095 Si
1445 2036 1630 2111 igitur
1660 2038 2024 2099 *intellectus
2049 2041 2364 2121 possibilis
2418 2048 2513 2100 est
2561 2043 2794 2117 aliquid

356 2109 582 2167 animae
613 2108 912 2179 humanae,
937 2107 1396 2182 multiplicatum
1414 2109 1745 2190 secundum
1761 2110 2203 2170 multitudinem
2232 2112 2699 2184 individuorum,
2728 2119 2799 2173 ut

366 2185 683 2305 osttensum
709 2182 803 2236 est
829 2178 903 2260 (c.
927 2178 1045 2252 73),
1073 2184 1135 2238 et
1175 2177 1518 2239 intellectus
1564 2183 1744 2238 ettam
1789 2194 1978 2254 agens
2018 2181 2129 2239 erit
2175 2182 2542 2255 hujusmodi,
2579 2190 2639 2242 et
2665 2198 2796 2243 non

359 2264 448 2310 eri
508 2263 663 2307 unus
685 2261 976 2308 omnium.

435 2319 653 2391 Adhuc,
682 2320 1024 2378 intellectus
1066 2331 1256 2392 agens
1300 2332 1425 2379 non
1469 2319 1615 2380 facit
1658 2321 1892 2394 species
1936 2322 2349 2397 intelligibiles
2379 2328 2514 2383 actu
2556 2327 2621 2384 ut
2658 2325 2796 2399 ipse

359 2404 476 2464 per
499 2404 603 2449 eas
646 2389 964 2464 intelligat,
1008 2390 1267 2449 maxime
1309 2390 1470 2449 sicut
1499 2391 1839 2450 substantia
1879 2399 2171 2464 separata,
2219 2408 2402 2468 quum
2431 2407 2555 2453 non
2598 2395 2681 2454 sit
2722 2396 2794 2455 in

360 2462 669 2534 potentia;
698 2460 807 2520 sed
834 2466 898 2522 ut
926 2475 1034 2534 per
1060 2474 1165 2521 eas
1215 2461 1512 2535 intelligat
1550 2462 1892 2523 intellectus
1918 2464 2249 2537 possibilis.
2280 2467 2409 2523 Non
2438 2466 2454 2523 i
2503 2466 2623 2524 itur
2648 2465 2795 2527 facit

356 2546 468 2592 eas
495 2533 615 2591 nisi
653 2532 806 2592 tales
861 2533 1072 2614 quales
1121 2533 1822 2614 competunt-intellectui
1871 2535 2150 2607 possibili
2195 2535 2270 2593 ad
2307 2479 2794 2620 intelfigendum.

354 2602 534 2661 Tales
558 2608 758 2661 autem
793 2603 936 2662 facit
981 2617 1084 2662 eas
1112 2603 1309 2677 qualis
1349 2607 1445 2662 est
1470 2616 1639 2675 ipse;
1669 2618 1808 2663 nam
1843 2618 2022 2664 omne
2059 2619 2247 2679 agens
2275 2611 2399 2680 agit
2425 2607 2542 2666 sibi
2566 2608 2792 2669 simile.

352 2675 457 2732 Est
485 2673 670 2747 igitur
706 2673 1047 2733 intellectus
1085 2687 1121 2732 a
1165 2687 1274 2733 ens
1301 2674 1790 2748 proportionatus
1838 2676 2169 2736 intellectui
2196 2675 2517 2749 possibili3
2566 2682 2627 2738 et
2670 2679 2791 2747 sic,

356 2758 539 2871 qulunt]
577 2744 915 2872 intellectus
940 2745 1115 2871 tpossi
1159 2744 1260 2804 ilis
1303 2744 1384 2804 sit
1420 2758 1563 2817 pars
1609 2746 1845 2818 animae,
1890 2746 2232 2807 intellectus
2273 2760 2462 2821 agens
2492 2760 2617 2807 non
2673 2750 2794 2809 erit

357 2827 431 2873 su
478 2828 508 2872 s
536 2828 611 2872 an
638 2828 699 2872 ia
727 2828 792 2873 se
836 2828 939 2873 ara
965 2827 1019 2873 a.

420 2886 698 2957 Amplius,
730 2830 887 2944 sigut
912 2886 1163 2944 materia
1188 2885 1381 2958 prima
1427 2884 1734 2958 perficitur
1756 2900 1864 2959 per
1887 2886 2115 2947 formas
2145 2888 2452 2958 naturales
2477 2902 2611 2962 quae
2638 2895 2793 2948 sunt

357 2960 529 3014 extra
552 2955 835 3024 animam,
861 2955 945 3013 ita
991 2955 1332 3015 intellectus
1375 2956 1691 3028 possibilis
1717 2956 2021 3029 perficitur
2051 2973 2157 3031 per
2185 2959 2412 3017 formas
2448 2958 2790 3021 intellectas

349 3026 420 3084 in
452 3029 609 3083 actu.
667 3024 781 3082 Sed
818 3025 1027 3084 formae
1081 3027 1384 3085 naturales
1433 3026 1804 3100 recipiuntur
1830 3028 1895 3086 in
1938 3029 2190 3089 materia
2241 3030 2454 3102 prima,
2501 3042 2625 3088 non
2678 3044 2802 3102 per

358 3095 658 3154 actionem
684 3095 940 3176 alicujus
967 3094 1318 3155 substantiae
1360 3102 1649 3168 separatae
1696 3103 1950 3169 tantum,
1979 3098 2087 3158 sed
2154 3114 2220 3158 er
2242 3100 2539 3159 actionem
2577 3100 2791 3160 formae

352 3165 622 3239 ejusdem
653 3178 914 3238 generis,
962 3165 1196 3224 scilicet
1232 3181 1365 3239 quae
1397 3172 1488 3226 est
1517 3168 1581 3226 in
1607 3169 1894 3239 materia;
1925 3169 2083 3229 sicut
2167 3183 2251 3228 aec
2292 3183 2432 3228 caro
2465 3175 2799 3242 generatur

347 3250 459 3309 per
480 3237 734 3294 formam
764 3249 894 3309 quae
924 3241 1016 3295 est
1034 3236 1098 3295 in
1116 3237 1215 3297 his
1242 3237 1525 3297 carnibus
1552 3239 1692 3298 etin
1716 3238 1814 3298 liis
1837 3238 2101 3310 ossibuS‚
2132 3246 2199 3299 ut
2210 3240 2421 3313 prohat
2434 3240 2791 3302 Aristoteles

354 3307 705 3380 (metaphys.
733 3319 844 3377 vn,
875 3311 1019 3388 text.
1065 3316 1282 3389 comm.
1323 3308 1437 3380 28).
1468 3307 1529 3366 Si
1566 3308 1757 3382 igitur
1800 3310 2140 3370 intellectus
2180 3311 2493 3383 possibilis
2535 3310 2614 3369 sit
2643 3325 2791 3384 pars

356 3378 575 3435 animae
602 3382 660 3435 et
687 3390 809 3436 non
838 3382 919 3435 sit
945 3375 1284 3437 substantia
1311 3384 1605 3451 separata,
1645 3385 1711 3437 ut
1736 3380 2047 3452 probatum
2075 3386 2168 3440 est
2194 3382 2269 3455 (c.
2305 3381 2417 3454 59),
2443 3381 2789 3442 intellectus

350 3446 919 3591 ilitigtsssffl
942 3448 2478 3593 stttssltmssslll{33032‘1230131‘322152'23233i⁰⁸⁰‘
2524 3464 2646 3510 ⁰⁰1¹
2673 3453 2792 3511 ω*

420 3590 575 3660 item,
601 3589 766 3648 Plato
801 3588 888 3662 (in
919 3590 1133 3662 Timaeo)
1161 3563 1365 3662 posuit
1393 3590 1707 3650 scientiam
1738 3591 1802 3648 in
1845 3591 2024 3651 nobis
2053 3593 2288 3651 causari
2316 3591 2392 3651 ab
2423 3592 2597 3661 ideis,
2629 3606 2789 3665 quas

345 3659 609 3732 ponebat
636 3671 772 3719 esse
799 3660 1088 3733 quasdam
1113 3660 1484 3721 substantias
1517 3667 1860 3732 separatas3
1891 3674 2072 3736 quam
2123 3663 2365 3736 quidem
2416 3662 2790 3735 positionem

349 3729 699 3790 Aristoteles
746 3729 1039 3803 improbat
1079 3731 1405 3805 uetaphys.
1432 3745 1477 3803 1,
1503 3736 1647 3790 text.
1669 3744 1886 3790 comm.
1909 3736 1979 3792 48
2007 3736 2067 3791 et
2089 3733 2286 3806 infra).
2313 3734 2558 3791 Constat
2583 3738 2791 3795 autem

345 3801 510 3872 quod
538 3800 791 3861 scientia
818 3808 1025 3861 nostra
1092 3802 1342 3873 ependet
1368 3802 1442 3862 ab
1464 3801 1769 3861 intellectu
1799 3808 2010 3877 agente
2054 3803 2214 3885 sicut
2238 3818 2312 3862 ex
2336 3804 2533 3875 primo
2557 3803 2788 3876 princi·

342 3871 470 3942 pio.
501 3871 608 3929 sii
658 3872 773 3931 'tur
820 3872 1161 3932 intellectus
1185 3885 1373 3946 agens
1425 3879 1520 3932 est
1572 3873 1845 3953 quaedam
1897 3874 2242 3933 substantia
2286 3880 2581 3955 separata,
2613 3873 2801 3955 nulla

346 3945 509 4068 esseht
534 3955 603 4022 ve
655 3942 892 4072 ωοεὲίοξ,
915 3941 1250 4004 differentia
1277 3943 1432 4002 inter
1461 3942 1811 4015 opinionem
1838 3943 2020 4003 istam
2042 3950 2103 4002 et
2126 3945 2503 4004 Platonicam
2532 3958 2569 4003 a
2586 3944 2794 4004 Plnlo·

347 4023 419 4071 so
504 4024 541 4068 o
570 4025 649 4069 im
693 4027 761 4071 ro
805 4027 840 4070 a
865 4026 983 4072 am.

418 4024 719 4152 gellium&
773 4083 1112 4144 intellectus
1161 4096 1349 4158 agens
1403 4087 1497 4142 est
1521 4083 1795 4158 quaedam
1844 4084 2181 4144 substantia
2208 4089 2502 4158 separata,
2544 4097 2581 4144 o
2625 4089 2792 4146 ortet

346 4150 507 4224 quod
541 4152 669 4224 ejus
693 4155 849 4213 actio
878 4155 958 4214 sit
1006 4154 1293 4215 continua
1320 4158 1381 4212 et
1407 4167 1531 4212 non
1577 4154 1880 4225 intercisa,
1913 4154 2008 4215 vel
2050 4155 2263 4214 saltem
2292 4159 2525 4228 oportet
2623 4155 2788 4217 'cere

344 4222 507 4294 quod
534 4235 657 4280 non
676 4225 1058 4286 continuetur
1075 4230 1134 4283 et
1178 4223 1566 4284 intercidatur
1591 4225 1667 4284 ad
1694 4232 1966 4286 nostrum
2012 4225 2345 4285 arbitrium.
2374 4227 2542 4285 Actio
2572 4230 2782 4285 autem

343 4292 1335 4449 altitunis?alterata
1352 4295 1773 4440 tutatuta
1798 4298 2151 4427 alatos
2182 4297 2336 4427 ltu.
2354 4296 2782 4430 liuttere

528 4406 543 4435 2
1086 4411 1102 4425 ⁸
1601 4411 1617 4440 2
2788 4421 2791 4424 ,

341 4439 654 4510 nostrum3
687 4435 794 4499 sed
822 4441 964 4500 tunc
987 4436 1380 4515 intelligimus
1408 4444 1545 4504 actu
1594 4436 1836 4515 quando
1874 4439 2295 4514 phantasmata
2321 4436 2787 4512 fiuntintelligi·
