3076 5025
1106 260 1240 317 Lm.
1279 262 1353 329 11,
1391 232 1757 319 οΑΡῤἰ’,Χ’Ῑ“Χ.
1809 235 1819 241 '
2556 269 2657 325 193

212 384 298 444 tia
323 388 468 444 actu
523 382 831 452 existens;
860 393 1082 455 corpus
1133 383 1295 440 enim
1337 383 1620 442 ¹hominis
1669 397 1788 441 non
1822 390 1913 443 est
1966 384 2127 443 idem
2167 389 2324 457 actu,
2357 393 2651 457 praesente

213 454 422 515 anima
449 458 510 511 et
540 453 809 522 absente,
844 452 951 511 sed
981 454 1184 512 anima
1203 453 1346 511 facit
1375 454 1574 524 ipsum
1603 458 1740 512 actu
1768 468 1926 513 esse.

285 525 462 595 Quod
504 530 707 582 autem
735 522 1001 582 secundo
1042 523 1341 596 objicitur,
1372 524 1626 583 formam
1656 529 1713 582 et
1741 525 2050 583 materiam
2083 525 2145 583 in
2173 525 2384 584 eodem
2430 541 2653 599 genere

209 595 547 664 contineri,
579 607 702 652 non
732 594 822 651 sic
848 607 1063 652 verum
1092 600 1184 653 est
1224 595 1397 666 quasi
1445 599 1642 653 utrum
1689 609 1762 653 ue
1789 596 1868 653 sit
1912 595 2145 667 species
2177 597 2361 655 unius
2388 600 2654 678 generis,

213 665 327 725 sed
373 665 521 739 quia
562 671 708 723 sunt
733 664 1029 736 principia
1068 664 1339 737 ejusdem
1381 665 1625 745 speciei.
1695 665 1750 723 ic
1778 666 1961 739 igitur
2002 667 2341 725 substantia
2383 668 2655 728 intellec·

211 735 406 818 tualis
436 741 498 793 et
525 748 772 807 corpus,
803 749 958 816 quae,
992 748 1266 794 seorsum
1317 736 1688 817 exsistentia,
1717 743 1920 818 essent
1966 736 2338 818 diversorum
2367 751 2657 811 generum

215 820 483 879 specieS‚
514 811 695 877 prout
721 811 1034 874 uniuntur,
1067 810 1209 864 sunt
1237 818 1419 863 unius
1449 818 1710 878 genem,
1740 811 1806 864 ut
1825 820 2139 879 principia.

289 880 421 935 Non
452 881 654 934 autem
683 880 917 947 oportet
970 876 1369 935 substantiam
1400 876 1867 935 intellectualem
1928 891 2063 936 esse
2093 879 2347 938 formam
2386 881 2657 941 materia·

214 948 363 1029 lem,
384 947 661 1028 quamvis
720 960 857 1027 esse
884 947 1015 1029 ejus
1045 947 1124 1005 sit
1178 946 1242 1003 in
1293 947 1564 1029 mate-ria,
1597 953 1663 1005 ut
1688 948 1864 1006 tertia
1908 949 2061 1006 ratio
2113 949 2501 1030 procedebat3
2529 963 2656 1010 non

216 1031 386 1077 enim
412 1025 506 1076 est
533 1030 599 1075 in
642 1021 895 1075 materia
941 1022 1101 1076 sieut
1131 1022 1395 1075 materiae
1443 1031 1729 1076 immersa
1750 1018 1843 1077 vel
1869 1032 1906 1076 a
1932 1024 2182 1077 materia
2208 1021 2469 1079 totaliter
2497 1034 2657 1082 com·

214 1088 551 1164 prehensa,
583 1086 689 1145 sed
710 1087 833 1145 alio
863 1087 1064 1158 mod0‚
1096 1094 1164 1145 ut
1192 1087 1417 1146 dictum
1444 1093 1555 1146 est.

295 1162 418 1216 Nec
449 1165 697 1228 tamem,
726 1171 834 1229 per
886 1159 1001 1217 hoc
1029 1157 1192 1231 quod
1213 1227 1224 1239 .
1245 1158 1592 1239 substantia
1637 1157 2063 1218 intellectualis
2093 1160 2297 1220 unitur
2325 1162 2561 1233 corpori
2591 1167 2660 1222 ut

219 1230 451 1299 forma,
481 1234 821 1286 removetur
848 1228 1010 1300 quod
1061 1243 1097 1286 a
1124 1228 1506 1301 philosophis
1535 1229 1754 1288 dicitur
1779 1229 1878 1301 (De
1907 1232 2113 1293 anima,
2144 1244 2232 1301 111,
2264 1236 2404 1288 text.
2435 1245 2655 1292 comm.

222 1301 308 1373 9),
336 1299 708 1357 intellectum
733 1312 869 1357 esse
900 1314 936 1358 a
963 1313 1211 1370 corpore
1237 1306 1613 1371 separatum
1646 1306 1705 1357 et
1731 1305 1824 1359 est
1850 1305 2062 1372 quarta
2082 1301 2255 1359 ratio.
2280 1303 2381 1359 Est
2404 1302 2564 1360 enim
2594 1303 2660 1362 in

225 1370 437 1429 anima
483 1370 866 1428 considerare
917 1375 976 1427 et
1027 1369 1222 1442 ipsius
1274 1371 1601 1429 essentiam
1629 1375 1688 1427 et
1742 1371 2069 1443 potentiam
2127 1370 2277 1429 e‘us.
2316 1373 2659 1433 Secundum

217 1440 561 1499 essentiam
617 1439 858 1521 quidem
904 1453 1099 1521 suani,
1130 1439 1230 1496 dat
1274 1454 1417 1521 ‚esse
1460 1441 1580 1522 ,tali
1638 1440 1874 1513 corpori
1903 1458 1918 1509 ;
1947 1454 2133 1500 secun
2180 1456 2278 1500 um
2327 1444 2659 1515 potentiam

223 1524 391 1581 vero,
422 1516 803 1582 operationes
832 1523 1105 1582 proprias
1133 1509 1335 1570 efficit.
1366 1511 1427 1569 Si
1456 1511 1642 1583 igitur
1669 1511 1936 1583 operatio
1966 1512 2179 1570 animae
2208 1527 2313 1584 per
2360 1526 2657 1587 organum

228 1582 548 1662 corporale
593 1581 945 1661 completur,
973 1585 1207 1653 oportet
1305 1580 1420 1639 uod
1448 1581 1717 1652 potentia
1763 1583 2000 1652 animae,
2031 1597 2162 1655 quae
2201 1588 2291 1641 est
2319 1581 2486 1641 illius
2515 1598 2659 1657 ope·

227 1652 491 1710 rationis
519 1652 903 1724 principium,
932 1651 1013 1711 sit
1056 1656 1225 1710 actus
1263 1652 1430 1710 ilius
1482 1652 1670 1724 partis
1723 1652 1994 1724 corporis
2044 1667 2149 1725 per
2177 1667 2355 1725 quam
2388 1654 2657 1727 operatio

225 1723 363 1795 ejus
391 1723 747 1793 completur,
774 1722 933 1780 sicut
959 1721 1128 1781 visus
1180 1727 1275 1780 est
1303 1728 1472 1781 actus
1522 1722 1704 1781 oculi.
1735 1723 1792 1781 Si
1839 1728 2037 1781 autem
2082 1727 2345 1795 operatio
2373 1724 2503 1798 eJ'us
2533 1738 2659 1783 non

229 1791 607 1875 compleatur
635 1806 741 1865 per
771 1805 1063 1875 organum
1109 1792 1439 1874 corporale,
1468 1793 1736 1865 potentia
1764 1792 1893 1866 ejus
1921 1806 2041 1853 non
2071 1795 2182 1852 erit
2212 1802 2379 1854 actus
2400 1796 2658 1868 alicujus

230 1869 622 1936 coi-poris3et
650 1877 754 1935 per
797 1864 912 1921 hoc
940 1863 1158 1922 dicitur
1205 1864 1546 1922 intellectus
1576 1877 1712 1923 esse
1767 1870 2099 1936 separatuS,
2140 1878 2263 1923 non
2354 1867 2460 1925 uin
2513 1867 2659 1927 sub-

232 1934 460 1995 stantia
486 1934 726 2003 animae,
755 1934 931 2008 cujus
983 1938 1075 1993 est
1100 1934 1359 2005 potentia
1410 1934 1770 2017 intellectus,
1800 1948 1911 1993 nec
1940 1935 2141 1994 anima
2169 1936 2317 1995 intel
2343 1937 2532 1996 ectiva
2578 1937 2661 1998 sit

232 2004 514 2077 corporis
541 2009 735 2073 actus,
770 2011 834 2061 ut
859 2005 1051 2062 forma
1073 2004 1226 2085 dans
1252 2004 1357 2062 tali
1383 2017 1618 2077 corpori
1648 2018 1804 2065 esse.
2688 2056 2693 2061 ,

303 2079 438 2133 Non
461 2081 554 2133 est
585 2081 785 2133 autem
812 2087 1245 2139 necessarium,
1272 2075 1325 2133 si
1353 2075 1556 2135 anima
1577 2075 1911 2135 secundum
1933 2089 2106 2135 suam
2137 2076 2536 2136 substantiam
2567 2081 2662 2138 est

234 2146 434 2206 forma
480 2145 777 2226 corporis,
810 2144 971 2227 quod
1010 2145 1212 2227 omnis
1259 2145 1390 2217 ejus
1440 2147 1710 2227 operatio
1765 2146 1845 2204 sit
1870 2161 1976 2219 per
1999 2161 2237 2218 coerS,
2266 2161 2334 2206 ac
2387 2162 2494 2220 per
2543 2147 2661 2209 hoc

231 2217 436 2289 omnis
465 2230 598 2288 ejus
621 2217 811 2273 virtus
841 2221 919 2274 sit
946 2215 1202 2288 alicujus
1230 2229 1501 2289 corporis
1531 2223 1721 2287 actuS‚
1755 2222 1819 2275 ut
1852 2217 2062 2290 quinta
2099 2219 2250 2276 ratio
2279 2217 2658 2290 procedebat.

171 2324 176 2327 ,
225 2291 358 2349 Jam
397 2286 563 2345 enim
593 2292 905 2345 ostensum
934 2286 1206 2367 estquod
1238 2287 1439 2345 anima
1476 2287 1741 2346 humana
1766 2300 1890 2345 non
1920 2289 1999 2346 sit
2026 2287 2165 2346 talis
2196 2288 2386 2346 forma
2414 2303 2546 2362 quae
2578 2289 2661 2348 sit

233 2358 501 2417 totaliter
555 2358 839 2416 immersa
875 2363 1156 2427 materiae,
1184 2357 1290 2415 sed
1344 2362 1437 2415 est
1482 2358 1638 2416 inter
1682 2371 1895 2416 omnes
1926 2358 2077 2415 alias
2131 2359 2354 2416 formas
2402 2359 2661 2419 maxime

230 2442 419 2502 supra
459 2427 772 2486 materiam
822 2428 1084 2497 elevata3
1118 2426 1275 2487 unde
1307 2432 1367 2486 et
1395 2429 1803 2498 operationem
1830 2428 2157 2499 producere
2188 2433 2383 2499 potest
2430 2429 2658 2503 absque

231 2512 509 2580 corpore,
538 2499 600 2558 id
641 2504 732 2558 est
773 2499 947 2572 quasi
1000 2511 1123 2557 non
1172 2496 1519 2571 dependens
1562 2514 1598 2559 a
1625 2511 1877 2572 corpore
1922 2498 1987 2557 in
2016 2498 2341 2571 operand0,
2375 2498 2517 2572 quia
2544 2512 2659 2561 nec

237 2572 420 2632 etiam
449 2582 514 2626 in
541 2569 801 2629 essendo
824 2571 895 2628 de
942 2568 1119 2627 endet
1144 2583 1180 2627 a
1208 2583 1280 2628 co
1355 2583 1481 2630 ore.

309 2641 532 2699 Eodem
581 2641 759 2699 etiam
789 2654 887 2699 mo
932 2653 968 2698 o
1005 2644 1165 2713 patet
1189 2653 1309 2712 quo
1397 2654 1470 2698 ea
1509 2638 1729 2720 quibus
1752 2639 2083 2721 averrhoes
2107 2652 2280 2698 suam
2310 2640 2659 2712 opinionem

238 2711 597 2840 confirmaire
626 2711 856 2781 nititur,
887 2724 1011 2769 non
1054 2709 1311 2781 probant
1350 2710 1751 2767 substantiam
1779 2709 2245 2769 intellectualem
2271 2712 2505 2781 corpori
2534 2725 2659 2770 non

241 2782 402 2841 uniri
431 2786 500 2839 ut
541 2795 791 2841 ormam.

305 2852 499 2911 verba
555 2853 715 2910 enim
766 2850 1126 2920 Aristotelis,
1166 2848 1269 2923 qui
1330 2848 1476 2907 dicit
1520 2849 1620 2930 (De
1669 2851 1877 2913 anima,
1907 2863 1997 2918 111,
2026 2855 2167 2909 text.
2200 2864 2417 2909 comm.
2449 2851 2539 2923 30)
2585 2852 2660 2912 de

234 2923 543 2983 intellectu
574 2922 876 2994 possibili,
905 2921 1067 2994 quod
1107 2925 1201 2979 est
1226 2919 1623 3001 impassibilis
1659 2925 1720 2977 et
1745 2919 2053 2978 immixtus
2081 2926 2139 2978 et
2173 2926 2501 2993 separatus,
2534 2933 2661 2983 non

232 3000 464 3068 cogunt
506 2993 777 3052 confiteri
820 2992 980 3066 quod
1025 2991 1366 3050 substantia
1401 2989 1768 3049 intellectiva
1820 3003 1944 3050 non
1988 2990 2069 3049 sit
2114 2992 2281 3049 unita
2325 2993 2560 3064 corpori
2594 2997 2663 3051 ut

233 3065 432 3124 forma
488 3063 639 3123 dans
699 3078 855 3123 esse.
880 3062 1272 3121 verificantur
1312 3060 1494 3130 enim,
1528 3061 1707 3119 etiam
1736 3061 1790 3119 si
1820 3061 2052 3120 dicatur
2079 3062 2241 3135 quod
2294 3063 2662 3122 intellectiva

235 3134 527 3208 potentia,
558 3148 736 3207 quam
774 3134 1325 3192 Aristotelesvocat
1352 3132 1681 3205 potentiam
1726 3133 2179 3205 perspectivam,
2209 3145 2331 3192 non
2361 3135 2441 3193 sit
2473 3133 2661 3193 alicu-

239 3205 413 3287 cujus
445 3206 657 3278 organi
688 3211 857 3263 actus
885 3203 1058 3286 quasi
1085 3217 1190 3276 per
1214 3203 1413 3274 ipsum
1465 3216 1636 3261 suam
1665 3216 1952 3284 exercens
1980 3204 2421 3285 operationem3
2458 3210 2517 3262 et
2544 3204 2660 3263 hoc

237 3280 421 3335 etiam
450 3289 559 3334 sua
613 3275 1044 3334 demonstratio
1091 3274 1380 3342 declarat3
1411 3287 1486 3332 ex
1512 3278 1859 3346 operatione
1913 3287 2074 3332 enim
2103 3274 2507 3344 intellectuali,
2540 3287 2662 3346 qua

235 3347 440 3406 anima
471 3345 771 3419 intelligit,
802 3345 1066 3404 ostendit
1090 3344 1291 3416 ipsum
1319 3344 1656 3425 immixtum
1683 3356 1820 3402 esse
1847 3345 1941 3401 vel
1986 3350 2360 3417 separatum3
2388 3344 2657 3416 operatio

240 3422 441 3476 autem
473 3417 729 3488 pertinet
747 3416 820 3475 ad
850 3415 1175 3488 potentiam
1196 3419 1263 3472 ut
1290 3415 1364 3472 ad
1394 3414 1776 3486 principium.

311 3486 476 3545 Unde
526 3492 691 3568 patet
778 3486 897 3544 uod
951 3500 1062 3544 nec
1109 3485 1541 3543 demonstratio
1595 3482 1934 3542 Aristotelis
1978 3483 2094 3542 hoc
2143 3483 2448 3543 concludit
2496 3484 2662 3558 quod

237 3557 582 3615 substantia
609 3557 753 3614 intel
782 3557 972 3615 ectiva
998 3570 1122 3614 non
1150 3556 1394 3614 uniatur
1420 3554 1656 3628 corpori
1686 3553 2070 3635 sicutforma.
2093 3555 2339 3614 sienim
2360 3568 2658 3627 ponamus

241 3627 643 3689 substantiam
688 3627 924 3696 animae,
967 3625 1298 3686 secundum
1343 3639 1502 3696 esse,
1558 3637 1794 3695 corpori
1838 3626 1928 3681 sic
1977 3625 2228 3694 unitam,
2288 3626 2660 3685 intellectum

242 3705 444 3757 autem
474 3698 704 3756 nullius
748 3697 960 3771 organi
989 3701 1185 3755 actum
1228 3709 1386 3766 esse,
1416 3708 1540 3753 non
1572 3694 1842 3768 sequitur
1869 3694 2031 3767 quod
2075 3694 2414 3754 intellectus
2443 3696 2661 3755 habeat

233 3769 504 3842 aliquam
533 3774 808 3826 naturam
835 3767 1283 3826 determinatam
1313 3765 1408 3839 (de
1443 3765 1676 3824 naturis
1699 3764 1834 3846 dico
1863 3764 2285 3837 sensibilium),
2317 3773 2501 3839 quum
2533 3779 2658 3824 non

175 3836 186 3846 ‘
234 3845 499 3911 ponatur
521 3839 839 3897 harmonia
868 3839 961 3896 vel
989 3838 1142 3897 ratio
1171 3836 1428 3909 alicujus
1461 3835 1697 3909 organi,
1726 3840 1884 3893 sicut
1928 3835 2001 3893 de
2030 3850 2215 3895 sensu
2266 3836 2409 3895 dicit
2430 3837 2657 3896 Aristo-

231 3909 383 3969 teles
437 3913 517 3967 De
542 3913 749 3979 anima,
776 3924 842 3978 11,
872 3913 1014 3966 text.
1046 3920 1263 3967 comm.
1298 3907 1420 3980 143)
1455 3906 1617 3981 quod
1656 3909 1748 3964 est
1778 3905 2049 3978 quaedam
2077 3907 2231 3966 ratio
2256 3907 2503 3981 organi;
2533 3921 2659 3966 non

233 3981 400 4040 enim
469 3980 607 4038 abet
628 3980 967 4038 intellectus
997 3978 1406 4052 operationem
1434 3990 1815 4057 communem
1844 3990 1981 4058 cum
2011 3990 2280 4049 corpore.
2724 4039 2731 4044 ,

304 4050 480 4120 Quod
510 4054 730 4120 autem,
761 4064 866 4122 per
908 4050 1024 4108 hoc
1071 4048 1233 4122 quod
1277 4046 1630 4106 Aristoteles
1657 4046 1803 4105 dicit
1848 4047 2221 4106 intellectum
2252 4061 2386 4106 esse
2415 4048 2653 4107 immix-
2742 4051 2747 4057 ’

226 4125 360 4180 tum
399 4120 496 4179 vel
552 4127 911 4194 separatum,
954 4133 1077 4178 non
1132 4118 1406 4177 intendat
1452 4117 1765 4176 excludere
1818 4117 2023 4189 ipsum
2079 4130 2215 4176 esse
2260 4125 2487 4190 partem
2530 4121 2661 4178 sive

276 4191 568 4250 otentiam
623 4192 837 4249 animae
882 4204 1015 4263 quae
1058 4194 1152 4248 est
1188 4189 1384 4248 forma
1420 4188 1611 4246 totius
1659 4188 1951 4258 corporis,
1981 4193 2142 4260 patet
2186 4202 2292 4260 per
2335 4191 2451 4249 boc
2498 4189 2662 4263 quod

228 4204 381 4321 {icit
407 4260 507 4334 (De
548 4263 755 4327 anima,
785 4275 829 4332 1,
859 4266 1000 4318 text.
1032 4272 1248 4319 comm.
1281 4260 1371 4331 92)
1397 4263 1609 4317 eontra
1656 4256 1799 4315 illos
1869 4258 1929 4316 ui
1985 4257 2263 4318 dicebant
2306 4262 2566 4319 animam
2596 4260 2662 4316 in

231 4331 496 4392 diversis
521 4332 789 4402 partibus
817 4331 1087 4404 corporis
1116 4329 1386 4389 diversas
1414 4329 1513 4387 sui
1542 4332 1742 4400 partes
1771 4328 1851 4387 ba
1892 4342 1992 4386 ere
2026 4348 2041 4386 z
2073 4330 2138 4388 Si
2163 4333 2277 4387 tota
2295 4334 2483 4389 anima
2510 4341 2662 4385 omne

164 3751 182 3788 t

226 4416 429 4476 coi-pus
456 4404 712 4467 continet,
741 4404 987 4460 convenit
1031 4404 1084 4458 et
1101 4403 1354 4472 partium
1392 4413 1833 4470 unamquamque
1858 4399 2076 4470 aliquid
2103 4405 2345 4473 corporis
2367 4402 2656 4458 continere.

2330 4516 2393 4560 ta
