3076 5025
399 301 504 357 652

395 428 703 483 voluntariam
729 432 1067 494 paupertatem.
1465 433 1557 484 441

459 499 585 551 car.
609 509 812 551 cxxxu.
840 523 903 538 -
930 500 995 551 lle
1017 499 1171 553 modis
1195 499 1384 552 vivendi
1402 513 1564 552 eorum

397 570 481 637 qui
499 569 804 623 voluntariam
832 573 1156 634 paupertatem
1173 575 1449 636 sequuntur.
1469 573 1565 623 442

459 638 582 691 CAP.
613 649 830 691 cmm.
861 663 922 678 -
947 639 1187 700 Quomodo
1222 644 1475 706 paupertas
1502 640 1568 692 sit

397 711 538 763 bona.
1472 711 1565 763 446

461 782 582 834 Car.
619 792 833 835 cxxxiv.
866 809 927 821 -
953 783 1135 836 solutio
1161 784 1392 836 rationum
1424 797 1568 850 supra

394 853 687 907 indoctarum
707 857 869 906 contra
885 858 1224 921 paupertatem.
1474 858 1567 909 447

458 925 585 976 Car.
615 935 805 976 cxxxv.
831 949 894 962 -
926 924 1108 978 solutio
1138 937 1299 978 eorum
1327 938 1430 991 qun
1449 925 1568 990 obji-

396 995 639 1049 ciebantur
685 998 846 1047 eontra
901 995 1112 1048 diversos
1161 997 1326 1047 modos
1378 995 1566 1047 vivendi

397 1077 560 1120 eorum
603 1065 687 1130 qui
729 1067 975 1117 assumunt
1006 1065 1314 1118 voluntariam
1369 1077 1567 1131 pauper-

396 1138 562 1190 tatem.
1472 1136 1567 1187 448

463 1208 589 1260 Car.
609 1217 824 1259 cxxxvi.
850 1234 912 1247 -
934 1206 1000 1258 De
1016 1218 1171 1258 errore
1188 1218 1347 1257 eorum
1367 1206 1449 1270 qui
1464 1218 1568 1270 per-

398 1282 589 1346 petuam
618 1278 954 1331 continentiam
986 1277 1279 1343 impugnant.
1473 1278 1566 1328 452

462 1349 585 1402 Car.
624 1359 860 1401 cxxxvii.
889 1376 951 1387 -
988 1349 1161 1401 Contra
1186 1361 1270 1401 eos
1297 1348 1380 1413 qui
1410 1346 1569 1398 matri·

399 1419 608 1472 monium
625 1419 883 1483 virginitati
899 1420 1159 1485 aequabant.
1474 1418 1566 1469 454

461 1490 587 1543 Car.
626 1500 879 1542 cxxxvm.
921 1516 982 1528 --
1022 1490 1198 1543 contra
1230 1500 1313 1541 eos
1349 1487 1432 1553 qui
1457 1490 1568 1540 vota

398 1561 691 1626 impugnant.
1472 1558 1565 1611 454

464 1631 587 1683 Car.
602 1641 812 1682 cxxxix.
837 1656 899 1669 -
916 1631 1050 1691 Quod
1065 1643 1219 1696 neque
1235 1629 1400 1682 merita
1413 1640 1567 1693 neque

400 1707 594 1769 peccata
620 1706 729 1753 sunt
749 1700 898 1767 paria.
1473 1701 1568 1751 456

464 1771 589 1825 CAP.
615 1783 737 1824 ext..
758 1797 820 1810 —-
847 1770 979 1830 Quod
1000 1773 1133 1822 actus
1150 1768 1571 1836 hominisspuniun-

398 1846 478 1895 tur
510 1845 559 1894 et
588 1840 887 1908 praemiuntur
911 1854 942 1892 a
963 1840 1079 1893 Deo.
1474 1842 1565 1894 457

466 1912 588 1966 ω.
626 1921 765 1964 cxm.
807 1939 868 1950 —
909 1910 975 1963 De
1013 1909 1272 1963 differentia
1312 1914 1362 1961 et
1385 1910 1569 1973 [ordine

403 1993 667 2050 poenarum.
1475 1981 1570 2032 459

464 2053 588 2106 ω.
635 2062 799 2106 cxm.
843 2078 905 2090 -
941 2050 1074 2112 Quod
1109 2063 1197 2103 nee
1232 2061 1393 2103 omnes
1417 2063 1569 2116 poenae

400 2136 491 2180 uec
510 2122 666 2175 omnia
697 2122 886 2188 praemia
911 2126 1023 2174 sunt
1046 2120 1260 2186 aequalia.
1474 2122 1567 2172 466

463 2192 586 2246 ω.
626 2202 813 2245 cnm.
849 2218 911 2230 -
944 2191 1011 2242 De
1045 2202 1187 2256 poena
1223 2200 1329 2255 qum
1373 2188 1569 2242 debetur

438 2265 601 2316 eeeato
625 2260 812 2315 mortali
828 2265 878 2313 et
899 2258 1090 2322 veniali,
1119 2272 1206 2325 per
1227 2262 1489 2324 respectum
1508 2258 1570 2311 ad

24 2275 1176 2452 Ἣρεῑ
1185 2396 1432 2453 peceatum
1447 2330 1572 2445 mfigri·

402 2452 501 2507 tale
533 2452 700 2506 ultimo
756 2452 848 2508 flue
901 2455 1070 2521 aliquis
1122 2456 1175 2508 in
1227 2461 1450 2510 aeteruum
1476 2461 1570 2527 pri-

403 2527 558 2578 vatur.
1474 2533 1569 2585 462

466 2596 594 2649 Car.
635 2608 787 2650 cuv.
816 2624 878 2640 -
915 2597 1048 2657 Quod
1087 2600 1281 2662 peecata
1315 2601 1568 2666 puniuntur

401 2666 545 2722 etiam
570 2681 658 2734 per
682 2669 1019 2735 experientiam
1044 2668 1245 2734 alicujus
1269 2672 1444 2725 nocivi.
1472 2675 1566 2727 464

466 2738 588 2791 Car.
619 2749 795 2791 cxtvr.
823 2766 887 2780 —
917 2737 1047 2800 Quod
1069 2737 1305 2803 jndicibus
1331 2742 1442 2795 lieet
1466 2753 1569 2809 poe-

471 2879 588 2937 Gar.
616 2894 812 2938 cxnvn.
841 2911 902 2923 -
944 2887 1078 2947 Quod
1112 2889 1252 2940 bomo
1286 2887 1466 2953 indiget
1493 2890 1567 2942 di·

403 2952 518 3076 {ino
558 2956 728 3009 auxilio
778 2955 836 3008 ad
883 2955 1220 3011 beatitudinem
1270 2972 1563 3024 consequeu-

438 3035 530 3074 am.
1469 3033 1564 3085 466

465 3094 592 3145 Car.
629 3105 843 3151 tuvur.
880 3125 942 3138 -·
997 3099 1129 3160 Quod
1196 3113 1284 3166 per
1335 3101 1561 3155 auxilium

405 3161 574 3242 divinae
623 3167 774 3228 gruiae
812 3168 952 3221 bomo
999 3182 1094 3222 non
1136 3169 1320 3234 cogitur
1362 3170 1422 3222 ad
1462 3172 1559 3223 vir-

404 3234 570 3284 tutem.
1466 3243 1559 3296 467

466 3304 586 3356 ΟΔΡ.
630 3313 799 3359 cxux.
842 3334 903 3350 -
947 3308 1079 3371 Quod
1118 3310 1389 3375 praedietum
1424 3312 1558 3365 auxi·

400 3373 517 3426 lium
544 3374 685 3426 bomo
712 3378 959 3438 promereri
984 3392 1078 3432 non
1104 3384 1280 3445 potest.
1463 3387 1557 3437 468

463 3444 587 3496 Car.
630 3454 713 3495 cr..
761 3469 821 3482 -
855 3448 986 3508 Quod
1031 3451 1298 3514 praedictum
1333 3453 1556 3506 auxilium

398 3514 551 3579 gratia
580 3513 844 3565 nominatur
868 3523 912 3566 at
937 3519 1048 3584 quid
1086 3520 1150 3573 sit
1196 3521 1346 3586 gratia
1372 3528 1557 3586 gratum

398 3584 596 3638 faciens.
1462 3598 1556 3649 469

461 3653 580 3707 Car.
615 3681 675 3692 -
703 3666 807 3708 cm.
842 3684 903 3695 —-
930 3657 1057 3718 Quod
1089 3662 1238 3726 gratia
1268 3669 1449 3728 gratum
1480 3667 1553 3719 ta-

394 3726 528 3778 ciens
553 3729 715 3779 causat
735 3727 786 3778 in
816 3727 954 3782 nobis
974 3729 1263 3787 dilectionem
1295 3736 1393 3789 Dei.
1460 3740 1552 3791 470

457 3797 583 3849 Car.
621 3806 748 3849 cm.
775 3822 836 3837 -·
863 3797 997 3858 Quod
1031 3803 1182 3857 divina
1210 3805 1356 3868 gratia
1391 3811 1554 3860 causat

393 3864 444 3920 in
469 3867 607 3919 nobis
631 3865 786 3920 fidem.
1460 3880 1548 3931 4¹1¹

456 3936 580 3990 Gap.
614 3947 762 3993 cmi.
796 3963 857 3979 -·
888 3940 1019 4001 Quod
1046 3940 1196 3998 divina
1223 3946 1371 4010 gratia
1388 3952 1553 4002 causat

392 4005 446 4057 in
471 4006 610 4060 nobis
637 4020 771 4073 apem
798 4008 967 4063 futuras
991 4009 1301 4070 beatitudinis.
1454 4019 1550 4071 472

455 4077 579 4131 car.
604 4088 745 4131 cmv.
774 4106 837 4120 -
892 4082 958 4134 De
1009 4081 1146 4135 donis
1193 4088 1350 4149 gratia
1403 4089 1548 4153 gratis

391 4145 542 4210 datm
571 4148 629 4203 de
653 4148 1016 4204 divinationibus
1038 4152 1312 4213 daemonum.
1452 4159 1546 4213 478

453 4217 574 4271 Cap.
605 4230 725 4272 cuv.
757 4247 817 4260 -
846 4222 977 4281 Quod
1017 4222 1158 4277 bomo
1188 4225 1362 4290 indiget
1387 4229 1545 4284 divino

390 4287 563 4341 auxilio
589 4289 647 4341 ad
675 4293 1061 4355 perseverandum
1087 4293 1139 4347 in
1163 4294 1306 4348 bono.
1448 4301 1543 4353 478

450 4359 576 4411 Car.
610 4370 748 4412 cun.
793 4386 856 4402 -·
882 4362 1014 4421 Quod
1062 4364 1142 4417 ille
1181 4366 1264 4430 qui
1303 4366 1472 4423 decidit
1513 4383 1545 4424 a

386 4429 536 4491 gratia
563 4441 650 4494 per
668 4435 911 4495 peceatum
934 4435 1093 4497 potest
1115 4435 1285 4489 iterum
1325 4449 1408 4503 per
1431 4452 1541 4507 gra·

408 2822 488 2865 naa
513 2814 706 2869 inferre.

1366 299 1563 357 ORDO
1603 300 1871 357 RERUM.

1669 430 1784 482 tiam
1813 432 2037 496 reparari.
2754 434 2839 485 479

1733 500 1858 552 Gar.
1897 513 2056 554 cuvn.
2084 528 2146 540 -
2185 500 2318 561 Quod
2368 501 2509 553 homo
2565 514 2593 552 a
2651 507 2841 566 peceato

1670 572 1859 626 liberari
1884 585 1980 623 non
2006 575 2165 637 potest
2194 570 2288 623 nisi
2316 585 2402 636 per
2436 571 2654 635 gratiam.
2753 576 2842 625 486

1735 642 1858 693 Cn.
1887 653 2071 694 cnvm.
2098 669 2158 680 —
2187 641 2395 701 Qualiter
2417 641 2559 694 homo
2582 655 2613 693 a
2648 648 2841 708 peceato

1673 711 1914 765 liberatur.
2752 715 2838 768 486

1736 784 1861 834 Cu.
1891 794 2029 835 cmx.
2060 810 2120 821 —
2148 782 2280 843 Quod
2298 782 2638 834 rationabiliter
2662 784 2844 835 homini

1671 852 1928 919 imputatur
1974 853 2018 905 si
2063 853 2123 906 ad
2175 853 2321 905 Deum
2380 866 2473 905 nou
2527 858 2837 915 eonvertatur,

1672 925 1884 989 quamvis
1910 925 2003 977 hoe
2029 924 2130 977 sine
2153 925 2303 990 gratia
2331 936 2426 976 non
2451 926 2624 990 possit.
2752 928 2851 987 482,

1733 994 1856 1045 Gar.
1902 1005 2023 1046 cmx.
2063 1022 2125 1034 -
2165 995 2297 1054 Quod
2352 994 2492 1047 hdo
2542 997 2593 1047 iu
2626 988 2893 1061 ‘peecatofi

1672 1063 1880 1115 existens
1927 1065 2029 1116 sine
2076 1064 2222 1129 gratia
2264 1070 2508 1131 peceatum
2556 1065 2707 1116 vitare
2750 1079 2844 1117 uon

1672 1137 1846 1199 potest.
2753 1138 2841 1189 483

1733 1207 1856 1258 CAP.
1885 1219 2025 1260 cm.
2053 1234 2116 1246 -
2147 1205 2280 1267 Quod
2304 1208 2428 1259 Deus
2455 1207 2643 1275 aliquos
2669 1222 2699 1260 a
2725 1223 2843 1275 pec-

1670 1283 1776 1334 eato
1816 1280 1985 1347 liberat
2023 1284 2075 1333 et
2118 1281 2304 1346 aliquos
2351 1281 2403 1331 in
2450 1284 2648 1346 peneato
2705 1281 2843 1333 relin-

1673 1350 1791 1416 quit.
2751 1354 2842 1405 484

1733 1421 1858 1474 ΟΑΡ.
1887 1432 2056 1474 cnm.
2105 1448 2164 1459 —
2212 1421 2347 1481 Quod
2391 1422 2513 1473 Deus
2552 1421 2731 1473 nemini
2770 1426 2845 1475 est

1672 1502 1813 1544 eausa
1832 1490 2073 1556 peecandi.
2753 1492 2842 1544 484

1734 1560 1862 1613 Car.
1895 1572 2080 1613 cum.
2108 1588 2169 1601 -
2212 1562 2282 1614 lle
2305 1560 2739 1627 praesumtione,
2766 1575 2843 1614 re-

1673 1631 1949 1696 probatione
1974 1638 2024 1683 et
2050 1630 2279 1684 electione
2299 1630 2473 1684 divina.
2753 1634 2845 1684 485

2006 1791 2177 1837 LIBER
2217 1789 2502 1844 QUARTUS.

1734 1915 1912 1968 CAPUT
1937 1926 2166 1969 reiltun.
2189 1942 2249 1953 -
2280 1913 2582 1966 Prooemium.
2756 1917 2846 1967 486

1734 1986 1859 2039 Car.
1887 1998 1949 2039 11.
1980 2013 2041 2025 -
2063 1986 2195 2047 Quod
2222 1985 2287 2038 sit
2307 1985 2564 2050 generatio,
2587 1984 2850 2049 paternitas

1674 2059 1724 2109 et
1754 2056 1919 2110 filiatio
1947 2057 1997 2109 in
2024 2056 2212 2109 divinis.
2754 2055 2850 2107 488

1735 2126 1860 2179 Car.
1889 2139 1971 2180 111.
2001 2153 2064 2165 -
2085 2126 2218 2186 Quod
2238 2126 2387 2180 Filius
2402 2125 2487 2177 Dei
2503 2125 2567 2177 sit
2588 2125 2732 2177 Deus.
2760 2127 2849 2178 489

1735 2196 1862 2249 ω.
1891 2209 2044 2251 ιν.-
2075 2197 2193 2258 Quid
2219 2197 2439 2263 opinatus
2462 2196 2529 2249 sit
2558 2195 2759 2248 Photius
2790 2196 2849 2247 de

1674 2264 1795 2319 Filio
1827 2265 1928 2326 Dei,
1956 2270 2006 2316 et
2030 2268 2138 2333 ejus
2169 2264 2465 2332 improbatio.
2750 2267 2845 2317 496

1737 2336 1860 2389 Car.
1884 2348 1940 2387 v.
1967 2361 2030 2374 —-
2051 2335 2221 2399 Opinio
2254 2334 2449 2385 Sabellii
2491 2335 2552 2384 de
2582 2335 2708 2386 Filio
2740 2336 2844 2397 Dei,

1673 2402 1723 2451 et
1749 2406 1852 2466 ejus
1882 2403 2180 2468 improbatio.
2750 2407 2847 2459 492

1737 2469 1861 2525 car.
1887 2484 1962 2525 vr.
1991 2474 2133 2526 -De
2160 2473 2381 2540 opinione
2401 2474 2503 2527 Arii
2529 2475 2656 2529 cirea
2672 2475 2846 2530 Filium

1675 2539 1861 2694 αξη.
1937 2625 2036 2664 vn.
2100 2640 2163 2654 --
2229 2615 2508 2681 improbatio
2591 2549 2847 2681 positigiss

1671 2683 1859 2804 Αῃὲᾎιι.
1904 2765 2023 2807 vm.
2075 2780 2136 2793 -
2186 2754 2369 2809 solutio
2423 2754 2482 2807 ad
2538 2693 2845 2810 auctoritaie}

1672 2834 1790 2889 quas
1809 2823 1947 2876 Arius
1967 2836 2054 2890 pro
2084 2837 2137 2877 se
2158 2824 2427 2880 inducebat.
2749 2832 2840 2882 499

1732 2893 1856 2946 Can.
1891 2903 1963 2945 ix.
1991 2919 2054 2933 —-
2076 2893 2255 2948 Solutio
2292 2895 2352 2948 ad
2378 2896 2687 2950 auctoritates
2714 2899 2838 2952 Pbo-

1670 2960 1758 3015 tini
1784 2966 1834 3016 et
1859 2963 2069 3017 sabellii.
2530 2969 2543 2999 ’
2748 2973 2837 3024 564

1730 3032 1855 3085 Car.
1882 3045 1936 3088 x.
1958 3062 2019 3073 —-
2036 3035 2259 3089 Rationes
2290 3042 2451 3090 contra
2480 3041 2834 3103 generationem

1668 3105 1718 3154 et
1734 3105 2082 3168 processionem
2107 3106 2327 3158 divinam.
2740 3113 2839 3165 565

1727 3174 1850 3225 Cap.
1885 3186 1961 3226 11.
1991 3200 2052 3212 —
2080 3174 2325 3235 Quomodo
2351 3177 2622 3244 accipienda
2646 3180 2712 3233 sit
2750 3194 2832 3246 ge·

1665 3243 1845 3295 neratio
1873 3243 1922 3294 in
1958 3243 2131 3297 divinis
2162 3249 2213 3297 et
2247 3259 2349 3310 quae
2386 3247 2446 3301 de
2493 3248 2617 3303 Filio
2647 3252 2736 3303 Dei
2757 3251 2832 3303 di-

1663 3316 1831 3366 cuntur
1851 3314 1903 3364 in
1925 3313 2192 3380 seripturis.
2740 3324 2830 3377 568

1722 3383 1844 3436 ΟΔΡ.
1870 3395 1968 3436 111.
1995 3411 2057 3422 —
2083 3384 2322 3445 Quomodo
2344 3387 2494 3441 Filius
2518 3390 2603 3442 Dei
2651 3391 2830 3445 dicatur

1663 3454 1747 3506 ssei
1775 3451 2020 3520 sapientia.
2735 3463 2827 3515 513

1721 3523 1843 3576 Gar.
1889 3535 2007 3580 xnr.
2036 3552 2098 3565 -
2126 3526 2260 3586 Quod
2299 3540 2395 3582 uon
2438 3530 2513 3581 est
2564 3528 2659 3583 nisi
2708 3544 2829 3585 uuus

1660 3593 1810 3646 Filius
1836 3595 1887 3646 in
1913 3594 2101 3650 divinis.
2735 3602 2826 3653 514

1721 3664 1846 3718 Gar.
1890 3676 2003 3718 nv.
2035 3691 2099 3709 -
2125 3666 2307 3721 solutio
2345 3669 2407 3721 ad
2450 3669 2657 3724 rationes
2684 3683 2825 3737 supra

1658 3734 1870 3787 inductas
1897 3740 2059 3790 eontra
2083 3739 2429 3802 generationem
2460 3739 2691 3794 divinam.
2731 3743 2825 3796 547

1719 3804 1841 3858 Gar.
1879 3817 1969 3858 xv.
1993 3832 2056 3846 --
2082 3808 2147 3859 De
2168 3807 2349 3873 Spiritu
2385 3812 2568 3871 saneto,
2602 3811 2733 3875 quod
2759 3811 2825 3865 sit

1655 3875 1709 3928 in
1733 3874 1921 3928 divinis.
2729 3883 2821 3936 526

1716 3945 1843 3998 can.
1867 3958 1981 3999 ενι.
2009 3974 2070 3986 -
2097 3947 2319 4004 Rationes
2356 3963 2416 4002 ex
2455 3951 2627 4016 quibus
2675 3951 2821 4016 aliqui

1655 4016 1881 4083 Spiritum
1906 4019 2118 4070 sanetum
2138 4017 2521 4073 existimaverunt
2557 4032 2665 4073 esse
2687 4033 2818 4073 erea-

1713 4158 1838 4212 Car.
1874 4168 2011 4211 xvn.
2046 4182 2108 4197 --
2133 4156 2268 4219 Quod
2298 4159 2501 4224 spiritus
2536 4165 2730 4215 sanctus
2754 4162 2818 4215 sit

1650 4240 1791 4282 verus
1811 4228 1951 4281 Deus.
2724 4236 2812 4287 521

1711 4299 1833 4354 Car.
1862 4310 2020 4353 xvm.
2051 4326 2113 4341 -
2138 4301 2275 4364 Quod
2300 4301 2500 4369 Spiritus
2529 4306 2722 4356 sanetus
2749 4302 2811 4355 sit

1649 4369 1907 4425 subsistens
1933 4383 2153 4435 persona.
2722 4375 2807 4426 524

1710 4441 1836 4497 car.
1869 4452 1984 4497 nx.
2010 4469 2073 4485 -
2101 4442 2342 4507 Quomodo
2367 4442 2671 4512 intelligenda
2704 4447 2807 4496 sunt
