3076 5025
51 3776 54 3789 -
51 3746 54 3753 r
51 3682 54 3707 ψ.
51 3642 54 3661 Α-
51 3338 58 3623 -ι--,--..Ί
51 3304 54 3321 -

370 306 476 361 396
1248 294 1383 351 LIB.
1422 294 1521 362 111,
1563 293 1717 349 CAP.
1754 291 1929 348 XCIX.

370 427 571 498 potest
596 427 796 480 tamen
840 418 962 476 alia
987 417 1181 476 facere
1227 429 1408 497 quam
1455 429 1530 473 ea
1566 428 1698 496 quae
1727 412 2066 472 subduntur
2101 412 2233 484 ejus
2274 410 2685 484 providentiae,
2716 411 2810 476 vel

371 509 408 553 o
453 492 731 560 arationi,
753 491 805 548 si
826 488 1099 547 absolute
1138 485 1554 545 consideretur
1581 499 1712 556 eJus
1742 490 2044 565 potestas3
2076 482 2183 542 sed
2213 495 2336 541 non
2384 486 2584 554 potest
2608 481 2811 542 facere

372 581 408 624 a
436 566 576 638 iqua
630 575 764 635 quae
810 560 924 618 sub
973 558 1182 617 ordine
1225 555 1611 628 providentiae
1648 555 1845 628 ipsius
1884 554 1961 613 ab
2004 559 2228 614 aeterno
2275 566 2400 611 non
2443 553 2707 622 fuerunt,
2736 565 2810 610 eo

371 633 534 709 quod
563 631 872 691 mutabilis
900 641 1183 687 essenon
1211 631 1430 700 potest.
1519 695 1531 707 ·
2062 694 2075 706 ⁸
2420 693 2432 705 ι
2580 692 2593 704 ·

443 707 605 764 Hanc
657 708 856 761 autem
911 699 1358 758 distinctionem
1432 696 1674 769 quidam
1730 709 1853 753 non
1904 694 2360 754 considerantes
2415 706 2480 752 in
2534 693 2815 752 diversos

373 789 609 835 errores
626 772 985 831 inciderunt,
1009 769 1260 837 Quidam
1282 767 1442 826 enim
1467 766 1947 824 immobilitatem
1969 765 2155 824 divini
2177 763 2409 823 ordinis
2425 763 2502 822 ad
2523 777 2622 823 res
2642 763 2813 844 ipsas

373 860 508 920 quae
552 843 749 903 ordini
823 841 1163 899 subduntur
1223 838 1541 897 extendere
1599 837 1797 895 conati
1855 842 2015 919 sunt,
2066 836 2334 917 dicentes
2389 833 2546 908 quod
2606 847 2818 893 omnia

372 929 624 975 necesse
648 919 740 972 est
768 926 904 970 esse
934 911 1091 970 sicut
1120 914 1282 978 sunt,
1309 909 1374 966 in
1400 913 1629 966 tantum
1660 908 1822 976 quod
1849 907 2090 980 quidam
2135 906 2433 974 dixerunt,
2504 904 2627 962 uod
2652 907 2816 964 Deus

374 1000 497 1044 non
554 990 752 1057 potest
780 983 900 1041 alia
944 983 1140 1039 facere
1169 994 1348 1054 quam
1377 993 1510 1053 quae
1561 978 1726 1048 facit,
1763 983 1974 1036 contra
2012 976 2173 1050 quod
2204 983 2297 1034 est
2336 989 2455 1048 quo
2534 974 2815 1039 habetur,

373 1055 601 1125 matth„
623 1068 789 1123 xxvi,
818 1057 885 1110 53
912 1069 926 1108 z
952 1054 1159 1110 Annon
1179 1066 1401 1122 possum
1426 1064 1622 1118 maure
1646 1051 1866 1105 Patrem
1884 1064 2080 1111 meum,
2112 1052 2163 1104 et
2191 1047 2465 1104 emhibebit
2514 1046 2818 1173 mihiflm

374 1141 544 1199 quam
591 1126 872 1182 duodecim
900 1125 1132 1193 legiones
1157 1122 1520 1191 angelorum?
1557 1119 1807 1188 Quidam
1830 1125 2030 1177 autem
2052 1134 2084 1176 e
2113 1130 2406 1198 converso
2444 1116 2673 1198 mutahJ
2703 1121 2820 1198 ita-

375 1204 494 1255 tem
526 1209 724 1253 rerum
753 1208 886 1268 quae
916 1193 1130 1251 divinae
1159 1190 1546 1263 providentiae
1590 1189 1991 1248 sub'iciuntur
2012 1189 2076 1247 in
2103 1188 2562 1246 mutabilitatem
2594 1186 2819 1248 divinae

418 1266 762 1325 rovidentiae
789 1263 1245 1331 transtulerunt,
1266 1262 1339 1319 de
1370 1264 1490 1319 Deo
1518 1205 1841 1318 carnaiiter
1872 1260 2200 1342 sentientes
2219 1257 2380 1331 quod
2400 1261 2557 1316 Deus
2591 1257 2821 1339 admo-

421 1350 522 1395 um
543 1335 804 1394 carnalis
836 1334 1101 1392 hominis
1124 1333 1202 1391 sit
1246 1333 1310 1389 in
1340 1346 1453 1390 sua
1475 1331 1782 1388 voluntate
1807 1330 2133 1399 mutabiliS‚
2156 1335 2367 1388 contra
2427 1328 2547 1386 uod
2570 1328 2819 1397 dicitur,

377 1410 576 1477 Num„
607 1419 779 1476 xxm,
814 1408 879 1462 ¹9
905 1424 918 1461 :
940 1407 1062 1463 Non
1088 1410 1166 1459 est
1190 1405 1334 1459 Deus
1363 1406 1426 1458 ut
1453 1403 1627 1470 homo,
1646 1405 1710 1457 ut
1734 1404 2049 1470 mentiatur,
2069 1415 2167 1455 nec
2193 1401 2357 1470 quasi
2441 1402 2528 1455 ius
2555 1399 2820 1467 hominis,

375 1483 440 1533 ut
489 1481 744 1533 mutetur.
781 1475 894 1532 Alii
941 1487 1082 1532 vero
1139 1472 1609 1545 contingentiam
1666 1471 1881 1530 divinae
1927 1469 2313 1544 providentiae
2368 1469 2821 1553 subtraxerunt,

376 1552 588 1605 contra
633 1559 787 1619 quos
836 1544 1074 1614 dicitur,
1096 1545 1333 1614 Thren.,
1363 1557 1454 1613 ni,
1481 1546 1548 1600 37
1583 1560 1598 1600 ε
1627 1543 1762 1610 Quis
1787 1546 1868 1599 est
1894 1545 1997 1599 iste
2023 1543 2122 1613 qui
2147 1540 2297 1597 dixit
2323 1543 2387 1596 ut
2403 1543 2555 1612 fieret
2576 1538 2821 1614 aliquid,

377 1620 604 1675 Domino
629 1633 738 1673 non
757 1616 980 1687 jubente
999 1617 1029 1670 9

1338 1761 1593 1825 CAPUT
1642 1760 1853 1825 XCIX.
1912 1813 1915 1814 ν

379 1932 531 1987 onon
565 1932 716 1979 lmus
765 1932 982 1979 POTEST
1018 1932 1273 1978 oratiam
1323 1931 1569 1977 PRAETER
1603 1931 1869 1976 onumen
1917 1932 2104 1977 mus
2140 1929 2390 1977 mmm
2419 1930 2815 1979 Pnonucmmo

1033 2011 1322 2056 immotus
1356 2011 1586 2063 ABSQUE
1623 2011 1826 2056 GAUSIS
1861 2010 2157 2057 Plioxnfls.

450 2177 654 2233 Restat
680 2178 879 2232 autem
924 2173 1240 2232 ostendere
1279 2173 1438 2245 quod
1464 2178 1680 2244 praeter
1732 2172 2005 2231 ordinem
2039 2172 2113 2232 ab
2161 2173 2296 2244 ipso
2334 2172 2516 2233 rebus
2556 2172 2822 2234 inditum

379 2259 557 2320 agere
582 2244 800 2316 possit.
832 2247 933 2302 Est
976 2243 1138 2302 enim
1167 2242 1315 2301 ordo
1346 2242 1586 2302 divinus
1625 2244 1940 2301 institutus
1967 2243 2031 2301 in
2058 2241 2259 2308 rebus.
2292 2249 2356 2302 ut
2394 2243 2687 2303 inferiora
2714 2259 2825 2317 pei·

379 2315 692 2388 superiora
717 2320 1068 2372 moveantur
1092 2329 1130 2372 a
1154 2315 1297 2384 Deo,
1320 2319 1580 2384 utsupra
1590 2313 1743 2386 (cap.
1759 2317 1830 2372 82
1850 2320 1908 2372 et
1963 2313 2199 2387 raeced.)
2220 2314 2441 2373 dictum
2473 2320 2586 2373 est.
2614 2318 2823 2376 Potest

379 2391 577 2445 autem
604 2388 762 2442 Deus
791 2389 1002 2456 preter
1039 2385 1201 2442 hunc
1228 2383 1499 2442 ordinem
1521 2383 1717 2442 facere
1743 2389 1808 2443 ut
1830 2384 1918 2442 sci
1947 2384 2063 2442 icet
2090 2385 2220 2455 ipse
2251 2384 2525 2443 effectum
2551 2384 2822 2458 aliquem

377 2458 443 2515 in
492 2456 881 2515 inferioribus
935 2460 1231 2528 operetur,
1265 2454 1414 2514 nihil
1467 2453 1542 2512 ad
1597 2455 1714 2514 hoc
1750 2459 1964 2529 agente
2002 2455 2297 2527 superiori
2336 2461 2570 2530 agente.
2602 2458 2672 2531 ln
2701 2455 2823 2517 hoc

378 2527 541 2585 enim
570 2526 770 2586 differt
796 2540 983 2599 agens
1012 2526 1341 2585 secundum
1372 2526 1792 2584 necessitatem
1840 2532 2067 2584 naturae
2116 2526 2190 2585 ab
2229 2532 2441 2600 agente
2478 2526 2824 2589 secundum

350 2598 769 2679 voluntatem!
799 2594 960 2670 quod
989 2596 1063 2655 ab
1092 2602 1306 2669 agente
1332 2595 1664 2655 secundum
1690 2596 2108 2655 necessitatem
2136 2603 2365 2655 naturae
2404 2594 2654 2656 effectus
2691 2611 2821 2657 non

376 2674 579 2740 potest
602 2682 773 2741 sequi
804 2667 924 2726 nisi
956 2667 1286 2726 secundum
1315 2666 1557 2725 modum
1580 2667 1817 2726 virtutis
1845 2667 2091 2726 activae:
2121 2667 2280 2725 unde
2306 2681 2493 2740 agens
2533 2668 2698 2741 quod
2725 2675 2825 2728 est

377 2740 653 2797 maximae
705 2738 944 2796 virtutis
998 2751 1122 2795 non
1226 2742 1380 2796 otest
1433 2737 1777 2796 immediate
1834 2737 2159 2809 producere
2213 2735 2491 2797 effectum
2549 2738 2822 2812 aliquem

375 2822 646 2889 parvum,
680 2807 785 2868 sed
813 2808 1088 2880 producit
1107 2751 1384 2866 «angeium
1401 2821 1527 2867 suae
1553 2808 1759 2890 virtuti
1798 2808 2336 2889 proportionatum,
2367 2809 2432 2867 in
2461 2821 2582 2881 quo
2610 2815 2823 2868 tamen

377 2879 683 2937 invenitur
709 2877 1069 2952 quandoque
1090 2879 1289 2936 minor
1317 2879 1505 2937 virtus
1534 2892 1713 2951 quam
1742 2892 1806 2936 in
1827 2893 2045 2949 causa;
2067 2884 2127 2937 et
2152 2892 2242 2937 sic
2269 2893 2376 2950 per
2402 2880 2591 2939 multa
2615 2881 2824 2941 media

374 2949 632 3007 tendens
683 2963 718 3005 a
771 2962 959 3006 causa
1016 2961 1298 3020 suprema
1337 2950 1613 3019 provenit
1651 2949 1872 3022 aliquis
1902 2962 2121 3021 parvus
2167 2948 2437 3008 effectus.
2476 2952 2542 3007 ln
2597 2958 2821 3024 agente

378 3023 578 3077 autem
606 3031 713 3091 per
739 3019 1104 3077 voluntatem
1125 3032 1251 3078 non
1276 3024 1369 3077 est
1388 3019 1478 3077 sic
1502 3038 1517 3089 3
1543 3033 1682 3077 narn
1708 3033 1896 3091 agens
1924 3034 2031 3091 per
2048 3018 2415 3078 voluntatem
2444 3020 2646 3080 statim
2678 3023 2823 3081 sine

378 3088 580 3148 medio
631 3092 831 3165 potest
874 3089 1202 3160 producere
1253 3103 1691 3163 quemcumque
1748 3087 2020 3148 effectum
2052 3090 2353 3164 quisnam
2382 3104 2507 3149 non
2566 3092 2821 3153 excedat

372 3160 652 3218 virtutem
685 3177 700 3227 ;
731 3159 946 3217 artifex
1000 3160 1162 3217 enim
1214 3160 1691 3232 perfectissimus
1739 3165 1936 3232 potest
1989 3160 2183 3219 facere
2224 3174 2380 3233 opus
2426 3161 2603 3234 quale
2632 3162 2822 3223 faciat

376 3229 588 3287 artifex
632 3229 1039 3301 imperfectae.
1060 3232 1218 3288 Deus
1266 3235 1464 3289 autem
1520 3235 1801 3312 operatur
1851 3245 1958 3303 per
2007 3231 2395 3300 voluntatem,
2435 3236 2495 3290 et
2538 3246 2665 3291 non
2711 3246 2822 3305 per

374 3300 799 3358 necessitatem
853 3305 1101 3371 naturae,
1154 3303 1222 3358 ut
1276 3314 1458 3372 supra
1512 3300 1640 3373 (lib.
1688 3314 1755 3369 11,
1786 3315 1916 3373 cap.
1948 3300 2041 3374 23)
2095 3305 2406 3361 ostensum
2464 3307 2577 3361 est.
2624 3305 2648 3360 1
2699 3304 2820 3364 ‘tur

373 3370 642 3428 minores
670 3368 938 3435 effectus,
971 3371 1072 3444 qui
1099 3370 1252 3428 fiunt
1276 3385 1383 3443 per
1401 3385 1621 3431 causas
1650 3371 1989 3442 inferiores,
2018 3377 2217 3444 potest
2243 3373 2437 3431 facere
2465 3372 2648 3431 imme
2699 3374 2818 3435 ‘ate

376 3439 602 3513 absque
624 3440 910 3499 secundis
930 3440 1154 3499 causis.
2166 3474 2171 3481 ·

443 3510 663 3575 Adhuc,
721 3511 911 3569 virtus
961 3511 1163 3569 divina
1217 3516 1597 3584 comparatur
1656 3510 1733 3570 ad
1789 3525 2003 3570 omnes
2057 3511 2308 3571 virtutes
2354 3511 2600 3584 activaS,
2652 3514 2819 3575 sicut

370 3580 563 3639 virtus
601 3580 961 3640 universalis
1009 3582 1084 3640 ad
1121 3582 1374 3640 virtutes
1416 3581 1830 3653 particulares,
1861 3582 2020 3643 sicut
2085 3597 2150 3641 er
2178 3583 2523 3655 supradicta
2580 3598 2714 3657 cap.
2741 3588 2813 3644 67

326 3686 331 3692 -
372 3655 433 3708 et
456 3650 608 3725 seq.)
634 3656 812 3723 patet.
847 3652 1046 3710 Virtus
1096 3657 1296 3711 autem
1343 3653 1535 3713 activa
1576 3651 1937 3713 universalis
1980 3667 2018 3713 a
2082 3652 2504 3725 particularem
2529 3668 2565 3713 e
2608 3661 2813 3715 ectum

368 3721 1290 3875 {ligiiffinfficuiiitffiffl
1314 3727 1524 3852 aas?
1556 3722 2352 3877 aiiitttfssaffssqrffffl?
2421 3738 2813 3877 3ξῶἓὲῗέ

371 3860 447 3919 ad
474 3860 752 3921 effectum
777 3868 1186 3935 generationis
1214 3864 1491 3922 humanae
1521 3878 1628 3936 per
1667 3869 1944 3924 virtutem
1988 3864 2431 3938 particularem,
2463 3880 2597 3939 quae
2626 3872 2722 3925 est
2740 3880 2811 3927 iti

371 3933 623 4003 semine,
655 3934 814 3991 sicut
840 3933 904 3990 in
955 3933 1328 4007 syllogismis
1354 3934 1546 3993 virtus
1570 3935 2004 4007 propositionis
2041 3935 2402 3996 universalis
2447 3935 2809 4001 determina-

367 4005 468 4059 tur
495 4007 570 4062 ad
603 4003 1056 4062 conclusionem
1093 4003 1512 4076 particularem
1554 4019 1663 4077 per
1687 4006 2162 4079 assumptionem
2206 4007 2659 4079 particularem
2682 4008 2807 4067 alio

367 4072 549 4130 modo
575 4087 681 4144 per
706 4074 1095 4145 intellectum,
1125 4075 1228 4147 qui
1273 4074 1725 4137 determinatam
1755 4077 2010 4137 formam
2050 4091 2090 4135 a
2130 4077 2465 4149 prehendit,
2494 4082 2555 4137 et
2575 4078 2805 4139 camin

369 4138 648 4200 effectum
675 4143 970 4214 producit.
995 4144 1244 4203 Divinus
1272 4150 1470 4204 autem
1495 4146 1840 4206 intellectus
1868 4161 1994 4205 non
2016 4160 2088 4205 so
2116 4161 2218 4206 um
2237 4153 2332 4207 est
2352 4148 2804 4222 cognoscitivus

367 4223 496 4269 suae
525 4214 822 4294 essentia»,
844 4229 986 4296 ‚quae
1032 4219 1126 4274 est
1150 4216 1325 4289 quasi
1364 4217 1726 4278 universalis
1752 4218 1943 4277 virtus
1983 4216 2178 4277 activa
2198 4260 2215 4288 ,
2246 4232 2442 4293 neque
2464 4219 2644 4278 etiam
2674 4225 2805 4279 tan-

365 4285 497 4363 tum
532 4284 963 4343 universalium
1017 4291 1076 4344 et
1127 4287 1452 4358 primarum
1500 4301 1841 4359 causarum,
1867 4288 1973 4347 sed
2017 4289 2288 4347 omnium
2326 4290 2799 4361 particularium,

367 4356 528 4409 sicut
579 4367 686 4424 per
731 4356 1071 4425 supradicta
1099 4356 1249 4429 (cap.
1268 4357 1362 4430 76)
1411 4363 1594 4429 patet.
1624 4360 1830 4418 Potest
1868 4359 2056 4432 igitur
2098 4359 2427 4431 producere
2461 4360 2803 4423 immediate

368 4433 608 4481 omnem
636 4421 934 4498 effectum,
961 4439 1138 4498 quem
1161 4428 1440 4501 producit
1460 4429 1884 4503 quodcumque
1901 4429 2260 4507 particulare
2287 4443 2496 4505 agens.
