3076 5025
326 280 434 337 232
1174 272 1309 327 ΠΒ.
1347 274 1423 340 11,
1461 271 1616 327 CAP.
1657 270 1917 327 Lxxxvl.

397 396 515 455 Sed
541 393 875 454 similitudo
917 392 1200 465 praedicta
1244 406 1364 450 non
1410 391 1676 450 ostendit
1725 391 1987 449 animam
2035 389 2301 448 hominis
2351 404 2488 449 esse
2518 389 2754 464 aliquid

323 466 682 529 substantiae
711 465 947 531 divinoe,
977 477 1162 536 quum
1189 462 1671 535 inintelligendo
1700 461 1998 520 desectum
2023 461 2432 533 multipliciter
2460 462 2753 533 patiatur3

326 537 489 612 quod
516 537 589 595 de
613 538 737 594 Deo
762 534 878 593 dici
905 546 1027 592 non
1057 539 1272 606 potest.
1318 533 1483 591 Unde
1526 533 1654 591 haec
1702 531 2035 591 similitudo
2078 532 2273 604 magis
2313 538 2402 589 est
2433 531 2756 590 indicativa

326 607 641 681 cujusdam
696 605 1054 678 imperfectae
1106 604 1390 676 imaginis
1445 617 1626 677 quam
1679 602 1936 675 alicujus
1979 601 2534 671 substantialitatis3
2594 602 2754 675 quod

325 681 508 738 etiam
540 677 843 748 Scriptura
867 675 1084 744 innuit,
1111 688 1295 747 quum
1342 670 1488 731 dicit
1527 674 1605 732 ad
1645 673 1970 746 imaginem
2013 673 2113 731 Dei
2155 673 2461 754 hominem
2507 673 2754 733 sactum.

326 748 495 807 Unde
517 753 576 806 et
605 749 703 804 ins
748 747 922 805 iratio
951 745 1234 817 praedicta
1261 758 1614 816 processum
1660 744 1796 802 vitae
1823 758 1857 801 a
1905 746 2027 801 Deo
2075 745 2136 801 in
2179 744 2509 812 hominem,
2536 756 2754 802 secun·

327 819 470 878 dum
498 832 676 891 quam
722 830 816 875 am
845 815 1322 884 similitudinem,
1354 814 1745 880 demonstrat,
1777 827 1902 872 non
1929 813 2260 873 secundum
2292 814 2582 873 unitatem
2612 813 2754 873 sub·

329 890 598 958 stantiae3
666 892 865 959 ropter
891 885 1051 959 quod
1082 891 1140 943 et
1168 886 1229 942 in
1261 885 1476 943 faciem
1502 884 1751 957 spiritus
1780 885 1914 943 vitae
1950 884 2170 942 dicitur
2207 884 2556 956 inspiratus,
2590 885 2754 957 quia,

372 972 516 1017 uum
544 959 609 1016 in
683 972 753 1016 ac
779 963 946 1030 parte
975 957 1248 1028 corporis
1275 957 1399 1014 sint
1444 955 1707 1029 plurium
1752 968 2042 1014 sensuum
2086 968 2315 1027 organa
2364 956 2501 1024 sita,
2528 955 2593 1013 in
2622 956 2759 1037 ipsa

356 1030 485 1087 acie
514 1028 852 1087 evidentius
895 1027 1018 1085 vita
1059 1031 1445 1084 monstratur.
1489 1027 1588 1084 Sic
1628 1026 1812 1099 igitur
1854 1027 2013 1084 Deus
2057 1026 2391 1097 inspirasse
2436 1026 2502 1083 in
2543 1025 2767 1084 faciem·

328 1099 599 1158 hominis
627 1097 995 1170 spiraculum
1033 1098 1168 1154 vitae
1198 1097 1436 1165 dicitur,
1465 1096 1610 1170 quia
1656 1096 1934 1168 spiritum
1975 1096 2113 1153 vitae
2140 1095 2373 1154 homini
2401 1094 2604 1177 dedit,
2635 1108 2761 1155 non

330 1184 466 1227 eum
500 1184 571 1226 ex
596 1183 710 1228 sua
750 1168 1091 1227 substantia
1135 1167 1496 1236 decidendo;
1538 1181 1679 1225 nam
1725 1170 1783 1224 et
1823 1166 1925 1240 qui
1973 1167 2366 1238 corporaliter
2397 1165 2670 1225 insumat
2697 1166 2759 1225 in

331 1240 544 1299 faciem
576 1239 833 1312 alicujus
861 1238 1045 1311 (unde
1070 1238 1306 1297 videtur
1352 1243 1596 1310 sumpta
1631 1251 1768 1296 esse
1814 1235 2182 1311 metaphora)
2214 1251 2412 1295 aerem
2451 1236 2517 1294 in
2544 1236 2761 1297 faciem

329 1310 472 1454 fjtus(
477 1310 769 1439 1impellit,
799 1323 923 1438 ngr
951 1308 1442 1452 gutteni›aliquam
1472 1321 1600 1369 suae
1628 1307 1981 1368 substantiae
2004 1312 2231 1380 partem
2261 1308 2325 1367 in
2359 1307 2559 1381 ipsum
2588 1308 2762 1369 emit·

357 1397 425 1439 i.
519 1397 693 1453 par„
731 1396 791 1453 q.
906 1421 922 1450 ,
1045 1421 1060 1436 .
1131 1420 1145 1436 .

1241 1599 1497 1665 CAPUT
1535 1599 1853 1665 Lxxxvl.

711 1777 865 1832 0801)
898 1779 1091 1831 amm
1126 1779 1377 1826 numa
1412 1779 1533 1825 NON
1568 1778 1959 1826 manuum
1993 1778 2114 1825 clm
2148 1776 2386 1824 suumn.

409 1945 492 2001 Ex
525 1941 860 2023 praemissis
888 1946 1084 2023 autem
1116 1941 1352 2023 ostend-i
1395 1946 1592 2013 potest
1631 1941 1794 2022 quod
1818 1941 2020 2001 anima
2046 1940 2312 2000 humana
2350 1953 2475 2001 non
2501 1940 2764 2001 traduci·

341 2019 441 2071 tur
464 2026 600 2070 cum
626 2026 879 2082 semine,
909 2026 1080 2086 quasi
1107 2026 1214 2084 per
1241 2017 1464 2070 coitum
1495 2017 1811 2073 seminata.

409 2084 932 2155 Quorumcumque
961 2084 1121 2141 enim
1149 2083 1578 2154 principiorum
1609 2082 1990 2154 operationes
2009 2094 2132 2140 non
2172 2086 2428 2164 possunt
2454 2095 2596 2140 esse
2621 2081 2757 2140 sine

338 2167 612 2225 corpore,
643 2167 755 2212 nec
783 2166 991 2212 eorum
1021 2153 1257 2211 initium
1289 2153 1419 2211 sine
1448 2166 1698 2225 corpore
1721 2166 1857 2212 esse
1881 2157 2108 2224 potest;
2140 2166 2230 2211 sic
2257 2152 2415 2210 enim
2448 2166 2546 2211 res
2578 2151 2758 2211 habet

337 2237 475 2283 esse
505 2224 662 2282 siout
688 2229 745 2281 et
773 2230 1070 2294 operatur,
1103 2238 1286 2296 quum
1311 2224 1786 2305 unumquodque
1811 2227 2089 2294 operetur
2107 2224 2484 2304 inquantum
2506 2227 2599 2281 est
2628 2235 2757 2282 ens.

339 2297 384 2353 E
412 2295 713 2353 contrario
735 2307 898 2365 vero,
935 2308 1190 2366 quorum
1236 2294 1666 2366 principiorum
1712 2294 2093 2366 operationes
2135 2307 2269 2350 sine
2314 2306 2564 2364 corpore
2598 2298 2759 2362 sunt,

338 2365 651 2437 generatio
697 2378 906 2423 eorum
951 2378 1077 2423 non
1123 2370 1215 2423 est
1255 2377 1360 2436 per
1400 2366 1848 2437 generationem
1896 2363 2186 2436 corporis.
2235 2363 2514 2436 Operatio
2561 2368 2759 2423 autem

340 2435 557 2495 animai
584 2435 880 2494 nutritivae
906 2440 965 2493 et
993 2435 1293 2494 sensitivae
1338 2447 1462 2494 non
1504 2440 1703 2507 potest
1730 2447 1866 2494 esse
1895 2435 2028 2493 sine
2069 2447 2340 2506 corpore,
2390 2438 2457 2494 ut
2497 2448 2572 2493 ex
2614 2447 2756 2506 prae·

338 2505 550 2566 missis
581 2504 656 2579 (c.
687 2510 752 2564 57
783 2510 839 2564 et
869 2505 958 2579 68)
983 2511 1171 2578 patet;
1198 2506 1466 2579 operatio
1496 2510 1694 2566 autem
1721 2505 1936 2565 animae
1966 2504 2341 2564 intellectivae
2379 2517 2505 2565 non
2544 2503 2611 2563 fit
2651 2519 2756 2587 per

338 2589 633 2650 organum
662 2591 1013 2649 corporeum
1042 2582 1108 2635 ut
1132 2591 1315 2649 supra
1344 2576 1416 2649 (c.
1448 2576 1536 2649 69)
1569 2577 1839 2637 habitum
1867 2581 1979 2636 est.
2008 2577 2196 2650 Igitur
2232 2576 2436 2636 anima
2472 2576 2756 2658 nutritiva

338 2651 401 2705 et
438 2648 725 2706 sensitiva
762 2661 867 2719 per
904 2648 1350 2720 generationem
1396 2648 1671 2720 corporis
1711 2652 2093 2721 generantur,
2136 2660 2261 2705 non
2303 2653 2503 2706 autem
2554 2659 2756 2705 anima

337 2715 722 2776 intellectiva.
754 2717 867 2776 Sed
893 2717 1187 2778 traductio
1228 2717 1481 2778 seminis
1508 2718 1585 2778 ad
1626 2718 1898 2790 corporis
1935 2719 2382 2791 generationem
2421 2715 2754 2776 ordinatur.

340 2788 528 2862 Igitur
556 2789 758 2846 anima
785 2789 1068 2846 nutritiva
1095 2794 1154 2846 et
1188 2788 1478 2847 sensitiva
1503 2803 1641 2848 esse
1677 2789 1974 2860 incipiunt
2000 2803 2107 2860 per
2145 2788 2398 2847 seminis
2426 2787 2751 2847 traductio-

339 2872 502 2924 nem,
537 2872 658 2917 non
688 2863 884 2916 autem
915 2858 1294 2917 intellectiva.

407 2929 627 2993 Adhuc,
657 2930 710 2987 si
734 2928 936 2986 anima
961 2929 1224 2988 humana
1240 2944 1351 3010 per
1374 2929 1809 2989 traductionem
1838 2929 2090 2988 seminis
2118 2943 2254 2988 esse
2294 2929 2606 3001 inciperet,
2637 2929 2753 2989 hoc

337 3012 463 3057 non
488 3003 694 3070 posset
718 3012 854 3057 esse
884 2999 1002 3056 nisi
1031 2998 1348 3071 dupliciter
1380 3014 1540 3058 :uno
1586 2999 1788 3071 mod0,
1818 3005 1886 3058 ut
1911 3000 2342 3071 intelligeretur
2383 3014 2520 3059 esse
2549 3000 2612 3058 in
2655 3014 2750 3058 se-

339 3068 502 3128 mine
531 3075 688 3138 actu,
718 3069 891 3141 quasi
919 3083 1025 3141 per
1050 3070 1330 3128 accidens
1368 3070 1563 3129 divisa
1589 3070 1664 3128 ab
1706 3070 1908 3130 anima
1951 3070 2294 3143 generantis
2337 3069 2497 3130 sicut
2543 3083 2751 3130 semen

340 3139 625 3197 dividitur
669 3153 706 3198 a
747 3151 1016 3209 corpore,
1063 3144 1131 3197 ut
1170 3139 1441 3199 videmus
1484 3141 1545 3198 in
1595 3140 1957 3200 animalibus
1993 3140 2312 3199 annulosis
2367 3155 2499 3214 quae
2552 3139 2751 3200 decisa

339 3209 567 3279 vivunt,
599 3209 661 3266 in
680 3209 901 3282 quibus
930 3215 1021 3268 est
1047 3210 1248 3270 anima
1276 3224 1399 3269 una
1427 3210 1492 3268 in
1520 3217 1654 3270 actu
1678 3217 1737 3269 et
1764 3212 1966 3271 multae
2008 3212 2073 3269 in
2104 3211 2389 3282 potentia,
2420 3211 2615 3270 diviso
2646 3225 2750 3269 au·

338 3286 461 3339 tem
491 3293 739 3352 corpore
765 3279 1044 3339 animalis
1088 3280 1375 3352 praedicti,
1407 3281 1470 3340 in
1508 3281 1775 3354 qualibet
1812 3287 1979 3354 parte
2021 3282 2257 3340 vivente
2299 3281 2511 3352 incipit
2553 3281 2756 3340 anima

339 3364 481 3433 esse
506 3350 568 3407 in
592 3356 761 3430 actu3
792 3350 913 3431 alio
940 3350 1231 3434 mod0,·ut
1259 3352 1629 3433 intelligatur
1655 3353 1717 3411 in
1749 3353 1978 3411 semine
2024 3366 2159 3411 esse
2186 3352 2375 3411 virtus
2405 3351 2751 3423 productiva

340 3433 557 3479 animae
587 3420 981 3490 intellectivae,
1014 3427 1080 3479 ut
1105 3435 1195 3480 stc
1222 3422 1424 3481 anima
1451 3423 1814 3483 intellectiva
1836 3428 2093 3495 ponatur
2130 3422 2195 3481 in
2239 3424 2489 3493 semine,
2517 3423 2752 3494 virtute,

339 3491 449 3550 sed
477 3504 599 3549 non
637 3496 794 3549 actu.
828 3492 1092 3550 Primum
1139 3498 1336 3551 autern
1402 3494 1616 3552 horum
1669 3498 1760 3553 est
1806 3493 2181 3566 impossibile
2226 3493 2448 3566 duplici
2498 3494 2749 3552 ratione.

342 3561 562 3630 Prim0,
600 3562 762 3634 quia,
811 3576 999 3643 quum
1047 3563 1249 3622 anima
1293 3564 1655 3622 intellectiva
1696 3564 1777 3622 sit
1820 3564 2258 3636 perfectissima
2309 3563 2644 3622 animarum
2696 3570 2755 3622 et

337 3633 613 3712 niaximae
647 3632 902 3702 virtutis,
933 3633 1063 3705 ejus
1087 3633 1396 3715 proprium
1428 3633 1794 3706 perfectibile
1824 3640 1917 3694 est
1956 3648 2176 3707 corpus
2213 3635 2443 3693 habens
2475 3647 2752 3717 magnam

336 3701 739 3784 diversitatem
783 3703 848 3761 in
892 3716 1136 3776 organis
1178 3718 1284 3776 per
1324 3720 1455 3778 quae
1476 3708 1754 3834 <fossum
1790 3705 2154 3777 multiplices
2198 3705 2330 3764 e’us
2373 3710 2753 3777 operationes

339 3773 598 3852 expleta
629 3773 787 3854 unde
813 3785 933 3831 non
966 3779 1162 3845 potest
1190 3788 1326 3833 esse
1352 3789 1471 3849 quo
1560 3774 1665 3834 fiat
1690 3779 1826 3834 actu
1853 3775 1919 3833 in
1965 3776 2194 3835 semine
2262 3775 2448 3844 eciso,
2473 3775 2619 3847 quia
2644 3788 2757 3835 nec

338 3847 522 3924 etiam
552 3857 769 3903 animae
798 3844 1107 3903 brutorum
1138 3845 1534 3917 pei-sectorum
1558 3859 1665 3918 per
1681 3845 2050 3906 decisionem
2069 3845 2558 3919 multiplicantur,
2579 3850 2756 3918 prout

338 3915 638 3984 contingit
665 3915 727 3972 in
758 3914 1119 3974 animalibus
1145 3916 1480 3975 annulosis.
1523 3916 1799 3976 Secundo
1856 3917 2019 3992 quia,
2048 3930 2235 3990 quum
2263 3915 2626 3981 intellectus,
2652 3917 2756 3990 qui

237 4013 262 4035 .·
337 3987 435 4041 est
454 3995 693 4054 propria
722 3989 782 4043 et
804 3986 1153 4058 principalis
1179 3985 1369 4045 virtus
1405 3986 1623 4045 animae
1653 3959 2046 4056 intellectivae,
2078 4001 2200 4047 non
2222 3987 2304 4045 sit
2330 3986 2588 4060 alicujus
2616 4000 2751 4060 par-

243 4065 249 4072 ·
337 4051 422 4110 tis
465 4055 735 4124 corporis
770 4059 962 4127 actus,
1010 4069 1132 4114 non
1177 4062 1371 4127 potest
1419 4056 1601 4115 dividi
1645 4072 1754 4130 per
1795 4057 2076 4117 accidens
2111 4056 2443 4117 secundum
2475 4057 2749 4130 corporis

338 4121 730 4203 divisionem
758 4125 916 4206 unde
946 4140 1058 4185 nec
1083 4125 1284 4185 anima
1311 4127 1690 4186 intellectiva.
1740 4128 2077 4187 Secundum
2123 4129 2303 4187 etiam
2348 4132 2439 4187 est
2468 4128 2750 4210 impossi-

336 4191 480 4250 bile.
513 4194 711 4252 Virtus
738 4208 897 4254 enim
919 4197 1109 4256 activa
1132 4211 1262 4270 quae
1291 4198 1472 4255 estin
1501 4199 1735 4260 semine
1749 4198 1876 4272 agit
1895 4197 1966 4257 ad
1989 4199 2438 4271 generationem
2466 4198 2749 4258 animalis

337 4266 795 4343 transmutando
823 4279 1070 4347 corpus3
1101 4280 1220 4326 non
1261 4268 1421 4326 enim
1469 4269 1642 4327 aliter
1686 4282 1861 4342 agere
1907 4275 2105 4341 potest
2143 4270 2334 4328 virtus
2371 4283 2507 4343 quae
2547 4274 2643 4329 est
2686 4268 2752 4327 in

336 4339 606 4392 materia.
636 4333 749 4391 Sed
769 4347 976 4418 omnis·
994 4338 1188 4397 forma
1213 4352 1344 4411 quae
1365 4338 1576 4410 incipit
1602 4352 1737 4399 esse
1764 4353 1871 4411 per
1893 4339 2454 4399 transmutationem
2483 4338 2751 4399 materia

336 4403 520 4466 habet
543 4417 681 4465 esse
710 4418 748 4464 a
771 4409 1019 4467 materia
1045 4408 1418 4483 dependens;
1445 4411 1866 4473 transmutatio
1886 4411 2047 4473 enim
2075 4410 2338 4473 materiae
2366 4409 2598 4503 reducit
2614 4421 2747 4474 eam
