3076 5025
1165 341 1298 399 Lm.
1338 343 1435 409 111,
1478 342 1629 397 CAP.
1670 341 1816 397 va.
2601 343 2700 399 341

261 468 545 528 humanae
571 479 708 524 esse
738 465 1001 538 aliquam
1029 479 1137 536 per
1177 478 1242 522 se
1271 477 1515 521 causam
1547 470 1858 535 agentem3
1889 463 2049 537 quod
2101 462 2295 535 ipsius
2345 465 2705 536 compositio

263 537 549 608 ostendit,
578 543 635 594 et
663 535 962 593 ordinatio
999 534 1279 606 partium,
1310 550 1441 607 quae
1489 536 1699 591 eodem
1748 535 1928 592 modo
1973 534 2246 591 sehabet
2292 534 2357 591 in
2399 535 2704 605 omnibuS,

261 609 385 667 nisi
417 622 522 680 per
571 607 850 665 accidens
902 606 982 663 im
1028 605 1277 663 ediatur.
1332 608 1395 661 Et
1426 604 1631 662 eadem
1676 605 1827 661 ratio
1854 609 1943 662 est
1972 604 2045 662 de
2092 605 2374 662 omnibus
2404 606 2539 663 aliis
2570 620 2704 677 spe-

264 679 477 739 ciebus
523 692 722 735 rerum
776 677 1157 733 naturaium.
1195 679 1328 733 Haec
1358 682 1554 733 autem
1584 690 1769 733 causa
1813 682 1905 732 est
1951 676 2245 744 DeuS‚vel
2292 676 2569 745 mediate,
2610 677 2703 734 vel

265 749 631 809 immediate.
673 750 994 807 ostensum
1019 755 1112 805 est
1133 747 1295 804 enim
1317 746 1439 818 (lib.
1461 760 1525 815 ii,
1547 761 1675 817 cap.
1703 746 1757 818 6)
1783 745 1977 819 quodi
2024 759 2089 804 se
2111 751 2203 804 est
2224 747 2415 817 prima
2435 748 2705 805 omnium

264 834 467 879 rerum
512 831 743 878 causa:
788 823 1021 889 oportet
1061 831 1205 890 ergo
1252 817 1413 890 quod
1444 817 1575 899 ipse
1605 830 1671 874 se
1716 817 1829 874 hoc
1874 830 1973 874 mo
2018 829 2054 873 o
2098 816 2313 874 babeat
2357 818 2429 875 ad
2474 818 2707 889 species

267 905 491 960 rerum,
521 890 679 949 sicut
707 902 775 946 se
802 888 980 946 habet
1009 888 1124 946 hoc
1152 901 1449 961 generans
1475 902 1534 943 in
1569 892 1780 944 natura
1806 887 1879 945 ad
1919 888 2364 960 generationem
2391 888 2564 959 cujus
2612 892 2704 947 est

266 976 378 1034 per
422 976 488 1019 36
534 973 738 1018 causa.
788 958 1101 1018 Generatio
1144 963 1344 1016 autem
1394 964 1593 1016 cessat
1639 964 1914 1016 cessante
1942 957 2289 1029 operatione
2338 959 2702 1029 generantis,

270 1035 426 1114 Ergo
484 1035 544 1089 et
595 1042 807 1090 omnes
863 1030 1120 1102 species-
1146 1043 1341 1111 rerum
1400 1034 1728 1095 cessarent,
1764 1035 2038 1109 cessante
2088 1028 2434 1100 operatione
2482 1029 2701 1087 divina.

269 1105 463 1175 Igitur
483 1101 613 1173 ipse
641 1115 748 1172 per
771 1114 942 1158 suam
972 1105 1378 1170 operationem
1409 1105 1723 1157 conservat
1748 1113 1843 1157 res
1873 1112 1936 1156 in
1967 1112 2122 1158 esse.

343 1172 560 1241 Adhuc,
585 1172 724 1229 licet
742 1170 921 1229 alicui
952 1171 1228 1228 existenti
1258 1170 1488 1228 accidat
1517 1175 1738 1239 motuS,
1767 1176 1968 1228 tamen
1993 1175 2193 1230 motus
2214 1175 2307 1229 est
2332 1176 2544 1243 praeter
2571 1183 2709 1229 6336

269 1244 384 1302 rei.
419 1243 654 1300 Nullum
693 1247 893 1299 autem
940 1254 1292 1312 corporeum
1336 1246 1427 1299 est
1472 1253 1658 1298 causa
1693 1241 1948 1312 alicujus
1994 1240 2104 1311 rei,
2149 1241 2268 1298 nisi
2311 1240 2374 1299 in
2416 1246 2708 1314 quantum

275 1319 566 1381 movetur,
601 1313 744 1386 quia
771 1311 1003 1369 nullum
1028 1326 1248 1383 corpus
1277 1311 1401 1384 agit
1448 1311 1568 1369 nisi
1612 1325 1719 1383 per
1746 1318 1996 1380 motum,
2033 1317 2099 1369 ut
2124 1312 2472 1371 Aristoteles
2499 1312 2712 1384 probat

275 1383 503 1457 (Phys,
540 1397 584 1452 1,
611 1388 751 1441 text.
792 1396 1011 1440 comm.
1042 1385 1111 1440 95
1142 1387 1199 1439 et
1227 1380 1399 1455 seq.).
1435 1382 1673 1440 Nullum
1704 1382 1888 1455 igitur
1937 1396 2157 1456 corpus
2204 1389 2297 1440 est
2334 1397 2519 1442 causa
2572 1395 2709 1441 esse

274 1454 533 1528 alicujus
578 1454 664 1510 rei
694 1455 756 1510 in
827 1457 1071 1511 uantum
1114 1457 1206 1511 est
1241 1466 1397 1522 esse,
1421 1452 1527 1511 sed
1565 1459 1657 1510 est
1681 1465 1866 1510 causa
1888 1452 2040 1523 ejuS,
2069 1453 2227 1526 quod
2268 1458 2360 1512 est
2379 1455 2604 1513 moveri
2633 1453 2710 1514 ad

276 1538 435 1595 esse,
474 1523 636 1597 quod
664 1529 758 1582 est
841 1523 926 1580 eri
956 1524 1064 1580 rei.
1096 1525 1241 1581 Esse
1284 1527 1482 1581 autem
1528 1523 1850 1595 cuiuslibet
1876 1523 1961 1582 rei
1991 1530 2240 1582 estesse
2268 1524 2685 1606 participatum

277 1609 415 1655 cum
446 1607 569 1652 nou
598 1593 679 1652 sit
700 1608 799 1652 res
818 1594 1040 1666 aliqua,
1061 1599 1275 1665 praeter
1301 1596 1507 1660 Deum,
1540 1606 1717 1652 suum
1747 1607 1903 1663 esse,
1927 1600 1993 1652 ut
2022 1607 2204 1665 supra
2228 1595 2352 1667 (lib.
2382 1610 2425 1666 ι,
2456 1609 2587 1666 cap.
2617 1566 2710 1668 225

276 1666 590 1739 probatum
624 1672 735 1734 est,
763 1670 819 1722 et
849 1664 938 1723 sic
963 1668 1196 1736 oportet
1220 1664 1379 1737 quod
1409 1664 1540 1745 ipse
1562 1666 1742 1733 neue,
1775 1664 1878 1738 qui
1905 1669 1997 1723 est
2025 1678 2202 1723 suum
2223 1679 2379 1736 esse,
2411 1666 2491 1725 sit
2516 1666 2711 1737 primo

277 1741 340 1795 et
378 1751 485 1818 per
527 1749 594 1793 se
621 1749 808 1794 causa
836 1735 1036 1793 omnis
1064 1749 1220 1793 esse.
1251 1735 1349 1793 Sic
1378 1735 1564 1808 igitur
1591 1750 1657 1793 se
1688 1735 1866 1794 habet
1913 1736 1989 1794 ad
2020 1749 2155 1794 esse
2201 1750 2398 1795 rerum
2443 1738 2712 1808 operatio

279 1807 502 1876 divina,
534 1807 694 1865 sicut
719 1806 909 1863 motio
930 1807 1199 1876 corporis
1228 1805 1525 1865 moventis
1557 1805 1631 1864 ad
1659 1805 1808 1875 ficri,
1842 1811 1901 1864 et
1937 1806 2162 1864 moveri
2192 1821 2389 1866 rerum
2420 1807 2711 1866 factarum

279 1878 373 1937 vel
403 1883 720 1936 motarum.
766 1876 1144 1948 Impossibile
1174 1882 1372 1934 autem
1407 1882 1501 1935 est
1588 1877 1705 1934 uod
1749 1876 1874 1936 sieri
1936 1876 2029 1934 vel
2076 1878 2298 1935 moveri
2329 1878 2585 1950 alicujus
2624 1878 2712 1937 rei

280 1953 520 2030 maneat
567 1954 842 2006 cessante
875 1947 1142 2029 motio-ne
1188 1948 1515 2029 moventis..
1589 1919 1939 2028 inpossibile
1992 1952 2084 2005 est
2132 1948 2319 2022 igitur
2370 1949 2529 2022 quod
2577 1961 2713 2008 esse

279 2020 536 2090 alicujus
564 2019 648 2077 rei
680 2023 985 2075 remaneat
1011 2018 1130 2076 nisi
1159 2032 1264 2088 per
1292 2023 1697 2088 operationem
1721 2017 2004 2076 divinam.

349 2090 628 2161 Amplius,
660 2089 818 2146 sicut
870 2102 1024 2159 opus
1052 2088 1197 2146 artis
1229 2089 1638 2160 praesupponit
1678 2102 1831 2159 opus
1879 2095 2127 2171 naturae,
2167 2090 2251 2149 ita
2278 2104 2433 2162 opus
2485 2096 2712 2151 naturae

279 2159 689 2241 praesupponit
716 2171 869 2230 opus
917 2159 1020 2217 Dei
1049 2159 1328 2218 creantis.
1377 2162 1522 2216 Nam
1552 2159 1801 2217 materia
1829 2158 2230 2219 artificialium
2276 2166 2370 2222 est
2396 2176 2433 2220 a
2474 2167 2711 2233 natura,

279 2230 644 2290 naturalium
664 2243 805 2287 vero
842 2243 949 2300 per
974 2230 1336 2288 creationem
1357 2242 1394 2287 a
1422 2231 1565 2287 Deo.
1594 2229 1938 2288 Artificialia
1962 2235 2159 2288 autem
2189 2238 2621 2292 conservantur
2647 2232 2716 2291 in

277 2315 419 2361 esse
446 2301 663 2359 virtute
713 2299 1096 2370 naturalium,
1146 2299 1305 2358 sicut
1349 2298 1568 2359 domus
1614 2314 1720 2373 per
1766 2300 2127 2358 soliditatem
2172 2301 2457 2375 lapidum.
2502 2303 2717 2364 Omnia

279 2373 468 2446 igitur
493 2369 793 2430 naturalia
821 2383 940 2428 non
962 2375 1396 2429 conservantur
1419 2370 1482 2427 in
1507 2384 1667 2442 esse,
1695 2370 1814 2427 nisi
1845 2371 2061 2428 virtute
2084 2371 2209 2429 Dei.

349 2444 504 2510 Item,
534 2440 854 2514 impressio
877 2441 1111 2515 agentis
1140 2454 1264 2499 non
1290 2446 1559 2499 remanet
1586 2442 1649 2498 in
1670 2438 1885 2499 affectu
1906 2446 2181 2500 cessante
2200 2441 2436 2501 actione
2455 2443 2713 2517 agentiS,

282 2512 406 2574 nisi
446 2519 709 2572 vertatur
753 2511 815 2570 in
862 2517 1136 2571 naturam
1202 2508 1471 2571 effectus,
1523 2512 1751 2571 Formae
1804 2511 1965 2570 enim
2020 2517 2434 2584 generatorum
2474 2521 2532 2571 et
2579 2528 2717 2587 pro·

279 2586 565 2658 prietates
591 2585 862 2656 ipsorum
890 2596 1082 2657 usque
1111 2584 1177 2642 in
1205 2581 1387 2640 finem
1413 2585 1725 2641 remanent
1751 2582 1815 2640 in
1840 2582 1930 2640 eis
1958 2596 2064 2653 per
2127 2584 2553 2654 enerationem‚
2576 2586 2719 2658 quia

278 2655 626 2715 efficiuntur
665 2655 756 2712 eis
791 2653 1217 2734 naturales3Et
1246 2651 1526 2734 similiter
1575 2652 1815 2711 babitus
1840 2658 1984 2711 sunt
2020 2652 2078 2710 di
2149 2653 2262 2711 cile
2292 2653 2547 2713 mobiles
2576 2655 2720 2728 quia

279 2731 591 2785 vertuntur
635 2725 698 2782 in
730 2731 1021 2782 naturam.
1072 2726 1511 2795 Dispositiones
1541 2727 1749 2791 autem
1767 2727 1828 2781 et
1852 2723 2188 2794 passiones,
2224 2724 2349 2782 sive
2373 2727 2716 2797 corporales

282 2797 411 2856 sive
457 2796 769 2865 animales,
823 2798 1068 2853 manent
1105 2793 1545 2875 aliquantulum
1593 2800 1733 2865 post
1775 2794 2071 2852 actionem
2115 2795 2382 2867 agentis,
2435 2796 2538 2854 sed
2592 2810 2718 2855 non

281 2880 540 2940 semper,
585 2866 730 2940 quia
786 2865 996 2923 insunt
1051 2869 1117 2923 ut
1159 2864 1224 2921 in
1275 2877 1374 2921 via
1419 2864 1493 2922 ad
1541 2870 1834 2922 naturam.
1877 2864 2047 2934 Quod
2094 2869 2290 2924 autem
2333 2866 2586 2937 pertinet
2641 2867 2718 2928 ad

281 2945 557 2997 naturam
609 2936 940 3007 superioris
986 2935 1228 3008 generis
1276 2935 1445 2992 nullo
1492 2934 1673 2995 modo
1700 2939 1903 2993 manet
1953 2939 2089 3006 post
2132 2937 2428 2995 actionem
2458 2937 2715 3011 agentiS,

281 3010 443 3069 sicut
468 3008 672 3066 lumen
703 3020 823 3064 non
872 3011 1073 3064 manet
1112 3005 1174 3063 in
1205 3005 1504 3078 diapbano
1533 3005 1846 3064 recedente
1875 3005 2272 3064 illuminante.
2324 3009 2466 3067 Esse
2517 3013 2715 3067 autem

281 3092 410 3138 non
464 3084 557 3136 est
610 3083 843 3145 natura,
891 3077 985 3134 vel
1039 3075 1306 3135 essentia
1350 3076 1607 3148 alicujus
1654 3077 1739 3133 rei
1780 3080 2011 3145 creatae‚
2060 3077 2166 3135 sed
2220 3077 2414 3137 solius
2467 3080 2603 3148 Dei,
2652 3083 2719 3137 ut

279 3151 348 3208 in
376 3149 571 3223 primo
600 3147 750 3220 (cap.
778 3153 842 3205 21
879 3152 937 3205 et
972 3146 1063 3219 22)
1103 3152 1415 3227 ostensum
1455 3152 1566 3205 est.
1625 3146 1802 3205 Nulla
1850 3146 2037 3220 igitur
2062 3160 2160 3206 res
2186 3161 2496 3210 remanere
2520 3153 2720 3221 potest

281 3221 351 3280 in
379 3232 515 3277 6336
545 3224 821 3277 cessante
850 3218 1197 3289 operatione
1225 3216 1447 3276 divina.

353 3289 573 3354 Adhuc,
601 3289 762 3347 circa
797 3300 996 3347 rerum
1026 3287 1115 3346 ori
1166 3288 1320 3345 'nem
1342 3287 1560 3360 duplex
1581 3292 1674 3346 est
1700 3288 1942 3361 positio,
1979 3289 2107 3347 Una
2132 3286 2295 3359 fidei,
2326 3289 2487 3362 quod
2517 3302 2614 3348 res
2642 3289 2717 3349 de

281 3372 443 3420 novo
490 3360 712 3419 suerint
752 3373 787 3417 a
836 3361 959 3417 Deo
998 3372 1106 3429 pro
1153 3363 1300 3416 uctae
1343 3358 1405 3416 in
1452 3371 1612 3427 esse,
1656 3364 1712 3415 et
1757 3359 1980 3431 positio
2025 3360 2416 3429 quorumdam
2445 3359 2716 3431 philoso-

278 3431 561 3505 phorum,
592 3429 752 3503 quod
780 3443 877 3488 res
906 3444 942 3487 a
972 3430 1094 3487 Deo
1122 3428 1197 3487 ab
1229 3434 1452 3487 aeterno
1483 3427 1784 3486 fluxerint.
1811 3429 2149 3489 Secundum
2179 3437 2374 3489 autem
2406 3436 2718 3503 utramque

288 3501 679 3574 positionem,
710 3513 749 3558 o
791 3505 945 3558 ortet
969 3499 1165 3557 dicere
1196 3499 1354 3573 quod
1377 3511 1475 3557 res
1501 3504 1931 3558 conserventur
1958 3501 2022 3558 in
2068 3514 2203 3560 esse
2232 3515 2269 3559 a
2313 3503 2453 3559 Deo.
2492 3503 2638 3559 Nam
2665 3501 2721 3561 si

285 3585 389 3630 res
421 3585 458 3629 a
483 3572 606 3629 Deo
631 3583 739 3652 pro
784 3576 933 3629 uctae
961 3569 1191 3628 suntin
1220 3584 1356 3629 esse
1384 3575 1701 3643 postquam
1718 3583 1841 3629 non
1863 3570 2121 3639 ruerunt,
2147 3574 2379 3644 oportet
2404 3571 2564 3644 quod
2585 3584 2721 3633 esse

293 3655 497 3700 rerum
534 3641 796 3699 divinam
824 3640 1188 3700 voluntatem
1213 3646 1652 3714 consequatur;
1682 3646 1742 3698 et
1762 3641 2042 3699 similiter
2067 3654 2187 3699 non
2219 3655 2379 3713 esse,
2421 3641 2559 3715 quia
2589 3656 2722 3714 per-

285 3712 467 3771 misit
496 3724 594 3771 res
638 3724 764 3771 nou
793 3723 929 3770 esse
967 3710 1207 3784 quando
1233 3711 1441 3781 voluit,
1491 3716 1552 3769 et
1596 3709 1738 3770 fecit
1763 3725 1862 3771 res
1898 3725 2032 3770 esse
2064 3725 2197 3770 cum
2226 3712 2435 3771 voluit.
2476 3712 2723 3772 Tamdiu

289 3782 485 3855 igitur
519 3788 663 3841 sunt
687 3782 973 3856 quamdiu
1004 3795 1110 3841 eas
1138 3794 1272 3840 esse
1301 3781 1446 3839 vult.
1495 3782 1615 3840 Sua
1665 3782 1851 3855 igitur
1884 3782 2165 3841 voluntas
2201 3782 2605 3842 conservatrix
2631 3786 2725 3844 est

287 3864 523 3909 rerum.
554 3853 610 3911 Si
643 3858 839 3911 autem
870 3865 968 3911 res
998 3851 1072 3910 ab
1120 3857 1342 3910 aeterno
1371 3866 1408 3909 a
1433 3852 1557 3909 Deo
1583 3851 1961 3921 effluxerunt,
2007 3866 2129 3911 non
2171 3859 2264 3912 est
2312 3853 2451 3912 dare
2485 3857 2724 3925 tempus

289 3925 402 3979 aut
451 3922 682 3981 instans
724 3924 785 3981 in
831 3936 950 3996 quo
979 3923 1174 3995 primo
1203 3936 1240 3980 a
1268 3924 1388 3979 Deo
1431 3921 1807 3981 effluxerunt.
1836 3928 1953 3982 Aut
1990 3923 2176 3997 igitur
2211 3937 2514 3996 nunquam
2538 3939 2576 3983 a
2601 3927 2724 3987 Deo

295 3991 608 4074 productae
631 4000 792 4074 sunt,
817 3998 922 4052 aut
951 4007 1186 4074 semper
1214 4007 1250 4051 a
1277 3994 1398 4050 Deo
1427 4006 1564 4052 esse
1593 4006 1799 4052 eorum
1816 3995 2087 4067 procedit
2111 3995 2394 4067 quamdiu
2418 4001 2579 4055 sunt.
2605 3997 2726 4057 Sua

293 4067 487 4139 igitur
510 4070 856 4135 operatione
879 4078 979 4123 res
1007 4077 1068 4121 in
1099 4076 1234 4122 esse
1261 4068 1593 4122 conservat.

364 4134 512 4193 Hinc
534 4141 628 4192 est
646 4134 803 4216 quod
826 4134 1063 4203 dicitur,
1087 4134 1227 4192 Heb.
1270 4147 1314 4201 1,
1334 4137 1365 4191 3
1385 4152 1397 4190 :
1420 4135 1659 4190 Pei-tans
1686 4134 1868 4190 omnia
1878 4135 2038 4191 verbo
2055 4136 2278 4192 virtutis
2293 4149 2422 4196 suae.
2445 4138 2513 4195 Et
2533 4142 2724 4211 Augu·

285 4203 489 4287 stinus
511 4204 657 4263 dicit
677 4219 737 4285 ιιι
762 4210 973 4285 quarto
993 4204 1143 4276 (cap.
1171 4177 1257 4277 125
1277 4219 1440 4286 super
1462 4203 1592 4261 Gen.
1616 4203 1691 4285 ᾳά
1709 4206 1816 4285 litt.
1838 4222 1857 4259 ε
1879 4224 1912 4258 ιε
1934 4206 2227 4265 creatoris
2246 4218 2501 4281 namque
2522 4216 2725 4286 poten3

279 4281 388 4346 tia,
434 4280 495 4334 et
542 4280 972 4345 omnipotentis
1025 4279 1200 4347 atque
1252 4279 1680 4333 omnitenentis
1725 4278 1915 4334 virtus
1971 4288 2156 4335 causa
2208 4282 2302 4335 est
2352 4275 2720 4338 subsistendi

284 4346 452 4405 omni
486 4351 795 4425 creaturae²
826 4358 959 4417 quae
985 4345 1173 4403 virtus
1202 4343 1276 4403 ab
1306 4346 1396 4404 eis
1422 4359 1555 4417 quae
1595 4349 1794 4404 creata
1833 4349 1975 4403 sunt
2014 4346 2294 4420 regendis
2321 4348 2376 4409 si
2399 4347 2721 4421 aliquando

285 4420 576 4486 cessaret,
613 4416 892 4473 similiter
935 4426 1142 4473 eorum
1173 4420 1436 4475 cessaret
1453 4415 1716 4488 species,
1751 4415 2069 4490 omnisque
2108 4423 2322 4477 natura
2368 4418 2722 4478 consideret.

279 4488 513 4567 Neque,
530 4486 692 4547 sicut
717 4490 1076 4546 structuram
1104 4486 1325 4548 aedium
1353 4500 1490 4548 cum
1515 4486 1889 4547 fabricaverit
1914 4486 2074 4561 quis,
2104 4489 2390 4558 abscedit,
2412 4494 2586 4559 atque
2614 4483 2720 4541 illo
