3076 5025
401 249 473 304 24
1343 238 1479 295 tin.
1517 238 1568 308 1,
1603 237 1759 293 cAP.
1798 236 1903 293 xx.

474 366 667 424 Tertia
690 364 946 436 objectio
975 367 1110 422 est:
1141 361 1333 430 Quod,
1363 360 1417 419 si
1457 360 1774 431 cujuslibet
1803 371 2078 430 corporis
2106 357 2371 430 potentia
2406 357 2575 416 finita
2601 361 2715 426 est,
2760 363 2832 418 ut

406 440 468 497 in
493 436 774 508 praedicto
804 448 1092 506 processu
1121 432 1458 491 ostenditur
1487 430 1613 502 (per
1641 430 1965 501 potentiam
1992 434 2187 487 autem
2220 429 2449 488 finitam
2479 442 2597 487 non
2626 435 2830 501 potest

405 507 629 580 aliquid
662 507 874 564 durare
917 512 1181 575 tempore
1222 501 1503 572 infinito),
1559 502 1830 573 sequitur
1876 499 2036 572 quod
2086 500 2317 581 nullum
2365 513 2584 570 corpus
2631 500 2833 570 possit

406 578 619 636 durare
648 582 912 648 tempore
940 574 1177 632 infinito
1202 591 1219 643 ;
1249 578 1308 630 et
1335 573 1425 630 sic
1452 585 1674 644 corpus
1707 572 1952 630 coeleste
1981 570 2053 628 de
2081 576 2439 629 necessitate
2482 584 2830 643 corrumpe-

404 655 429 705 t
475 663 522 704 r.

433 664 559 776 uAd
590 719 705 776 hoc
732 723 927 775 autem
983 731 1022 774 a
1060 714 1416 788 quibusdam
1449 712 1845 784 respondetur
1896 729 1911 770 ε
1950 713 2122 782 Quod
2152 724 2372 783 corpus
2419 712 2682 781 coeleste,
2730 724 2829 793 se·

405 789 667 847 cundum
700 788 1022 858 potentiam
1053 799 1245 853 suam,
1281 789 1480 855 potest
1508 784 1759 848 deiicere
1791 802 1806 851 3
1838 782 1943 841 sed
1993 783 2442 855 perpetuitatem
2488 784 2829 842 durationis

407 859 662 931 acquirit
683 858 758 915 ab
803 857 944 921 alio,
994 856 1154 938 quod
1191 863 1283 912 est
1326 856 1602 926 potentias
1655 853 1921 911 infinitae.
1967 855 2035 910 Et
2076 854 2215 912 huic
2262 853 2550 911 solutioni
2594 853 2832 936 vid-etur

406 928 671 987 attestari
706 929 891 998 Plato,
924 941 1026 1001 qui
1053 927 1125 985 de
1155 926 1508 996 corporibus
1536 924 1883 982 coelestibus
1912 927 2096 1005 Deum
2127 923 2465 996 loquentem
2497 925 2730 982 inducit
2762 937 2828 981 in

408 1000 567 1057 hunc
598 999 884 1056 modum:
920 1017 949 1048 «
978 1000 1196 1055 Natura
1222 1002 1415 1053 vestra
1461 996 1609 1052 estis
1653 993 2053 1058 dissolubilia,
2096 995 2400 1052 voluntate
2448 1001 2642 1052 autem
2694 1008 2831 1053 mea

406 1070 854 1128 indissolubilia
884 1086 897 1125 z
930 1068 1069 1140 quia
1098 1067 1374 1124 voluntas
1400 1080 1532 1123 mea
1571 1065 1762 1136 major
1789 1071 1881 1122 est
1910 1078 2063 1122 nexu
2091 1072 2289 1124 vestro
2319 1086 2372 1122 ».
2417 1067 2578 1124 Hanc
2625 1072 2828 1146 autem

408 1141 770 1198 solutionem
796 1141 873 1196 im
921 1138 1091 1195 robat
1117 1139 1560 1194 commentator
1587 1136 1952 1208 (metaphys,
1982 1147 2089 1205 xii,
2119 1149 2336 1193 comm.
2358 1140 2448 1205 tl,
2480 1141 2539 1193 et
2564 1137 2827 1209 Physic„

404 1223 539 1277 vm,
570 1224 785 1268 comm.
814 1215 885 1266 79
917 1252 930 1266 .
961 1211 1104 1266 Nam
1134 1206 1509 1278 impossibile
1540 1212 1651 1274 est,
1681 1206 2012 1263 secundum
2040 1220 2197 1275 eum,
2228 1208 2387 1288 quod
2419 1207 2500 1276 id,
2577 1207 2694 1264 uod
2734 1211 2832 1265 est

408 1279 480 1337 de
510 1294 575 1338 se
604 1280 893 1351 possibile
923 1292 1045 1337 non
1076 1291 1231 1346 esse,
1259 1278 1524 1350 acquirat
1551 1277 2002 1358 perpetuitatem
2030 1277 2267 1335 essendi
2287 1277 2360 1335 ab
2386 1278 2529 1335 ali0.
2590 1277 2832 1358 equitur

407 1351 566 1407 enim
589 1350 749 1423 quod
777 1349 1161 1420 corruptibile
1191 1354 1519 1406 mutaretur
1548 1347 2102 1417 inincorruptibile,
2135 1347 2292 1420 quod
2323 1352 2416 1406 est
2451 1347 2830 1419 impossibile

407 1421 739 1479 secundum
760 1420 978 1500 ipsum.
1011 1420 1079 1475 Et
1107 1418 1242 1475 ideo
1272 1418 1481 1488 ipsein
1514 1418 1675 1475 hunc
1706 1417 1946 1497 modum
1991 1418 2308 1488 respondet
2340 1437 2353 1475 :
2383 1420 2543 1490 quod
2586 1419 2648 1476 in
2692 1431 2829 1477 cor-

450 1505 551 1548 ore
580 1492 831 1558 coelesti,
854 1488 1054 1547 omnis
1080 1489 1345 1559 potentia
1373 1502 1504 1560 quae
1538 1493 1649 1555 est,
1682 1486 1851 1544 finita
1876 1493 1986 1545 est.
2019 1490 2147 1546 Non
2179 1494 2377 1547 tamen
2408 1495 2640 1560 oportet
2663 1488 2832 1562 quod

406 1505 623 1618 {abeat
647 1573 884 1617 omnem
914 1561 1239 1630 potentiam
1272 1575 1287 1625 ς
1320 1565 1412 1615 est
1439 1557 1599 1614 enim
1630 1558 1692 1614 in
1721 1571 1971 1628 corpore
1993 1559 2241 1628 coelesti,
2287 1560 2613 1619 secundum
2662 1560 2831 1619 Aris-

406 1631 672 1699 totelem,
704 1631 768 1687 in
795 1635 1005 1689 octavo
1030 1629 1518 1699 Metapliysicorum
1548 1627 1708 1707 (teitt.
1740 1638 1956 1686 comm.
1990 1629 2100 1701 ¹2),
2132 1631 2397 1701 potentia
2443 1631 2516 1689 ad
2558 1632 2671 1702 ubi,
2716 1630 2832 1691 sed

408 1714 532 1759 non
562 1702 633 1758 ad
666 1716 795 1770 esse,
826 1706 884 1758 et
910 1699 999 1759 sic
1026 1713 1146 1757 non
1177 1706 1408 1768 oportet
1428 1699 1588 1771 quod
1621 1699 1766 1755 insit
1796 1700 1850 1755 ei
1883 1699 2148 1769 potentia
2175 1700 2247 1757 ad
2283 1714 2399 1760 non
2430 1716 2588 1760 esse.

479 1772 795 1829 Sciendum
823 1776 1018 1828 tamen
1050 1769 1208 1841 quod
1242 1770 1367 1827 haec
1397 1770 1713 1839 responsio
1730 1770 2223 1829 commentatoris
2240 1785 2359 1829 non
2381 1778 2473 1831 est
2492 1772 2804 1833 sufficiens

410 1842 573 1914 quia,
594 1842 648 1900 si
672 1842 843 1898 detur
870 1840 1027 1914 quod
1058 1840 1121 1897 in
1150 1853 1397 1920 corpore
1426 1839 1654 1896 coelesti
1686 1852 1806 1896 non
1835 1840 1917 1921 sit
1948 1840 2213 1911 potentia
2247 1843 2418 1914 quasi
2467 1845 2706 1915 passiva
2749 1816 2831 1903 ad

409 1925 567 1981 esse,
598 1926 731 1985 quae
754 1917 846 1969 est
873 1911 1137 1983 potentia
1165 1917 1447 1977 materiae,
1479 1914 1795 1967 esttamen
1829 1924 1892 1966 in
1922 1924 1994 1968 eo
2025 1913 2291 1982 potentia
2314 1914 2524 1984 activa,
2555 1929 2685 1987 quae
2732 1921 2831 1975 est

406 1983 597 2039 virtus
623 1981 884 2047 essendi,
915 1995 1050 2039 cum
1078 1996 1148 2038 ex
1193 1994 1356 2039 resse
1387 1980 1735 2038 Aristoteles
1761 1980 1917 2037 dicat
1939 1981 2003 2037 in
2024 1982 2217 2053 primo
2238 1984 2641 2041 Coetietmundi
2658 1985 2827 2057 (text.

405 2052 619 2123 20-23),
686 2053 802 2110 uod
832 2053 1047 2109 coelum
1073 1995 1249 2132 haget
1270 2051 1546 2108 virtutem
1568 2056 1634 2108 ut
1653 2051 1732 2108 sit
1756 2064 2009 2122 semper,
2035 2057 2095 2109 et
2112 2053 2246 2112 ideo
2269 2054 2483 2114 melius
2506 2056 2828 2116 dicendum

411 2129 503 2180 est
528 2137 646 2195 quo
694 2165 708 2191 ,
743 2137 925 2195 quum
954 2128 1220 2193 potentia
1255 2122 1485 2179 dicatur
1511 2121 1584 2179 ad
1617 2126 1836 2189 actum,
1864 2128 2095 2192 oportet
2135 2124 2402 2194 judicare
2444 2126 2516 2184 de
2558 2129 2831 2198 potentia

410 2193 741 2251 secundum
789 2193 1029 2251 modum
1071 2199 1258 2250 actus.
1290 2194 1482 2249 Motus
1511 2198 1730 2261 autem,
1771 2193 2098 2250 secundum
2130 2194 2225 2251 sui
2279 2196 2592 2267 rationem,
2641 2213 2830 2271 quan-

407 2264 637 2320 titatem
664 2262 835 2320 habet
867 2268 925 2321 et
946 2264 1366 2326 extentionem,
1402 2262 1558 2319 unde
1584 2262 1816 2320 duratio
1846 2262 1975 2333 ejus
2003 2263 2236 2323 infinita
2263 2268 2510 2339 requirit
2535 2269 2696 2342 quod
2723 2283 2829 2341 po·

404 2336 598 2391 tentia
627 2347 874 2392 movens
903 2334 982 2392 sit
1010 2332 1262 2391 infinita.
1292 2336 1435 2391 Esse
1461 2338 1658 2390 autem
1705 2346 1823 2391 non
1862 2333 2064 2414 ,habet
2109 2335 2368 2408 aliquam
2420 2341 2826 2400 extentionem

410 2404 789 2476 quantitatis,
822 2405 1115 2476 praecipue
1158 2404 1217 2460 in
1267 2418 1329 2460 re
1372 2403 1545 2473 cujus
1575 2417 1709 2461 esse
1739 2408 1827 2461 est
1858 2404 2225 2476 invariabile,
2259 2408 2415 2466 sicut
2440 2409 2656 2468 coelum
2691 2430 2706 2480 ;
2767 2417 2827 2469 et

407 2473 544 2533 ideo
575 2488 697 2533 non
724 2488 759 2532 o
804 2480 957 2533 ortet
984 2474 1144 2548 quod
1162 2474 1352 2533 virtus
1374 2473 1615 2532 essendi
1641 2474 1722 2533 sit
1751 2473 1982 2555 infinita
2012 2475 2073 2533 in
2096 2490 2343 2549 corpore
2369 2478 2558 2550 finito,
2593 2481 2733 2540 licet
2759 2483 2824 2542 in

407 2544 707 2602 infinitum
799 2551 944 2614 uret,
991 2546 1133 2618 quia
1162 2559 1283 2603 non
1329 2543 1527 2602 differt
1556 2545 1714 2617 quod
1740 2559 1845 2615 per
1872 2545 2034 2603 illam
2069 2548 2340 2606 virtutem
2383 2552 2606 2623 aliquid
2652 2553 2828 2612 duret

405 2616 467 2672 in
503 2629 621 2673 uno
639 2616 883 2674 instanti
898 2616 989 2674 vel
1019 2622 1282 2687 tempore
1304 2615 1559 2698 infinito,
1580 2628 1764 2690 quum
1796 2629 1930 2673 esse
1958 2616 2108 2675 illud
2127 2618 2475 2679 invariabile
2501 2635 2623 2681 non
2642 2625 2823 2684 attin·

406 2692 582 2757 gatur
605 2700 641 2743 a
662 2691 926 2758 tempore
953 2687 1072 2744 nisi
1102 2701 1206 2758 per
1235 2685 1534 2744 accidens,

479 2758 698 2824 Quarta
724 2757 979 2827 objectio
1010 2762 1099 2815 est
1127 2756 1199 2814 de
1232 2758 1383 2814 hoc:
1416 2756 1586 2825 Quod
1616 2771 1738 2816 non
1766 2757 1999 2816 videtur
2021 2772 2157 2819 esse
2186 2762 2614 2835 necessarium,
2657 2765 2819 2839 quod

405 2826 575 2891 illud,
607 2829 767 2899 quod
798 2834 992 2885 movet
1019 2833 1281 2897 tempore
1311 2826 1568 2894 infinite,
1619 2828 1834 2885 habeat
1873 2831 2197 2900 potentiam
2247 2832 2538 2892 infinitam
2588 2838 2650 2893 in
2698 2837 2821 2896 illis

404 2897 804 2966 moventibus,
831 2912 963 2969 quae
992 2897 1285 2954 movendo
1315 2910 1436 2954 non
1466 2899 1793 2954 alterantur
1823 2916 1839 2967 ;
1869 2901 2009 2979 quia
2047 2902 2186 2972 talis
2236 2910 2439 2963 motus
2483 2906 2632 2962 nibil
2672 2920 2819 2964 con·

406 2967 592 3024 sumit
636 2966 709 3024 de
735 2967 999 3038 potentia
1026 2979 1279 3035 eorum;
1330 2967 1485 3024 unde
1531 2981 1654 3025 non
1684 2968 1902 3025 minori
1952 2977 2216 3042 tempore
2263 2988 2499 3033 movere
2543 2984 2813 3048 possunt,

403 3040 719 3109 postquam
753 3037 955 3109 aliquo
984 3043 1247 3106 tempore
1276 3042 1613 3104 moverunt,
1643 3051 1820 3110 quam
1853 3045 1988 3097 ante
2016 3059 2030 3108 ;
2062 3042 2218 3099 sicut
2246 3046 2397 3103 solis
2426 3047 2609 3104 virtus
2646 3046 2817 3106 finita

406 3111 518 3175 est,
549 3113 630 3176 et,
656 3107 797 3178 quia
825 3107 888 3188 in
916 3106 1147 3188 agendo
1177 3107 1306 3188 ejus
1332 3108 1522 3165 virtus
1550 3110 1754 3181 activa,
1782 3122 1903 3165 non
1943 3111 2252 3184 minuitur,
2281 3115 2517 3175 infinito
2552 3124 2816 3190 tempore

407 3182 606 3249 potest
635 3193 669 3234 a
713 3191 811 3234 ere
841 3190 902 3234 in
934 3177 1059 3235 haec
1088 3177 1372 3235 inferiora
1399 3178 1730 3236 secundum
1758 3185 2051 3239 naturam.

475 3249 543 3303 Et
569 3248 644 3306 ad
697 3261 792 3305 ioc
822 3247 1110 3317 dicemus,
1140 3248 1298 3319 quod
1329 3262 1546 3320 corpus
1574 3263 1695 3307 non
1725 3257 1942 3322 movet,
1977 3252 2094 3311 nisi
2124 3260 2372 3326 motum,
2404 3264 2470 3316 ut
2505 3260 2818 3331 probatum

404 3323 499 3376 cst
528 3317 602 3390 (c.
634 3318 722 3387 13)
756 3336 772 3386 ;
803 3324 861 3375 et
888 3318 1044 3388 ideo,
1092 3318 1145 3376 si
1191 3319 1497 3392 contingat
1544 3333 1763 3391 corpus
1804 3322 2045 3393 aliquod
2092 3338 2212 3383 non
2259 3329 2502 3397 moveri,
2547 3332 2825 3403 sequitur

401 3388 599 3469 ipsum
630 3402 751 3469 non
783 3401 1037 3470 movere.
1071 3389 1137 3446 In
1166 3389 1329 3447 omni
1355 3396 1554 3447 autem
1580 3391 1740 3471 quod
1773 3399 2060 3463 movetur,
2090 3402 2182 3454 est
2209 3400 2471 3468 potentia
2516 3400 2587 3458 ad
2633 3415 2820 3473 oppo-

403 3464 539 3521 sita,
572 3474 713 3531 quia
741 3464 976 3516 termini
1008 3465 1208 3518 motus
1239 3466 1379 3518 sunt
1406 3462 1666 3532 oppositi
1700 3467 1788 3527 :et
1816 3462 1971 3533 ideo,
1999 3471 2283 3538 quantum
2302 3474 2393 3527 est
2421 3471 2492 3527 de
2521 3485 2608 3540 se,
2639 3486 2820 3531 omne

402 3541 621 3598 corpus
650 3529 809 3602 quod
841 3534 1110 3587 movetur
1135 3530 1422 3601 possibile
1452 3538 1544 3588 est
1573 3545 1692 3590 non
1724 3535 2053 3602 moveri3et
2078 3538 2237 3609 quod
2265 3541 2555 3611 possibile
2580 3550 2825 3601 estnon

400 3599 648 3667 moveri,
677 3614 798 3658 non
821 3599 1000 3658 habet
1026 3600 1099 3658 de
1127 3614 1194 3658 se
1225 3606 1287 3658 ut
1314 3607 1599 3673 perpetuo
1630 3610 1892 3674 tempore
1920 3613 2245 3677 moveatur,
2277 3616 2337 3667 et
2373 3611 2462 3668 sic
2508 3626 2616 3670 nec
2654 3615 2819 3685 quod

397 3667 461 3725 in
492 3676 772 3750 perpetuo
801 3676 1064 3742 tempore
1090 3677 1344 3729 moveat.
1378 3672 1648 3730 Procedit
1676 3687 1820 3745 ergo
1849 3677 2127 3746 praedicta
2153 3679 2584 3741 demonstratio
2614 3683 2687 3740 de
2712 3697 2823 3765 po·

396 3743 589 3796 tentia
613 3740 782 3799 finita
806 3741 1076 3812 corporis
1103 3740 1276 3810 finiti,
1298 3756 1430 3823 quae
1446 3757 1567 3800 non
1597 3748 1790 3814 potest
1808 3744 1879 3802 de
1900 3760 1966 3804 se
1987 3762 2221 3807 movere
2267 3757 2526 3822 tempore
2554 3753 2818 3814 infinito.

398 3807 513 3866 Sed
544 3822 762 3881 corpus
786 3812 944 3883 quod
975 3812 1047 3869 de
1075 3825 1140 3869 se
1170 3812 1457 3883 possibile
1487 3819 1580 3871 est
1599 3815 1818 3871 moveri
1851 3822 1909 3874 et
1937 3831 2056 3876 non
2080 3821 2323 3891 moveri,
2347 3836 2582 3880 movere
2609 3831 2667 3882 et
2692 3839 2820 3883 non

400 3889 662 3960 movere,
713 3882 1019 3952 acquirere
1064 3887 1261 3954 potest
1295 3884 1743 3955 perpetuitatem
1774 3893 1975 3946 motus
2003 3889 2076 3946 ab
2123 3890 2346 3963 aliquo,
2396 3892 2553 3965 quod
2582 3901 2825 3965 oportet

400 3961 537 4029 esse
565 3962 735 4029 mcor
777 3963 981 4010 orcum
1011 3970 1026 4022 3
1059 3959 1118 4010 et
1144 3953 1278 4010 ideo
1306 3960 1541 4023 oportet
1567 3956 1819 4025 primum
1869 3972 2115 4018 movens
2159 3975 2293 4019 esse
2344 3963 2764 4036 incorporeum
2799 3985 2825 3999 ⁶

400 4023 460 4075 et
488 4032 578 4099 sic
603 3965 772 4076 nibif
775 4021 1067 4102 probibet,
1093 4023 1751 4106 secundum-naturam,
1779 4041 1996 4108 corpus
2043 4029 2297 4102 finitum,
2351 4035 2510 4107 quod
2558 4010 2823 4107 aequitii

398 4086 474 4145 ab
503 4089 622 4146 alio
650 4096 1099 4172 perpetuitatem
1132 4105 1196 4151 in
1225 4107 1472 4166 moveri,
1502 4095 1718 4155 babere
1747 4103 1920 4155 etiam
1955 4102 2399 4172 perpetuitatem
2439 4106 2500 4162 in
2550 4120 2819 4167 movere.

397 4159 545 4214 Nam
576 4165 634 4215 et
659 4174 857 4241 ipsum
886 4175 1143 4244 primum
1171 4177 1389 4237 corpus
1418 4167 1679 4236 coeleste,
1725 4170 2054 4228 secundum
2102 4183 2395 4243 naturam,
2440 4182 2638 4248 potest
2683 4191 2817 4248 per·

396 4234 577 4298 petuo
608 4237 766 4287 motu
802 4231 1085 4290 interiora
1109 4248 1360 4306 corpora
1382 4237 1652 4295 coelestia
1676 4239 1994 4308 revolvere,
2025 4243 2354 4302 secundum
2385 4247 2543 4318 quod
2575 4248 2819 4317 sphaera

395 4304 594 4357 movet
622 4302 935 4371 spbaeram.
968 4304 1085 4360 Nec
1105 4310 1196 4362 est
1226 4307 1675 4377 inconveniens,
1707 4310 2033 4368 secundum
2057 4314 2591 4374 commentatorem
2616 4317 2818 4390 (Meta-

394 4368 593 4443 phys„
621 4383 727 4444 xii,
757 4377 900 4434 text.
926 4371 1043 4448 41),
1071 4376 1234 4449 quod
1260 4377 1431 4450 illud,
1460 4378 1622 4453 quod
1650 4379 1724 4438 de
1750 4392 1819 4439 se
1865 4387 1960 4440 est
1998 4382 2064 4445 in
2094 4386 2366 4460 potentia
2391 4389 2467 4448 ad
2494 4388 2721 4449 moveri
2750 4393 2824 4450 et
