3076 5025
1087 297 1219 353 Lis.
1260 298 1332 364 11,
1373 297 1527 352 GAP.
1565 297 1796 352 xxviii.
1825 261 1864 268 ‘⁸
2540 302 2635 357 131

195 418 568 475 necessitate
601 432 809 490 agens,
843 423 1191 488 arctaretur,
1220 419 1339 477 hoc
1369 422 1531 476 esset
1560 422 1832 489 respectu
1862 416 2102 475 illorum
2131 419 2234 491 qui
2263 418 2337 478 ab
2382 434 2456 477 eo
2501 435 2637 492 pro-

194 489 507 546 ducuntur
532 490 593 544 in
612 502 772 545 esse.
801 491 922 546 Hoc
943 494 1141 546 autem
1173 502 1309 547 esse
1334 502 1457 547 non
1485 495 1701 559 potest.
1730 502 1867 546 cum
1897 502 2080 559 supra
2105 488 2167 561 (l.
2188 503 2232 559 1,
2254 505 2307 547 c.
2325 491 2418 562 66)
2438 496 2639 550 osten-

192 572 329 617 sum
350 559 432 616 sit
462 559 623 631 quod
653 560 811 617 Deus
834 559 1118 632 intelligit
1146 560 1329 617 etiam
1359 573 1493 632 quae
1525 573 1646 616 non
1667 564 1828 627 sunt,
1859 572 1969 616 nec
1997 565 2192 624 erunt,
2219 574 2331 618 nec
2371 564 2632 621 suerunt.

192 631 323 688 Non
351 629 541 696 igitur
568 631 728 687 Deus
756 629 878 702 agit
907 644 981 686 ex
1010 629 1367 688 necessitate
1396 631 1492 687 sui
1518 628 1885 698 intellectuS,
1910 628 2006 686 vel
2033 630 2322 689 scientim.

259 701 555 761 Praetma.
588 699 791 757 divina
817 700 1071 757 scientia
1114 706 1497 772 comparatur
1537 699 1612 757 ad
1657 714 1755 758 res
1799 699 1875 757 ab
1921 700 2056 771 ipso
2101 701 2445 773 productas,
2477 705 2638 763 sicut

192 769 453 829 scientia
479 769 729 828 artificis
756 770 831 828 ad
860 784 959 827 res
996 769 1362 829 artificiatas.
1399 770 1687 839 Quaelihet
1735 776 1933 828 autem
1981 784 2082 828 ars
2128 786 2194 828 se
2242 774 2506 831 extendit
2555 774 2636 833 ad

192 841 402 899 omnia
428 855 564 913 quae
593 846 847 912 possunt
873 841 1168 898 contineri
1199 841 1313 900 sub
1340 855 1560 915 genere
1593 841 1866 913 subjecto
1913 839 2080 899 illius
2124 842 2292 911 artis,
2321 843 2481 902 sicut
2527 858 2630 904 ars

190 909 582 970 edificatoria
603 912 678 969 ad
698 924 911 969 omnes
934 914 1174 969 domus.
1196 914 1395 970 Genus
1424 916 1625 969 autem
1648 912 1945 983 objectum
1969 911 2187 970 divinae
2213 915 2361 972 artis
2381 922 2474 973 est
2493 929 2629 986 ens,

193 995 328 1040 cum
356 981 493 1053 ipse
522 996 629 1052 per
655 996 831 1040 suum
862 981 1231 1040 intellectum
1257 983 1339 1041 sit
1368 982 1708 1040 universale
1736 981 2096 1053 principium
2145 983 2324 1052 entis,
2355 991 2421 1042 ut
2453 985 2532 1058 (c.
2559 990 2628 1044 21

190 1055 249 1110 et
272 1052 368 1125 24)
395 1059 714 1110 ostensum
743 1058 855 1110 est.
881 1053 1071 1124 Igitur
1094 1053 1439 1111 intellectus
1459 1052 1701 1110 divinus
1731 1052 1805 1110 ad
1831 1052 2040 1133 omnia
2064 1052 2285 1134 quibus
2302 1055 2458 1114 entis
2476 1056 2632 1115 ratio

192 1134 313 1181 non
342 1138 491 1194 repu
541 1129 643 1180 nat
667 1137 837 1181 suam
862 1123 1277 1184 causalitatem
1308 1123 1591 1181 extendit.
1624 1122 1976 1192 Hujusmodt
2009 1136 2170 1179 enim
2195 1125 2419 1194 omnia,
2442 1139 2632 1198 quan-

193 1197 319 1250 tum
351 1199 449 1252 est
518 1210 552 1250 e
582 1207 670 1261 se,
699 1200 839 1251 nata
866 1200 1008 1251 sunt
1036 1193 1150 1252 sub
1180 1199 1314 1251 ente
1342 1193 1657 1252 contineri.
1690 1195 1822 1250 Non
1851 1192 2035 1265 igitur
2083 1191 2323 1252 divinus
2360 1195 2631 1253 intellec-

190 1267 290 1322 tus
318 1264 397 1321 ad
424 1264 669 1336 aliquos
697 1264 1128 1322 determinatos
1157 1263 1407 1322 effectus
1434 1267 1797 1321 coarctatur.

259 1334 416 1392 Hinc
435 1338 531 1392 est
558 1334 717 1406 quod
750 1336 814 1391 in
842 1337 941 1393 Ps.
971 1347 1166 1405 exul,
1196 1339 1250 1402 5,
1281 1333 1502 1391 dicitur
1533 1351 1550 1390 :
1578 1335 1815 1403 neonus
1859 1334 2140 1398 Dominus,
2189 1337 2244 1390 et
2263 1350 2472 1405 maana
2512 1338 2630 1391 vir-

188 1407 279 1462 aas
307 1405 450 1475 ejm,
482 1409 535 1460 et
558 1407 842 1475 sapientiae
893 1406 1013 1475 ejus
1039 1421 1151 1461 non
1176 1409 1258 1461 est
1283 1420 1561 1461 numerus.

262 1478 378 1532 Per
407 1476 523 1533 hoc
551 1481 749 1532 autem
785 1475 1121 1533 excluditur
1168 1475 1565 1549 quorumdam
1654 1474 1854 1533 hiloso
1898 1474 2113 1534 horum
2147 1474 2373 1546 positio
2421 1475 2627 1534 dicen-

192 1544 341 1604 tium
370 1545 535 1618 quod
562 1560 637 1603 ex
662 1546 777 1604 hoc
845 1546 965 1604 uod
994 1548 1155 1604 Deus
1178 1547 1444 1617 seipsum
1476 1546 1600 1602 inte
1627 1544 1778 1616 lig-it,
1879 1546 1964 1602 uit
2010 1545 2085 1602 ah
2121 1545 2257 1618 ipso
2295 1546 2368 1604 de
2415 1559 2629 1605 neces-
2673 1559 2678 1565 ’

194 1615 367 1674 sitate
398 1617 539 1674 talis
569 1630 767 1673 rerum
838 1616 1138 1688 ispositio‚
1167 1617 1340 1689 quasi
1388 1629 1511 1673 non
1558 1629 1671 1674 suo
1716 1615 1963 1675 arbitrio
2003 1615 2220 1674 limitet
2273 1616 2537 1692 singula,
2570 1620 2631 1675 et

192 1686 481 1745 universa
508 1687 807 1758 disponat,
834 1687 991 1745 sicut
1026 1684 1175 1745 tides
1206 1686 1505 1745 catholica
1526 1683 1864 1758 profitetur.

256 1757 582 1816 Sciendum
604 1763 803 1815 tamen
830 1756 1013 1830 quod,
1043 1758 1319 1830 quamvis
1344 1756 1586 1815 divinus
1635 1757 1978 1817 intellectus
2025 1756 2100 1815 ad
2146 1760 2344 1818 certos
2373 1755 2626 1818 effectus
2667 1777 2673 1783 ·

195 1840 311 1885 non
361 1832 719 1895 coarctetur,
751 1828 881 1898 ipse
907 1833 1110 1885 tamen
1166 1828 1282 1886 sibi
1330 1828 1542 1885 statuit
1580 1826 2006 1886 determinatos
2035 1825 2283 1887 effectus
2381 1843 2494 1887 uos
2521 1841 2630 1902 per

192 1909 357 1955 snam
382 1897 745 1969 sapientiam
767 1898 1035 1954 ordinate
1060 1897 1369 1969 producat,
1389 1899 1571 1967 sicut,
1597 1897 1758 1971 Sap„
1788 1909 1898 1969 xl„
1926 1901 2019 1968 21,
2049 1897 2309 1957 dicitur:
2439 1902 2540 1956 nia
2565 1901 2630 1956 in

194 1971 472 2040 apim
497 1967 837 2039 disposuisti,
866 1970 1114 2024 Domine.

1145 2188 1399 2254 CAPUT
1422 2187 1664 2253 XXVII.

300 2370 459 2424 QUOD
494 2368 709 2415 nrvma
751 2367 1059 2416 volamus
1102 2368 1184 2416 AB
1230 2368 1679 2415 nummum
1714 2367 2002 2416 ΜΒ
2032 2368 2152 2416 nott
2185 2369 2516 2418 Aac'uwa.

261 2534 344 2592 Ex
373 2534 475 2616 his
502 2533 683 2591 etiam
710 2533 945 2591 ostendi
977 2538 1173 2616 potest
1196 2533 1357 2606 quod
1383 2548 1494 2592 nec
1520 2533 1650 2606 ejus
1673 2532 1976 2599 voluntas,
2004 2547 2138 2616 per·
2163 2547 2342 2606 quam
2372 2535 2516 2662 affi't,
2549 2533 2627 2592 ad

196 2602 628 2663 determinatos
657 2603 906 2667 effectus
932 2609 1354 2663 necessitatem
1386 2604 1583 2662 hahet.
1609 2603 1986 2661 Voluntatem
2042 2616 2206 2661 enim
2236 2618 2350 2663 suo
2385 2618 2423 2662 o
2460 2609 2622 2676 Jecto

196 2674 1522 2817 80¹u⁰g⁰0t¹11²33⁰ilaffitiisix⁰iiffiiiissliii‘im0
1530 2672 2234 2816 ³335‘0vffi‘33322‘3353‘
2246 2674 2628 2816 ..tussa

194 2826 263 2873 sc
288 2786 522 2888 parata’
549 2820 644 2873 est
679 2815 995 2873 extendere
1042 2828 1175 2888 quae
1203 2813 1258 2872 ei
1288 2786 1630 2872 intellectus
1671 2813 1785 2872 suh
1829 2813 2059 2870 ratione
2107 2812 2250 2871 honi
2292 2826 2627 2885 proponere

200 2892 414 2957 potest.
438 2886 499 2944 Si
528 2886 713 2958 igitur
740 2886 1080 2943 intellectus
1100 2885 1342 2942 divinus
1389 2884 1463 2942 ad
1491 2889 1690 2942 certos
1716 2881 1966 2942 effectus
2004 2895 2129 2941 non
2173 2890 2527 2953 coarctetur,
2561 2888 2629 2941 ut

192 2961 505 3015 ostensum
538 2960 632 3014 est
658 2955 733 3029 (c.
753 2956 869 3028 26),
900 2955 1257 3028 relinquitur
1280 2954 1442 3029 quod
1471 2967 1583 3013 nec
1607 2954 1813 3013 divina
1856 2953 2135 3013 voluntas
2191 2953 2621 3013 determinatos

200 3024 451 3086 effectus
478 3042 552 3084 ex
578 3028 937 3085 necessitate
966 3027 1263 3098 producit.

260 3099 550 3162 Praeterea,
587 3097 739 3155 nihil
761 3110 948 3170 agens
973 3111 1082 3168 per
1107 3098 1472 3155 voluntatem
1492 3095 1772 3167 producit
1796 3094 2024 3168 aliquid
2043 3106 2165 3152 non
2199 3094 2477 3154 volendo·
2511 3096 2625 3155 Os-

198 3170 439 3226 tensum
469 3174 667 3226 autem
688 3172 780 3225 est
809 3182 992 3239 supra
1018 3166 1082 3241 (l.
1110 3180 1155 3237 1,
1179 3182 1234 3225 c.
1261 3167 1375 3240 81),
1405 3166 1566 3241 quod
1598 3169 1776 3236 Beue,
1804 3167 1965 3224 circa
1991 3165 2115 3225 alia
2139 3179 2176 3223 a
2201 3178 2289 3235 se,
2321 3165 2474 3223 nihil
2500 3165 2635 3224 vult

200 3249 270 3294 cx
311 3239 675 3296 necessitate
705 3237 1003 3296 absoluta.
1033 3240 1164 3296 Non
1193 3237 1377 3310 igitur
1402 3252 1476 3295 ex
1515 3239 1873 3295 necessitate
1913 3236 2132 3296 divinae
2156 3236 2489 3296 voluntatis
2515 3235 2627 3295 ali·

196 3308 294 3380 qm·
312 3307 568 3367 effectus
594 3308 949 3381 procedunt,
980 3308 1086 3367 sed
1113 3321 1188 3366 ex
1213 3307 1347 3379 ejus
1379 3306 1571 3366 libera
1599 3306 2023 3379 dispositione.

1126 3523 1379 3590 CAPUT
1421 3525 1692 3589 xxvm.

367 3707 663 3765 numm
690 3706 758 3753 nt
789 3706 987 3754 mun
1017 3703 1420 3752 monucnom:
1452 3706 1712 3752 mmm
1746 3706 2021 3753 mmm
2058 3705 2443 3755 mmmm.

656 3784 679 3809 κ

230 3871 593 3938 ,ostendere
635 3874 834 3951 autem
872 3884 945 3928 ex
994 3869 1297 3951 praedictis
1338 3876 1574 3942 oportet
1599 3871 1760 3944 quod
1801 3874 1962 3931 Deus
2001 3885 2125 3931 non
2168 3886 2242 3930 ex
2269 3872 2630 3933 necessitate

192 3947 476 4014 operatus
529 3945 617 3999 est
664 3953 727 3997 m
780 3953 975 3998 rerum
1018 3947 1344 4009 creatione,
1373 3942 1548 4012 quasi
1579 3957 1652 3999 ex
1694 3942 1895 4000 debito
1934 3942 2184 4015 justitiae
2217 3957 2318 4002 res
2364 3944 2428 4000 in
2482 3956 2624 4003 esse

192 4010 561 4085 produxerit.
588 4011 828 4068 Iustitia
851 4011 1013 4067 enim
1035 4011 1366 4068 secundum
1388 4011 1824 4084 Philosophum
1847 4014 1912 4069 in
1932 4013 2144 4085 quinto
2163 4015 2343 4071 Ethic.
2369 4013 2445 4087 (c.
2476 4018 2509 4072 3
2551 4012 2629 4073 ad

193 4081 448 4140 alterum
484 4086 595 4151 est,
626 4080 723 4138 cui
779 4080 1040 4139 debitum
1096 4081 1310 4138 reddit.
1348 4081 1506 4138 Nihil
1559 4088 1764 4140 autem
1797 4082 2120 4141 universali
2152 4097 2348 4141 rerum
2375 4099 2448 4156 pr
2530 4099 2630 4142 uc·

192 4151 341 4210 tioni
380 4150 882 4224 praesupponitur‚
916 4152 1014 4209 cui
1060 4151 1287 4223 aliquid
1317 4151 1624 4209 debeatur.
1653 4156 1788 4223 ipsa
1817 4153 2003 4226 igitur
2030 4154 2390 4213 universalis
2422 4168 2624 4214 rerum

195 4222 522 4295 productio
552 4236 623 4278 ex
648 4220 848 4279 debito
868 4221 1115 4293 justitiae
1143 4223 1456 4292 provenire
1484 4236 1609 4279 non
1638 4222 1851 4294 potuit.

255 4296 417 4355 Item,
454 4305 591 4349 cum
615 4290 864 4362 justitiae
892 4299 1062 4350 actus
1094 4293 1176 4351 sit
1224 4292 1469 4350 reddere
1504 4293 1830 4365 unicuique
1858 4292 2016 4364 quod
2065 4308 2241 4354 suum
2285 4301 2398 4366 est,
2429 4302 2630 4355 actum

196 4361 448 4421 'ustitiae
474 4362 751 4432 praecedit
777 4365 947 4419 actus
965 4376 1086 4434 quo
1113 4362 1339 4434 aliquid
1372 4362 1628 4434 alicujus
1659 4377 1834 4419 suum
1866 4362 2142 4433 efficitur,
2167 4367 2324 4424 sicut
2353 4368 2413 4423 in
2446 4366 2627 4422 rebus

228 4432 485 4492 umanis
511 4438 693 4504 patet.
720 4431 954 4505 Aliquis
984 4432 1145 4489 enim
1189 4433 1518 4491 laborando
1567 4438 1830 4491 meretur
1858 4446 2038 4491 suum
2083 4435 2239 4493 effici
2266 4435 2428 4507 quod
2457 4432 2628 4491 retri-

909 4537 991 4553 μμ
