3076 5025
450 282 523 337 38
1366 272 1502 328 Lm.
1544 273 1589 340 l,
1628 271 1784 330 GAP.
1823 270 1959 329 mv.

451 401 531 457 ad
586 395 773 457 divini
827 393 1171 453 intellectus
1221 391 1682 473 cognitionem,-
1711 396 1886 463 prout
1944 394 2039 450 est
2080 390 2394 472 possibile,
2459 389 2888 472 procedamus,

450 468 964 528 considerandum
1005 470 1117 534 est,
1147 464 1307 537 qnod
1354 476 1452 521 res
1500 469 1759 520 exterior
1801 462 2103 521 intellecta
2146 478 2184 521 a
2237 462 2412 520 nobis
2458 475 2522 518 in
2577 462 2890 523 intellectu

448 545 669 597 nostro
698 550 821 595 non
852 534 1054 593 existit
1082 533 1412 593 secundum
1444 534 1742 605 propriam
1764 539 2058 600 naturam,
2082 533 2186 591 sed
2211 537 2445 604 oportet
2464 531 2623 604 quod
2647 532 2887 603 species

447 612 593 683 ‘ejus
624 607 790 666 sitin
834 606 1142 664 intellectu
1187 610 1396 662 nostro
1441 618 1549 676 per
1589 617 1765 685 quam
1796 603 1875 685 ‘fii
1920 604 2265 684 intellectus
2314 603 2376 660 in
2422 609 2578 660 actu.
2612 604 2892 683 &istene

457 686 658 739 autem
685 678 747 736 in
776 681 934 746 actu,
962 689 1068 747 per
1093 675 1438 756 hujusmodi
1467 689 1731 756 speciem
1759 680 1916 732 sicut
1942 689 2048 756 per
2069 686 2369 802 Γςορῐιαιῃ
2402 673 2675 754 sormam,
2712 674 2886 755 intel·

447 750 596 824 >lig-it
620 761 745 806 rem
772 747 989 819 ipsam.
1013 750 1142 804 Non
1173 752 1371 804 autem
1400 752 1505 811 ita,
1527 746 1684 817 qiiod
1714 758 1912 816 ipsum
1943 750 2066 802 inte
2093 747 2275 818 ligere
2296 750 2379 802 sit
2399 751 2555 802 actio
2580 750 2888 805 transiens

456 821 525 879 in
556 820 945 878 intellectum.
977 817 1140 876 Sicut
1165 816 1476 875 calefactio
1504 815 1722 873 transit
1746 816 1810 872 in
1840 815 2215 884 calefactum,
2246 814 2350 873 sed
2381 819 2583 872 manet
2610 815 2673 872 in
2717 816 2889 875 intel-

456 890 709 963 ligente.
736 887 1066 947 secundum
1098 887 1257 958 quod
1284 886 1459 944 hahet
1486 887 1835 944 relationem
1868 887 1942 944 ad
1973 900 2094 944 rem
2126 899 2258 958 quae
2283 885 2659 957 intelligitur,
2693 900 2767 943 ex
2814 898 2888 945 eo

459 960 623 1089 guod
656 959 888 1032 species
918 958 1216 1039 praedicta,
1248 970 1381 1038 quae
1409 961 1501 1015 est
1526 957 1888 1029 principium
1932 955 2357 1016 intellectualis
2402 956 2800 1028 operationiS,
2825 960 2893 1016 ut

487 1044 675 1100 orma,
710 1033 803 1088 est
829 1028 1159 1087 similitudo
1192 1027 1378 1086 illius.

531 1100 792 1158 Ulterius
820 1105 1020 1157 autem
1047 1097 1550 1156 considerandum
1605 1102 1717 1166 est,
1749 1096 1906 1170 quod
1959 1096 2302 1156 intellectus
2349 1111 2455 1169 per
2494 1096 2762 1168 speciem
2803 1095 2892 1155 rei

461 1172 758 1230 formatus
786 1169 1175 1242 intelligendo
1205 1169 1422 1226 format
1449 1169 1513 1225 in
1542 1168 1744 1240 seipso
1768 1167 2087 1241 quamdam
2143 1168 2536 1225 intentionem
2586 1168 2672 1224 nei
2725 1167 2896 1224 intel-

457 1241 651 1305 lectae.
698 1254 830 1313 quae
876 1245 967 1298 est
994 1241 1148 1298 ratio
1190 1239 1405 1310 ipsiuS‚
1490 1253 1626 1295 uam
1674 1238 1976 1311 significat
2020 1237 2323 1296 diffinitio.
2366 1241 2433 1295 Et
2479 1238 2594 1295 hoc
2644 1236 2893 1309 quidem

460 1313 871 1370 necessarium
903 1314 1015 1378 est,
1038 1324 1110 1369 eo
1134 1309 1295 1382 quod
1324 1254 1666 1390 inteffiectus
1696 1309 1976 1390 intelligit
1994 1308 2403 1390 indifferent-er
2424 1307 2893 1388 rem-absentem

459 1388 520 1441 et
548 1387 937 1454 praesentem,
969 1381 1030 1438 in
1059 1393 1179 1454 qno
1208 1394 1346 1438 cum
1374 1380 1677 1437 intellectu
1711 1380 2063 1452 imaginatio
2092 1386 2391 1437 convenit.
2413 1379 2527 1437 Sed
2548 1379 2893 1437 intellectus

459 1452 580 1511 hoc
610 1452 869 1522 amplius
899 1449 1096 1519 hahet,
1123 1450 1284 1523 quod
1310 1451 1486 1507 etiam
1521 1450 1801 1522 intelligit
1829 1463 1953 1507 rem
1984 1456 2050 1508 ut
2077 1455 2411 1521 separatam
2451 1463 2485 1506 a
2530 1448 2897 1507 conditioni-

458 1521 580 1581 bus
608 1520 1043 1590 materialibu8‚
1073 1521 1206 1578 sine
1233 1520 1454 1593 quihus
1479 1520 1542 1576 in
1571 1534 1766 1578 rerum
1813 1525 2024 1579 natura
2069 1534 2192 1578 non
2234 1521 2453 1579 existit.
2487 1522 2553 1576 Et
2603 1519 2720 1577 hoc
2769 1532 2894 1579 non

457 1597 670 1665 posset
704 1605 840 1649 esse
867 1591 987 1648 nisi
1035 1590 1377 1648 intellectus
1423 1590 1540 1648 sibi
1589 1590 1980 1648 intentionem
2030 1592 2371 1662 praedictam
2421 1591 2723 1648 formaret.
2758 1591 2893 1649 Haec

462 1669 665 1721 autem
688 1661 942 1719 intentio
961 1661 1281 1730 intellecta,
1302 1675 1438 1718 cum
1461 1661 1544 1718 sit
1561 1662 1729 1733 quasi
1756 1663 2049 1720 terminus
2068 1661 2467 1735 intelligibilis
2496 1659 2891 1731 operationis,

458 1738 556 1791 est
578 1732 742 1791 aliud
771 1745 807 1789 a
833 1732 1033 1802 specie
1063 1731 1425 1812 intelligibili
1453 1745 1586 1803 quae
1620 1731 1760 1788 facit
1788 1732 2153 1790 intellectum
2181 1733 2243 1789 in
2274 1738 2431 1800 actu,
2460 1731 2619 1804 quod
2652 1736 2893 1812 oportet

458 1801 832 1861 considerari
865 1806 930 1860 ut
968 1802 1371 1873 intelligibilis
1418 1816 1454 1859 o
1532 1801 1786 1859 rationis
1831 1804 2238 1874 principium:
2269 1804 2407 1861 licet
2451 1809 2774 1874 utrumque
2810 1806 2895 1860 sit

459 1874 551 1932 rei
581 1872 898 1930 intellectae
926 1873 1283 1931 similitudo.
1314 1875 1426 1930 Per
1497 1886 1571 1929 oc
1607 1873 1766 1929 enim
1816 1873 1976 1945 quod
2025 1873 2257 1944 species
2306 1872 2731 1943 intelligibilis,
2758 1886 2894 1945 qnoe

460 1949 557 2003 est
581 1944 774 2002 forma
797 1942 1161 2023 intellectus,
1188 1947 1250 2023 et
1276 1942 1650 2015 intelligendi
1683 1943 2065 2015 principium,
2094 1948 2187 2002 est
2217 1943 2551 2001 similitudo
2599 1944 2686 2000 rei
2728 1948 2890 2002 exte·

458 2013 668 2083 rioriS,
699 2019 968 2085 sequitur
991 2013 1150 2085 quod
1184 2014 1525 2071 intellectus
1553 2014 1947 2071 intentionem
1994 2015 2210 2073 formet
2251 2015 2418 2072 illins
2464 2013 2549 2072 rei
2599 2014 2890 2073 similem.

461 2085 617 2152 Quia
646 2084 823 2156 quale
868 2089 963 2142 est
1006 2083 1496 2165 unumquodque,
1527 2084 1673 2142 talia
1722 2091 2021 2165 operatur,
2048 2091 2108 2142 et
2149 2100 2220 2141 ex
2261 2085 2373 2143 hoc
2420 2084 2580 2157 quod
2630 2084 2892 2143 intentio

458 2153 766 2212 intellecta
811 2158 904 2212 est
948 2155 1169 2212 similis
1215 2154 1393 2212 alicui
1451 2155 1560 2223 rei,
1608 2162 1878 2227 sequitur
1935 2155 2094 2227 quod
2154 2155 2527 2224 intellectus,
2576 2153 2894 2212 formando

461 2222 814 2282 hu‘usmodi
844 2225 1257 2293 intentionem,
1290 2238 1413 2282 rem
1456 2225 1624 2281 illam
1672 2224 1986 2298 intelligat.
2016 2225 2358 2284 Intellectus
2404 2231 2601 2283 autem
2651 2225 2896 2283 divinus

461 2239 632 2352 nulla
660 2295 780 2352 alia
808 2295 1007 2366 specie
1033 2295 1312 2367 intelligit
1356 2309 1538 2375 quam
1587 2297 2022 2377 essentia-sua,
2054 2303 2119 2352 ut
2159 2309 2342 2377 supra
2368 2296 2517 2369 (cap.
2549 2295 2640 2368 46)
2687 2302 2894 2354 osten-

461 2377 599 2422 sum
633 2370 754 2431 est;
784 2365 891 2423 sed
915 2371 1113 2423 tamen
1143 2370 1409 2423 essentia
1438 2380 1551 2423 sua
1578 2372 1672 2424 est
1699 2367 2033 2425 similitudo
2063 2381 2331 2425 omnium
2364 2380 2584 2425 rerum.
2617 2369 2730 2424 Pei·
2778 2367 2898 2425 hoc

461 2448 608 2511 ergo
634 2435 906 2507 sequitur
929 2436 1089 2508 quod
1118 2436 1430 2507 conceptio
1462 2436 1805 2494 intellectus
1836 2438 2045 2507 divini,
2114 2443 2248 2495 tout
2285 2438 2552 2509 seipsum
2579 2436 2893 2510 intelligit,

461 2519 595 2580 quai
622 2511 713 2564 est
740 2506 984 2564 verbum
1027 2507 1241 2579 ipsius,
1276 2520 1399 2565 non
1443 2507 1641 2565 solum
1692 2507 1772 2565 sit
1818 2508 2067 2566 similitu
2114 2522 2152 2567 o
2192 2508 2384 2579 ipsius
2414 2509 2518 2566 Dei
2575 2507 2896 2580 intellecti,

462 2577 571 2635 sed
600 2579 779 2634 etiam
808 2578 1076 2635 omnium
1152 2591 1362 2635 uorum
1395 2584 1487 2635 est
1516 2577 1718 2635 divina
1743 2579 2008 2637 essentia
2056 2579 2409 2637 similitudo.
2441 2579 2540 2636 Sic
2586 2592 2734 2651 ergo
2786 2593 2900 2652 per

459 2660 646 2728 unam
678 2648 939 2718 speciem
966 2648 1114 2705 intel
1140 2647 1431 2720 igihilem,
1461 2662 1595 2721 quae
1624 2653 1716 2708 est
1740 2649 1944 2707 divina
1969 2650 2256 2719 essentia,
2274 2656 2332 2708 et
2354 2665 2460 2722 per
2487 2662 2670 2707 unam
2698 2650 2900 2707 inten-

458 2719 714 2847 giogfim·
737 2718 1120 2790 intellectam,
1167 2732 1301 2793 quae
1343 2724 1437 2778 est
1475 2718 1721 2777 verbum
1780 2720 2069 2792 divinum,
2120 2721 2311 2781 muita
2369 2725 2631 2794 possunt
2687 2734 2728 2779 a
2770 2723 2899 2781 Deo

486 2801 525 2845 n
634 2801 739 2860 igi.

1448 2954 1705 3021 CAPUT
1743 2956 1896 3021 LIV.

461 3117 735 3173 QUOMODO
771 3119 987 3169 1³1va
1013 3121 1303 3169 Essmm
1336 3122 1460 3169 UNA
1492 3123 1773 3169 EXISTENS
1812 3126 1904 3170 SIT
1938 3126 2192 3175 PROPRIA
2226 3127 2562 3179 smm‘rtmo
2593 3130 2667 3178 ΕΤ
2701 3129 2892 3181 RATIO

1279 3200 1513 3248 numm!
1547 3202 2059 3254 mmmssmmmt.
2861 3201 2866 3202 ⁷

463 3411 478 3424 ,
532 3341 647 3400 Sed
676 3356 888 3423 rursus
921 3343 1167 3426 difficile
1195 3345 1292 3403 vel
1317 3346 1694 3430 impossibile
1723 3350 1900 3409 alicui
1930 3353 2117 3411 videri
2148 3361 2365 3426 potest,
2395 3356 2556 3438 quod
2583 3369 2777 3416 unum
2827 3362 2892 3417 et

457 3411 620 3469 idem
646 3412 920 3484 simplex,
952 3419 1018 3471 ut
1043 3415 1244 3496 divina
1271 3425 1557 3489 essentia,
1587 3421 1668 3478 sit
1697 3422 1938 3492 propria
1966 3425 2119 3483 ratio
2146 3427 2273 3484 sive
2302 3428 2638 3485 similitudo
2686 3428 2890 3490 diver·

458 3494 690 3540 sorum.
738 3486 882 3541 Nam
926 3485 1472 3566 cum-diversarum
1519 3503 1718 3549 rerum
1764 3492 1844 3550 sit
1881 3492 2190 3555 distinctio
2234 3501 2465 3555 ratione
2508 3499 2886 3569 propriarum

457 3551 785 3610 formarum
817 3554 977 3625 quod
1008 3555 1187 3636 alicui
1209 3560 1547 3640 ‘secundum
1597 3563 1895 3642 propriam
1941 3564 2192 3624 sormam
2237 3568 2437 3625 simile
2480 3568 2677 3636 fuerit,
2707 3569 2886 3627 alteri

456 3634 708 3704 necesse
759 3637 916 3696 esse,
961 3631 1026 3683 ut
1074 3626 1368 3687 dissimile
1415 3637 1774 3689 inveniatur.
1821 3635 2157 3694 Secundum
2218 3652 2360 3696 vero
2419 3639 2581 3711 quod
2644 3640 2884 3700 diversa

457 3691 693 3774 aliquid
722 3708 1044 3778 commune
1076 3696 1315 3780 liabent,
1342 3700 1490 3758 nihil
1525 3702 1797 3772 prohibet
1824 3717 1896 3761 ea
1922 3705 2375 3766 similitudinem
2407 3723 2588 3766 unam
2633 3710 2789 3767 habe

454 3769 619 3821 sicut
648 3765 829 3823 homo
862 3772 920 3823 et
950 3780 1162 3826 asinus
1194 3783 1254 3827 in
1282 3777 1571 3842 quantum
1600 3779 1740 3830 sunt
1770 3775 2072 3834 animalia.
2103 3781 2185 3835 Ex
2230 3793 2352 3850 quo
2398 3781 2674 3851 sequitur
2715 3795 2795 3852 qu

454 3834 619 3893 Deus
654 3834 727 3893 de
756 3835 937 3894 rebus
964 3839 1704 3968 propi-iamcogniti'onem
1735 3858 1853 3901 non
1886 3845 2117 3918 haheat,
2146 3849 2250 3907 sed
2300 3863 2702 3908 communem.
2729 3853 2880 3910 Nam

455 3906 788 3987 secundum
820 3910 1373 3991 modum-quosimi
1404 3913 1571 3969 itudo
1617 3915 1842 3995 cogniti
1887 3923 1974 3974 est
2019 3919 2082 3974 in
2130 3926 2556 3991 cognoscente,
2602 3922 2882 3993 sequitur

451 3982 825 4058 cognitionis
854 3985 1152 4049 operatio;
1186 3988 1342 4038 sicut
1371 3989 1428 4039 et
1456 3982 1770 4043 calefactio
1799 3988 2129 4059 secundum
2159 3991 2401 4048 modum
2431 3992 2672 4049 caloris.
2703 3992 2883 4053 Simi—

452 4040 648 4102 litudo
676 4061 835 4128 enim
862 4050 1089 4131 cogniti
1115 4050 1176 4106 in
1206 4058 1607 4123 cognoscente
1637 4061 1728 4113 est
1755 4056 1908 4114 sicut
1941 4057 2131 4117 forma
2155 4075 2273 4132 qua
2300 4062 2668 4133 agnoscitur.

526 4114 766 4196 Oportet
792 4124 995 4200 igitur,
1026 4122 1265 4203 sinens
1295 4122 1367 4179 de
1395 4123 1669 4194 pluribus
1696 4127 1992 4199 propriam
2025 4132 2431 4202 cognitionem
2467 4132 2663 4200 habet,
2709 4132 2878 4207 quod

452 4181 476 4239 i
519 4196 584 4241 se
614 4194 693 4267 sit
717 4201 954 4268 propria
980 4197 1132 4248 ratio
1159 4192 1534 4274 singulorum
1563 4213 1579 4251 τ
1611 4198 1768 4268 quod
1803 4198 2058 4268 qualiter
2094 4201 2194 4270 sit,
2221 4201 2701 4276 investigandum
2752 4210 2872 4265 est.

505 4258 708 4337 ‘emm
742 4257 1145 4329 Philosophus
1182 4261 1326 4320 dicit
1360 4278 1422 4321 in
1453 4272 1662 4325 octavo
1690 4270 1927 4338 Metapa,
1964 4269 2125 4340 (text.
2159 4285 2375 4329 comm.
2411 4274 2540 4345 10.)‚
2575 4276 2782 4333 formae
2813 4280 2881 4334 et
2935 4277 2950 4288 '

453 4321 833 4407 definitiones
881 4341 1116 4410 rerum,
1159 4346 1307 4414 quae·
1337 4348 1441 4394 eas
1487 4337 1751 4409 signant,
1792 4344 1934 4396 sunt
1978 4341 2209 4400 similes
2254 4345 2541 4401 numeris.
2588 4346 2735 4402 Nam
2803 4345 2878 4405 in

451 4406 724 4455 numeris
752 4409 873 4458 una
909 4404 1136 4461 unitate
1173 4403 1375 4465 addita
1413 4405 1508 4466 vel
1544 4406 1868 4480 subtracta,
1915 4413 2149 4483 species
2195 4415 2432 4473 numeri
2473 4415 2757 4480 variatur,
2804 4422 2880 4480 nt
