3076 5025
409 296 514 353 596
1305 281 1441 338 LIB.
1481 279 1573 349 Ν,
1611 279 1764 336 CAP.
1804 278 1959 336 Lxu.

477 412 591 472 Sed
621 406 1121 469 considerandum
1154 409 1249 464 est
1275 404 1436 478 quod
1464 404 1637 461 aliter
1664 414 1962 484 generans
1991 401 2277 474 generato
2323 397 2738 479 conjungitur,
2780 401 2835 456 α

408 485 580 545 aliter
609 481 1038 540 nutrimentum
1070 477 1317 543 nutrito,
1349 476 1410 533 in
1458 471 1869 545 corporalibus
1916 471 2115 530 rebus.
2164 471 2469 529 Generans
2518 482 2684 527 enim
2728 479 2835 526 zion

407 558 641 637 oportet
673 549 1005 610 secundum
1040 546 1436 607 substantiam
1465 550 1751 617 generato
1781 541 2085 615 conjungi,
2115 540 2219 600 sed
2254 540 2466 622 ⁴solum
2508 539 2837 599 secundun

409 622 866 685 similitudinem
898 625 955 677 et
982 619 1258 676 virtutem
1284 635 1299 686 ;
1332 617 1439 674 sed
1468 615 1816 673 alimentum
1849 618 2082 684 oportet
2108 616 2335 693 nutrito
2356 609 2697 670 secundum
2722 608 2841 667 mb-

409 695 693 755 stantiam
724 689 1033 763 conjungi.
1067 688 1251 756 Unde,
1280 691 1345 746 ut
1372 686 1784 757 corporalibus
1811 683 2005 758 signis
2034 681 2378 754 spirituales
2420 679 2679 739 effectus
2732 691 2842 741 ree·

395 765 740 844 pondeant,
768 761 1120 834 mysterium
1149 757 1320 815 Verbi
1345 756 1634 816 incarnati
1655 753 2020 836 aliternobis
2035 753 2417 835 conjungitur
2433 752 2494 809 in
2518 750 2842 822 Baptismo‚

410 836 511 910 qui
535 841 627 893 est
650 830 983 905 spiritualis
1010 828 1402 902 regeneratio,
1420 833 1597 900 atque
1627 827 1797 884 aliter
1823 839 1886 883 in
1904 824 2021 883 hoc
2044 824 2426 905 Eucharistiae
2444 825 2845 903 sacramento,

410 905 574 980 quod
607 908 701 963 est
728 901 1039 974 spirituale
1066 901 1411 958 alimentum
1439 917 1454 969 3
1477 898 1541 955 in
1567 897 1871 969 Baptismo
1900 896 2061 954 enim
2089 898 2428 976 continetur
2469 892 2732 951 Verbum
2756 904 2847 948 in-

412 980 722 1035 carnatum
753 972 951 1032 solum
983 971 1312 1030 secundum
1340 970 1639 1032 virtutem,
1672 967 1777 1027 sed
1806 968 1870 1024 in
1889 966 2275 1024 Eucharistiae
2296 968 2678 1024 sacramento
2700 975 2840 1021 con-

412 1046 651 1106 fitemur
679 1045 879 1116 ipsum
909 1041 1240 1101 secundum
1270 1040 1664 1100 substantiam
1697 1036 2111 1119 contineri3Et
2148 1035 2290 1109 quia
2336 1033 2863 1106 complementum·

413 1121 639 1175 nostrae
669 1115 884 1173 salutis
914 1114 1132 1171 factum
1160 1117 1252 1171 est
1293 1126 1399 1184 per
1440 1110 1784 1182 passionem
1831 1108 2046 1166 Christi
2093 1112 2153 1189 et
2196 1109 2471 1187 mortem,
2516 1117 2624 1176 per
2663 1116 2844 1177 quam

414 1187 544 1259 ejus
571 1184 823 1258 sanguis
854 1198 890 1242 a
921 1196 1099 1242 carne
1129 1188 1439 1255 separatus
1477 1185 1589 1251 est,
1622 1180 1940 1251 separatim
1988 1177 2165 1236 nobis
2204 1176 2459 1234 traditur
2500 1186 2845 1254 sacramen-

413 1262 542 1315 tum
573 1255 846 1326 corporis
875 1253 1005 1325 ejus
1038 1253 1150 1311 sub
1180 1252 1378 1334 specie
1401 1250 1575 1323 panis
1603 1256 1661 1307 et
1689 1249 1941 1323 sanguis
1970 1247 2084 1306 sub
2112 1246 2313 1321 specie
2344 1246 2505 1327 vini;
2552 1251 2621 1302 ut
2649 1258 2739 1303 sic
2782 1256 2847 1299 in

415 1327 534 1386 hoc
565 1330 941 1384 sacramento
969 1324 1270 1396 passionis
1299 1321 1617 1380 dominicae
1658 1318 1949 1377 memoria
1975 1323 2034 1376 et
2059 1320 2506 1390 repraesentatlo
2533 1314 2845 1372 habeatur.

415 1400 484 1454 Et
514 1395 843 1456 secundum
875 1393 991 1452 boc
1018 1394 1299 1464 impletur
1321 1392 1480 1466 quod
1512 1390 1803 1448 Dominus
1832 1389 1981 1447 dixit
2010 1406 2025 1445 z
2054 1389 2191 1446 caro
2232 1403 2354 1443 mea
2377 1401 2503 1441 vere
2546 1388 2628 1441 est
2670 1385 2847 1445 cibus,

411 1472 464 1523 et
484 1468 713 1536 sanquis
739 1480 886 1521 meus
910 1480 1033 1519 vere
1054 1468 1133 1520 est
1152 1466 1336 1534 potus.
1366 1461 1607 1535 (Ionum,
1633 1473 1721 1530 vl,
1752 1459 1866 1534 56.)
1897 1458 1993 1531 (111
2022 1462 2196 1531 part„
2227 1472 2287 1532 q.
2319 1469 2506 1516 Lxxm
2535 1461 2596 1514 et
2620 1468 2771 1528 seq-3
2790 1459 2851 1511 et

412 1539 500 1596 IV
519 1537 693 1606 Sent„
723 1534 859 1595 dist.
888 1547 1001 1595 viii
1028 1539 1085 1592 et
1112 1533 1264 1607 seq.)

1383 1752 1638 1819 CAPUT
1678 1750 1861 1815 LXII.

719 1936 799 1981 m:
829 1934 1060 1980 molti:
1085 1932 1428 1979 immutuit
1454 1931 1630 1978 GIRGA
1668 1927 2073 1978 EUOEAMSTIAE
2106 1925 2560 1976 smmum.

489 2098 650 2157 Sicut
679 2100 902 2166 autem,
935 2094 1168 2153 Christo
1194 2094 1529 2166 proferente
1558 2094 1685 2151 haec
1710 2093 1910 2162 verba,
1947 2091 2189 2165 quidam
2236 2089 2680 2162 discipulorum
2724 2092 2855 2147 tui·-

413 2168 535 2228 bati
564 2173 727 2236 sunt,
755 2166 1021 2224 dicentes
1053 2183 1066 2222 :
1090 2168 1272 2221 Durus
1293 2168 1375 2219 est
1400 2163 1488 2219 hic
1515 2178 1707 2231 sei-mc,
1738 2168 1790 2219 et
1817 2165 1943 2233 quis
1966 2166 2146 2234 potest
2170 2177 2289 2218 eum
2319 2161 2515 2217 audire
2542 2163 2574 2215 i>
2602 2159 2853 2232 (saarim,

415 2252 506 2307 vi,
533 2239 644 2311 61),
671 2237 755 2295 ita
782 2242 841 2293 et
869 2240 1075 2294 contra
1106 2234 1433 2293 doctrinam
1467 2233 1746 2291 Ecclesiae
1771 2233 2222 2291 insurrexerunt
2242 2231 2522 2300 haeretici,
2539 2232 2855 2288 veritatem

417 2308 598 2379 liujus
627 2310 936 2386 negantes.
968 2306 1181 2363 Dicunt
1208 2305 1364 2363 enim
1396 2305 1459 2361 in
1488 2303 1602 2361 hoc
1630 2308 2005 2362 sacramento
2036 2316 2158 2361 non
2184 2302 2422 2362 realiter
2449 2315 2588 2360 esse
2626 2314 2857 2372 corpus

415 2384 478 2436 et
507 2390 863 2450 sanguinem
894 2375 1133 2445 Christi,
1164 2374 1269 2433 sed
1299 2373 1692 2447 significative
1721 2379 1950 2432 tantum
1976 2392 1992 2443 ς
2025 2377 2089 2432 ut
2133 2373 2222 2431 sic
2270 2372 2458 2430 intelli
2502 2377 2640 2430 atur
2687 2371 2855 2445 quod

411 2449 692 2507 Christus
721 2446 889 2515 dixit,
912 2446 1320 2503 demonstrato
1348 2459 1501 2516 pane
1533 2463 1548 2501 :
1578 2447 1689 2500 Hoc
1715 2450 1795 2502 est
1815 2459 2005 2517 coi-pus
2031 2459 2224 2507 meum,
2262 2457 2332 2501 ac
2356 2444 2407 2501 si
2480 2448 2663 2500 iceret
2688 2444 2855 2500 :Hoc

418 2525 512 2582 est
539 2520 778 2592 signum
805 2518 897 2575 vel
928 2516 1118 2590 figura
1145 2517 1414 2588 corporis
1443 2516 1561 2573 mei
1584 2535 1599 2584 ;
1631 2516 1961 2575 secundum
1980 2530 2156 2589 quem
2177 2515 2422 2573 modum
2443 2519 2503 2572 et
2521 2512 2854 2585 Apostolus

416 2590 565 2648 dixit
595 2607 609 2646 ε
640 2593 804 2646 Petra
827 2592 1007 2645 autem
1030 2592 1147 2644 erat
1175 2586 1420 2644 Christus
1449 2587 1500 2659 (Ι
1523 2586 1667 2650 Gor..
1692 2600 1753 2658 x,
1783 2589 1859 2668 4),
1899 2586 1960 2643 id
1997 2591 2090 2645 est
2125 2585 2341 2644 Christi
2394 2584 2610 2657 figura.
2663 2587 2733 2642 Et
2778 2583 2853 2641 ad

415 2660 579 2718 bunc
606 2659 969 2717 intellectum
1003 2658 1266 2716 referunt
1293 2657 1581 2738 quidquid
1612 2657 1675 2714 in
1703 2656 2019 2728 seripturis
2048 2657 2350 2737 invenitur
2387 2654 2667 2736 similiter
2703 2654 2851 2736 dici.

490 2729 678 2801 Hujus
711 2735 909 2786 autem
939 2728 1242 2799 opinionis
1271 2740 1651 2786 occasionem
1682 2733 2000 2785 assumunt
2023 2742 2097 2785 ex
2116 2726 2314 2784 verbis
2343 2729 2603 2794 Domini,
2626 2740 2756 2798 qui,
2780 2725 2854 2783 de

417 2800 511 2860 sui
541 2799 811 2871 corporis
840 2797 1205 2857 comestione
1248 2804 1308 2855 et
1334 2798 1652 2872 sanguinis
1707 2798 2029 2869 potatione,
2074 2804 2139 2857 ut
2177 2796 2527 2855 scandalum
2577 2796 2854 2867 discipu-

416 2871 611 2929 lorum
642 2869 799 2942 quod
828 2873 1022 2926 ortum
1052 2869 1245 2925 fuerat
1271 2869 1588 2940 sopiretur.
1620 2869 1793 2940 quasi
1819 2868 2085 2939 seipsum
2102 2881 2429 2940 exponens,
2451 2866 2640 2924 dixit:
2668 2867 2855 2923 Verba

456 2957 537 2996 uae
562 2956 655 3009 eqo
681 2941 885 2995 locutus
912 2954 1031 2994 sum
1056 2939 1224 3010 vobis,
1255 2941 1484 3009 spiritus
1513 2942 1566 2994 et
1587 2942 1704 2994 vita
1728 2944 1859 2995 sunt
1884 2938 2122 3010 (Iccium,
2149 2951 2236 3008 vi,
2264 2937 2376 3010 64),
2404 2937 2579 3009 quasi
2605 2951 2680 2995 ea
2706 2949 2849 3010 quae

417 2957 646 3070 gizerat
674 3023 796 3066 non
826 3008 900 3066 ad
926 3008 1202 3077 litteram,
1233 3010 1339 3067 sed
1369 3009 1702 3067 secundum
1745 3008 2114 3081 spiritualem
2151 3021 2401 3066 sensum
2448 3007 2851 3080 intelligenda

417 3088 642 3141 essent.

489 3152 855 3209 inducuntur
881 3150 1058 3207 etiam
1087 3150 1161 3208 ad
1195 3149 1669 3207 dissentiendum
1715 3164 1789 3207 ex
1837 3149 2042 3210 multis
2083 3149 2537 3209 difficultatibus
2587 3162 2723 3222 quae
2774 3147 2849 3206 ad

415 3221 573 3282 hanc
603 3220 879 3279 Ecclesiae
903 3221 1235 3279 doctrinam
1265 3220 1436 3292 sequi
1459 3220 1755 3291 videntur,
1783 3227 2024 3293 propter
2046 3233 2199 3293 quas
2244 3220 2342 3277 hic
2385 3233 2587 3278 sermo
2628 3218 2845 3278 Christi

417 3297 477 3350 et
500 3292 775 3349 Ecclesiae
805 3291 991 3349 durus
1020 3291 1109 3349 eis
1138 3304 1173 3348 a
1215 3296 1401 3361 paret.

488 3365 556 3419 Et
582 3362 774 3442 primo
804 3361 1043 3443 quidem
1074 3360 1132 3441 di
1193 3361 1312 3443 ‘cite
1339 3360 1572 3442 videtur
1597 3360 1901 3434 quomodo
1930 3374 2133 3420 verum
2162 3373 2384 3433 corpus
2413 3360 2631 3420 Christi
2665 3363 2730 3419 in
2761 3361 2846 3419 al-

416 3434 530 3490 tari
560 3445 695 3490 esse
725 3435 985 3503 incipiat.
1012 3431 1249 3503 Aliquid
1279 3444 1435 3487 enim
1465 3432 1678 3503 incipit
1706 3446 1840 3490 esse
1862 3432 1963 3492 ubi
2035 3432 2159 3489 rius
2180 3445 2303 3489 non
2333 3430 2445 3489 fuit
2474 3432 2800 3504 dupliciter
2826 3448 2843 3488 :

414 3504 510 3560 vel
537 3516 643 3574 per
669 3509 897 3560 motum
927 3501 1201 3570 localem,
1229 3502 1323 3559 vel
1348 3516 1455 3573 per
1488 3504 1942 3560 conversionem
1964 3516 1999 3560 a
2025 3503 2210 3560 terius
2238 3503 2299 3559 in
2331 3502 2528 3572 ipsum
2555 3507 2660 3571 ;ut
2686 3506 2848 3575 patet

414 3574 480 3631 in
507 3574 666 3645 igne,
697 3573 799 3646 qui
829 3571 1046 3631 alicubi
1074 3586 1210 3630 esse
1233 3573 1459 3643 incipit.
1490 3575 1584 3631 vel
1616 3574 1757 3646 quia
1782 3574 1863 3630 ibi
1895 3572 1967 3631 de
1992 3586 2148 3632 novo
2170 3572 2533 3642 accenditur,
2565 3574 2660 3630 vel
2704 3573 2849 3645 quia

414 3644 562 3701 illuc
591 3643 662 3700 de
692 3656 855 3724 novo·
878 3657 914 3700 a
955 3648 1242 3713 portatur.
1275 3674 1344 3684 —
1369 3644 1747 3702 Manifestum
1779 3649 1872 3702 est
1900 3648 2099 3702 autem
2123 3657 2328 3701 verum
2357 3657 2429 3701 co
2506 3656 2581 3700 us
2625 3643 2847 3701 Christi

416 3727 540 3773 non
571 3727 805 3784 semper
841 3727 903 3770 in
972 3726 1044 3771 oc
1064 3712 1254 3794 ,altari
1299 3714 1526 3784 fuisse;
1558 3714 1874 3774 confitetur
1917 3715 2077 3773 enim
2124 3713 2385 3772 Ecclesia
2429 3715 2470 3771 C
2517 3713 2731 3773 ristum
2784 3715 2846 3772 in

413 3798 530 3843 suo
560 3799 664 3842 cor
705 3797 806 3842 ore
835 3784 1182 3842 ascendisse
1212 3785 1273 3840 in
1303 3786 1540 3843 coelum.
1570 3785 1811 3843 Videtur
1859 3791 2057 3842 autem
2096 3785 2179 3843 im
2224 3784 2470 3843 ossibile
2516 3783 2639 3842 dici
2725 3784 2845 3843 uod

417 3855 640 3927 aliquid
722 3856 775 3912 ic
805 3854 876 3911 de
903 3868 1060 3912 novo
1101 3859 1477 3913 convertatur
1523 3856 1585 3913 in
1629 3869 1849 3928 corpus
1891 3856 2126 3914 Christi.
2230 3855 2334 3913 ihil
2393 3855 2556 3914 euim
2612 3855 2668 3912 vi
2717 3863 2848 3914 etur

416 3926 677 3984 converti
705 3926 769 3983 iri
796 3926 1198 3998 praeexislenS,
1229 3939 1412 3996 quum
1441 3926 1498 3983 id
1526 3927 1587 3983 in
1637 3927 1796 4000 quod
1827 3926 2050 3999 aliquid
2107 3925 2465 3984 convertitur
2509 3940 2618 3998 per
2666 3926 2846 3999 hujus

413 3997 868 4074 conversionem
892 4009 1027 4054 esse
1058 3995 1319 4067 incipiat.
1352 3998 1725 4054 Manifestum
1758 4002 1850 4055 est
1878 4003 2076 4055 autem
2106 4010 2327 4069 corpus
2354 3996 2575 4055 Christi
2621 4011 2843 4067 praeex-

416 4064 666 4144 stitisse,
696 4071 876 4139 upote
904 4067 968 4123 in
996 4071 1165 4124 utero
1193 4066 1470 4138 virginali
1507 4073 1883 4139 conceptum.
1913 4070 2043 4126 Non
2071 4067 2255 4140 igitur
2282 4067 2515 4127 videtur
2542 4081 2684 4127 esse
2713 4081 2847 4140 pos·

416 4132 588 4215 sibile
619 4136 777 4208 quod
807 4138 868 4194 iri
899 4137 1069 4195 altari
1096 4137 1167 4195 de
1197 4149 1352 4195 novo
1378 4152 1513 4196 esse
1546 4139 1791 4209 incipiat
1836 4152 1941 4210 per
1988 4138 2443 4196 conversionem
2492 4138 2742 4196 alterius
2783 4138 2843 4195 iii

329 4212 337 4222 ·
410 4216 634 4283 ipsum.
665 4235 735 4248 —
762 4208 1041 4265 Similiter
1063 4211 1259 4265 autem
1286 4220 1395 4265 nec
1425 4223 1529 4279 per
1555 4211 1945 4267 mutationem
1974 4209 2115 4290 loci,
2145 4210 2287 4290 quia
2304 4223 2484 4267 omne
2508 4209 2674 4281 quod
2691 4209 2843 4267 loca·

415 4273 550 4354 liter
576 4280 850 4355 moyetur
877 4278 966 4336 sic
992 4278 1201 4359 incipit
1230 4291 1364 4336 esse
1393 4278 1453 4334 in
1485 4294 1605 4336 uno
1638 4281 1770 4338 loco
1798 4279 1960 4352 quod
1988 4278 2208 4337 desinit
2230 4294 2365 4338 esse
2384 4280 2450 4337 in
2474 4280 2706 4350 ali0,in
2764 4290 2841 4337 uo

411 4357 585 4425 prius
620 4344 749 4425 fuit.
783 4346 1085 4417 Oportebit
1109 4349 1291 4420 igitur
1315 4348 1510 4405 dicere
1531 4351 1711 4421 quod,
1744 4364 1926 4423 quum
1949 4350 2216 4407 Christus
2240 4350 2449 4421 incipit
2481 4366 2618 4408 esse
2643 4350 2705 4406 in
2769 4361 2843 4407 oc

417 4414 609 4486 altari,
635 4426 697 4473 in
716 4428 836 4488 quo
862 4416 979 4478 lioc
998 4423 1436 4479 sacramentum
1464 4422 1787 4492 peragitur,
1807 4420 2041 4481 desinat
2061 4433 2195 4482 esse
2212 4420 2276 4480 in
2293 4423 2468 4492 coele,
2490 4436 2613 4494 quo
2637 4433 2841 4480 ascen-
