3076 5025
277 866 288 904 i

1212 276 1346 331 Lm.
1386 273 1482 344 111,
1524 276 1677 332 CAP.
1715 275 1920 333 xcvii.
2684 286 2783 339 315
2865 363 2870 370 θ

345 396 573 540 atmiis,
603 395 1067 539 scili‹:(‹}{)quodt
1097 394 1179 455 sit
1223 394 1535 453 immixtus
1582 399 1642 453 et
1684 395 2182 469 incorruptibilis,
2212 400 2279 456 ut
2322 411 2398 457 ex
2450 402 2785 473 proemissis

404 469 413 478 '
463 510 480 524 .
518 481 586 536 11,
622 481 751 538 cap.
908 474 1041 538 pate
1072 509 1087 525 .

424 537 519 595 Sic
548 538 734 610 igitur
763 538 1094 596 secundum
1130 536 1522 594 intentionem
1554 536 1870 608 Augustini
1914 551 2088 597 meus
2116 543 2327 597 nostra
2361 553 2469 611 per
2520 543 2784 613 seipsam

349 608 520 667 novit
576 609 862 679 seipsam,
891 609 955 666 in
987 613 1274 680 quantum
1305 607 1378 665 de
1405 620 1471 665 se
1513 607 1826 679 cognoscit
1853 609 2013 681 quod
2050 614 2178 667 est:
2208 624 2280 667 ex
2302 610 2419 667 hoc
2463 611 2621 669 enim
2648 615 2783 684 ipso

349 679 513 752 quod
543 679 794 750 percipit
822 692 887 736 se
937 693 1135 751 agere,
1157 677 1406 750 percipit
1460 692 1524 735 se
1557 678 1873 752 esse.Agit
1900 685 2103 740 autem
2149 694 2257 753 per
2299 681 2583 752 seipsam.
2619 684 2780 742 Unde

342 763 459 824 ⁷per
499 751 761 821 seipsam
789 749 864 807 de
894 764 960 808 se
985 749 1303 820 cognoscit
1332 748 1491 820 quod
1523 754 1633 829 est.

421 820 515 878 Sic
546 834 688 892 ergo
717 826 777 876 et
801 820 876 876 de
905 819 1264 878 substantiis
1288 824 1580 890 separatis
1608 820 1808 876 anima
1858 821 2285 892 cognoscendo
2328 824 2614 895 seipsam,
2646 839 2717 883 co
2759 855 2783 868 ·

349 891 550 949 noscit
623 892 722 948 uia
748 896 912 960 sunt,
945 905 1066 948 non
1094 897 1293 948 autem
1312 890 1453 961 quid
1480 896 1642 958 sunt,
1666 890 1825 962 quod
1855 896 1949 948 est
1970 905 2179 949 earum
2206 892 2578 952 substantias
2604 896 2726 952 inte
2754 925 2780 937 -

280 951 288 1010 ἶ
354 961 562 1033 ligere.
637 976 733 1019 um
787 961 947 1018 enim
978 962 1050 1019 de
1090 960 1446 1019 substantiis
1475 961 1769 1031 separatis
1825 962 1941 1019 hoc
1975 963 2138 1034 quod
2184 964 2307 1020 sint
2351 964 2782 1025 intellectuales

397 1032 624 1089 uaedam
673 1032 1025 1090 substantiae
1081 1044 1545 1104 cognoscamus,
1600 1031 1688 1087 vel
1729 1045 1835 1103 per
1881 1032 2473 1105 demonstrationem,
2534 1037 2625 1096 vel
2682 1049 2785 1107 per

349 1046 555 1183 gdem,
613 1110 825 1159 neutro
881 1102 1273 1183 modo-hanc
1320 1101 1729 1182 cognitionem
1782 1102 2052 1173 accipere
2090 1118 2432 1185 possemus,
2495 1105 2613 1163 nisi
2667 1107 2782 1165 hoc

351 1173 901 1301 martisia}
915 1171 2000 1323 eirjttt‘iit‘ztffilamaf'saumis
2017 1187 2100 1302 ‘iii
2127 1182 2785 1318 iiltitpiiffiiiffffissi

351 1328 484 1387 quae
511 1314 583 1371 de
612 1314 969 1372 substantiis
999 1314 1291 1385 separatis
1320 1327 1770 1386 cognoscimus-

426 1387 556 1442 Non
607 1392 802 1442 autem
851 1389 1083 1455 oportet
1120 1385 1303 1458 quod,
1331 1384 1386 1442 si
1420 1398 1526 1464 per
1567 1384 1852 1442 scientias
1881 1385 2281 1457 speculativas
2318 1386 2629 1459 possimus
2658 1402 2784 1459 per-

353 1455 559 1512 venire
589 1456 663 1512 ad
715 1455 1028 1513 sciendum
1059 1454 1132 1512 de
1171 1454 1375 1513 anima
1408 1454 1553 1528 quid
1601 1459 1712 1524 est,
1741 1455 1900 1527 quod
1955 1468 2283 1526 possumus
2337 1457 2409 1515 ad
2466 1459 2782 1517 sciendum

393 1525 635 1597 uicquid
670 1531 762 1582 est
790 1526 861 1582 de
892 1526 1248 1583 substantiis
1278 1525 1569 1597 separatis
1597 1540 1702 1596 per
1723 1524 2069 1597 huiusmodi
2096 1528 2414 1586 scientiam
2447 1531 2779 1600 pervenire.

347 1540 499 1654 gam
531 1596 868 1668 intelligere
926 1602 1197 1654 nostrum
1222 1610 1328 1668 per
1376 1595 1538 1668 quod
1594 1595 1975 1676 pervenimus
2027 1597 2102 1655 ad
2138 1598 2449 1656 sciendum
2476 1600 2549 1656 de
2579 1601 2781 1658 anima

331 1674 563 1729 *nostra
581 1667 724 1739 quid
747 1673 858 1736 est,
882 1669 1135 1725 multum
1156 1673 1246 1725 est
1263 1672 1558 1724 remotum
1586 1666 1660 1723 ab
1681 1666 2077 1740 intelligentia
2093 1668 2442 1728 substantiae
2464 1678 2775 1741 separatae.

353 1739 557 1796 Potest
580 1742 778 1794 tamen
809 1751 914 1809 per
949 1738 1066 1795 boc
1093 1737 1253 1810 quod
1281 1738 1471 1794 scitur
1499 1737 1571 1794 de
1595 1738 1797 1794 anima
1833 1743 2041 1796 nostra
2066 1738 2210 1812 quid
2238 1746 2350 1809 est,
2382 1741 2675 1812 perveniri
2706 1742 2781 1799 ad

353 1806 666 1864 sciendum
705 1808 949 1880 aliquod
999 1822 1193 1881 genus
1242 1813 1533 1865 remotum
1593 1807 2064 1865 substantiarum
2124 1817 2550 1881 separatarum.
2610 1812 2780 1883 Quod

330 1890 477 1936 ,non
501 1883 592 1936 est
620 1892 827 1936 earum
865 1879 1236 1938 substantias
1273 1879 1624 1948 intelligere.

424 1949 590 2006 Sicut
634 1953 832 2006 autem
864 1949 937 2006 de
966 1950 1167 2007 anima
1208 1949 1436 2007 scimus
1467 1948 1609 2029 quia
1660 1954 1760 2029 est·
1781 1963 1886 2021 per
1908 1949 2194 2022 seipsam,
2224 1950 2288 2008 in
2318 1957 2607 2025 quantum
2646 1953 2776 2024 ejus

352 2024 523 2078 actus
566 2021 971 2100 percipimus;
1027 2020 1171 2101 quid
1211 2026 1411 2078 autem
1458 2025 1536 2077 sit
1596 2019 1957 2092 inquirimus
2012 2035 2085 2078 ex
2138 2022 2373 2081 actibus
2410 2028 2469 2080 et
2530 2023 2781 2097 objectis

432 2092 788 2162 rprincipia
841 2091 1227 2148 scientiarum
1282 2089 1831 2161 speculativarum,-
1864 2090 1947 2148 ita
2001 2091 2178 2149 etiam
2224 2093 2301 2151 de
2341 2094 2439 2152 bis
2507 2108 2599 2160 ua}
2641 2099 2785 2151 sunt

375 2174 418 2219 n
477 2162 679 2220 anima
735 2168 960 2233 nostra,
1006 2162 1236 2219 scilicet
1290 2161 1575 2232 potentiis
1625 2165 1684 2217 et
1722 2160 2045 2230 habitibuS‚
2084 2164 2314 2221 scimus
2357 2164 2456 2236 qui
2504 2179 2597 2222 em
2639 2166 2784 2237 quia

351 2236 513 2295 sunt,
545 2232 610 2288 in
640 2238 929 2313 quantum
959 2237 1129 2290 actus
1159 2233 1543 2305 percipimus.
1575 2231 1726 2299 Quid
1776 2245 1917 2290 vero
1947 2234 2089 2303 sint,
2119 2247 2191 2290 ex
2237 2235 2508 2305 ipsorum
2536 2239 2778 2296 actuum

347 2301 634 2376 qualitate
656 2302 1016 2362 invenimus.

1292 2469 1547 2534 CAPUT
1592 2469 1827 2536 XLVII.

527 2641 679 2694 QUOD
727 2641 847 2687 Non
881 2640 1176 2689 Possmms
1214 2640 1280 2687 m
1314 2641 1434 2688 HAG
1469 2640 1616 2688 vrrA
1652 2641 1866 2688 tunm
1900 2641 2063 2688 Dm
2096 2642 2209 2689 PER
2252 2641 2602 2696 EssmTIAu.

418 2795 481 2854 Si
518 2800 718 2853 autem
748 2795 900 2854 alias
939 2794 1314 2855 substantias
1347 2799 1659 2868 separatas
1704 2796 1769 2853 in
1811 2794 1925 2853 hac
1949 2795 2072 2856 vita
2120 2797 2452 2871 intelligere
2482 2813 2606 2859 non
2631 2812 2777 2873 pos-

346 2881 562 2926 sumus
593 2870 830 2938 propter
851 2867 1412 2925 connaturalitatem
1432 2867 1774 2947 intellectus
1803 2865 1994 2924 nostri
2016 2868 2090 2925 ad
2119 2870 2557 2940 phantasmata,
2585 2874 2777 2933 multo

347 2939 555 2996 minus
584 2938 650 2993 in
679 2938 791 2995 hac
817 2937 939 2994 vita
966 2937 1227 2995 divinam
1253 2939 1585 2996 essentiam
1612 2937 1813 2996 videre
1852 2950 2205 3010 possumuS,
2243 2955 2376 3013 quae
2409 2944 2778 3003 transcendit

351 3021 565 3066 omnes
594 3007 965 3066 substantias
998 3013 1325 3079 separatas.

419 3078 605 3150 nujus
657 3084 860 3137 autem
913 3078 1157 3151 signum
1203 3079 1342 3137 hinc
1390 3079 1569 3136 etiam
1612 3079 1803 3152 accipi
1848 3085 2067 3151 potest,
2106 3081 2250 3154 quia
2298 3088 2523 3154 quanto
2581 3085 2777 3157 magis

345 3162 519 3207 mens
549 3156 755 3206 nostra
786 3149 860 3206 ad
905 3149 1366 3230 ¹contemplanda
1412 3150 1751 3220 spiritualia
1796 3150 2079 3222 elevatur,
2111 3158 2277 3210 tanto
2323 3155 2517 3226 magis
2548 3155 2775 3214 abstra-

347 3219 511 3278 hitur
537 3234 574 3276 a
599 3219 1015 3278 sensibilibus,
1047 3220 1299 3278 Ultimus
1346 3227 1543 3277 autem
1583 3220 1876 3279 terminus
1922 3235 2042 3295 quo
2088 3225 2513 3294 contemplatio
2557 3226 2781 3305 pertin-

341 3304 486 3362 gere
526 3296 743 3361 potest,
773 3296 866 3347 est
910 3290 1113 3348 divina
1159 3291 1515 3349 substantia.
1545 3291 1709 3349 Unde
1748 3297 1979 3363 oportet
2025 3298 2280 3351 mentem
2372 3309 2462 3351 nae
2512 3294 2776 3354 divinam

343 3361 742 3419 substantiam
781 3360 960 3431 videt,
986 3360 1248 3419 totaliter
1271 3376 1312 3420 a
1339 3362 1753 3432 corporalibus
1798 3363 2082 3422 sensibus
2131 3377 2269 3423 esse
2386 3365 2649 3424 solutam
2680 3366 2772 3425 vel

337 3444 452 3503 per
479 3436 755 3500 mortem,
782 3431 876 3488 vel
906 3445 1013 3502 per
1038 3432 1297 3504 aliquem
1327 3437 1584 3503 raptum.

325 3502 579 3628 ‘Lagina
596 3502 889 3627 ffitessuod
905 3501 1125 3560 dicitur
1147 3517 1216 3560 ex
1239 3505 1513 3574 persona·
1535 3502 1663 3573 Dei,
1700 3503 1908 3575 Eaeod„
1932 3515 2149 3575 xxxm,
2180 3508 2253 3566 20
2277 3523 2292 3563 :
2317 3508 2443 3567 Non
2463 3504 2671 3563 videbit
2694 3521 2779 3564 me

469 3588 499 3628 ο
657 3588 690 3626 υ
751 3615 764 3629 .

415 3642 586 3711 Quod
615 3650 810 3701 autem
843 3642 907 3699 in
933 3656 1110 3701 sacra
1153 3643 1459 3714 Scriptura
1485 3643 1671 3717 aliqui
1712 3647 1902 3703 Deum
1942 3645 2168 3704 vidisse
2210 3645 2512 3715 dicuntur,
2544 3653 2778 3718 oportet

347 3711 600 3785 intelligi
654 3714 767 3771 hoc
811 3713 1001 3771 fuisse
1041 3727 1150 3784 per
1192 3714 1453 3786 aliquam
1504 3714 1920 3787 imaginariam
1954 3717 2247 3777 visionem
2299 3731 2407 3775 seu
2437 3718 2613 3775 etiam
2642 3733 2775 3775 cor-

341 3783 631 3854 poralem,
661 3789 837 3911 prout
864 3784 1097 3865 scilicet
1131 3797 1236 3855 per
1277 3784 1511 3867 aliquas
1540 3799 1862 3868 corporeas
1890 3787 2145 3869 species,
2176 3760 2273 3868 vei
2298 3789 2559 3869 exterius
2596 3802 2775 3871 appa·

344 3857 567 3921 rentes,
599 3867 667 3910 ve
718 3860 972 3913 interius
1017 3855 1305 3913 formatas
1353 3869 1416 3912 in
1462 3864 1889 3928 imaginatione
1937 3857 2152 3916 divinae
2179 3864 2415 3917 virtutis
2457 3866 2777 3930 praesentla

317 3922 825 3994 ·demonstratur;
857 3925 948 3983 vel
998 3926 1176 3983 etiam
1219 3926 1548 3984 secundum
1622 3927 1740 3985 uod
1780 3928 1857 3985 ali
1905 3941 1997 3986 uae
2042 3928 2389 3999 spirituales
2420 3931 2775 3990 substantiis

347 4005 457 4064 per
473 3992 728 4075 effectus
763 3995 1029 4069 aliquam
1175 3996 1463 4054 uitionem
1491 3997 1565 4054 de
1641 4011 1712 4056 eo
1736 3942 2175 4079 intefligibilem
2204 4008 2613 4081 perceperunt.

417 4064 836 4123 Difficultatem
865 4073 1063 4124 autem
1109 4080 1146 4125 a
1194 4072 1368 4124 erunt
1409 4069 1680 4139 quaedam
1708 4069 1889 4127 verba
1915 4075 2232 4141 Augustini
2263 4086 2335 4128 ex
2362 4072 2583 4143 quibus
2611 4072 2773 4130 vide-

345 4137 446 4191 tur
473 4135 632 4207 quod
659 4136 720 4193 in
751 4137 860 4194 hac
889 4138 1009 4194 vita
1035 4137 1343 4208 possimus
1359 4138 1693 4210 intelligere
1713 4139 1911 4211 ipsum
1934 4140 2308 4198 Deum.Dicit
2335 4143 2495 4200 enim
2523 4143 2584 4201 in
2612 4155 2776 4205 nono

334 4203 448 4264 lib.
480 4209 560 4263 De
600 4208 757 4264 Trin.
789 4206 939 4280 (cap.
968 4208 1025 4280 7)
1055 4208 1216 4282 quod
1264 4209 1377 4265 «in
1404 4214 1627 4267 aeterna
1648 4210 1891 4269 veritate
1921 4224 1995 4268 ex
2022 4223 2135 4282 qua
2196 4213 2401 4271 omnia
2442 4213 2779 4285 corporalia

342 4275 501 4335 facta
526 4284 689 4346 sunt,
723 4278 974 4335 formam
1011 4278 1350 4357 ,secundum
1402 4294 1581 4350 quam
1630 4294 1863 4351 sumus,
1894 4286 1956 4360 et
1994 4281 2326 4340 secundum
2366 4298 2544 4357 quam
2589 4283 2679 4337 vel
2710 4281 2778 4361 in

337 4347 543 4417 nobis,
571 4348 666 4405 vel
695 4348 759 4404 in
788 4349 1141 4419 corporibus
1169 4363 1308 4407 vera
1332 4354 1390 4406 et
1419 4356 1579 4407 recta
1608 4351 1836 4408 ratione
1858 4349 1998 4423 quid
2021 4364 2356 4422 operamur,
2390 4356 2523 4411 visu
2552 4356 2773 4409 mentis

345 4417 774 4491 aonspicimuS‚
807 4423 982 4484 atque
1036 4418 1175 4477 inde
1226 4426 1576 4487 conceptam
1600 4434 1799 4480 rerum
1841 4434 2113 4482 veracem
2150 4424 2425 4484 notitiam
2477 4421 2630 4487 apud
2658 4431 2774 4479 nos
