3076 5025
359 243 466 301 ees
1201 193 1347 317 tin.
1377 237 1476 303 iii,
1516 234 1671 292 cni».
1712 234 1995 313 Lxxxlll.

362 362 509 437 quia
536 363 737 419 motus
764 358 980 418 localis
1003 363 1098 417 est
1121 356 1356 429 primus
1384 356 1543 415 inter
1567 368 1782 415 omnes
1807 359 2013 413 motus
2041 359 2103 412 et
2138 358 2429 427 tempore,
2457 353 2606 429 quia
2632 352 2810 415 solus

359 437 563 507 potest
587 444 724 490 esse
735 433 1077 511 perpetuuS,
1109 433 1173 486 ut
1193 426 1479 499 probatur
1496 426 1565 484 in
1586 430 1797 485 octavo
1823 426 1994 508 Pizus.
2023 423 2188 507 (text.
2214 438 2372 484 com.
2393 428 2462 483 54
2478 429 2539 482 et
2551 423 2726 500 serp),
2747 429 2815 483 et

363 502 737 569 naturaliter,
768 515 912 574 quia
938 501 1071 558 sine
1098 498 1233 570 ipso
1263 510 1387 556 non
1416 501 1621 568 potest
1644 510 1782 556 esse
1809 497 1891 554 ali
1935 509 2032 556 uis
2054 495 2309 556 aliorum
2337 499 2660 558 motuum-z
2683 507 2815 556 non

363 574 527 634 enim
559 575 980 645 augmentatur
1008 567 1236 642 aliquid
1269 567 1390 625 nisi
1416 567 1832 647 praeexistente
1861 581 1896 625 a
1924 566 2235 635 teratione,
2262 578 2599 648 perfluant
2644 564 2827 640 quior&

360 644 535 718 prius
565 649 692 702 erat
721 641 1042 710 dissimile,
1071 644 1453 699 convertatur
1472 643 1532 696 et
1557 636 1665 697 fiat
1691 637 1909 696 simile.
1937 640 2019 696 Ne
2063 652 2138 698 ue
2166 638 2441 696 alteratio
2455 639 2849 718 potestesse,-

362 714 486 776 nlsi
551 713 924 775 raeexistente
953 710 1070 769 loci
1091 709 1446 781 mutatione,
1476 709 1621 782 quia
1650 708 1725 766 ad
1752 709 1869 768 hoc
1906 722 2026 781 quo
2114 706 2221 768 fiat
2258 708 2531 772 alteratio
2573 712 2835 780 oportet,

365 794 488 859 quo
531 784 820 844 alterans
849 781 1046 855 magis
1073 781 1154 839 sit
1179 780 1587 862 propinquum
1613 779 1801 839 altero
1831 793 1997 861 nunc
2022 792 2211 853 quam.
2242 778 2435 851 prius.
2478 779 2584 844 Est
2627 777 2835 859 etiam,

363 854 735 929 perfectione
756 852 942 927 prior,
971 851 1114 924 quia
1140 857 1343 909 motus
1378 850 1593 908 localis
1623 864 1746 908 non
1790 854 1983 907 variat
2028 863 2155 909 rem
2198 849 2531 909 secundum
2579 843 2833 922 aliqum

365 926 426 986 ei
450 925 777 993 inhaerens,
807 922 913 982 sed
944 922 1142 982 solum
1175 920 1511 980 secundum
1527 920 1757 994 aliquid
1780 921 2207 990 extrinsecum,
2236 924 2295 978 et
2321 925 2563 993 propter
2579 919 2700 978 hoe
2719 922 2816 999 est

361 996 455 1056 rei
473 996 600 1069 jam
626 994 920 1067 perfectae.
952 993 1250 1062 Secundo,
1278 992 1424 1073 quia
1451 992 1631 1050 etiam
1664 993 1821 1049 inter
1843 997 2047 1051 motus
2068 989 2295 1050 locales
2325 996 2421 1049 est
2461 994 2669 1050 motus
2694 1002 2837 1054 ciro-

363 1066 594 1126 cularis
621 1053 787 1137 prior
814 1069 871 1121 et
897 1067 1186 1135 tempore,
1218 1077 1362 1136 quia
1391 1061 1562 1120 solus
1588 1062 1716 1134 ipse
1744 1065 1944 1133 potest
1966 1075 2101 1121 esse
2130 1067 2476 1140 perpetuus,
2505 1064 2581 1142 ut
2599 1059 2837 1141 proban¹

363 1137 552 1195 turin
583 1141 795 1195 octavo
829 1135 998 1204 Phys.
1046 1133 1210 1206 (text.
1243 1146 1461 1191 comm.
1493 1131 1606 1205 64),
1637 1138 1696 1190 et
1718 1132 2089 1200 naturaliter,
2119 1132 2264 1205 quia
2287 1138 2380 1191 est
2420 1144 2621 1203 magis
2666 1143 2813 1189 siin-

365 1207 506 1280 plex
529 1211 590 1264 et
616 1219 799 1274 unuS‚
827 1219 964 1262 cuin
1006 1218 1129 1262 non
1177 1203 1584 1277 distinguatur
1623 1203 1686 1260 in
1776 1202 2123 1274 rincipium,
2164 1202 2450 1266 medium,
2497 1208 2560 1259 et
2601 1200 2811 1271 finem,

367 1276 478 1337 sed
506 1280 671 1335 totus
698 1276 777 1334 sit
805 1274 980 1348 quasi
1010 1274 1277 1332 medium
1300 1291 1315 1343 ;
1341 1280 1404 1331 et
1427 1274 1605 1331 etiam
1632 1287 1736 1355 per
1763 1273 2018 1342 ectione‚
2050 1272 2194 1346 quia
2216 1271 2542 1331 reflectitur
2557 1271 2636 1330 ad
2655 1272 2817 1344 prin·

373 1346 622 1476 titii&
641 1344 1652 1474 ilfilt‘tffltffixstitit?
1669 1343 2240 1472 faeviflil'ssrti'liffilffi
2250 1342 2569 1472 ἔῗέῗὼῖἷὲἓ
2589 1342 2820 1472 aiat:

374 1487 522 1546 tatis
545 1487 617 1550 in
655 1486 774 1546 fine
803 1503 818 1543 :
845 1487 912 1543 in
956 1485 1240 1544 violentis
1289 1490 1488 1543 autem
1535 1485 1609 1542 ad
1655 1485 1762 1543 itio
1807 1484 2126 1543 tarditatis.
2174 1485 2418 1556 Oportet
2460 1496 2612 1556 ergo
2651 1481 2820 1557 quod

368 1564 578 1616 motus
609 1556 746 1615 coeli
774 1556 855 1614 sit
885 1569 1071 1613 causa
1094 1556 1362 1613 omnium
1390 1555 1644 1613 aliorum
1668 1561 1961 1613 motuum.

440 1628 664 1698 Adhuc,
700 1627 857 1684 sicut
879 1639 943 1684 se
974 1626 1153 1685 babet
1180 1626 1485 1685 immobile
1508 1625 1863 1697 simpliciter
1885 1625 1960 1683 ad
1988 1628 2219 1684 motum
2247 1624 2622 1696 simpliciter,
2640 1624 2821 1684 itase

372 1697 561 1768 babet
587 1696 895 1755 immobile
925 1695 1256 1758 secundum
1285 1696 1446 1760 bunc
1477 1701 1706 1755 motum
1735 1696 1809 1753 ad
1838 1701 2068 1756 motum
2096 1695 2317 1764 talem;
2346 1694 2410 1753 id
2428 1699 2635 1756 autem
2693 1694 2831 1756 uod.

375 1774 472 1827 est
502 1767 810 1824 immobile
837 1767 1189 1838 simpliciter
1236 1772 1330 1824 est
1355 1766 1716 1838 principium
1756 1767 1955 1826 omnis
2001 1769 2225 1835 motus,
2271 1771 2341 1824 ut
2378 1765 2675 1848 suprafili
2721 1808 2737 1824 .
2769 1779 2820 1839 1,

374 1852 509 1910 cap.
545 1837 631 1909 13)
664 1836 979 1908 probatum
1010 1842 1119 1894 est.
1152 1836 1323 1904 Quod
1349 1849 1492 1910 ergo
1522 1841 1616 1895 est
1643 1836 1949 1898 immobile
1989 1836 2323 1896 secundum
2372 1837 2833 1907 alterationem..

377 1915 474 1967 est
521 1908 883 1979 principium
934 1906 1134 1964 omnis
1181 1906 1554 1965 alterationis
1586 1921 1881 1978 :corpora
1933 1913 2131 1972 autem
2171 1906 2442 1968 coelestia
2485 1905 2624 1966 sola
2658 1906 2831 1966 inter,

382 1978 724 2049 corporalia
748 1983 891 2035 sunt
907 1976 1326 2047 inalterabilia,
1346 1978 1506 2050 quod
1532 1977 1903 2037 demonstrat
1917 1976 2236 2049 dispositio
2265 1991 2473 2036 eorum
2495 1991 2629 2049 quai
2656 1991 2823 2038 sem·

382 2062 493 2128 per
510 2046 719 2105 eadem
748 2047 1069 2105 invenitur.
1102 2050 1202 2104 Est
1229 2061 1372 2120 ergo
1402 2061 1623 2119 corpus
1659 2049 1904 2106 coeleste
1958 2062 2146 2107 causa
2188 2048 2390 2107 omnis
2439 2047 2833 2114 alterationis

386 2131 450 2174 in
481 2117 579 2175 his
602 2132 737 2191 quae
762 2118 1107 2175 alterantur.
1137 2116 1421 2180 Alteratio
1452 2124 1650 2175 autem
1680 2118 1742 2175 in
1764 2119 1861 2177 his
1889 2117 2279 2182 inferioribus
2318 2123 2413 2178 est
2449 2118 2837 2190 principium·

385 2187 589 2246 omnis
608 2191 845 2255 motus;
873 2201 1011 2246 nam
1043 2200 1147 2259 per
1174 2183 1592 2246 alterationem
1621 2190 1963 2260 pervenitur
1989 2188 2064 2247 ad
2090 2195 2483 2260 augmentum
2527 2193 2604 2268 et‘
2630 2201 2823 2260 gene·-

386 2258 725 2326 rationem3
758 2269 1055 2330 generans
1085 2261 1283 2314 autem
1314 2263 1404 2315 est
1428 2263 1625 2317 motor
1648 2272 1754 2330 per
1787 2272 1853 2318 se
1898 2259 1965 2318 in
2007 2263 2178 2316 motu
2217 2258 2395 2317 locali
2441 2272 2717 2336 gravium
2761 2263 2831 2322 tat¹

381 2325 650 2397 levium;
701 2332 934 2397 oportet
961 2337 1112 2399 ergo*
1138 2326 1298 2399 quod
1326 2328 1551 2386 coelum
1578 2328 1659 2386 sit
1684 2342 1869 2388 causa
1897 2329 2099 2392 omnis
2142 2333 2346 2390 motus
2390 2328 2455 2387 in
2496 2328 2634 2387 istis
2662 2327 2822 2387 infe-

377 2398 650 2456 rioribus
678 2396 1056 2470 corporibus.
1087 2397 1184 2455 Sic
1212 2411 1357 2472 ergo
1382 2402 1546 2470 patet
1569 2398 1731 2472 quod
1760 2413 2017 2473 corpora
2028 2398 2323 2460 inferiora
2355 2412 2463 2472 pei·
2501 2400 2831 2476 superiora

377 2472 687 2542 reguntur.

1278 2689 1543 2755 CAPU'n
1594 2684 1916 2763 LXXXIII.

1121 2883 1128 2891 ·
1212 2867 1490 2915 muns
1502 2898 1509 2911 ·
1519 2869 1968 2923 Pmmmnmt.

447 3030 531 3085 Ex
555 3026 841 3109 omnibus
864 3033 1064 3087 autem
1092 3043 1227 3102 quae
1255 3033 1503 3087 ostensa
1529 3036 1674 3091 sunt
1697 3030 1983 3103 colligere
2000 3045 2351 3103 possumus,
2383 3035 2564 3107 quod,
2611 3050 2815 3110 quan·

371 3102 504 3155 tuni
526 3097 601 3155 ad
629 3098 861 3157 ordinis
888 3099 1387 3173 excogitationem
1408 3099 1590 3159 rebus
1610 3101 1980 3173 imponendi,
1997 3104 2154 3161 Deus
2172 3104 2380 3162 omnia
2399 3119 2505 3177 pei·
2538 3105 2817 3178 seipsum

375 3167 697 3240 disposuit.
731 3168 898 3226 Unde
920 3182 1101 3242 super
1120 3169 1268 3228 illud
1295 3169 1425 3235 Job,
1456 3183 1671 3241 xxxiii,
1702 3175 1765 3229 13
1800 3189 1814 3228 :
1844 3172 2011 3238 Quem
2027 3176 2217 3242 posuit
2241 3174 2415 3232 alitam
2440 3190 2607 3246 szqm·
2628 3177 2837 3241 orbem

373 3253 535 3309 quem
558 3238 866 3306 fabricatus
889 3244 970 3295 est
994 3243 1023 3295 P
1049 3240 1201 3297 Dicit
1231 3242 1589 3313 Gregorius:
1616 3263 1647 3295 «
1664 3242 1946 3300 Mundum
2022 3244 2198 3315 uippe
2227 3257 2332 3315 per
2359 3245 2628 3317 seipsum
2644 3246 2829 3320 regiti

417 3309 479 3366 ui
500 3323 606 3380 per
626 3309 893 3381 seipsum
920 3310 1267 3368 condidit».
1295 3313 1361 3368 Et
1383 3312 1624 3370 Boetius
1671 3312 1733 3369 in
1756 3316 1969 3385 quarto
2039 3330 2066 3369 e
2092 3315 2450 3373 consolatione
2469 3315 2655 3388 (pros.
2679 3319 2771 3389 12)
2792 3337 2827 3379 z·

373 3323 537 3437 gens
557 3393 666 3451 per
688 3393 759 3460 se
783 3382 982 3461 solum
997 3387 1212 3439 cuncta
1231 3381 1516 3453 disponit.
1543 3354 1656 3440 Sed
1675 3387 1963 3454 quantum
1984 3383 2059 3442 ad
2083 3385 2497 3444 executionem
2518 3386 2857 3449 inferiora:

417 3462 809 3530 ersi—iperiora
830 3450 1139 3523 dispensat
1161 3470 1174 3483 ·
1198 3452 1534 3525 corporalia
1556 3453 1797 3533 quidem
1811 3467 1916 3524 per
1935 3454 2464 3526 spiritualia.Unde
2484 3458 2811 3531 Gregorius

371 3461 520 3576 {icit
547 3533 609 3576 in
632 3526 846 3602 quai-to
859 3522 991 3577 Dicit
1004 3540 1023 3577 ε
1039 3524 1147 3580 «In
1161 3496 1278 3603 boc
1297 3523 1523 3605 inundo
1542 3522 1767 3604 visibili
1790 3524 1951 3604 ‘nihil
1980 3525 2100 3583 nisi
2127 3540 2234 3597 per
2251 3526 2621 3587 invisibilem
2637 3543 2805 3591 crea.-

371 3592 572 3648 turam
601 3590 696 3649 dis
738 3603 839 3648 oni
870 3597 1112 3662 potest»
1129 3610 1144 3662 ;
1162 3593 1479 3652 inferiores
1494 3607 1635 3652 vero
1658 3599 1906 3666 spiritus
1929 3609 2035 3676 per
2062 3597 2409 3668 superiores
2426 3615 2447 3655 i
2479 3597 2827 3661 undezdicit

376 3658 624 3741 Dionys.
642 3606 804 3788 (sopori.
832 3662 991 3726 ἠέρι,
1021 3678 1053 3720 c
1079 3663 1168 3745 Π)
1211 3663 1371 3745 quod
1414 3663 1691 3746 coelestes
1719 3672 1997 3746 essentiae
2036 3666 2699 3739 intellectualesprimo
2742 3669 2815 3731 in

375 3741 613 3802 seipsas
681 3744 909 3814 ivinani
934 3733 1118 3791 edunt
1141 3733 1666 3816 illuminationem,
1693 3739 1835 3793 etin
1862 3749 1976 3795 nos
2003 3735 2274 3796 deferunt
2304 3752 2439 3810 quae
2466 3751 2652 3811 supra
2690 3752 2827 3807 nos¹

376 3806 522 3880 sunt
548 3802 1067 3862 manifestationes
1097 3821 1112 3860 ε
1144 3803 1431 3863 inferiora
1457 3809 1636 3862 etiam
1666 3819 1920 3878 corpora
1983 3820 2048 3864 er
2072 3808 2402 3879 superiora.
2454 3809 2620 3869 Unde
2658 3808 2811 3871 dicit

376 3871 703 3945 Dionysius
732 3873 830 3947 (De
856 3874 1061 3933 divinis
1085 3874 1414 3944 viminibus,
1438 3888 1507 3933 iv
1525 3874 1679 3949 cap.)
1700 3875 1862 3949 quod
1885 3890 1955 3935 so
1998 3879 2451 3950 generationem
2468 3879 2809 3943 visibilium

374 3942 2825 4092 33'13‘3220383?{titiiifflss‹liiffaffiiiinoffillitig‘siiss‘tfl‘iffiituiiss‘u‘it‘ffilsfiffi'

370 4081 552 4162 tertio
578 4087 656 4139 De
684 4086 836 4143 Prin.
868 4104 892 4167 ς
917 4105 947 4137 «
968 4085 1480 4168 Quemadmodum
1509 4100 1763 4160 corpora
1790 4088 2091 4149 crassiora
2116 4093 2174 4146 et
2193 4088 2483 4150 inferiora
2494 4104 2601 4164 per
2612 4070 2841 4153 subiis-

374 4162 570 4210 miora
585 4156 643 4209 et
668 4159 1006 4226 potentiora
1033 4156 1293 4231 quodam
1312 4157 1522 4216 ordine
1552 4163 1861 4233 reguntur,
1890 4159 1975 4216 ita
1998 4159 2206 4219 omnia
2238 4173 2494 4233 corpora
2534 4175 2644 4234 per
2679 4162 2805 4243 spi-

371 4220 1112 4365 fxigiiginvjiltligtgfflio’nalem,
1142 4233 1201 4287 et
1227 4227 1474 4302 spiritus
1502 4229 1817 4289 rationalis
1843 4233 2121 4302 peccator
2145 4244 2255 4305 per
2297 4231 2576 4306 spiritum
2617 4236 2805 4293 ratio-
