3076 5025
1194 260 1365 343 'ua
1412 286 1457 353 1,
1495 286 1648 344 cai».
1685 285 1750 344 v.
2559 236 2570 245 x
2662 294 2695 348 5

271 404 437 479 quod
488 405 922 479 metaphysica,
960 420 1090 479 quae
1118 406 1275 466 circa
1316 406 1518 465 divina
1542 411 1831 478 versatur,
1865 406 2021 465 inter
2067 406 2466 483 philosophiae
2495 417 2695 483 partes

271 477 495 536 ultima
523 483 795 534 remanet
815 476 1191 535 addiscenda.

340 546 445 603 Sic
471 560 625 618 ergo
646 547 888 605 nonnisi
918 561 1052 605 cum
1095 561 1312 620 magno
1338 546 1544 606 labore
1578 547 1757 606 studii
1787 548 1861 606 ad
1890 548 2181 621 praedictae
2206 549 2474 608 veritatis
2503 551 2697 626 inqui·

272 617 563 675 sitionem
588 618 1144 699 ‘perveniri-potesu
1166 631 1339 691 quem
1374 617 1611 689 quidem
1635 618 1897 677 laborem
1927 620 2100 691 pauci
2132 620 2333 679 subire
2353 622 2562 678 volunt
2587 637 2692 694 pro

275 694 806 814 αωοιὶᾳιεοιθηῑιω,
824 701 995 760 cujus
1019 694 1216 747 tamen
1242 689 1543 746 inentibus
1566 689 1872 747 bominum
1902 691 2229 748 naturalem
2259 694 2416 751 Deus
2437 692 2693 753 inseruit

278 771 315 819 a
392 772 425 816 e
454 774 473 815 i
506 772 634 815 um.

312 772 349 831 p
380 828 691 887 ecundum
720 828 1149 888 inconveniens
1177 834 1286 896 est,
1318 828 1474 903 quod
1496 829 1584 887 illi
1616 829 1718 903 qui
1746 830 1821 888 ad
1861 828 2154 902 praedictae
2182 832 2448 892 veritatis
2486 834 2692 907 cogni-

276 897 496 956 tionem
548 900 642 956 vel
693 898 1096 957 inventionem
1142 900 1536 971 pervenirent,
1567 900 1666 958 vix
1710 906 1847 973 post
1889 902 2133 974 longum
2177 907 2412 974 tempus
2468 905 2690 975 pertin·

276 976 503 1097 5erent‚
531 977 660 1027 tum
702 977 940 1041 propter
967 969 1306 1041 hujusmodi
1341 970 1603 1029 veritatis
1633 970 2110 1042 profunditatem,
2143 973 2216 1031 ad
2252 988 2429 1046 quam
2457 976 2692 1046 capien-

316 1054 406 1097 am
432 1054 548 1121 per
563 1041 721 1098 viam
757 1041 1006 1098 rationis
1032 1040 1275 1098 nonnisi
1296 1047 1431 1121 post
1456 1042 1703 1112 longum
1730 1041 2069 1099 exercitium
2104 1044 2441 1102 intellectus
2486 1046 2692 1104 buma-

278 1123 389 1168 nus
425 1111 693 1169 idoneus
717 1111 1047 1181 invenitur3
1088 1117 1211 1168 tum
1236 1116 1412 1168 etiam
1459 1117 1697 1183 propter
1730 1113 1919 1170 multa
1946 1127 2075 1184 quae
2125 1116 2586 1193 praeexiguntur,
2626 1120 2692 1175 ut

278 1180 492 1239 dictum
546 1187 679 1251 est;
715 1187 839 1239 tum
890 1188 1129 1253 propter
1176 1181 1289 1238 hoc
1325 1183 1504 1255 quod,
1536 1188 1800 1253 tempore
1854 1182 2202 1254 Juventutis‚
2250 1185 2391 1242 dum
2438 1186 2691 1245 diversis

278 1252 539 1310 motibus
582 1251 938 1323 passionum
984 1251 1185 1310 anima
1212 1252 1481 1320 fluctuat,
1501 1266 1620 1309 non
1653 1258 1745 1310 est
1776 1258 1924 1323 apta
1969 1252 2041 1309 ad
2091 1259 2205 1309 tam
2247 1255 2380 1312 altae
2428 1257 2691 1317 veritatis

278 1323 712 1394 cognitionem,
743 1322 847 1380 sed
879 1322 941 1386 in
975 1323 1339 1394 quiescendo
1373 1322 1434 1379 fit
1463 1323 1724 1393 prudens
1775 1329 1832 1379 et
1860 1322 2080 1393 sciens,
2122 1328 2187 1380 ut
2216 1323 2432 1382 dicitur
2459 1326 2520 1382 in
2550 1340 2682 1398 sep-

279 1393 419 1450 timo
446 1395 814 1463 Pliysicorum
841 1396 1002 1464 (text.
1034 1407 1252 1450 comm.
1280 1393 1392 1464 20).
1426 1396 1772 1451 Remaneret
1816 1393 1999 1465 igitur
2026 1393 2350 1451 humanum
2396 1409 2608 1465 genu5‚
2637 1396 2691 1454 si

282 1463 405 1521 sola
422 1464 684 1521 rationis
713 1464 811 1522 via
836 1463 910 1521 ad
939 1466 1123 1520 Deum
1159 1463 1639 1535 cognoscendum
1663 1469 1906 1534 pateret,
1938 1464 1999 1519 in
2032 1463 2307 1521 maximis
2338 1464 2690 1537 ignorantiae

281 1533 567 1604 tenebris;
603 1548 789 1608 quum
841 1534 943 1591 Dei
974 1534 1257 1605 cognitio,
1308 1548 1438 1606 quae
1468 1535 1745 1592 homines
1787 1533 2043 1591 maxime
2072 1535 2365 1605 perfectos
2404 1542 2461 1593 et
2499 1537 2691 1595 bonos

286 1602 433 1666 facit.
462 1605 718 1663 nonnisi
784 1604 1138 1676 quibusdam
1192 1605 1423 1676 paucis,
1470 1610 1528 1662 et
1574 1604 1670 1664 his
1722 1604 1934 1677 paucis
1989 1604 2167 1663 etiam
2206 1610 2343 1678 post
2399 1607 2687 1679 temporis

286 1672 740 1746 longitudinem,
769 1675 1121 1746 proveniret.

353 1746 606 1804 'rei-tium
656 1746 1087 1803 inconveniens
1120 1749 1230 1812 est,
1259 1744 1418 1818 quod
1450 1744 1896 1817 investigationi
1929 1746 2180 1804 rationis
2234 1747 2510 1806 humanae
2553 1746 2690 1830 pie·

298 1828 524 1895 rituique
584 1816 822 1874 falsitas
888 1815 1248 1873 admiscetur
1293 1822 1533 1896 propter
1582 1816 1939 1874 debilitatem
1986 1817 2324 1875 intellectus
2379 1824 2566 1875 nostri
2625 1818 2688 1877 in

289 1885 620 1956 judicandO,
652 1892 710 1944 et
736 1887 1215 1957 phantasmatum
1236 1887 1709 1956 permixtionem.
1743 1890 1810 1944 Et
1841 1887 1975 1944 ideo
1995 1886 2149 1958 apud
2171 1888 2392 1946 multos
2422 1888 2481 1944 in
2515 1888 2686 1947 dubi-

294 1958 499 2014 tatione
529 1963 905 2015 remanerent
925 1973 1014 2026 ea,
1037 1972 1167 2030 quae
1206 1964 1348 2015 sunt
1376 1957 1685 2015 verissime
1717 1958 1894 2014 etiam
1924 1956 2348 2027 demonstrata,
2383 1959 2523 2016 dum
2566 1959 2685 2017 vim

287 2024 812 2086 demonstrationis
868 2031 1165 2102 ignorant,
1218 2033 1275 2085 et
1328 2029 1619 2099 praecipue
1669 2041 1850 2100 quum
1896 2027 2150 2091 videant*
2180 2043 2217 2087 a
2254 2029 2527 2097 diversis,
2578 2030 2682 2101 qui

282 2100 582 2168 sapientes
619 2098 920 2167 dicuntur,
951 2097 1186 2156 diversa
1204 2097 1422 2157 doceri.
1458 2101 1614 2156 luter
1639 2099 1828 2156 multa
1853 2099 2032 2157 etiam
2059 2112 2217 2166 vera,
2247 2114 2380 2171 quae
2406 2100 2686 2159 demons-

278 2173 523 2237 trantur,
570 2170 942 2227 immiscetur
967 2168 1287 2242 aliquando
1334 2169 1555 2242 aliquid
1587 2169 1836 2240 falsum,
1870 2170 2030 2250 quod
2069 2183 2190 2227 non
2221 2170 2681 2240 demonstratur,

278 2239 380 2297 sed
405 2241 617 2313 aliqua
643 2239 932 2311 probabili
960 2239 1049 2297 vel
1078 2239 1406 2321 sophistica
1456 2240 1685 2299 ratione
1714 2247 2022 2309 asseritur,
2058 2256 2188 2314 quae
2243 2240 2539 2299 interdum
2586 2240 2683 2299 de-

277 2313 632 2369 monstratio
665 2315 987 2381 reputatur.
1020 2313 1087 2367 Et
1139 2312 1275 2368 ideo
1329 2311 1610 2382 oportuit,
1640 2325 1745 2382 per
1772 2310 1927 2368 viam
1976 2309 2135 2383 fidei,
2164 2310 2280 2369 fixa
2308 2311 2684 2382 certitudine,

272 2379 465 2454 ipsam
496 2382 800 2439 veritatem
833 2381 906 2438 dt,
936 2380 1113 2439 rebus
1141 2381 1359 2439 divinis
1389 2381 1735 2439 hominibus
1765 2381 2050 2439 exhiberi.

341 2452 677 2510 salubriter
706 2466 849 2526 ergo
875 2450 1075 2509 divina
1144 2451 1357 2511 rovidit
1384 2452 1718 2522 clementia,
1751 2456 1815 2509 ut
1842 2466 1913 2509 ea
1940 2452 2118 2510 etiam
2149 2466 2280 2525 quae
2309 2452 2460 2510 ratio
2489 2453 2689 2510 inves-

271 2521 461 2603 tigare
491 2529 709 2596 potest,
742 2523 854 2581 fide
901 2528 1076 2604 tenen
1120 2538 1156 2580 a
1184 2524 1553 2596 praeciperet3
1586 2529 1651 2582 ut
1702 2523 1790 2582 sic
1852 2537 2062 2583 omnes
2110 2524 2182 2582 de
2226 2524 2379 2582 facili
2438 2525 2688 2596 possent

266 2591 490 2653 divinae
518 2594 886 2665 cognitionis
916 2594 1119 2664 partici
1165 2607 1231 2652 es
1261 2607 1395 2652 esse
1424 2600 1482 2651 et
1509 2595 1734 2666 absque
1768 2594 2136 2653 dubitatione
2165 2602 2223 2652 et
2247 2609 2466 2654 errore.

336 2665 492 2723 Hinc
524 2665 801 2737 estquod
829 2665 1079 2723 dicitur:
1143 2681 1231 2720 am
1278 2680 1386 2719 non
1439 2665 1722 2719 ambuletis
1775 2666 1916 2720 sicut
1967 2669 2018 2718 et
2066 2669 2246 2734 pentes
2294 2666 2597 2734 ambulant,
2625 2666 2687 2720 in

265 2739 517 2792 vanitate
544 2751 732 2792 amisus
759 2738 864 2798 sui,
904 2736 1135 2790 tenebris
1167 2736 1505 2790 obscuratum
1535 2735 1787 2788 habentes
1827 2734 2150 2789 intellectum
2185 2736 2447 2805 (aphes,
2475 2747 2564 2806 lv,
2597 2738 2685 2805 ¹7,

268 2805 392 2880 18);
418 2811 485 2867 et
502 2823 518 2865 :
535 2808 744 2866 Ponam
766 2808 1046 2865 universos
1066 2806 1210 2879 filios
1237 2808 1358 2862 tuos
1386 2804 1567 2860 doctos
1592 2819 1629 2861 a
1651 2804 1881 2863 Domino
1907 2802 2071 2877 (lsa.‚
2098 2815 2219 2874 ιΠ,
2252 2805 2361 2877 13).
2645 2815 2648 2816 ’

1294 3021 1551 3089 CAPUT
1574 3022 1648 3087 V.
1724 2966 1735 2978 ·

328 3204 491 3262 QUOD
516 3204 618 3257 EA·
652 3203 787 3259 011AE
817 3198 1079 3254 u't'lottss
1110 3202 1488 3252 lestmalu
1524 3202 1642 3250 Non
1674 3201 1953 3261 Possum,
1990 3202 2441 3253 commum
2473 3202 2613 3253 mr.

1097 3272 1372 3322 mmm
1405 3273 1845 3321 PROPONUNTUR.

336 3439 583 3500 videtui·
609 3443 808 3498 autem
840 3436 1199 3512 quibusdam
1230 3436 1484 3496 fortasse
1526 3448 1648 3496 non
1679 3435 1891 3496 debere
1918 3435 2147 3496 homini
2194 3436 2268 3494 ad
2322 3435 2679 3496 credendum

267 3509 524 3584 proponi
557 3510 681 3578 illa,
710 3523 843 3583 quae
885 3510 1035 3568 ratio
1064 3509 1424 3582 investigare
1463 3521 1586 3566 non
1635 3505 1878 3588 sufficit,
1909 3521 2093 3579 quum
2147 3506 2348 3566 divina
2386 3509 2684 3579 Sapientia

269 3581 475 3644 unicui
525 3596 597 3639 ue
635 3579 966 3639 secundum
996 3579 1237 3639 modum
1265 3592 1391 3638 suae
1411 3586 1637 3637 naturae
1664 3577 1987 3648 provideat.

339 3654 409 3712 Et
459 3597 598 3710 igeo
644 3650 1172 3710 demonstrandum
1199 3656 1311 3719 est,
1341 3648 1515 3730 quod·
1559 3649 1964 3706 necessarium
1994 3647 2075 3706 sit
2112 3646 2343 3708 homini
2395 3648 2680 3709 divinitus

270 3722 567 3784 credenda
606 3722 857 3794 proponi
883 3721 1059 3779 etiam
1091 3722 1214 3790 illa,
1245 3733 1377 3793 quae
1408 3725 1698 3778 rationem
1730 3717 2038 3776 excedunt.

339 3793 555 3852 Nullus
576 3795 736 3850 enim
771 3792 1069 3850 desiderio
1098 3795 1157 3850 et
1183 3790 1384 3850 studio
1410 3791 1472 3854 in
1504 3789 1729 3861 aliquid
1755 3788 1963 3858 tendit,
1996 3787 2112 3847 nisi
2148 3787 2226 3847 sit
2254 3787 2308 3846 ei
2351 3789 2681 3870 praecogni·

269 3867 417 3923 tum.
450 3865 603 3933 Quia
633 3876 776 3943 eigo
805 3862 880 3920 ad
919 3862 1100 3921 altius
1128 3862 1582 3941 honum„quam
1618 3859 1868 3941 experiri
1922 3860 1984 3941 in
2013 3858 2289 3940 praeseiiti
2317 3865 2436 3917 vita
2491 3861 2685 3932 possit

271 3930 535 3994 humana
567 3934 880 4007 fragilitas,
911 3933 1188 3992 homines
1219 3947 1322 4005 per
1346 3932 1603 3990 divinam
1638 3930 2066 4003 providentiam
2118 3929 2492 3999 ordinantur,
2527 3936 2590 3988 ut
2617 3932 2684 3990 in

268 4006 665 4086 sequentibus
688 4003 1144 4077 investigabitur
1173 4002 1235 4075 (Ι.
1265 4016 1353 4072 111,
1383 4017 1436 4061 c.
1472 4002 1619 4073 142),
1645 4002 1907 4072 oportuit
1936 4006 2192 4058 mentem
2218 4004 2449 4059 evocari
2482 4000 2541 4056 in
2574 4001 2683 4059 ali-

274 4076 415 4148 quid
436 4075 622 4133 altius
694 4088 829 4132 uam
859 4075 1011 4134 ratio
1032 4079 1239 4134 nostra
1265 4073 1329 4130 iii
1357 4072 1634 4145 praesenti
1655 4073 1849 4154 possit
1868 4072 2241 4143 pertinger03
2279 4078 2342 4128 ut
2371 4072 2461 4129 sic
2489 4072 2683 4130 disce·

271 4150 359 4204 ret
388 4146 615 4218 aliquid
651 4090 992 4225 desiderare
1021 4150 1080 4203 et
1127 4143 1328 4204 studio
1376 4145 1620 4225 tendere
1651 4157 1714 4201 in
1741 4141 1987 4224 aliqu-id,
2027 4142 2186 4223 quod
2221 4148 2407 4225 totum
2463 4147 2686 4224 statum

268 4218 589 4288 praesentis
642 4222 776 4275 vitae
824 4216 1072 4275 excedit.
1100 4218 1169 4274 Et
1221 4215 1337 4274 hoc
1367 4228 1664 4287 praecipue
1703 4213 2178 4271 christianismi
2228 4227 2348 4270 ioni
2379 4221 2680 4282 competit,

270 4299 402 4360 quae
430 4286 822 4358 singulariter
848 4287 1008 4345 bona
1041 4285 1371 4359 spiritualia
1418 4292 1476 4366 et
1503 4293 1724 4344 aeterna
1749 4284 2059 4355 promittit.
2085 4226 2246 4340 Unffe
2276 4290 2334 4340 et
2363 4283 2422 4339 in
2457 4298 2527 4339 ea
2555 4281 2686 4353 plu-

274 4357 428 4417 rima
476 4358 808 4415 humanum
854 4370 1102 4417 sensum
1130 4355 1474 4415 excedentia
1497 4358 1930 4427 proponuntur.
1961 4355 2076 4412 Lex
2102 4359 2298 4413 autem
2331 4360 2685 4430 vetus-quie

275 4428 629 4507 temporalia
677 4431 979 4503 ”⁹⁰:33³
1030 4426 1304 4500 habehat,
1332 4441 1525 4502 pauca
1567 4425 1900 4500 proposuit,
1929 4438 2063 4501 quae
2099 4425 2374 4484 humanae
2429 4427 2686 4482 rationis
