3076 5025
1073 319 1209 377 Lm.
1249 321 1346 387 111,
1387 320 1540 375 CAP.
1581 319 1782 377 cxvn.
2523 321 2628 379 419

1157 517 1411 584 CAPUT
1466 518 1672 583 cxv1.

712 688 865 744 QUOD
899 688 1052 735 Emis
1085 687 1255 735 mals
1288 688 1518 734 1)thAE
1552 689 1661 734 EST
1697 687 1964 737 mmmm
1997 687 2121 735 nm.

265 836 424 905 Quia
466 850 607 894 vero
636 835 890 893 intentio
935 833 1152 893 divinae
1179 834 1335 907 legis
1387 834 1459 892 ad
1487 833 1604 893 hoc
1689 832 2058 907 rincipaliter
2083 841 2173 893 est
2202 839 2270 894 ut
2294 835 2478 896 homo
2508 840 2630 897 Deo

188 903 516 975 adhaereat,
550 907 732 964 homo
780 911 979 963 autem
1021 905 1336 978 potissime
1365 904 1628 963 adhaeret
1704 919 1776 962 eo
1804 919 1910 976 per
1942 918 2229 976 amorem,
2262 920 2511 966 necesse
2537 914 2632 968 est

187 976 358 1052 quod
406 978 661 1034 intentio
709 976 926 1035 divinae
981 976 1135 1049 legis
1185 975 1596 1048 principaliter
1633 976 1946 1036 ordinetur
1982 975 2059 1034 ad
2088 978 2428 1036 amandum.
2458 979 2632 1048 Quod

188 1052 397 1107 autem
427 1061 532 1118 per
577 1060 840 1105 amorem
887 1045 1069 1106 homo
1099 1047 1356 1105 maxime
1398 1048 1517 1105 Deo
1564 1045 1884 1117 adbaereat‚
1929 1046 2312 1105 manifestum
2358 1056 2467 1106 est.
2500 1052 2630 1108 Duo

189 1118 359 1177 enim
391 1123 536 1176 sunt
562 1117 625 1175 in
654 1117 898 1176 homine
967 1117 1147 1178 uibus
1174 1119 1295 1176 Deo
1325 1120 1521 1189 potest
1571 1116 1894 1187 adhaerere,
1925 1116 2265 1176 intellectus
2315 1119 2548 1177 scilicet
2573 1124 2634 1179 et

189 1188 477 1246 voluntas
504 1207 520 1258 ;
552 1202 690 1246 nam
746 1202 933 1246 secun
977 1202 1076 1246 um
1107 1187 1426 1246 inferiores
1473 1188 1689 1246 animae
1746 1194 1945 1259 partes
2002 1190 2123 1245 Deo
2175 1188 2476 1247 adhaerere
2507 1203 2633 1249 non

190 1263 417 1333 potest,
449 1258 555 1317 sed
598 1258 984 1318 inferioribus
1035 1257 1236 1317 rebus.
1268 1258 1548 1317 Adhaesio
1591 1264 1790 1316 autem
1815 1272 1949 1340 quae
1990 1265 2084 1317 est
2109 1273 2216 1332 per
2243 1259 2630 1332 intellectum,

193 1330 661 1400 completionem
703 1329 913 1401 recipit
952 1341 1059 1401 per
1101 1343 1232 1388 eam
1261 1344 1394 1403 quae
1424 1334 1515 1387 est
1557 1329 2069 1402 voluntat1S,quia
2113 1344 2218 1402 per
2261 1331 2632 1390 voluntatem

193 1398 387 1459 homo
416 1399 857 1473 quodammodo
886 1401 1142 1473 quiescit
1169 1400 1232 1457 in
1261 1414 1334 1459 eo
1360 1399 1519 1473 quod
1540 1399 1882 1459 intellectus
1908 1398 2318 1471 apprehendit.
2343 1402 2633 1460 Voluntas

193 1476 403 1530 autem
449 1470 708 1530 adhaeret
761 1470 941 1530 alicui
985 1470 1070 1528 rei
1113 1471 1207 1528 vel
1240 1477 1488 1552 propter
1515 1484 1780 1529 amorem
1809 1471 1899 1528 vel
1928 1476 2170 1541 propter
2198 1472 2498 1544 timorem,
2524 1472 2633 1532 sed

193 1539 576 1611 differentem
606 1555 747 1599 nam
772 1541 828 1599 ei
856 1540 1098 1622 quidem
1117 1541 1214 1598 cui
1236 1540 1488 1599 inhaeret
1515 1546 1756 1613 propter
1782 1540 2058 1598 timorem
2108 1541 2361 1600 inbaeret
2391 1549 2630 1624 propter

195 1612 387 1682 aliud,
419 1618 484 1670 ut
523 1612 757 1670 scilicet
787 1616 980 1669 evitet
1029 1612 1276 1680 malum,
1307 1612 1488 1685 quod,
1519 1611 1574 1669 si
1623 1625 1746 1670 non
1789 1611 2087 1669 adhaereat
2133 1613 2209 1681 ei,
2242 1613 2542 1682 imminet;
2573 1613 2631 1671 ei

192 1694 342 1741 vero
370 1683 467 1740 cui
487 1682 751 1740 adbaeret
771 1687 1015 1765 propter
1053 1696 1319 1741 amorem
1348 1681 1613 1741 adhaeret
1635 1689 1876 1753 propter
1910 1682 2198 1754 seipsum.
2231 1683 2404 1751 Quod
2433 1690 2633 1742 autem

196 1756 294 1812 est
316 1758 559 1825 propter
603 1767 668 1812 se
698 1751 1092 1825 principalius
1128 1760 1221 1811 est
1247 1768 1319 1812 eo
1391 1752 1508 1811 uod
1543 1759 1637 1811 est
1702 1758 1902 1824 ropter
1928 1751 2113 1810 aliud.
2143 1752 2421 1812 Adhaesio
2450 1754 2636 1825 igitur

193 1825 429 1884 amoris
462 1824 535 1881 ad
556 1826 739 1882 Deum
760 1828 855 1882 est
882 1823 1237 1895 potissimus
1265 1837 1365 1882 mo
1410 1837 1483 1883 us
1507 1823 1563 1881 ei
1599 1837 1636 1881 a
1678 1822 1963 1884 haerendi.
1986 1821 2110 1882 Hoc
2125 1822 2310 1896 igitur
2327 1827 2418 1883 est
2443 1824 2634 1896 potis—

195 1893 360 1954 sime
387 1894 682 1952 intentum
713 1894 777 1952 in
805 1893 1009 1953 divina
1027 1894 1183 1975 lege.
1996 1930 2000 1934 <

269 1965 425 2034 Rem,
451 1962 591 2022 finis
640 1964 962 2036 cujuslibet
1007 1964 1161 2037 legls
1228 1969 1289 2023 et
1336 1964 1636 2038 praecipue
1692 1962 1931 2027 divinae.
1961 1968 2055 2023 est
2107 1962 2387 2024 homines
2439 1963 2636 2025 facere

195 2034 422 2096 bonos.
453 2037 643 2094 Romo
668 2042 867 2094 autem
918 2034 1136 2094 dicitur
1161 2008 1372 2117 'bonus
1412 2050 1486 2117 ex
1509 2050 1582 2093 eo
1610 2034 1770 2117 quod
1794 2035 1974 2117 babet
1998 2033 2363 2094 voluntatem
2388 2034 2633 2107 bonam,

278 2120 310 2164 r
351 2120 534 2180 quam
578 2105 809 2165 reducit
858 2106 924 2164 in
974 2112 1177 2166 actum
1205 2105 1495 2180 qmdquld
1532 2106 1679 2165 bom
1710 2119 1773 2163 in
1799 2118 1933 2177 ipso
1962 2110 2088 2164 est·
2119 2107 2401 2165 voluntas
2431 2112 2635 2166 autem

191 2120 365 2259 {gna
383 2182 476 2235 est
504 2191 578 2235 ex
605 2174 868 2259 eoquod
895 2174 1023 2259 vuit
1047 2175 1297 2259 bonum,
1315 2182 1375 2235 et
1399 2177 1696 2259 praecipue
1718 2175 2049 2235 maximum
2075 2150 2328 2246 bonum,
2358 2175 2520 2250 quod
2542 2181 2638 2259 est

194 2243 387 2316 flnts;
419 2252 643 2320 quanto
670 2253 854 2321 igitur
881 2247 1226 2321 hujusmodi
1270 2248 1496 2307 bonum
1526 2259 1625 2305 ma
1692 2260 1723 2306 s
1748 2246 2027 2306 voluntas
2051 2247 2197 2316 vult,
2226 2251 2393 2306 tanto
2438 2259 2638 2321 magis

195 2317 390 2379 homo
439 2325 531 2375 est
574 2317 794 2376 bonus.
823 2318 939 2376 Sed
967 2320 1163 2391 magis
1213 2320 1341 2377 vult
1387 2318 1621 2378 homoi
1685 2317 1862 2394 ‚quod
1907 2316 2033 2375 vult
2077 2322 2319 2390 propter
2345 2330 2632 2390 amorem,

196 2401 387 2462 quam
404 2387 466 2448 id
494 2389 655 2462 quod
684 2388 812 2446 vult
838 2394 1075 2460 propter
1093 2390 1369 2448 timorem
1397 2394 1662 2455 tantum;
1692 2401 1832 2445 nam
1858 2387 2018 2462 quod
2046 2388 2174 2445 vult
2200 2394 2440 2461 propter
2457 2389 2636 2447 timo·

193 2471 332 2521 rem
365 2463 636 2530 tantum,
665 2458 884 2518 dicitur
935 2459 1188 2518 mixtum
1242 2458 1670 2528 involuntario,
1701 2459 1860 2517 sicut
1911 2457 2134 2531 aliquis
2184 2458 2313 2518 vult
2365 2459 2428 2517 in
2483 2458 2636 2519 mari

195 2530 630 2660 grojectionem
660 2531 947 2589 mercium
976 2535 1216 2602 propter
1242 2530 1538 2589 timorem.
1565 2532 1716 2602 Ergo
1746 2543 1916 2588 amor
1947 2530 2169 2588 summi
2207 2530 2374 2598 boni,
2405 2530 2639 2590 scilicet

253 2602 332 2670 ei,
354 2601 612 2659 maxime
630 2600 772 2659 facit
798 2600 1015 2669 bonos,
1045 2605 1105 2658 et
1132 2605 1225 2659 est
1241 2601 1498 2659 maxime
1528 2601 1823 2657 intentum
1850 2600 1916 2657 in
1944 2599 2144 2660 divina
2173 2599 2327 2674 lege.
2486 2644 2490 2655 ,

274 2673 561 2737 Praeterea,
579 2671 820 2729 bonitas
842 2670 1109 2729 bominis
1135 2676 1229 2729 est
1254 2684 1360 2742 per
1381 2672 1660 2728 virtutem
1684 2687 1700 2739 3
1728 2671 1920 2728 virtus
1938 2670 2099 2728 enim
2129 2676 2221 2729 est
2247 2684 2382 2744 quae
2406 2671 2637 2734 bonum

196 2741 349 2802 facit
391 2743 745 2811 habentem;
776 2741 935 2800 unde
963 2748 1021 2799 et
1052 2741 1148 2799 lex
1183 2741 1438 2799 intendit
1477 2741 1755 2800 homines
1797 2741 1991 2799 facere
2018 2741 2344 2808 virtuosos,
2376 2747 2434 2800 et
2483 2757 2634 2816 prae-

195 2818 376 2885 cepta
408 2812 562 2887 legis
610 2818 751 2871 sunt
792 2811 1125 2871 de-actibus
1183 2812 1489 2870 virtutum.
1519 2811 1633 2869 Sed
1679 2811 1751 2869 de
1803 2810 2149 2870 conditione
2176 2813 2415 2871 virtutis
2448 2818 2635 2872 estut

194 2880 510 2942 virtuosus
537 2887 597 2941 et
622 2882 872 2941 firmiter
900 2887 957 2941 et
1001 2882 1430 2940 delectabiliter
1461 2887 1758 2953 operetur.
1788 2880 1914 2940 Hoc
1953 2886 2149 2939 autem
2209 2882 2350 2941 facit
2375 2884 2637 2943 maxime

196 2967 406 3023 amon
437 2967 576 3012 nam
605 2968 679 3011 ex
709 2967 912 3012 amore
938 2952 1166 3026 aliquid
1194 2952 1444 3011 firmiter
1467 2959 1528 3010 et
1555 2951 1986 3011 delectabiliter
2013 2950 2289 3012 facimus.
2316 2956 2496 3012 Amor
2521 2950 2633 3027 igi·

193 3027 302 3083 tur
319 3022 467 3091 bom·
495 3028 589 3083 est
613 3023 890 3082 ultimum
913 3023 1208 3081 intentum
1231 3024 1294 3083 in
1324 3023 1456 3097 lege
1486 3022 1714 3081 divina.

267 3094 491 3159 Adhuc,
512 3094 888 3169 legislatores
931 3092 1183 3167 imperio
1230 3092 1384 3169 legis
1425 3092 1599 3175 editae
1654 3096 1893 3175 movent
1927 3105 2035 3152 eos
2062 3092 2285 3167 quibus
2314 3091 2410 3152 lex
2435 3094 2629 3154 datur.

191 3164 273 3226 ln
302 3166 585 3224 omnibus
621 3170 823 3224 autem
860 3179 996 3239 quse
1027 3171 1302 3223 movetur
1330 3165 1404 3223 ab
1429 3164 1636 3236 aliquo
1664 3177 1860 3236 primo
1882 3168 2181 3235 movente,
2208 3169 2375 3223 tanto
2404 3164 2633 3239 aliquid

193 3235 524 3311 perfectius
549 3240 882 3305 moventur,
911 3241 1134 3318 quanto
1161 3236 1358 3308 magis
1385 3232 1701 3307 participat
1724 3234 1798 3294 de
1825 3234 2093 3294 motione
2123 3235 2298 3306 primi
2330 3235 2628 3296 moventis

195 3311 265 3364 et
285 3304 359 3364 de
388 3304 780 3365 similitudine
823 3307 1038 3379 ipsms.
1073 3306 1233 3379 Deus
1259 3312 1478 3374 autem,
1541 3305 1602 3363 ui
1630 3310 1725 3363 est
1772 3303 1927 3379 legis
1959 3304 2175 3364 divinae
2204 3306 2396 3379 dator,
2426 3307 2633 3366 omnia

195 3375 350 3436 facit
376 3381 612 3448 propter
637 3390 817 3436 suum
846 3389 1131 3435 amorem.
1164 3376 1274 3446 Qui
1307 3376 1490 3450 igitur
1551 3390 1625 3434 oc
1648 3372 1830 3433 modo
1858 3374 2046 3434 tendit
2065 3376 2131 3434 in
2150 3377 2372 3449 ipsum,
2396 3377 2631 3435 scilicet

197 3447 483 3519 amando,
509 3448 944 3520 perfectissime
983 3453 1254 3506 movetur
1296 3448 1361 3505 in
1408 3447 1628 3519 ipsum.
1678 3448 1866 3505 Omne
1902 3451 2098 3505 autem
2129 3461 2319 3521 agens
2374 3447 2631 3506 intendit

279 3517 627 3647 rfectlifnem
653 3519 719 3576 in
751 3530 825 3578 eo
854 3516 1016 3593 quod
1063 3515 1211 3591 agit.
1241 3516 1348 3576 Hic
1385 3516 1573 3591 igitur
1595 3521 1692 3576 est
1738 3515 1881 3576 finis
1906 3517 2095 3577 totius
2141 3518 2533 3593 legislatoris,
2565 3521 2634 3576 ut

246 3601 422 3717 offlgc
448 3593 979 3732 ginguffietti'icitur
1003 3677 1021 3717 ε
1045 3658 1207 3716 Finis
1296 3661 1482 3741 κουρᾷ
1503 3662 1584 3716 est
1607 3657 1851 3715 charitas
1874 3657 1928 3732 (Ι
1944 3658 2109 3729 Tim„
2127 3673 2172 3729 1,
2204 3659 2259 3731 ts)
2282 3677 2299 3729 3
2329 3664 2391 3717 et
2414 3656 2635 3718 dicitur

283 3729 360 3788 od
386 3733 688 3787 muccinium
713 3730 1028 3801 etprinwm
1068 3674 1411 3801 monam,
1440 3743 1505 3787 1n
1550 3728 1571 3786 1
1649 3743 1706 3798 e,
1734 3733 1869 3787 est:
1898 3730 2106 3799 Diliqes
2146 3732 2435 3787 Douninum
2460 3728 2632 3810 Deum

115 3942 123 3949 ,
188 3801 826 4000 gffigffffiffiss’
833 3799 1266 3943 ,³1⁷0’1³⁸2;i1¹0¹ffi⁹
1284 3800 2243 3945 &giututiqffl‘lsss‘tftttz‘ss
2267 3799 2628 3931 αἳὲἷῖἕξἪέἓ

1139 4085 1394 4155 CAPUT
1446 4089 1682 4156 cxvii.

497 4259 652 4316 otton
702 4259 915 4310 cmm
947 4258 1097 4309 mn
1129 4258 1480 4309 misma
1512 4258 1595 4308 su>
1640 4260 2037 4310 nmmum
2068 4258 2336 4311 nomn.

265 4406 492 4467 Exhoc
518 4410 715 4488 autem
739 4406 1018 4537 seqiuitur
1037 4404 1200 4480 quod
1226 4403 1432 4477 divina
1449 4404 1956 4465 lexdilectionem
1980 4406 2236 4488 proximi
2265 4405 2588 4485 intendat..

253 4478 514 4551 oportet
547 4490 711 4538 emm
758 4489 843 4537 un
870 4488 1047 4538 onem
1099 4488 1237 4538 esse
1291 4476 1546 4537 affectus
1596 4476 1753 4535 inter
1779 4488 1887 4536 eos
1914 4477 2136 4552 quibus
2182 4484 2277 4538 est
2300 4488 2460 4535 unus
2484 4475 2625 4534 flms

1067 4605 1080 4613 r
