3076 5025
1083 257 1216 313 ΗΒ.
1258 258 1328 323 ΙΙ,
1369 257 1520 312 CAP.
1564 257 1711 311 va.
2509 258 2617 314 183

1154 501 1406 565 CAPUT
1446 502 1624 565 va.

923 689 1076 745 QUOD
1110 689 1305 734 mun
1337 688 1458 734 Non
1499 690 1595 734 sn·
1630 688 1870 736 contus.

239 872 508 927 Fuerunt
533 873 730 928 autem
763 873 824 928 et
847 870 951 929 alii
981 870 1175 943 magis
1205 877 1492 942 errantes,
1535 877 1829 944 ponentes
1858 872 2117 931 animam
2163 888 2297 933 esse
2340 888 2560 946 corpus
2587 895 2607 947 3

170 953 430 1065 qutorum
463 941 784 1068 opliJniones
812 941 951 999 licet
978 941 1198 1001 suerint
1231 940 1480 1001 diversae
1511 947 1571 1001 et
1597 944 1797 1013 varioe,
1824 942 2047 1003 sufficit
2074 957 2179 1003 eas
2211 945 2309 1002 hic
2336 959 2607 1005 commu-

169 1024 228 1067 ni
261 1024 328 1066 er
358 1023 536 1082 repro
581 1025 702 1068 are.

236 1081 514 1161 viventia
541 1081 725 1150 enim,
798 1096 939 1140 uum
969 1084 1094 1142 sint
1123 1086 1395 1158 quaedam
1426 1097 1523 1142 res
1570 1084 1900 1155 naturales,
1958 1090 2100 1142 sunt
2144 1086 2475 1157 composita
2531 1100 2602 1144 ex

167 1155 424 1232 materia
449 1157 508 1208 et
537 1151 747 1209 forma.
817 1165 1226 1225 omponuntur
1266 1161 1464 1214 autem
1510 1169 1582 1211 ex
1631 1167 1880 1226 corpore
1924 1160 1984 1211 et
2028 1154 2226 1213 anima
2282 1171 2415 1228 quae
2466 1157 2601 1213 facit

167 1226 434 1279 viventia
462 1226 620 1279 actu.
653 1223 839 1295 lgitur
866 1230 1099 1295 oportet
1123 1227 1370 1284 alterum
1408 1226 1657 1284 istorum
1690 1238 1825 1283 esse
1861 1226 2109 1283 formam
2141 1232 2197 1282 et
2219 1226 2466 1283 alterum
2488 1240 2600 1283 ma-

169 1291 407 1349 teriam.
440 1292 669 1364 Corpus
699 1299 895 1350 autem
933 1308 1053 1353 non
1086 1303 1282 1369 potest
1309 1310 1444 1355 esse
1475 1297 1685 1361 forma,
1716 1295 1855 1367 quia
1886 1308 2104 1365 corpus
2132 1309 2253 1353 non
2284 1302 2376 1354 est
2405 1298 2466 1352 in
2519 1297 2602 1354 al-

169 1367 301 1420 tero
328 1363 489 1420 sicut
520 1362 578 1420 in
611 1365 860 1422 materia
887 1370 944 1422 et
981 1366 1271 1439 subjecto.
1299 1367 1511 1425 Anima
1540 1366 1724 1439 igitur
1751 1365 1863 1423 erit
1895 1366 2121 1435 sorma3
2152 1380 2294 1439 ergo
2346 1380 2466 1424 non
2512 1372 2605 1425 est

169 1446 419 1503 corpus,
450 1447 636 1514 quum
662 1434 891 1494 nullum
922 1450 1027 1495 cor
1070 1450 1143 1496 us
1171 1438 1250 1495 sit
1289 1439 1500 1495 forma.

245 1502 469 1565 Adhuc.
498 1505 872 1575 impossibile
897 1512 989 1564 est
1059 1521 1136 1565 uo
1165 1521 1413 1579 corpora
1446 1520 1581 1565 esse
1610 1506 1813 1564 simul.
1841 1505 2052 1563 Anima
2090 1510 2290 1565 autem
2335 1520 2455 1566 non
2511 1512 2603 1566 est

173 1587 453 1632 seorsum
484 1588 520 1632 a
548 1589 816 1646 corpore,
848 1575 988 1635 dum
1017 1578 1179 1635 vivit.
1218 1581 1348 1645 Non
1374 1584 1466 1635 est
1496 1577 1680 1649 igitur
1707 1576 1909 1635 anima
1939 1590 2044 1634 cor
2087 1590 2179 1635 us.

245 1645 524 1714 Amplius,
551 1659 728 1703 omne
764 1660 984 1719 corpus
1030 1648 1328 1706 divisibile
1384 1654 1492 1706 est.
1550 1649 1736 1705 Omne
1773 1651 1969 1704 autem
2064 1647 2318 1704 ivisibile
2376 1647 2497 1706 indi
2545 1652 2605 1706 et

176 1715 380 1788 aliquo
410 1715 757 1773 continente
787 1722 846 1774 et
874 1718 1117 1776 uniente
1146 1725 1342 1790 partes
1372 1719 1522 1789 ejus.
1550 1718 1608 1776 Si
1638 1717 1823 1791 igitur
1841 1718 2042 1775 anima
2061 1718 2142 1776 sit
2161 1731 2400 1788 corpuS,
2429 1719 2504 1776 ba
2547 1732 2602 1776 ε-

173 1783 264 1843 bit
287 1785 512 1857 aliquid
545 1786 705 1844 aliud
734 1788 1073 1857 continens,
1100 1796 1157 1847 et
1207 1788 1355 1847 illud
1405 1803 1498 1845 ma
1547 1789 1599 1845 is
1647 1788 1759 1844 erit
1805 1787 2034 1857 anima;
2090 1787 2363 1846 videmus
2418 1790 2600 1860 enim,

174 1855 382 1937 anima
411 1856 745 1938 recedente,
786 1871 1004 1930 corpus
1035 1858 1306 1918 dissolvi.
1339 1862 1404 1917 Et
1432 1861 1486 1917 si
1502 1802 1636 1916 fi{noc
1664 1859 1876 1915 iterum
1923 1858 2004 1916 sit
2056 1857 2375 1928 divisibile,
2422 1872 2601 1940 opor-

172 1925 323 1983 tebit
346 1925 440 1984 vel
471 1926 748 1986 devenire
781 1927 852 1985 ad
872 1928 1111 2003 aliquod
1136 1930 1502 1988 indivisibile
1523 1935 1582 1985 et
1602 1929 2043 1999 incorporeum,
2066 1930 2224 2000 quod
2249 1929 2358 1985 erit
2377 1942 2596 1999 auima;

170 1996 268 2053 vel
296 1996 409 2053 erit
434 1996 500 2054 in
523 1996 820 2056 infinitum
842 2000 1183 2071 procedere,
1209 2000 1369 2073 quod
1391 2007 1483 2058 est
1505 1998 1900 2071 impossibile.
1922 2002 2052 2057 Non
2072 2005 2166 2057 est
2190 1999 2377 2072 igitur
2394 2002 2600 2058 anima

172 2078 423 2137 corpus.

241 2138 396 2205 Item,
428 2138 588 2196 sicut
617 2151 800 2210 supra
835 2140 909 2212 (c.
938 2140 1030 2213 49)
1063 2141 1370 2212 probatum
1407 2146 1521 2207 est,
1553 2146 1610 2197 et
1649 2140 1711 2197 in
1765 2144 1973 2199 octavo
2021 2141 2374 2208 physicorum
2428 2141 2591 2212 (text.

171 2219 393 2266 comm.
420 2212 491 2266 40
518 2214 577 2265 et
598 2208 773 2281 infra>
802 2211 1105 2282 probatur,
1135 2225 1311 2269 omne
1342 2224 1589 2270 movens
1634 2210 1902 2281 seipsum
1929 2210 2310 2281 componitur
2344 2224 2416 2267 ex
2445 2212 2595 2269 duo-

171 2277 311 2347 bus,
340 2292 595 2351 quorum
624 2281 876 2339 alterum
905 2287 997 2340 est
1022 2294 1269 2341 movens
1306 2287 1365 2339 et
1389 2295 1508 2340 nou
1542 2287 1792 2349 motum,
1822 2287 1881 2338 et
1909 2280 2159 2338 alterum
2203 2286 2294 2337 est
2345 2289 2594 2339 motum.

173 2347 291 2407 Sed
322 2350 542 2407 animal
574 2356 664 2408 est
694 2364 941 2410 movens
967 2353 1264 2435 seipsum
1297 2364 1545 2410 movens
1574 2356 1770 2409 autem
1799 2351 1860 2408 in
1888 2351 2021 2421 ipso
2071 2356 2165 2408 est
2207 2350 2427 2416 anima,
2482 2366 2603 2409 mo·

173 2422 304 2476 tum
333 2427 532 2478 autem
562 2434 799 2493 corpuS.
828 2422 1042 2480 Anima
1069 2422 1250 2495 igitur
1278 2429 1369 2481 est
1396 2434 1644 2480 movens
1674 2434 1795 2478 non
1825 2427 2073 2478 motum.
2126 2420 2361 2477 Nullum
2403 2429 2599 2479 autem

173 2501 400 2617 corpus
429 2496 624 2618 movet
654 2492 769 2550 nisi
801 2500 1048 2559 motum,
1083 2498 1148 2551 ut
1176 2507 1358 2565 supra
1386 2492 1448 2567 (l.
1472 2506 1515 2564 1,
1549 2507 1602 2551 c.
1637 2493 1726 2564 ¹3)
1751 2490 2062 2563 probatum
2090 2495 2200 2549 est.
2229 2490 2438 2548 Anima
2486 2491 2598 2564 igi-

203 2574 283 2619 ur
308 2574 428 2619 non
458 2575 524 2620 es
577 2576 682 2620 cor
726 2577 823 2622 us.

245 2633 534 2700 Praeterea,
564 2577 747 2705 supiqa
774 2633 851 2706 (c.
881 2634 971 2708 62)
1002 2638 1313 2692 ostensum
1343 2638 1436 2691 est
1461 2631 1619 2704 quod
1659 2630 1995 2710 intelligere
2048 2643 2169 2712 non
2221 2635 2420 2702 potest
2464 2645 2599 2713 esse

172 2701 334 2783 actio
363 2702 620 2775 alicujus
650 2704 943 2775 corporis.
976 2707 1078 2762 Est
1104 2711 1302 2763 autem
1331 2707 1500 2762 actus
1528 2702 1766 2760 animae.
1796 2704 2011 2759 Anima
2046 2701 2248 2774 igitur,
2278 2701 2353 2758 ad
2400 2715 2601 2760 minus

171 2771 563 2843 intellectiva,
593 2787 714 2832 non
742 2779 832 2833 est
869 2788 1108 2846 corpus.

246 2843 329 2968 {ta
357 2849 553 2969 aiutem
582 2843 802 2917 quibus
830 2845 1014 2918 aliqui
1045 2844 1242 2903 conati
1272 2848 1413 2902 sunt
1440 2841 1693 2915 probare
1720 2840 1981 2900 animam
2016 2854 2152 2900 esse
2181 2854 2399 2913 corpus
2429 2841 2602 2914 facile

174 2923 246 2971 es
300 2925 372 2970 so
400 2928 554 2972 vere.

256 2982 592 3041 ostendunt
617 2985 777 3042 enim
807 2985 1066 3043 animam
1098 2998 1233 3044 esse
1256 2997 1474 3055 corpus
1506 3012 1572 3024 —
1597 2995 1703 3053 per
1730 2981 1845 3040 hoc
1864 2982 2024 3054 quod
2052 2981 2215 3040 filius
2235 2983 2604 3042 assimilatur

175 3052 361 3125 patri,
391 3056 570 3112 etiam
602 3055 662 3113 in
688 3055 1099 3114 accidentibus
1127 3057 1341 3114 animae
1365 3066 1548 3127 quum
1575 3057 1771 3110 tamen
1797 3051 1958 3111 filius
2003 3060 2318 3125 generetur
2355 3067 2394 3112 a
2440 3059 2602 3126 patre

177 3136 291 3194 per
314 3122 682 3183 decisionem
713 3127 1113 3198 corporalem
1144 3157 1214 3168 —
1242 3132 1299 3183 et
1326 3125 1470 3197 quia
1497 3123 1698 3180 anima
1726 3123 2083 3195 compatitur
2107 3124 2340 3205 corpori
2357 3142 2372 3195 ;
2390 3124 2602 3198 etquia

182 3206 256 3252 se
297 3201 499 3252 aratur
522 3210 559 3252 a
585 3210 859 3267 corpore;
893 3197 1155 3268 separari
1187 3204 1382 3255 autem
1409 3200 1500 3252 est
1528 3206 1846 3265 corporum
1874 3207 1940 3251 se
1969 3198 2361 3266 tangentium.

293 3263 363 3322 ed
394 3270 603 3323 contra
632 3266 746 3325 boc
759 3267 880 3339 jam
912 3267 1132 3325 dictum
1165 3272 1255 3325 est
1288 3268 1361 3338 (c.
1390 3269 1480 3332 63,
1512 3264 1575 3321 in
1605 3263 1789 3335 calce)
1821 3264 1978 3336 quod
2015 3265 2348 3335 complexio
2391 3279 2601 3337 corpo-

173 3332 267 3392 ris
296 3340 387 3392 est
405 3336 747 3408 aliqualiter
773 3350 957 3395 causa
982 3338 1195 3395 animae
1224 3336 1576 3417 passionum
1622 3348 1728 3405 per
1777 3333 2018 3415 modum
2066 3332 2474 3416 disponentis;
2529 3365 2602 3417 -7-

175 3405 382 3464 anima
409 3408 586 3465 etiam
621 3420 744 3465 non
772 3407 1129 3480 compatitur
1158 3420 1390 3478 corpori
1423 3418 1542 3463 nisi
1576 3418 1680 3475 per
1721 3404 2025 3476 accidens,
2080 3419 2242 3477 quia,
2288 3419 2470 3477 quum
2522 3410 2601 3463 sit

177 3473 374 3533 forma
395 3477 689 3548 corporis,
718 3483 988 3535 movetur
1013 3492 1117 3550 per
1145 3478 1444 3547 accidens,
1497 3480 1661 3533 moto
1709 3488 1995 3546 corpore;
2052 3480 2363 3547 separatur
2421 3475 2600 3533 etiam

177 3545 382 3604 anima
407 3562 443 3604 a
468 3561 738 3618 corpore,
767 3560 889 3605 non
918 3548 1076 3606 sicut
1103 3553 1355 3620 tangens
1385 3561 1420 3604 a
1447 3551 1629 3616 tacte,
1658 3544 1765 3603 sed
1805 3544 1963 3603 sicut
2004 3545 2196 3602 forma
2232 3560 2271 3603 a
2330 3546 2597 3615 materia,

174 3617 452 3743 quamvits
478 3623 536 3675 et
564 3618 787 3691 aliquis
813 3624 1008 3677 tactus
1035 3617 1118 3677 sit
1151 3617 1490 3690 incorporei
1521 3615 1597 3674 ad
1625 3628 1866 3688 corpus,
1896 3620 1960 3674 ut
1985 3628 2169 3687 supra
2189 3614 2262 3698 (c.
2286 3616 2377 3687 56)
2399 3621 2601 3673 osten·

171 3698 310 3745 sum
339 3700 407 3745 es
438 3728 453 3745 .

243 3758 425 3815 Movit
450 3758 628 3816 etiam
649 3758 724 3818 ad
751 3758 906 3818 hanc
932 3758 1289 3831 positionem
1320 3756 1568 3825 multOS,
1594 3754 1739 3829 quia
1762 3754 2141 3814 crediderunt
2166 3756 2328 3829 quod
2358 3768 2478 3814 non
2508 3762 2602 3815 est

169 3839 393 3908 corpus
423 3840 544 3885 non
569 3842 725 3900 esse,
746 3829 1235 3901 imaginationem
1269 3825 1691 3886 transcendere
1719 3838 1842 3885 non
1884 3826 2170 3896 valentes,
2218 3839 2351 3899 quae
2400 3827 2598 3886 solnm

169 3910 330 3955 circa
359 3910 614 3968 corpora
635 3906 927 3959 versatur.

242 3968 408 4027 Unde
439 3969 568 4026 baec
595 3970 800 4041 opinio
851 3985 924 4028 ex
970 3982 1226 4041 persona
1255 3966 1666 4039 insipientium
1720 3965 2094 4039 proponitur,
2148 3966 2470 4025 dicentium
2527 3966 2599 4025 de

168 4038 376 4183 εῐιίαίἒ
409 4055 428 4094 ε
447 4040 653 4184 Ραηιιὲἶ
677 4045 730 4096 et
751 4043 916 4112 natus
935 4044 1015 4100 est
1034 4042 1099 4099 in
1113 4040 1344 4098 naribus
1367 4041 1594 4103 nostris,
1629 4040 1686 4097 et
1708 4053 1883 4098 serm
1905 4036 2159 4099 scintiliae
2181 4037 2261 4095 ad
2284 4037 2600 4097 movendum

164 4121 276 4167 cor·
374 4124 471 4181 ap·
502 4122 570 4181 Π,
660 4153 676 4168 ο
2060 4153 2071 4162 ·
