<?xml version="1.0" encoding="UTF-8"?>
<!DOCTYPE html PUBLIC "-//W3C//DTD XHTML 1.0 Transitional//EN"
    "http://www.w3.org/TR/xhtml1/DTD/xhtml1-transitional.dtd">
<html xmlns="http://www.w3.org/1999/xhtml" xml:lang="en" lang="en">
 <head>
  <title>
</title>
<meta http-equiv="Content-Type" content="text/html;charset=utf-8" />
  <meta name='ocr-system' content='tesseract 3.04.00' />
  <meta name='ocr-capabilities' content='ocr_page ocr_carea ocr_par ocr_line ocrx_word'/>
</head>
<body>
  <div class='ocr_page' id='page_1' title='image "./deveritatecatho00rubegoog_0216.png"; bbox 0 0 3076 5025; ppageno 0'>
   <div class='ocr_carea' id='block_1_1' title="bbox 1 3318 3 4288">
    <p class='ocr_par' dir='ltr' id='par_1_1' title="bbox 1 3318 3 4288">
     <span class='ocr_line' id='line_1_1' title="bbox 1 3318 3 4288; baseline 0 0"><span class='ocrx_word' id='word_1_1' title='bbox 1 3318 3 4288; x_wconf 95' lang='lat' dir='ltr'> </span> 
     </span>
    </p>
   </div>
   <div class='ocr_carea' id='block_1_2' title="bbox 478 332 1991 402">
    <p class='ocr_par' dir='ltr' id='par_1_2' title="bbox 478 332 1991 402">
     <span class='ocr_line' id='line_1_2' title="bbox 478 332 1991 402; baseline -0.009 0"><span class='ocrx_word' id='word_1_2' title='bbox 478 342 581 402; x_wconf 74' lang='lat'>¹80</span> <span class='ocrx_word' id='word_1_3' title='bbox 1408 334 1543 391; x_wconf 83' lang='lat' dir='ltr'>LIB.</span> <span class='ocrx_word' id='word_1_4' title='bbox 1584 334 1656 402; x_wconf 83' lang='lat' dir='ltr'>n,</span> <span class='ocrx_word' id='word_1_5' title='bbox 1693 332 1847 390; x_wconf 75' lang='lat' dir='ltr'>CAP.</span> <span class='ocrx_word' id='word_1_6' title='bbox 1887 332 1991 389; x_wconf 79' lang='lat' dir='ltr'>LX.</span> 
     </span>
    </p>
   </div>
   <div class='ocr_carea' id='block_1_3' title="bbox 459 452 2911 3481">
    <p class='ocr_par' dir='ltr' id='par_1_3' title="bbox 465 452 2908 1151">
     <span class='ocr_line' id='line_1_3' title="bbox 475 452 2900 531; baseline -0.005 -10"><span class='ocrx_word' id='word_1_7' title='bbox 475 465 567 521; x_wconf 88' lang='lat' dir='ltr'>est</span> <span class='ocrx_word' id='word_1_8' title='bbox 610 456 1010 531; x_wconf 84' lang='lat' dir='ltr'>intelligibilis</span> <span class='ocrx_word' id='word_1_9' title='bbox 1055 459 1190 515; x_wconf 88' lang='lat' dir='ltr'>actu</span> <span class='ocrx_word' id='word_1_10' title='bbox 1217 454 1364 529; x_wconf 90' lang='lat' dir='ltr'>(non</span> <span class='ocrx_word' id='word_1_11' title='bbox 1400 455 1561 513; x_wconf 90' lang='lat' dir='ltr'>enim</span> <span class='ocrx_word' id='word_1_12' title='bbox 1604 454 1696 513; x_wconf 89' lang='lat' dir='ltr'>sic</span> <span class='ocrx_word' id='word_1_13' title='bbox 1726 459 1820 512; x_wconf 89' lang='lat' dir='ltr'>est</span> <span class='ocrx_word' id='word_1_14' title='bbox 1863 466 2052 512; x_wconf 88' lang='lat' dir='ltr'>unum</span> <span class='ocrx_word' id='word_1_15' title='bbox 2097 465 2234 511; x_wconf 91' lang='lat' dir='ltr'>cum</span> <span class='ocrx_word' id='word_1_16' title='bbox 2265 452 2569 511; x_wconf 89' lang='lat' dir='ltr'>intellectu</span> <span class='ocrx_word' id='word_1_17' title='bbox 2614 453 2681 510; x_wconf 91' lang='lat' dir='ltr'>in</span> <span class='ocrx_word' id='word_1_18' title='bbox 2709 454 2900 525; x_wconf 85' lang='lat' dir='ltr'>actu),</span> 
     </span>
     <span class='ocr_line' id='line_1_4' title="bbox 474 522 2902 600; baseline -0.004 -8"><span class='ocrx_word' id='word_1_19' title='bbox 474 531 582 593; x_wconf 88' lang='lat' dir='ltr'>sed</span> <span class='ocrx_word' id='word_1_20' title='bbox 625 529 957 588; x_wconf 88' lang='lat' dir='ltr'>secundum</span> <span class='ocrx_word' id='word_1_21' title='bbox 993 522 1154 600; x_wconf 91' lang='lat' dir='ltr'>quod</span> <span class='ocrx_word' id='word_1_22' title='bbox 1198 531 1290 585; x_wconf 87' lang='lat' dir='ltr'>est</span> <span class='ocrx_word' id='word_1_23' title='bbox 1324 541 1361 585; x_wconf 86' lang='lat' dir='ltr'>a</span> <span class='ocrx_word' id='word_1_24' title='bbox 1401 524 1921 598; x_wconf 78' lang='lat' dir='ltr'><strong>phantasmatibus</strong></span> <span class='ocrx_word' id='word_1_25' title='bbox 1964 523 2293 595; x_wconf 88' lang='lat' dir='ltr'>abstracta;</span> <span class='ocrx_word' id='word_1_26' title='bbox 2333 524 2492 582; x_wconf 84' lang='lat' dir='ltr'>sicut</span> <span class='ocrx_word' id='word_1_27' title='bbox 2518 537 2628 581; x_wconf 91' lang='lat' dir='ltr'>nec</span> <span class='ocrx_word' id='word_1_28' title='bbox 2658 524 2902 595; x_wconf 89' lang='lat' dir='ltr'>species</span> 
     </span>
     <span class='ocr_line' id='line_1_5' title="bbox 465 593 2907 667; baseline -0.004 -6"><span class='ocrx_word' id='word_1_29' title='bbox 465 600 698 661; x_wconf 84' lang='lat' dir='ltr'>coloris</span> <span class='ocrx_word' id='word_1_30' title='bbox 725 604 816 658; x_wconf 89' lang='lat' dir='ltr'>est</span> <span class='ocrx_word' id='word_1_31' title='bbox 841 605 1086 657; x_wconf 84' lang='lat' dir='ltr'>sensata</span> <span class='ocrx_word' id='word_1_32' title='bbox 1103 598 1164 655; x_wconf 92' lang='lat' dir='ltr'>in</span> <span class='ocrx_word' id='word_1_33' title='bbox 1191 602 1325 655; x_wconf 86' lang='lat' dir='ltr'>actu</span> <span class='ocrx_word' id='word_1_34' title='bbox 1352 596 1680 655; x_wconf 84' lang='lat' dir='ltr'>secundum</span> <span class='ocrx_word' id='word_1_35' title='bbox 1704 595 1865 667; x_wconf 87' lang='lat' dir='ltr'>quod</span> <span class='ocrx_word' id='word_1_36' title='bbox 1893 594 2070 653; x_wconf 87' lang='lat' dir='ltr'>estin</span> <span class='ocrx_word' id='word_1_37' title='bbox 2098 593 2313 665; x_wconf 91' lang='lat' dir='ltr'>lapide,</span> <span class='ocrx_word' id='word_1_38' title='bbox 2332 595 2437 652; x_wconf 89' lang='lat' dir='ltr'>sed</span> <span class='ocrx_word' id='word_1_39' title='bbox 2464 594 2663 652; x_wconf 88' lang='lat' dir='ltr'>solum</span> <span class='ocrx_word' id='word_1_40' title='bbox 2684 609 2907 653; x_wconf 88' lang='lat' dir='ltr'>secun-</span> 
     </span>
     <span class='ocr_line' id='line_1_6' title="bbox 474 665 2903 743; baseline -0.003 -12"><span class='ocrx_word' id='word_1_41' title='bbox 474 672 613 731; x_wconf 86' lang='lat' dir='ltr'>dum</span> <span class='ocrx_word' id='word_1_42' title='bbox 645 670 804 743; x_wconf 92' lang='lat' dir='ltr'>quod</span> <span class='ocrx_word' id='word_1_43' title='bbox 834 675 924 729; x_wconf 90' lang='lat' dir='ltr'>est</span> <span class='ocrx_word' id='word_1_44' title='bbox 964 670 1029 726; x_wconf 90' lang='lat' dir='ltr'>in</span> <span class='ocrx_word' id='word_1_45' title='bbox 1054 667 1301 740; x_wconf 88' lang='lat' dir='ltr'>pupilla.</span> <span class='ocrx_word' id='word_1_46' title='bbox 1330 667 1425 725; x_wconf 90' lang='lat' dir='ltr'>Sic</span> <span class='ocrx_word' id='word_1_47' title='bbox 1454 672 1651 725; x_wconf 88' lang='lat' dir='ltr'>autem</span> <span class='ocrx_word' id='word_1_48' title='bbox 1678 667 1877 724; x_wconf 89' lang='lat' dir='ltr'>solum</span> <span class='ocrx_word' id='word_1_49' title='bbox 1905 666 2287 723; x_wconf 79' lang='lat' dir='ltr'>continuatur</span> <span class='ocrx_word' id='word_1_50' title='bbox 2312 665 2625 722; x_wconf 90' lang='lat' dir='ltr'>nobiscum</span> <span class='ocrx_word' id='word_1_51' title='bbox 2658 666 2903 735; x_wconf 89' lang='lat' dir='ltr'>species</span> 
     </span>
     <span class='ocr_line' id='line_1_7' title="bbox 473 735 2903 812; baseline -0.003 -11"><span class='ocrx_word' id='word_1_52' title='bbox 473 740 873 812; x_wconf 81' lang='lat' dir='ltr'>intelligibilis</span> <span class='ocrx_word' id='word_1_53' title='bbox 911 738 1241 798; x_wconf 84' lang='lat' dir='ltr'>secundum</span> <span class='ocrx_word' id='word_1_54' title='bbox 1284 737 1446 809; x_wconf 90' lang='lat' dir='ltr'>quod</span> <span class='ocrx_word' id='word_1_55' title='bbox 1484 737 1664 797; x_wconf 85' lang='lat' dir='ltr'>estin</span> <span class='ocrx_word' id='word_1_56' title='bbox 1714 735 2252 808; x_wconf 80' lang='lat' dir='ltr'><strong>phantasmatibus,</strong></span> <span class='ocrx_word' id='word_1_57' title='bbox 2282 735 2608 793; x_wconf 89' lang='lat' dir='ltr'>secundum</span> <span class='ocrx_word' id='word_1_58' title='bbox 2643 736 2903 806; x_wconf 83' lang='lat' dir='ltr'>positio-</span> 
     </span>
     <span class='ocr_line' id='line_1_8' title="bbox 475 805 2908 883; baseline -0.003 -13"><span class='ocrx_word' id='word_1_59' title='bbox 475 826 611 870; x_wconf 86' lang='lat' dir='ltr'>nem</span> <span class='ocrx_word' id='word_1_60' title='bbox 653 811 1014 883; x_wconf 83' lang='lat' dir='ltr'>praedictam.</span> <span class='ocrx_word' id='word_1_61' title='bbox 1054 812 1185 866; x_wconf 88' lang='lat' dir='ltr'>Non</span> <span class='ocrx_word' id='word_1_62' title='bbox 1224 808 1408 880; x_wconf 88' lang='lat' dir='ltr'>igitur</span> <span class='ocrx_word' id='word_1_63' title='bbox 1442 807 1828 865; x_wconf 79' lang='lat' dir='ltr'>continuatur</span> <span class='ocrx_word' id='word_1_64' title='bbox 1873 806 2187 865; x_wconf 89' lang='lat' dir='ltr'>nobiscum</span> <span class='ocrx_word' id='word_1_65' title='bbox 2228 805 2557 864; x_wconf 88' lang='lat' dir='ltr'>secundum</span> <span class='ocrx_word' id='word_1_66' title='bbox 2613 805 2780 878; x_wconf 88' lang='lat' dir='ltr'>quod</span> <span class='ocrx_word' id='word_1_67' title='bbox 2812 811 2908 863; x_wconf 86' lang='lat' dir='ltr'>est</span> 
     </span>
     <span class='ocr_line' id='line_1_9' title="bbox 473 876 2902 959; baseline -0.003 -18"><span class='ocrx_word' id='word_1_68' title='bbox 473 895 663 942; x_wconf 89' lang='lat' dir='ltr'>unum</span> <span class='ocrx_word' id='word_1_69' title='bbox 709 893 846 939; x_wconf 88' lang='lat' dir='ltr'>cum</span> <span class='ocrx_word' id='word_1_70' title='bbox 892 879 1196 938; x_wconf 90' lang='lat' dir='ltr'>intellectu</span> <span class='ocrx_word' id='word_1_71' title='bbox 1244 877 1519 950; x_wconf 89' lang='lat' dir='ltr'>possibili</span> <span class='ocrx_word' id='word_1_72' title='bbox 1565 882 1630 934; x_wconf 90' lang='lat' dir='ltr'>ut</span> <span class='ocrx_word' id='word_1_73' title='bbox 1680 877 1867 934; x_wconf 85' lang='lat' dir='ltr'>forma</span> <span class='ocrx_word' id='word_1_74' title='bbox 1909 877 2062 959; x_wconf 84' lang='lat' dir='ltr'>ejus.</span> <span class='ocrx_word' id='word_1_75' title='bbox 2111 876 2297 958; x_wconf 80' lang='lat' dir='ltr'>Igitur</span> <span class='ocrx_word' id='word_1_76' title='bbox 2342 886 2464 934; x_wconf 89' lang='lat' dir='ltr'>non</span> <span class='ocrx_word' id='word_1_77' title='bbox 2508 881 2706 948; x_wconf 88' lang='lat' dir='ltr'>potest</span> <span class='ocrx_word' id='word_1_78' title='bbox 2762 889 2902 933; x_wconf 89' lang='lat' dir='ltr'>esse</span> 
     </span>
     <span class='ocr_line' id='line_1_10' title="bbox 477 946 2900 1023; baseline -0.003 -12"><span class='ocrx_word' id='word_1_79' title='bbox 477 952 740 1011; x_wconf 87' lang='lat' dir='ltr'>medium</span> <span class='ocrx_word' id='word_1_80' title='bbox 769 964 889 1023; x_wconf 89' lang='lat' dir='ltr'>quo</span> <span class='ocrx_word' id='word_1_81' title='bbox 917 950 1299 1009; x_wconf 86' lang='lat' dir='ltr'>continuetur</span> <span class='ocrx_word' id='word_1_82' title='bbox 1318 948 1657 1006; x_wconf 89' lang='lat' dir='ltr'>intellectus</span> <span class='ocrx_word' id='word_1_83' title='bbox 1676 947 1988 1018; x_wconf 89' lang='lat' dir='ltr'>possibilis</span> <span class='ocrx_word' id='word_1_84' title='bbox 2016 946 2351 1016; x_wconf 88' lang='lat' dir='ltr'>nobiscum,</span> <span class='ocrx_word' id='word_1_85' title='bbox 2373 947 2536 1019; x_wconf 88' lang='lat' dir='ltr'>quia,</span> <span class='ocrx_word' id='word_1_86' title='bbox 2560 946 2900 1005; x_wconf 89' lang='lat' dir='ltr'>secundum</span> 
     </span>
     <span class='ocr_line' id='line_1_11' title="bbox 479 1016 2893 1096; baseline -0 -16"><span class='ocrx_word' id='word_1_87' title='bbox 479 1021 639 1096; x_wconf 91' lang='lat' dir='ltr'>quod</span> <span class='ocrx_word' id='word_1_88' title='bbox 685 1022 1070 1079; x_wconf 78' lang='lat' dir='ltr'>continuatur</span> <span class='ocrx_word' id='word_1_89' title='bbox 1113 1031 1252 1077; x_wconf 86' lang='lat' dir='ltr'>cum</span> <span class='ocrx_word' id='word_1_90' title='bbox 1301 1018 1607 1078; x_wconf 88' lang='lat' dir='ltr'>intellectu</span> <span class='ocrx_word' id='word_1_91' title='bbox 1635 1017 1936 1090; x_wconf 90' lang='lat' dir='ltr'>possibili,</span> <span class='ocrx_word' id='word_1_92' title='bbox 1986 1030 2109 1076; x_wconf 90' lang='lat' dir='ltr'>non</span> <span class='ocrx_word' id='word_1_93' title='bbox 2136 1018 2521 1075; x_wconf 82' lang='lat' dir='ltr'>continuatur</span> <span class='ocrx_word' id='word_1_94' title='bbox 2551 1016 2893 1079; x_wconf 79' lang='lat' dir='ltr'>nobiscum,</span> 
     </span>
     <span class='ocr_line' id='line_1_12' title="bbox 479 1104 997 1151; baseline -0.004 0"><span class='ocrx_word' id='word_1_95' title='bbox 479 1106 594 1151; x_wconf 83' lang='lat' dir='ltr'>nec</span> <span class='ocrx_word' id='word_1_96' title='bbox 622 1106 655 1150; x_wconf 85' lang='lat' dir='ltr'>e</span> <span class='ocrx_word' id='word_1_97' title='bbox 682 1104 997 1150; x_wconf 86' lang='lat' dir='ltr'>converso.</span> 
     </span>
    </p>

    <p class='ocr_par' dir='ltr' id='par_1_4' title="bbox 467 1156 2905 1655">
     <span class='ocr_line' id='line_1_13' title="bbox 558 1156 2901 1241; baseline -0.002 -22"><span class='ocrx_word' id='word_1_98' title='bbox 558 1163 723 1219; x_wconf 88' lang='lat' dir='ltr'>Patet</span> <span class='ocrx_word' id='word_1_99' title='bbox 761 1167 961 1220; x_wconf 86' lang='lat' dir='ltr'>autem</span> <span class='ocrx_word' id='word_1_100' title='bbox 1003 1174 1142 1220; x_wconf 88' lang='lat' dir='ltr'>eum</span> <span class='ocrx_word' id='word_1_101' title='bbox 1179 1161 1283 1234; x_wconf 92' lang='lat' dir='ltr'>qui</span> <span class='ocrx_word' id='word_1_102' title='bbox 1314 1160 1471 1218; x_wconf 87' lang='lat' dir='ltr'>hanc</span> <span class='ocrx_word' id='word_1_103' title='bbox 1502 1159 2156 1241; x_wconf 36' lang='lat' dir='ltr'>positionem-induxit,</span> <span class='ocrx_word' id='word_1_104' title='bbox 2196 1158 2663 1240; x_wconf 71' lang='lat' dir='ltr'>aequivocatione</span> <span class='ocrx_word' id='word_1_105' title='bbox 2695 1156 2901 1229; x_wconf 88' lang='lat' dir='ltr'>decep-</span> 
     </span>
     <span class='ocr_line' id='line_1_14' title="bbox 473 1231 2902 1300; baseline -0.002 -12"><span class='ocrx_word' id='word_1_106' title='bbox 473 1237 600 1290; x_wconf 83' lang='lat' dir='ltr'>tum</span> <span class='ocrx_word' id='word_1_107' title='bbox 630 1232 839 1290; x_wconf 82' lang='lat' dir='ltr'>fuisse.</span> <span class='ocrx_word' id='word_1_108' title='bbox 862 1233 1108 1292; x_wconf 81' lang='lat' dir='ltr'>Colores</span> <span class='ocrx_word' id='word_1_109' title='bbox 1133 1232 1293 1289; x_wconf 83' lang='lat' dir='ltr'>enim</span> <span class='ocrx_word' id='word_1_110' title='bbox 1322 1236 1488 1288; x_wconf 84' lang='lat' dir='ltr'>extra</span> <span class='ocrx_word' id='word_1_111' title='bbox 1512 1231 1775 1288; x_wconf 86' lang='lat' dir='ltr'>animam</span> <span class='ocrx_word' id='word_1_112' title='bbox 1804 1236 2150 1297; x_wconf 76' lang='lat' dir='ltr'>existentes,</span> <span class='ocrx_word' id='word_1_113' title='bbox 2167 1236 2457 1300; x_wconf 84' lang='lat' dir='ltr'>praesente</span> <span class='ocrx_word' id='word_1_114' title='bbox 2482 1231 2733 1298; x_wconf 86' lang='lat' dir='ltr'>lumine,</span> <span class='ocrx_word' id='word_1_115' title='bbox 2757 1234 2902 1286; x_wconf 88' lang='lat' dir='ltr'>sunt</span> 
     </span>
     <span class='ocr_line' id='line_1_15' title="bbox 480 1302 2901 1374; baseline -0.001 -16"><span class='ocrx_word' id='word_1_116' title='bbox 480 1302 752 1361; x_wconf 77' lang='lat' dir='ltr'>visibiles</span> <span class='ocrx_word' id='word_1_117' title='bbox 797 1308 955 1371; x_wconf 88' lang='lat' dir='ltr'>actu,</span> <span class='ocrx_word' id='word_1_118' title='bbox 995 1307 1064 1361; x_wconf 89' lang='lat' dir='ltr'>ut</span> <span class='ocrx_word' id='word_1_119' title='bbox 1101 1305 1375 1374; x_wconf 85' lang='lat' dir='ltr'>potentes</span> <span class='ocrx_word' id='word_1_120' title='bbox 1417 1314 1655 1360; x_wconf 87' lang='lat' dir='ltr'>movere</span> <span class='ocrx_word' id='word_1_121' title='bbox 1700 1302 1917 1369; x_wconf 85' lang='lat' dir='ltr'>visum,</span> <span class='ocrx_word' id='word_1_122' title='bbox 1968 1314 2090 1359; x_wconf 92' lang='lat' dir='ltr'>non</span> <span class='ocrx_word' id='word_1_123' title='bbox 2137 1306 2332 1358; x_wconf 89' lang='lat' dir='ltr'>autem</span> <span class='ocrx_word' id='word_1_124' title='bbox 2372 1305 2439 1357; x_wconf 87' lang='lat' dir='ltr'>ut</span> <span class='ocrx_word' id='word_1_125' title='bbox 2465 1305 2598 1357; x_wconf 90' lang='lat' dir='ltr'>actu</span> <span class='ocrx_word' id='word_1_126' title='bbox 2631 1304 2901 1367; x_wconf 88' lang='lat' dir='ltr'>sensata,</span> 
     </span>
     <span class='ocr_line' id='line_1_16' title="bbox 479 1371 2905 1454; baseline -0.002 -24"><span class='ocrx_word' id='word_1_127' title='bbox 479 1372 814 1431; x_wconf 88' lang='lat' dir='ltr'>secundum</span> <span class='ocrx_word' id='word_1_128' title='bbox 844 1371 1006 1454; x_wconf 85' lang='lat' dir='ltr'>quod</span> <span class='ocrx_word' id='word_1_129' title='bbox 1034 1377 1177 1431; x_wconf 89' lang='lat' dir='ltr'>sunt</span> <span class='ocrx_word' id='word_1_130' title='bbox 1204 1385 1389 1430; x_wconf 90' lang='lat' dir='ltr'>unum</span> <span class='ocrx_word' id='word_1_131' title='bbox 1418 1385 1555 1430; x_wconf 88' lang='lat' dir='ltr'>cuin</span> <span class='ocrx_word' id='word_1_132' title='bbox 1585 1385 1765 1430; x_wconf 89' lang='lat' dir='ltr'>sensu</span> <span class='ocrx_word' id='word_1_133' title='bbox 1792 1372 1857 1428; x_wconf 91' lang='lat' dir='ltr'>in</span> <span class='ocrx_word' id='word_1_134' title='bbox 1886 1375 2020 1429; x_wconf 90' lang='lat' dir='ltr'>actu</span> <span class='ocrx_word' id='word_1_135' title='bbox 2046 1389 2061 1440; x_wconf 91' lang='lat'>;</span> <span class='ocrx_word' id='word_1_136' title='bbox 2088 1376 2147 1428; x_wconf 88' lang='lat' dir='ltr'>et</span> <span class='ocrx_word' id='word_1_137' title='bbox 2178 1371 2454 1428; x_wconf 86' lang='lat' dir='ltr'>similiter</span> <span class='ocrx_word' id='word_1_138' title='bbox 2481 1371 2905 1440; x_wconf 82' lang='lat' dir='ltr'>phantasmata</span> 
     </span>
     <span class='ocr_line' id='line_1_17' title="bbox 477 1440 2901 1523; baseline -0.002 -24"><span class='ocrx_word' id='word_1_139' title='bbox 477 1455 586 1523; x_wconf 84' lang='lat' dir='ltr'>pei·</span> <span class='ocrx_word' id='word_1_140' title='bbox 613 1444 815 1501; x_wconf 88' lang='lat' dir='ltr'>lumen</span> <span class='ocrx_word' id='word_1_141' title='bbox 861 1442 1202 1501; x_wconf 85' lang='lat' dir='ltr'>intellectus</span> <span class='ocrx_word' id='word_1_142' title='bbox 1230 1442 1466 1516; x_wconf 87' lang='lat' dir='ltr'>agentis</span> <span class='ocrx_word' id='word_1_143' title='bbox 1493 1441 1643 1500; x_wconf 87' lang='lat' dir='ltr'>fiunt</span> <span class='ocrx_word' id='word_1_144' title='bbox 1672 1448 1805 1500; x_wconf 88' lang='lat' dir='ltr'>actu</span> <span class='ocrx_word' id='word_1_145' title='bbox 1835 1440 2260 1514; x_wconf 76' lang='lat' dir='ltr'>intelligibilia,</span> <span class='ocrx_word' id='word_1_146' title='bbox 2306 1445 2370 1498; x_wconf 93' lang='lat' dir='ltr'>ut</span> <span class='ocrx_word' id='word_1_147' title='bbox 2398 1441 2632 1512; x_wconf 88' lang='lat' dir='ltr'>possint</span> <span class='ocrx_word' id='word_1_148' title='bbox 2658 1447 2901 1497; x_wconf 85' lang='lat' dir='ltr'>movere</span> 
     </span>
     <span class='ocr_line' id='line_1_18' title="bbox 477 1510 2901 1585; baseline -0.002 -14"><span class='ocrx_word' id='word_1_149' title='bbox 477 1513 846 1571; x_wconf 88' lang='lat' dir='ltr'>intellectum</span> <span class='ocrx_word' id='word_1_150' title='bbox 899 1511 1283 1585; x_wconf 89' lang='lat' dir='ltr'>possibilem,</span> <span class='ocrx_word' id='word_1_151' title='bbox 1326 1525 1449 1569; x_wconf 91' lang='lat' dir='ltr'>non</span> <span class='ocrx_word' id='word_1_152' title='bbox 1494 1519 1691 1570; x_wconf 88' lang='lat' dir='ltr'>autem</span> <span class='ocrx_word' id='word_1_153' title='bbox 1741 1517 1805 1569; x_wconf 91' lang='lat' dir='ltr'>ut</span> <span class='ocrx_word' id='word_1_154' title='bbox 1854 1511 1976 1570; x_wconf 90' lang='lat' dir='ltr'>sint</span> <span class='ocrx_word' id='word_1_155' title='bbox 2016 1512 2320 1569; x_wconf 86' lang='lat' dir='ltr'>intellecta</span> <span class='ocrx_word' id='word_1_156' title='bbox 2354 1517 2512 1581; x_wconf 86' lang='lat' dir='ltr'>actu,</span> <span class='ocrx_word' id='word_1_157' title='bbox 2561 1510 2901 1569; x_wconf 87' lang='lat' dir='ltr'>secundum</span> 
     </span>
     <span class='ocr_line' id='line_1_19' title="bbox 467 1581 2314 1655; baseline 0 -16"><span class='ocrx_word' id='word_1_158' title='bbox 467 1583 636 1655; x_wconf 85' lang='lat' dir='ltr'>quod</span> <span class='ocrx_word' id='word_1_159' title='bbox 666 1587 808 1641; x_wconf 88' lang='lat' dir='ltr'>sunt</span> <span class='ocrx_word' id='word_1_160' title='bbox 835 1595 1024 1641; x_wconf 89' lang='lat' dir='ltr'>unum</span> <span class='ocrx_word' id='word_1_161' title='bbox 1051 1596 1188 1640; x_wconf 91' lang='lat' dir='ltr'>cum</span> <span class='ocrx_word' id='word_1_162' title='bbox 1218 1581 1524 1640; x_wconf 85' lang='lat' dir='ltr'>intellectu</span> <span class='ocrx_word' id='word_1_163' title='bbox 1552 1582 1849 1654; x_wconf 90' lang='lat' dir='ltr'>possibili,</span> <span class='ocrx_word' id='word_1_164' title='bbox 1881 1583 2035 1639; x_wconf 81' lang='lat' dir='ltr'>facta</span> <span class='ocrx_word' id='word_1_165' title='bbox 2063 1582 2126 1639; x_wconf 92' lang='lat' dir='ltr'>in</span> <span class='ocrx_word' id='word_1_166' title='bbox 2154 1587 2314 1639; x_wconf 85' lang='lat' dir='ltr'>actu.</span> 
     </span>
    </p>

    <p class='ocr_par' dir='ltr' id='par_1_5' title="bbox 469 1651 2904 2341">
     <span class='ocr_line' id='line_1_20' title="bbox 546 1651 2903 1723; baseline 0 -15"><span class='ocrx_word' id='word_1_167' title='bbox 546 1655 697 1720; x_wconf 84' lang='lat' dir='ltr'>Item,</span> <span class='ocrx_word' id='word_1_168' title='bbox 728 1652 829 1709; x_wconf 91' lang='lat' dir='ltr'>ubi</span> <span class='ocrx_word' id='word_1_169' title='bbox 872 1652 1172 1710; x_wconf 84' lang='lat' dir='ltr'>invenitur</span> <span class='ocrx_word' id='word_1_170' title='bbox 1197 1652 1376 1711; x_wconf 89' lang='lat' dir='ltr'>altior</span> <span class='ocrx_word' id='word_1_171' title='bbox 1402 1653 1669 1723; x_wconf 87' lang='lat' dir='ltr'>operatio</span> <span class='ocrx_word' id='word_1_172' title='bbox 1698 1653 1972 1719; x_wconf 87' lang='lat' dir='ltr'>viventis,</span> <span class='ocrx_word' id='word_1_173' title='bbox 2003 1652 2085 1710; x_wconf 91' lang='lat' dir='ltr'>ibi</span> <span class='ocrx_word' id='word_1_174' title='bbox 2129 1652 2431 1709; x_wconf 90' lang='lat' dir='ltr'>invenitur</span> <span class='ocrx_word' id='word_1_175' title='bbox 2457 1651 2634 1709; x_wconf 89' lang='lat' dir='ltr'>altior</span> <span class='ocrx_word' id='word_1_176' title='bbox 2662 1652 2903 1723; x_wconf 89' lang='lat' dir='ltr'>species</span> 
     </span>
     <span class='ocr_line' id='line_1_21' title="bbox 476 1720 2901 1794; baseline 0 -16"><span class='ocrx_word' id='word_1_177' title='bbox 476 1720 613 1780; x_wconf 77' lang='lat' dir='ltr'>vitae</span> <span class='ocrx_word' id='word_1_178' title='bbox 658 1723 1136 1794; x_wconf 84' lang='lat' dir='ltr'>correspondens</span> <span class='ocrx_word' id='word_1_179' title='bbox 1176 1721 1266 1780; x_wconf 90' lang='lat' dir='ltr'>illi</span> <span class='ocrx_word' id='word_1_180' title='bbox 1312 1723 1555 1780; x_wconf 88' lang='lat' dir='ltr'>actioni.</span> <span class='ocrx_word' id='word_1_181' title='bbox 1598 1725 1660 1780; x_wconf 83' lang='lat' dir='ltr'>tn</span> <span class='ocrx_word' id='word_1_182' title='bbox 1692 1723 1911 1794; x_wconf 87' lang='lat' dir='ltr'>plantis</span> <span class='ocrx_word' id='word_1_183' title='bbox 1940 1723 2100 1779; x_wconf 90' lang='lat' dir='ltr'>enim</span> <span class='ocrx_word' id='word_1_184' title='bbox 2143 1723 2444 1780; x_wconf 83' lang='lat' dir='ltr'>invenitur</span> <span class='ocrx_word' id='word_1_185' title='bbox 2482 1723 2615 1780; x_wconf 89' lang='lat' dir='ltr'>sola</span> <span class='ocrx_word' id='word_1_186' title='bbox 2638 1722 2802 1780; x_wconf 88' lang='lat' dir='ltr'>actio</span> <span class='ocrx_word' id='word_1_187' title='bbox 2826 1722 2901 1779; x_wconf 87' lang='lat' dir='ltr'>ad</span> 
     </span>
     <span class='ocr_line' id='line_1_22' title="bbox 473 1792 2901 1865; baseline 0.001 -17"><span class='ocrx_word' id='word_1_188' title='bbox 473 1792 867 1849; x_wconf 85' lang='lat' dir='ltr'>nutritionem</span> <span class='ocrx_word' id='word_1_189' title='bbox 914 1794 1239 1865; x_wconf 87' lang='lat' dir='ltr'>pertinens,</span> <span class='ocrx_word' id='word_1_190' title='bbox 1281 1792 1346 1849; x_wconf 91' lang='lat' dir='ltr'>in</span> <span class='ocrx_word' id='word_1_191' title='bbox 1375 1793 1737 1851; x_wconf 85' lang='lat' dir='ltr'>animalibus</span> <span class='ocrx_word' id='word_1_192' title='bbox 1767 1799 1963 1851; x_wconf 90' lang='lat' dir='ltr'>autem</span> <span class='ocrx_word' id='word_1_193' title='bbox 1992 1793 2296 1850; x_wconf 89' lang='lat' dir='ltr'>invenitur</span> <span class='ocrx_word' id='word_1_194' title='bbox 2321 1793 2498 1850; x_wconf 88' lang='lat' dir='ltr'>altior</span> <span class='ocrx_word' id='word_1_195' title='bbox 2526 1793 2705 1861; x_wconf 86' lang='lat' dir='ltr'>actio,</span> <span class='ocrx_word' id='word_1_196' title='bbox 2734 1793 2901 1850; x_wconf 89' lang='lat' dir='ltr'>scili·</span> 
     </span>
     <span class='ocr_line' id='line_1_23' title="bbox 477 1862 2901 1933; baseline -0 -12"><span class='ocrx_word' id='word_1_197' title='bbox 477 1868 573 1921; x_wconf 90' lang='lat' dir='ltr'>cet</span> <span class='ocrx_word' id='word_1_198' title='bbox 600 1863 821 1921; x_wconf 87' lang='lat' dir='ltr'>sentire</span> <span class='ocrx_word' id='word_1_199' title='bbox 850 1868 910 1920; x_wconf 87' lang='lat' dir='ltr'>et</span> <span class='ocrx_word' id='word_1_200' title='bbox 947 1863 1172 1922; x_wconf 84' lang='lat' dir='ltr'>moveri</span> <span class='ocrx_word' id='word_1_201' title='bbox 1213 1863 1541 1921; x_wconf 90' lang='lat' dir='ltr'>secundum</span> <span class='ocrx_word' id='word_1_202' title='bbox 1575 1863 1769 1921; x_wconf 87' lang='lat' dir='ltr'>locum</span> <span class='ocrx_word' id='word_1_203' title='bbox 1802 1881 1817 1932; x_wconf 89' lang='lat'>;</span> <span class='ocrx_word' id='word_1_204' title='bbox 1849 1863 2005 1922; x_wconf 89' lang='lat' dir='ltr'>unde</span> <span class='ocrx_word' id='word_1_205' title='bbox 2032 1870 2091 1920; x_wconf 91' lang='lat' dir='ltr'>et</span> <span class='ocrx_word' id='word_1_206' title='bbox 2119 1863 2339 1920; x_wconf 87' lang='lat' dir='ltr'>animal</span> <span class='ocrx_word' id='word_1_207' title='bbox 2370 1863 2512 1919; x_wconf 86' lang='lat' dir='ltr'>vivit</span> <span class='ocrx_word' id='word_1_208' title='bbox 2535 1862 2734 1920; x_wconf 89' lang='lat' dir='ltr'>altiori</span> <span class='ocrx_word' id='word_1_209' title='bbox 2765 1876 2901 1933; x_wconf 89' lang='lat' dir='ltr'>spe-</span> 
     </span>
     <span class='ocr_line' id='line_1_24' title="bbox 477 1932 2904 2005; baseline -0 -14"><span class='ocrx_word' id='word_1_210' title='bbox 477 1933 570 1991; x_wconf 91' lang='lat' dir='ltr'>cie</span> <span class='ocrx_word' id='word_1_211' title='bbox 612 1932 768 1990; x_wconf 81' lang='lat' dir='ltr'>vitae.</span> <span class='ocrx_word' id='word_1_212' title='bbox 816 1932 932 1990; x_wconf 90' lang='lat' dir='ltr'>Sed</span> <span class='ocrx_word' id='word_1_213' title='bbox 990 1933 1185 1991; x_wconf 88' lang='lat' dir='ltr'>adhuc</span> <span class='ocrx_word' id='word_1_214' title='bbox 1235 1934 1301 1991; x_wconf 94' lang='lat' dir='ltr'>in</span> <span class='ocrx_word' id='word_1_215' title='bbox 1347 1933 1591 1991; x_wconf 89' lang='lat' dir='ltr'>homine</span> <span class='ocrx_word' id='word_1_216' title='bbox 1635 1933 1934 1991; x_wconf 89' lang='lat' dir='ltr'>invenitur</span> <span class='ocrx_word' id='word_1_217' title='bbox 1969 1932 2147 1991; x_wconf 87' lang='lat' dir='ltr'>altior</span> <span class='ocrx_word' id='word_1_218' title='bbox 2174 1932 2440 2004; x_wconf 89' lang='lat' dir='ltr'>operatio</span> <span class='ocrx_word' id='word_1_219' title='bbox 2464 1932 2538 1989; x_wconf 86' lang='lat' dir='ltr'>ad</span> <span class='ocrx_word' id='word_1_220' title='bbox 2563 1933 2747 1989; x_wconf 87' lang='lat' dir='ltr'>vitam</span> <span class='ocrx_word' id='word_1_221' title='bbox 2781 1947 2904 2005; x_wconf 88' lang='lat' dir='ltr'>per-</span> 
     </span>
     <span class='ocr_line' id='line_1_25' title="bbox 477 2002 2901 2076; baseline 0 -16"><span class='ocrx_word' id='word_1_222' title='bbox 477 2003 680 2060; x_wconf 87' lang='lat' dir='ltr'>tinens</span> <span class='ocrx_word' id='word_1_223' title='bbox 709 2016 888 2075; x_wconf 88' lang='lat' dir='ltr'>quam</span> <span class='ocrx_word' id='word_1_224' title='bbox 912 2003 979 2061; x_wconf 90' lang='lat' dir='ltr'>in</span> <span class='ocrx_word' id='word_1_225' title='bbox 1008 2003 1276 2072; x_wconf 88' lang='lat' dir='ltr'>animali,</span> <span class='ocrx_word' id='word_1_226' title='bbox 1304 2004 1535 2061; x_wconf 90' lang='lat' dir='ltr'>scilicet</span> <span class='ocrx_word' id='word_1_227' title='bbox 1557 2003 1909 2076; x_wconf 88' lang='lat' dir='ltr'>intelligere.</span> <span class='ocrx_word' id='word_1_228' title='bbox 1949 2006 2100 2075; x_wconf 83' lang='lat' dir='ltr'>Ergo</span> <span class='ocrx_word' id='word_1_229' title='bbox 2126 2004 2308 2062; x_wconf 88' lang='lat' dir='ltr'>homo</span> <span class='ocrx_word' id='word_1_230' title='bbox 2356 2002 2595 2060; x_wconf 86' lang='lat' dir='ltr'>habebit</span> <span class='ocrx_word' id='word_1_231' title='bbox 2623 2004 2901 2061; x_wconf 87' lang='lat' dir='ltr'>altiorem</span> 
     </span>
     <span class='ocr_line' id='line_1_26' title="bbox 479 2072 2900 2145; baseline 0 -13"><span class='ocrx_word' id='word_1_232' title='bbox 479 2073 740 2143; x_wconf 87' lang='lat' dir='ltr'>speciem</span> <span class='ocrx_word' id='word_1_233' title='bbox 786 2073 942 2132; x_wconf 81' lang='lat' dir='ltr'>vitae.</span> <span class='ocrx_word' id='word_1_234' title='bbox 972 2074 1086 2131; x_wconf 90' lang='lat' dir='ltr'>Sed</span> <span class='ocrx_word' id='word_1_235' title='bbox 1131 2072 1253 2131; x_wconf 84' lang='lat' dir='ltr'>vita</span> <span class='ocrx_word' id='word_1_236' title='bbox 1286 2078 1378 2130; x_wconf 89' lang='lat' dir='ltr'>est</span> <span class='ocrx_word' id='word_1_237' title='bbox 1427 2088 1531 2145; x_wconf 88' lang='lat' dir='ltr'>per</span> <span class='ocrx_word' id='word_1_238' title='bbox 1576 2074 1857 2131; x_wconf 87' lang='lat' dir='ltr'>animam.</span> <span class='ocrx_word' id='word_1_239' title='bbox 1891 2074 2139 2131; x_wconf 85' lang='lat' dir='ltr'>Habebit</span> <span class='ocrx_word' id='word_1_240' title='bbox 2186 2075 2205 2129; x_wconf 91' lang='lat' dir='ltr'>i</span> <span class='ocrx_word' id='word_1_241' title='bbox 2252 2074 2372 2131; x_wconf 91' lang='lat' dir='ltr'>itur</span> <span class='ocrx_word' id='word_1_242' title='bbox 2414 2073 2595 2131; x_wconf 88' lang='lat' dir='ltr'>homo</span> <span class='ocrx_word' id='word_1_243' title='bbox 2625 2073 2900 2132; x_wconf 90' lang='lat' dir='ltr'>altiorem</span> 
     </span>
     <span class='ocr_line' id='line_1_27' title="bbox 469 2144 2901 2215; baseline -0 -12"><span class='ocrx_word' id='word_1_244' title='bbox 469 2144 742 2203; x_wconf 83' lang='lat' dir='ltr'>animam</span> <span class='ocrx_word' id='word_1_245' title='bbox 776 2158 896 2215; x_wconf 88' lang='lat' dir='ltr'>qua</span> <span class='ocrx_word' id='word_1_246' title='bbox 948 2144 1133 2211; x_wconf 85' lang='lat' dir='ltr'>vivit,</span> <span class='ocrx_word' id='word_1_247' title='bbox 1170 2156 1349 2215; x_wconf 88' lang='lat' dir='ltr'>quam</span> <span class='ocrx_word' id='word_1_248' title='bbox 1395 2146 1478 2201; x_wconf 88' lang='lat' dir='ltr'>sit</span> <span class='ocrx_word' id='word_1_249' title='bbox 1523 2145 1723 2202; x_wconf 87' lang='lat' dir='ltr'>anima</span> <span class='ocrx_word' id='word_1_250' title='bbox 1770 2144 2098 2201; x_wconf 90' lang='lat' dir='ltr'>sensibilis.</span> <span class='ocrx_word' id='word_1_251' title='bbox 2128 2146 2214 2201; x_wconf 90' lang='lat' dir='ltr'>Nu</span> <span class='ocrx_word' id='word_1_252' title='bbox 2245 2145 2302 2201; x_wconf 87' lang='lat' dir='ltr'>la</span> <span class='ocrx_word' id='word_1_253' title='bbox 2354 2149 2552 2200; x_wconf 89' lang='lat' dir='ltr'>autem</span> <span class='ocrx_word' id='word_1_254' title='bbox 2594 2150 2688 2201; x_wconf 87' lang='lat' dir='ltr'>est</span> <span class='ocrx_word' id='word_1_255' title='bbox 2726 2145 2901 2202; x_wconf 87' lang='lat' dir='ltr'>altior</span> 
     </span>
     <span class='ocr_line' id='line_1_28' title="bbox 479 2213 2903 2341; baseline 0.001 -70"><span class='ocrx_word' id='word_1_256' title='bbox 479 2227 665 2341; x_wconf 74' lang='lat' dir='ltr'>¹quain</span> <span class='ocrx_word' id='word_1_257' title='bbox 698 2213 1061 2295; x_wconf 65' lang='lat' dir='ltr'>intellectus</span> <span class='ocrx_word' id='word_1_258' title='bbox 1091 2215 1193 2272; x_wconf 83' lang='lat' dir='ltr'>Est</span> <span class='ocrx_word' id='word_1_259' title='bbox 1211 2214 1396 2286; x_wconf 86' lang='lat' dir='ltr'>igitur</span> <span class='ocrx_word' id='word_1_260' title='bbox 1418 2215 1757 2272; x_wconf 89' lang='lat' dir='ltr'>intellectus</span> <span class='ocrx_word' id='word_1_261' title='bbox 1779 2214 1983 2272; x_wconf 88' lang='lat' dir='ltr'>anima</span> <span class='ocrx_word' id='word_1_262' title='bbox 2005 2214 2290 2280; x_wconf 86' lang='lat' dir='ltr'>hominis,</span> <span class='ocrx_word' id='word_1_263' title='bbox 2314 2220 2373 2271; x_wconf 92' lang='lat' dir='ltr'>et</span> <span class='ocrx_word' id='word_1_264' title='bbox 2396 2227 2503 2285; x_wconf 89' lang='lat' dir='ltr'>per</span> <span class='ocrx_word' id='word_1_265' title='bbox 2521 2227 2903 2289; x_wconf 88' lang='lat' dir='ltr'>consequens</span> 
     </span>
    </p>

    <p class='ocr_par' dir='ltr' id='par_1_6' title="bbox 505 2297 2816 2343">
     <span class='ocr_line' id='line_1_29' title="bbox 505 2297 2816 2343; baseline -0.001 0"><span class='ocrx_word' id='word_1_266' title='bbox 505 2297 722 2343; x_wconf 87' lang='lat' dir='ltr'>ormai</span> <span class='ocrx_word' id='word_1_267' title='bbox 768 2297 920 2343; x_wconf 83' lang='lat' dir='ltr'>sius.</span> <span class='ocrx_word' id='word_1_268' title='bbox 2810 2328 2816 2335; x_wconf 84' lang='grc'>.</span> 
     </span>
    </p>

    <p class='ocr_par' dir='ltr' id='par_1_7' title="bbox 459 2299 2909 2975">
     <span class='ocr_line' id='line_1_30' title="bbox 548 2299 2902 2428; baseline 0.001 -17"><span class='ocrx_word' id='word_1_269' title='bbox 548 2299 767 2423; x_wconf 65' lang='lat' dir='ltr'>Adhucp,</span> <span class='ocrx_word' id='word_1_270' title='bbox 794 2355 958 2427; x_wconf 91' lang='lat' dir='ltr'>quod</span> <span class='ocrx_word' id='word_1_271' title='bbox 985 2355 1377 2428; x_wconf 89' lang='lat' dir='ltr'>consequitur</span> <span class='ocrx_word' id='word_1_272' title='bbox 1403 2355 1477 2413; x_wconf 90' lang='lat' dir='ltr'>ad</span> <span class='ocrx_word' id='word_1_273' title='bbox 1498 2356 1902 2426; x_wconf 85' lang='lat' dir='ltr'>operationem</span> <span class='ocrx_word' id='word_1_274' title='bbox 1936 2355 2193 2427; x_wconf 83' lang='lat' dir='ltr'>alicujus</span> <span class='ocrx_word' id='word_1_275' title='bbox 2217 2356 2301 2413; x_wconf 89' lang='lat' dir='ltr'>rei</span> <span class='ocrx_word' id='word_1_276' title='bbox 2334 2369 2456 2414; x_wconf 88' lang='lat' dir='ltr'>non</span> <span class='ocrx_word' id='word_1_277' title='bbox 2506 2355 2763 2428; x_wconf 84' lang='lat' dir='ltr'>largitur</span> <span class='ocrx_word' id='word_1_278' title='bbox 2794 2356 2902 2415; x_wconf 86' lang='lat' dir='ltr'>ali-</span> 
     </span>
     <span class='ocr_line' id='line_1_31' title="bbox 459 2425 2904 2499; baseline 0.001 -16"><span class='ocrx_word' id='word_1_279' title='bbox 459 2425 575 2483; x_wconf 83' lang='lat' dir='ltr'>cui</span> <span class='ocrx_word' id='word_1_280' title='bbox 623 2426 926 2496; x_wconf 81' lang='lat' dir='ltr'>speciem3</span> <span class='ocrx_word' id='word_1_281' title='bbox 970 2426 1114 2497; x_wconf 90' lang='lat' dir='ltr'>quia</span> <span class='ocrx_word' id='word_1_282' title='bbox 1157 2425 1423 2496; x_wconf 87' lang='lat' dir='ltr'>operatio</span> <span class='ocrx_word' id='word_1_283' title='bbox 1454 2431 1546 2483; x_wconf 89' lang='lat' dir='ltr'>est</span> <span class='ocrx_word' id='word_1_284' title='bbox 1571 2431 1740 2484; x_wconf 92' lang='lat' dir='ltr'>actus</span> <span class='ocrx_word' id='word_1_285' title='bbox 1769 2426 2110 2495; x_wconf 91' lang='lat' dir='ltr'>secundus;</span> <span class='ocrx_word' id='word_1_286' title='bbox 2142 2425 2333 2484; x_wconf 84' lang='lat' dir='ltr'>forma</span> <span class='ocrx_word' id='word_1_287' title='bbox 2361 2433 2557 2484; x_wconf 89' lang='lat' dir='ltr'>autem</span> <span class='ocrx_word' id='word_1_288' title='bbox 2594 2441 2699 2498; x_wconf 87' lang='lat' dir='ltr'>per</span> <span class='ocrx_word' id='word_1_289' title='bbox 2722 2440 2904 2499; x_wconf 85' lang='lat' dir='ltr'>quam</span> 
     </span>
     <span class='ocr_line' id='line_1_32' title="bbox 475 2494 2899 2569; baseline 0.001 -15"><span class='ocrx_word' id='word_1_290' title='bbox 475 2494 705 2568; x_wconf 86' lang='lat' dir='ltr'>aliquid</span> <span class='ocrx_word' id='word_1_291' title='bbox 755 2496 929 2555; x_wconf 88' lang='lat' dir='ltr'>habet</span> <span class='ocrx_word' id='word_1_292' title='bbox 970 2496 1231 2567; x_wconf 87' lang='lat' dir='ltr'>speciem</span> <span class='ocrx_word' id='word_1_293' title='bbox 1280 2501 1373 2555; x_wconf 89' lang='lat' dir='ltr'>est</span> <span class='ocrx_word' id='word_1_294' title='bbox 1400 2502 1571 2555; x_wconf 87' lang='lat' dir='ltr'>actus</span> <span class='ocrx_word' id='word_1_295' title='bbox 1598 2497 1848 2569; x_wconf 80' lang='lat' dir='ltr'>primuS.</span> <span class='ocrx_word' id='word_1_296' title='bbox 1884 2498 2031 2554; x_wconf 88' lang='lat' dir='ltr'>Unio</span> <span class='ocrx_word' id='word_1_297' title='bbox 2077 2502 2275 2555; x_wconf 86' lang='lat' dir='ltr'>autem</span> <span class='ocrx_word' id='word_1_298' title='bbox 2303 2496 2644 2554; x_wconf 88' lang='lat' dir='ltr'>intellectus</span> <span class='ocrx_word' id='word_1_299' title='bbox 2744 2498 2899 2556; x_wconf 89' lang='lat' dir='ltr'>ossi·</span> 
     </span>
     <span class='ocr_line' id='line_1_33' title="bbox 479 2565 2903 2640; baseline 0.001 -16"><span class='ocrx_word' id='word_1_300' title='bbox 479 2565 623 2625; x_wconf 85' lang='lat' dir='ltr'>bilis</span> <span class='ocrx_word' id='word_1_301' title='bbox 670 2566 744 2624; x_wconf 86' lang='lat' dir='ltr'>ad</span> <span class='ocrx_word' id='word_1_302' title='bbox 788 2566 1115 2635; x_wconf 87' lang='lat' dir='ltr'>hominem,</span> <span class='ocrx_word' id='word_1_303' title='bbox 1151 2567 1478 2625; x_wconf 90' lang='lat' dir='ltr'>secundum</span> <span class='ocrx_word' id='word_1_304' title='bbox 1552 2568 1869 2626; x_wconf 88' lang='lat' dir='ltr'>ositionem</span> <span class='ocrx_word' id='word_1_305' title='bbox 1897 2567 2258 2638; x_wconf 79' lang='lat' dir='ltr'>praedictam,</span> <span class='ocrx_word' id='word_1_306' title='bbox 2289 2569 2678 2640; x_wconf 79' lang='lat' dir='ltr'>consequitur</span> <span class='ocrx_word' id='word_1_307' title='bbox 2752 2570 2903 2626; x_wconf 87' lang='lat' dir='ltr'>omi·</span> 
     </span>
     <span class='ocr_line' id='line_1_34' title="bbox 479 2582 2905 2710; baseline 0.002 -17"><span class='ocrx_word' id='word_1_308' title='bbox 479 2637 578 2695; x_wconf 90' lang='lat' dir='ltr'>nis</span> <span class='ocrx_word' id='word_1_309' title='bbox 628 2637 1055 2708; x_wconf 85' lang='lat' dir='ltr'>operationem.</span> <span class='ocrx_word' id='word_1_310' title='bbox 1087 2637 1177 2694; x_wconf 86' lang='lat' dir='ltr'>Fit</span> <span class='ocrx_word' id='word_1_311' title='bbox 1204 2638 1364 2695; x_wconf 89' lang='lat' dir='ltr'>enim</span> <span class='ocrx_word' id='word_1_312' title='bbox 1392 2582 1688 2695; x_wconf 52' lang='lat' dir='ltr'>mediante</span> <span class='ocrx_word' id='word_1_313' title='bbox 1735 2639 2071 2709; x_wconf 85' lang='lat' dir='ltr'>phantasia,</span> <span class='ocrx_word' id='word_1_314' title='bbox 2101 2651 2234 2710; x_wconf 83' lang='lat' dir='ltr'>quae</span> <span class='ocrx_word' id='word_1_315' title='bbox 2263 2638 2594 2696; x_wconf 87' lang='lat' dir='ltr'>secundum</span> <span class='ocrx_word' id='word_1_316' title='bbox 2626 2639 2905 2699; x_wconf 85' lang='lat' dir='ltr'>Philoso-</span> 
     </span>
     <span class='ocr_line' id='line_1_35' title="bbox 477 2706 2905 2780; baseline 0.002 -17"><span class='ocrx_word' id='word_1_317' title='bbox 477 2707 666 2778; x_wconf 83' lang='lat' dir='ltr'>phum</span> <span class='ocrx_word' id='word_1_318' title='bbox 714 2706 812 2778; x_wconf 80' lang='lat' dir='ltr'>(De</span> <span class='ocrx_word' id='word_1_319' title='bbox 851 2710 1056 2776; x_wconf 80' lang='lat' dir='ltr'>anima,</span> <span class='ocrx_word' id='word_1_320' title='bbox 1092 2720 1158 2777; x_wconf 88' lang='lat'>11,</span> <span class='ocrx_word' id='word_1_321' title='bbox 1199 2712 1340 2765; x_wconf 82' lang='lat' dir='ltr'>text.</span> <span class='ocrx_word' id='word_1_322' title='bbox 1382 2721 1598 2765; x_wconf 88' lang='lat' dir='ltr'>comni.</span> <span class='ocrx_word' id='word_1_323' title='bbox 1638 2712 1739 2766; x_wconf 82' lang='lat'>¹60</span> <span class='ocrx_word' id='word_1_324' title='bbox 1780 2714 1836 2765; x_wconf 89' lang='lat' dir='ltr'>et</span> <span class='ocrx_word' id='word_1_325' title='bbox 1882 2707 2006 2780; x_wconf 74' lang='lat'><strong>161)</strong></span> <span class='ocrx_word' id='word_1_326' title='bbox 2051 2714 2145 2765; x_wconf 89' lang='lat' dir='ltr'>est</span> <span class='ocrx_word' id='word_1_327' title='bbox 2185 2713 2384 2766; x_wconf 89' lang='lat' dir='ltr'>motus</span> <span class='ocrx_word' id='word_1_328' title='bbox 2425 2710 2617 2766; x_wconf 80' lang='lat' dir='ltr'>factus</span> <span class='ocrx_word' id='word_1_329' title='bbox 2650 2722 2688 2765; x_wconf 86' lang='lat' dir='ltr'>a</span> <span class='ocrx_word' id='word_1_330' title='bbox 2716 2723 2905 2769; x_wconf 87' lang='lat' dir='ltr'>sensu</span> 
     </span>
     <span class='ocr_line' id='line_1_36' title="bbox 478 2776 2896 2850; baseline 0 -15"><span class='ocrx_word' id='word_1_331' title='bbox 478 2776 812 2836; x_wconf 87' lang='lat' dir='ltr'>secundum</span> <span class='ocrx_word' id='word_1_332' title='bbox 843 2785 1061 2835; x_wconf 90' lang='lat' dir='ltr'>actum.</span> <span class='ocrx_word' id='word_1_333' title='bbox 1092 2780 1175 2834; x_wconf 81' lang='lat' dir='ltr'>Ex</span> <span class='ocrx_word' id='word_1_334' title='bbox 1200 2778 1305 2836; x_wconf 90' lang='lat' dir='ltr'>tali</span> <span class='ocrx_word' id='word_1_335' title='bbox 1353 2777 1536 2850; x_wconf 89' lang='lat' dir='ltr'>igitur</span> <span class='ocrx_word' id='word_1_336' title='bbox 1564 2779 1787 2836; x_wconf 86' lang='lat' dir='ltr'>unione</span> <span class='ocrx_word' id='word_1_337' title='bbox 1828 2791 1951 2835; x_wconf 91' lang='lat' dir='ltr'>non</span> <span class='ocrx_word' id='word_1_338' title='bbox 1978 2779 2366 2850; x_wconf 87' lang='lat' dir='ltr'>consequitur</span> <span class='ocrx_word' id='word_1_339' title='bbox 2396 2779 2574 2836; x_wconf 89' lang='lat' dir='ltr'>bomo</span> <span class='ocrx_word' id='word_1_340' title='bbox 2604 2780 2896 2850; x_wconf 88' lang='lat' dir='ltr'>speciem.</span> 
     </span>
     <span class='ocr_line' id='line_1_37' title="bbox 485 2847 2909 2928; baseline 0.002 -25"><span class='ocrx_word' id='word_1_341' title='bbox 485 2848 618 2928; x_wconf 60' lang='lat' dir='ltr'>pion</span> <span class='ocrx_word' id='word_1_342' title='bbox 655 2848 837 2917; x_wconf 78' lang='lat' dir='ltr'>igitur</span> <span class='ocrx_word' id='word_1_343' title='bbox 879 2847 1077 2906; x_wconf 79' lang='lat' dir='ltr'>differt</span> <span class='ocrx_word' id='word_1_344' title='bbox 1118 2848 1301 2906; x_wconf 89' lang='lat' dir='ltr'>homo</span> <span class='ocrx_word' id='word_1_345' title='bbox 1331 2848 1532 2919; x_wconf 87' lang='lat' dir='ltr'>specie</span> <span class='ocrx_word' id='word_1_346' title='bbox 1560 2863 1598 2906; x_wconf 90' lang='lat' dir='ltr'>a</span> <span class='ocrx_word' id='word_1_347' title='bbox 1642 2850 1835 2907; x_wconf 89' lang='lat' dir='ltr'>brutis</span> <span class='ocrx_word' id='word_1_348' title='bbox 1889 2847 2251 2906; x_wconf 88' lang='lat' dir='ltr'>animalibus</span> <span class='ocrx_word' id='word_1_349' title='bbox 2305 2862 2412 2920; x_wconf 89' lang='lat' dir='ltr'>per</span> <span class='ocrx_word' id='word_1_350' title='bbox 2452 2850 2566 2907; x_wconf 90' lang='lat' dir='ltr'>hoc</span> <span class='ocrx_word' id='word_1_351' title='bbox 2594 2850 2759 2922; x_wconf 88' lang='lat' dir='ltr'>quod</span> <span class='ocrx_word' id='word_1_352' title='bbox 2816 2856 2909 2909; x_wconf 88' lang='lat' dir='ltr'>est</span> 
     </span>
     <span class='ocr_line' id='line_1_38' title="bbox 481 2917 1130 2975; baseline 0.002 -1"><span class='ocrx_word' id='word_1_353' title='bbox 481 2917 851 2975; x_wconf 87' lang='lat' dir='ltr'>intellectum</span> <span class='ocrx_word' id='word_1_354' title='bbox 881 2918 1130 2975; x_wconf 86' lang='lat' dir='ltr'>habens.</span> 
     </span>
    </p>

    <p class='ocr_par' dir='ltr' id='par_1_8' title="bbox 459 2987 2911 3481">
     <span class='ocr_line' id='line_1_39' title="bbox 555 2987 2910 3063; baseline 0.003 -21"><span class='ocrx_word' id='word_1_355' title='bbox 555 2987 830 3056; x_wconf 77' lang='lat' dir='ltr'>Amplius.</span> <span class='ocrx_word' id='word_1_356' title='bbox 862 2987 915 3045; x_wconf 91' lang='lat' dir='ltr'>si</span> <span class='ocrx_word' id='word_1_357' title='bbox 948 2988 1127 3046; x_wconf 90' lang='lat' dir='ltr'>homo</span> <span class='ocrx_word' id='word_1_358' title='bbox 1157 2988 1417 3059; x_wconf 88' lang='lat' dir='ltr'>speciem</span> <span class='ocrx_word' id='word_1_359' title='bbox 1447 2988 1696 3047; x_wconf 87' lang='lat' dir='ltr'>sortitur</span> <span class='ocrx_word' id='word_1_360' title='bbox 1721 3002 1829 3060; x_wconf 88' lang='lat' dir='ltr'>per</span> <span class='ocrx_word' id='word_1_361' title='bbox 1853 2989 1967 3047; x_wconf 91' lang='lat' dir='ltr'>hoc</span> <span class='ocrx_word' id='word_1_362' title='bbox 1995 2990 2158 3063; x_wconf 90' lang='lat' dir='ltr'>quod</span> <span class='ocrx_word' id='word_1_363' title='bbox 2194 2995 2287 3049; x_wconf 89' lang='lat' dir='ltr'>est</span> <span class='ocrx_word' id='word_1_364' title='bbox 2310 2989 2624 3050; x_wconf 88' lang='lat' dir='ltr'>rationalis</span> <span class='ocrx_word' id='word_1_365' title='bbox 2642 2994 2701 3048; x_wconf 89' lang='lat' dir='ltr'>et</span> <span class='ocrx_word' id='word_1_366' title='bbox 2727 2991 2910 3049; x_wconf 86' lang='lat' dir='ltr'>intel·</span> 
     </span>
     <span class='ocr_line' id='line_1_40' title="bbox 481 3053 2911 3131; baseline 0.004 -19"><span class='ocrx_word' id='word_1_367' title='bbox 481 3053 698 3112; x_wconf 90' lang='lat' dir='ltr'>lectum</span> <span class='ocrx_word' id='word_1_368' title='bbox 727 3057 975 3121; x_wconf 85' lang='lat' dir='ltr'>habens,</span> <span class='ocrx_word' id='word_1_369' title='bbox 1003 3059 1364 3131; x_wconf 86' lang='lat' dir='ltr'>quicumque</span> <span class='ocrx_word' id='word_1_370' title='bbox 1393 3064 1486 3116; x_wconf 88' lang='lat' dir='ltr'>est</span> <span class='ocrx_word' id='word_1_371' title='bbox 1540 3059 1603 3115; x_wconf 94' lang='lat' dir='ltr'>in</span> <span class='ocrx_word' id='word_1_372' title='bbox 1641 3061 1839 3130; x_wconf 88' lang='lat' dir='ltr'>specie</span> <span class='ocrx_word' id='word_1_373' title='bbox 1871 3062 2132 3120; x_wconf 88' lang='lat' dir='ltr'>humana</span> <span class='ocrx_word' id='word_1_374' title='bbox 2159 3066 2253 3119; x_wconf 90' lang='lat' dir='ltr'>est</span> <span class='ocrx_word' id='word_1_375' title='bbox 2280 3062 2592 3119; x_wconf 88' lang='lat' dir='ltr'>rationalis</span> <span class='ocrx_word' id='word_1_376' title='bbox 2646 3067 2705 3118; x_wconf 90' lang='lat' dir='ltr'>et</span> <span class='ocrx_word' id='word_1_377' title='bbox 2728 3062 2911 3121; x_wconf 86' lang='lat' dir='ltr'>intel-</span> 
     </span>
     <span class='ocr_line' id='line_1_41' title="bbox 482 3123 2911 3206; baseline 0.003 -23"><span class='ocrx_word' id='word_1_378' title='bbox 482 3123 699 3206; x_wconf 79' lang='lat' dir='ltr'>lectum</span> <span class='ocrx_word' id='word_1_379' title='bbox 748 3126 995 3185; x_wconf 89' lang='lat' dir='ltr'>habens.</span> <span class='ocrx_word' id='word_1_380' title='bbox 1043 3126 1157 3185; x_wconf 88' lang='lat' dir='ltr'>Sed</span> <span class='ocrx_word' id='word_1_381' title='bbox 1198 3142 1365 3200; x_wconf 85' lang='lat' dir='ltr'>puer,</span> <span class='ocrx_word' id='word_1_382' title='bbox 1389 3129 1567 3187; x_wconf 86' lang='lat' dir='ltr'>etiam</span> <span class='ocrx_word' id='word_1_383' title='bbox 1617 3136 1934 3202; x_wconf 86' lang='lat' dir='ltr'>antequam</span> <span class='ocrx_word' id='word_1_384' title='bbox 1981 3146 2055 3189; x_wconf 84' lang='lat' dir='ltr'>ex</span> <span class='ocrx_word' id='word_1_385' title='bbox 2100 3136 2270 3190; x_wconf 88' lang='lat' dir='ltr'>utero</span> <span class='ocrx_word' id='word_1_386' title='bbox 2316 3132 2670 3204; x_wconf 82' lang='lat' dir='ltr'>egrediatur,</span> <span class='ocrx_word' id='word_1_387' title='bbox 2701 3137 2800 3190; x_wconf 86' lang='lat' dir='ltr'>est</span> <span class='ocrx_word' id='word_1_388' title='bbox 2842 3133 2911 3190; x_wconf 90' lang='lat' dir='ltr'>in</span> 
     </span>
     <span class='ocr_line' id='line_1_42' title="bbox 481 3195 2911 3277; baseline 0.003 -24"><span class='ocrx_word' id='word_1_389' title='bbox 481 3208 693 3277; x_wconf 36' lang='lat' dir='ltr'>speci-e·</span> <span class='ocrx_word' id='word_1_390' title='bbox 712 3195 999 3266; x_wconf 87' lang='lat' dir='ltr'>humana;</span> <span class='ocrx_word' id='word_1_391' title='bbox 1030 3197 1096 3254; x_wconf 91' lang='lat' dir='ltr'>in</span> <span class='ocrx_word' id='word_1_392' title='bbox 1123 3212 1243 3270; x_wconf 92' lang='lat' dir='ltr'>quo</span> <span class='ocrx_word' id='word_1_393' title='bbox 1273 3205 1470 3255; x_wconf 88' lang='lat' dir='ltr'>tamen</span> <span class='ocrx_word' id='word_1_394' title='bbox 1504 3199 1772 3257; x_wconf 89' lang='lat' dir='ltr'>nondum</span> <span class='ocrx_word' id='word_1_395' title='bbox 1802 3207 1946 3257; x_wconf 86' lang='lat' dir='ltr'>sunt</span> <span class='ocrx_word' id='word_1_396' title='bbox 1970 3201 2557 3274; x_wconf 85' lang='lat' dir='ltr'>phantasmata,quae</span> <span class='ocrx_word' id='word_1_397' title='bbox 2580 3202 2701 3259; x_wconf 91' lang='lat' dir='ltr'>sint</span> <span class='ocrx_word' id='word_1_398' title='bbox 2723 3201 2911 3261; x_wconf 88' lang='lat' dir='ltr'>intel·</span> 
     </span>
     <span class='ocr_line' id='line_1_43' title="bbox 459 3264 2910 3353; baseline 0.004 -31"><span class='ocrx_word' id='word_1_399' title='bbox 459 3264 737 3345; x_wconf 73' lang='lat' dir='ltr'>⁸ligihilia</span> <span class='ocrx_word' id='word_1_400' title='bbox 775 3271 930 3325; x_wconf 83' lang='lat' dir='ltr'>actu.</span> <span class='ocrx_word' id='word_1_401' title='bbox 979 3270 1112 3348; x_wconf 74' lang='lat' dir='ltr'>Non</span> <span class='ocrx_word' id='word_1_402' title='bbox 1152 3273 1247 3326; x_wconf 89' lang='lat' dir='ltr'>est</span> <span class='ocrx_word' id='word_1_403' title='bbox 1289 3268 1474 3340; x_wconf 89' lang='lat' dir='ltr'>igitur</span> <span class='ocrx_word' id='word_1_404' title='bbox 1519 3270 1700 3327; x_wconf 89' lang='lat' dir='ltr'>homo</span> <span class='ocrx_word' id='word_1_405' title='bbox 1747 3270 2114 3328; x_wconf 89' lang='lat' dir='ltr'>intellectum</span> <span class='ocrx_word' id='word_1_406' title='bbox 2158 3271 2388 3330; x_wconf 84' lang='lat' dir='ltr'>habens</span> <span class='ocrx_word' id='word_1_407' title='bbox 2433 3286 2539 3353; x_wconf 87' lang='lat' dir='ltr'>per</span> <span class='ocrx_word' id='word_1_408' title='bbox 2595 3272 2708 3328; x_wconf 90' lang='lat' dir='ltr'>boc</span> <span class='ocrx_word' id='word_1_409' title='bbox 2738 3274 2910 3344; x_wconf 88' lang='lat' dir='ltr'>quod</span> 
     </span>
     <span class='ocr_line' id='line_1_44' title="bbox 481 3336 2911 3416; baseline 0.005 -26"><span class='ocrx_word' id='word_1_410' title='bbox 481 3336 822 3416; x_wconf 70' lang='lat' dir='ltr'>intellectus</span> <span class='ocrx_word' id='word_1_411' title='bbox 868 3342 1252 3396; x_wconf 77' lang='lat' dir='ltr'>continuatur</span> <span class='ocrx_word' id='word_1_412' title='bbox 1296 3339 1526 3398; x_wconf 87' lang='lat' dir='ltr'>homini</span> <span class='ocrx_word' id='word_1_413' title='bbox 1554 3340 1856 3399; x_wconf 87' lang='lat' dir='ltr'>mediante</span> <span class='ocrx_word' id='word_1_414' title='bbox 1897 3341 2098 3412; x_wconf 83' lang='lat' dir='ltr'>specie</span> <span class='ocrx_word' id='word_1_415' title='bbox 2139 3340 2524 3416; x_wconf 77' lang='lat' dir='ltr'>intelligibili,</span> <span class='ocrx_word' id='word_1_416' title='bbox 2556 3341 2729 3415; x_wconf 87' lang='lat' dir='ltr'>cujus</span> <span class='ocrx_word' id='word_1_417' title='bbox 2761 3343 2911 3402; x_wconf 86' lang='lat' dir='ltr'>sub-</span> 
     </span>
     <span class='ocr_line' id='line_1_45' title="bbox 471 3407 1218 3481; baseline 0 -16"><span class='ocrx_word' id='word_1_418' title='bbox 471 3414 700 3478; x_wconf 70' lang='lat' dir='ltr'>jectum</span> <span class='ocrx_word' id='word_1_419' title='bbox 729 3413 821 3466; x_wconf 88' lang='lat' dir='ltr'>est</span> <span class='ocrx_word' id='word_1_420' title='bbox 843 3407 1218 3481; x_wconf 86' lang='lat' dir='ltr'>phantasma.</span> 
     </span>
    </p>
   </div>
   <div class='ocr_carea' id='block_1_4' title="bbox 1482 3612 1896 3679">
    <p class='ocr_par' dir='ltr' id='par_1_9' title="bbox 1482 3612 1896 3679">
     <span class='ocr_line' id='line_1_46' title="bbox 1482 3612 1896 3679; baseline 0.005 -2"><span class='ocrx_word' id='word_1_421' title='bbox 1482 3612 1737 3679; x_wconf 67' lang='lat' dir='ltr'>CAPUT</span> <span class='ocrx_word' id='word_1_422' title='bbox 1773 3613 1896 3679; x_wconf 89' lang='lat' dir='ltr'>LX.</span> 
     </span>
    </p>
   </div>
   <div class='ocr_carea' id='block_1_5' title="bbox 567 3785 2823 3929">
    <p class='ocr_par' dir='ltr' id='par_1_10' title="bbox 567 3785 2823 3929">
     <span class='ocr_line' id='line_1_47' title="bbox 567 3785 2823 3864; baseline 0.005 -31"><span class='ocrx_word' id='word_1_423' title='bbox 567 3785 721 3841; x_wconf 80' lang='lat' dir='ltr'><strong>QUOD</strong></span> <span class='ocrx_word' id='word_1_424' title='bbox 747 3787 911 3836; x_wconf 69' lang='lat' dir='ltr'><strong>HOMO</strong></span> <span class='ocrx_word' id='word_1_425' title='bbox 931 3786 1054 3837; x_wconf 73' lang='lat' dir='ltr'>NON</span> <span class='ocrx_word' id='word_1_426' title='bbox 1073 3789 1358 3838; x_wconf 76' lang='lat' dir='ltr'>sonTrrult</span> <span class='ocrx_word' id='word_1_427' title='bbox 1386 3792 1631 3864; x_wconf 63' lang='lat' dir='ltr'><strong>SPEGIEM</strong></span> <span class='ocrx_word' id='word_1_428' title='bbox 1656 3793 1767 3839; x_wconf 76' lang='lat' dir='ltr'>mm</span> <span class='ocrx_word' id='word_1_429' title='bbox 1791 3793 2191 3843; x_wconf 72' lang='lat' dir='ltr'>m‘rumuwu</span> <span class='ocrx_word' id='word_1_430' title='bbox 2216 3791 2531 3847; x_wconf 71' lang='lat' dir='ltr'>PASSIVUH,</span> <span class='ocrx_word' id='word_1_431' title='bbox 2566 3792 2677 3842; x_wconf 75' lang='lat' dir='ltr'>sm&gt;</span> <span class='ocrx_word' id='word_1_432' title='bbox 2703 3794 2823 3844; x_wconf 74' lang='lat' dir='ltr'>Pltlt</span> 
     </span>
     <span class='ocr_line' id='line_1_48' title="bbox 1282 3880 2074 3929; baseline 0.001 -4"><span class='ocrx_word' id='word_1_433' title='bbox 1282 3880 1682 3929; x_wconf 74' lang='lat' dir='ltr'><strong>INTELLEGTUM</strong></span> <span class='ocrx_word' id='word_1_434' title='bbox 1715 3882 2074 3929; x_wconf 65' lang='lat' dir='ltr'>possuimus.</span> 
     </span>
    </p>
   </div>
   <div class='ocr_carea' id='block_1_6' title="bbox 465 4034 2908 4538">
    <p class='ocr_par' dir='ltr' id='par_1_11' title="bbox 465 4034 2908 4538">
     <span class='ocr_line' id='line_1_49' title="bbox 547 4034 2907 4121; baseline 0.006 -30"><span class='ocrx_word' id='word_1_435' title='bbox 547 4034 651 4115; x_wconf 71' lang='lat' dir='ltr'>llis</span> <span class='ocrx_word' id='word_1_436' title='bbox 677 4040 873 4121; x_wconf 84' lang='lat' dir='ltr'>autem</span> <span class='ocrx_word' id='word_1_437' title='bbox 901 4038 1237 4099; x_wconf 88' lang='lat' dir='ltr'>rationibus</span> <span class='ocrx_word' id='word_1_438' title='bbox 1265 4040 1559 4111; x_wconf 86' lang='lat' dir='ltr'>obviatur,</span> <span class='ocrx_word' id='word_1_439' title='bbox 1588 4042 1918 4101; x_wconf 87' lang='lat' dir='ltr'>secundum</span> <span class='ocrx_word' id='word_1_440' title='bbox 1947 4042 2289 4114; x_wconf 83' lang='lat' dir='ltr'>praedictam</span> <span class='ocrx_word' id='word_1_441' title='bbox 2312 4043 2698 4117; x_wconf 89' lang='lat' dir='ltr'>positionem.</span> <span class='ocrx_word' id='word_1_442' title='bbox 2744 4046 2907 4106; x_wconf 85' lang='lat' dir='ltr'>Dicit</span> 
     </span>
     <span class='ocr_line' id='line_1_50' title="bbox 465 4108 2902 4188; baseline 0.007 -29"><span class='ocrx_word' id='word_1_443' title='bbox 465 4115 637 4182; x_wconf 79' lang='lat' dir='ltr'>enim</span> <span class='ocrx_word' id='word_1_444' title='bbox 684 4108 998 4178; x_wconf 80' lang='lat' dir='ltr'>proedictus</span> <span class='ocrx_word' id='word_1_445' title='bbox 1042 4111 1374 4170; x_wconf 77' lang='lat' dir='ltr'>Averrhocs</span> <span class='ocrx_word' id='word_1_446' title='bbox 1420 4115 1518 4183; x_wconf 83' lang='lat' dir='ltr'>(De</span> <span class='ocrx_word' id='word_1_447' title='bbox 1562 4116 1767 4182; x_wconf 80' lang='lat' dir='ltr'>anima,</span> <span class='ocrx_word' id='word_1_448' title='bbox 1814 4126 1901 4182; x_wconf 77' lang='grc' dir='ltr'>ιιι,</span> <span class='ocrx_word' id='word_1_449' title='bbox 1933 4119 2071 4170; x_wconf 83' lang='lat' dir='ltr'>text.</span> <span class='ocrx_word' id='word_1_450' title='bbox 2102 4126 2319 4172; x_wconf 90' lang='lat' dir='ltr'>comm.</span> <span class='ocrx_word' id='word_1_451' title='bbox 2350 4119 2405 4183; x_wconf 80' lang='lat'>5,</span> <span class='ocrx_word' id='word_1_452' title='bbox 2436 4116 2491 4186; x_wconf 82' lang='grc'>6)</span> <span class='ocrx_word' id='word_1_453' title='bbox 2520 4117 2681 4188; x_wconf 90' lang='lat' dir='ltr'>quod</span> <span class='ocrx_word' id='word_1_454' title='bbox 2715 4116 2902 4175; x_wconf 90' lang='lat' dir='ltr'>homo</span> 
     </span>
     <span class='ocr_line' id='line_1_51' title="bbox 480 4171 2906 4259; baseline 0.007 -30"><span class='ocrx_word' id='word_1_455' title='bbox 480 4171 678 4254; x_wconf 69' lang='lat' dir='ltr'>diti&#39;ert</span> <span class='ocrx_word' id='word_1_456' title='bbox 723 4179 919 4257; x_wconf 89' lang='lat' dir='ltr'>specie</span> <span class='ocrx_word' id='word_1_457' title='bbox 951 4194 989 4259; x_wconf 78' lang='lat' dir='ltr'>a</span> <span class='ocrx_word' id='word_1_458' title='bbox 1025 4181 1219 4240; x_wconf 88' lang='lat' dir='ltr'>brutis</span> <span class='ocrx_word' id='word_1_459' title='bbox 1247 4196 1351 4253; x_wconf 89' lang='lat' dir='ltr'>per</span> <span class='ocrx_word' id='word_1_460' title='bbox 1381 4182 1747 4240; x_wconf 88' lang='lat' dir='ltr'>intellectum</span> <span class='ocrx_word' id='word_1_461' title='bbox 1774 4196 1948 4256; x_wconf 89' lang='lat' dir='ltr'>quem</span> <span class='ocrx_word' id='word_1_462' title='bbox 1975 4184 2324 4243; x_wconf 81' lang='lat' dir='ltr'>Aristoteles</span> <span class='ocrx_word' id='word_1_463' title='bbox 2366 4192 2539 4243; x_wconf 84' lang='lat' dir='ltr'>vocat</span> <span class='ocrx_word' id='word_1_464' title='bbox 2566 4189 2906 4258; x_wconf 89' lang='lat' dir='ltr'>passivum,</span> 
     </span>
     <span class='ocr_line' id='line_1_52' title="bbox 475 4249 2908 4328; baseline 0.007 -29"><span class='ocrx_word' id='word_1_465' title='bbox 475 4257 580 4323; x_wconf 73' lang='lat' dir='ltr'>qui</span> <span class='ocrx_word' id='word_1_466' title='bbox 624 4249 716 4324; x_wconf 75' lang='lat' dir='ltr'>est</span> <span class='ocrx_word' id='word_1_467' title='bbox 735 4260 868 4317; x_wconf 88' lang='lat' dir='ltr'>ipsa</span> <span class='ocrx_word' id='word_1_468' title='bbox 910 4262 1003 4309; x_wconf 80' lang='lat' dir='ltr'>vis</span> <span class='ocrx_word' id='word_1_469' title='bbox 1033 4251 1468 4324; x_wconf 88' lang='lat' dir='ltr'>cognoscivita,</span> <span class='ocrx_word' id='word_1_470' title='bbox 1499 4266 1633 4324; x_wconf 81' lang='lat' dir='ltr'>quae</span> <span class='ocrx_word' id='word_1_471' title='bbox 1671 4260 1764 4311; x_wconf 88' lang='lat' dir='ltr'>est</span> <span class='ocrx_word' id='word_1_472' title='bbox 1808 4254 2046 4323; x_wconf 87' lang='lat' dir='ltr'>propria</span> <span class='ocrx_word' id='word_1_473' title='bbox 2091 4254 2378 4326; x_wconf 80' lang='lat' dir='ltr'>bominiS,</span> <span class='ocrx_word' id='word_1_474' title='bbox 2413 4255 2547 4313; x_wconf 86' lang='lat' dir='ltr'>loco</span> <span class='ocrx_word' id='word_1_475' title='bbox 2572 4257 2749 4328; x_wconf 86' lang='lat' dir='ltr'>cujus</span> <span class='ocrx_word' id='word_1_476' title='bbox 2779 4258 2908 4315; x_wconf 84' lang='lat' dir='ltr'>alia</span> 
     </span>
     <span class='ocr_line' id='line_1_53' title="bbox 477 4314 2903 4404; baseline 0.005 -33"><span class='ocrx_word' id='word_1_477' title='bbox 477 4314 760 4395; x_wconf 75' lang='lat' dir='ltr'>animalia</span> <span class='ocrx_word' id='word_1_478' title='bbox 794 4317 1032 4399; x_wconf 35' lang='lat' dir='ltr'>‘habe-nt</span> <span class='ocrx_word' id='word_1_479' title='bbox 1095 4321 1446 4404; x_wconf 66' lang='lat' dir='ltr'>quamdam⁹</span> <span class='ocrx_word' id='word_1_480' title='bbox 1474 4323 1975 4382; x_wconf 82' lang='lat' dir='ltr'>existimationem</span> <span class='ocrx_word' id='word_1_481' title='bbox 2035 4326 2385 4383; x_wconf 84' lang='lat' dir='ltr'>naturalem.</span> <span class='ocrx_word' id='word_1_482' title='bbox 2444 4326 2629 4397; x_wconf 85' lang='lat' dir='ltr'>Hujus</span> <span class='ocrx_word' id='word_1_483' title='bbox 2696 4334 2903 4385; x_wconf 88' lang='lat' dir='ltr'>autem</span> 
     </span>
     <span class='ocr_line' id='line_1_54' title="bbox 475 4389 2903 4469; baseline 0.006 -29"><span class='ocrx_word' id='word_1_484' title='bbox 475 4389 898 4466; x_wconf 57' lang='lat' dir='ltr'>cognoscitiva}</span> <span class='ocrx_word' id='word_1_485' title='bbox 925 4394 1160 4468; x_wconf 71' lang='lat' dir='ltr'>virtutis</span> <span class='ocrx_word' id='word_1_486' title='bbox 1189 4396 1282 4450; x_wconf 87' lang='lat' dir='ltr'>est</span> <span class='ocrx_word' id='word_1_487' title='bbox 1309 4390 1676 4464; x_wconf 83' lang='lat' dir='ltr'>distinguere</span> <span class='ocrx_word' id='word_1_488' title='bbox 1715 4393 2078 4452; x_wconf 89' lang='lat' dir='ltr'>intentiones</span> <span class='ocrx_word' id='word_1_489' title='bbox 2115 4394 2512 4453; x_wconf 81' lang='lat' dir='ltr'>individuales</span> <span class='ocrx_word' id='word_1_490' title='bbox 2554 4402 2612 4452; x_wconf 88' lang='lat' dir='ltr'>et</span> <span class='ocrx_word' id='word_1_491' title='bbox 2653 4410 2903 4469; x_wconf 89' lang='lat' dir='ltr'>compa-</span> 
     </span>
     <span class='ocr_line' id='line_1_55' title="bbox 469 4454 2895 4538; baseline 0.007 -26"><span class='ocrx_word' id='word_1_492' title='bbox 469 4466 607 4515; x_wconf 80' lang='lat' dir='ltr'>rare</span> <span class='ocrx_word' id='word_1_493' title='bbox 634 4468 737 4515; x_wconf 83' lang='lat' dir='ltr'>eas</span> <span class='ocrx_word' id='word_1_494' title='bbox 764 4454 840 4516; x_wconf 79' lang='lat' dir='ltr'>ad</span> <span class='ocrx_word' id='word_1_495' title='bbox 865 4469 1157 4533; x_wconf 77' lang='lat' dir='ltr'>invicem3</span> <span class='ocrx_word' id='word_1_496' title='bbox 1210 4462 1369 4522; x_wconf 86' lang='lat' dir='ltr'>sicut</span> <span class='ocrx_word' id='word_1_497' title='bbox 1414 4462 1772 4533; x_wconf 77' lang='lat' dir='ltr'>intellectu8‚</span> <span class='ocrx_word' id='word_1_498' title='bbox 1812 4464 1917 4538; x_wconf 90' lang='lat' dir='ltr'>qui</span> <span class='ocrx_word' id='word_1_499' title='bbox 1967 4470 2061 4523; x_wconf 87' lang='lat' dir='ltr'>est</span> <span class='ocrx_word' id='word_1_500' title='bbox 2103 4470 2413 4537; x_wconf 87' lang='lat' dir='ltr'>separatus</span> <span class='ocrx_word' id='word_1_501' title='bbox 2472 4470 2531 4522; x_wconf 87' lang='lat' dir='ltr'>et</span> <span class='ocrx_word' id='word_1_502' title='bbox 2555 4466 2895 4530; x_wconf 83' lang='lat' dir='ltr'>immixtus,</span> 
     </span>
    </p>
   </div>
   <div class='ocr_carea' id='block_1_7' title="bbox 3073 798 3076 4675">
    <p class='ocr_par' dir='ltr' id='par_1_12' title="bbox 3073 798 3076 4675">
     <span class='ocr_line' id='line_1_56' title="bbox 3073 798 3076 4675; baseline 0 0"><span class='ocrx_word' id='word_1_503' title='bbox 3073 798 3076 4675; x_wconf 95' lang='lat' dir='ltr'> </span> 
     </span>
    </p>
   </div>
  </div>
 </body>
</html>
