3076 5025
1108 296 1243 354 Lis.
1281 297 1375 368 iv,
1412 297 1566 356 cai).
1603 298 1722 357 mi.
2519 301 2637 366 57⁷.-

253 420 410 481 Item,
469 422 714 490 peccata
760 430 895 492 quae
984 417 1300 477 reveniunt
1327 418 1392 476 in
1447 419 1732 490 operibus
1760 425 1989 481 naturae
2036 435 2144 495 per
2179 424 2627 495 corruptionem
2727 450 2737 459 ·

181 489 446 571 alicujus
470 487 750 570 principii
777 502 901 547 non
974 494 1079 570 unt
1099 503 1346 570 ,semper
1372 490 1465 548 vel
1509 490 1869 564 frequenter,
1899 493 2008 551 sed
2030 499 2095 551 ut
2124 493 2188 551 in
2217 496 2638 565 paucioribus..

176 562 243 620 >Si
273 561 460 642 igitur
488 572 595 632 per
643 564 907 641 vitiatam
958 573 1252 641 originem
1314 566 1622 642 peccatum
1653 575 1690 619 a
1731 562 1925 633 primo
1968 568 2212 636 parente
2256 565 2323 622 in
2350 571 2629 638 posteros

181 632 509 699 derivetur,
539 643 662 690 non
690 629 989 689 derivetur
1013 644 1076 689 in
1106 644 1342 700 omnes,
1371 631 1475 689 sed
1507 644 1569 689 in
1606 631 1682 690 ali
1731 646 1842 692 uos
1870 647 2122 705 paucos.

253 704 548 765 Praetwea,
579 702 633 760 si
672 714 776 782 per
801 700 1065 759 vitiatam
1097 702 1394 775 originem
1435 701 1658 775 aliquis
1737 704 1965 765 efectus
2009 705 2074 762 in
2099 706 2265 777 prole
2294 707 2628 782 proveniat,

180 772 724 855 ejusdemgenerls
775 778 1006 844 oportet
1042 784 1177 831 esse
1220 772 1390 831 illum
1437 772 1735 832 desectum
1780 789 1917 834 cum
1943 775 2090 835 vitio
2126 777 2228 850 qui
2275 782 2370 835 est
2414 779 2478 836 in
2506 778 2630 839 ori-

180 857 350 918 gine,
381 856 524 915 quia
552 841 801 901 effectus
830 848 973 900 sunt
1000 844 1343 902 conformes
1369 844 1500 903 suis
1529 845 1754 903 causis.
1786 846 1968 919 Origo
1994 852 2191 905 autem
2228 847 2353 906 sive
2380 862 2626 921 genera·

179 915 269 973 tio
299 914 585 982 humana,
615 927 800 985 quum
830 913 910 972 sit
939 919 1109 973 actus
1140 915 1418 986 potentiae
1446 916 1826 987 generativae,
1865 931 1997 989 ηοω
2025 918 2197 976 nulio
2242 918 2423 976 modo
2452 919 2631 990 pai-ti·

180 984 348 1057 cipat
367 984 683 1066 ratione-m,
715 989 1060 1066 norrpotest
1107 985 1325 1043 habere
1352 985 1412 1042 in
1444 997 1512 1043 se
1558 986 1769 1066 yitium
1815 987 1976 1115 (Ιμιοᾱ
2012 990 2303 1060 pertineat
2329 989 2401 1046 ad
2471 1002 2625 1051 enus

181 1055 401 1126 cutpae,
426 1069 566 1127 quia
593 1068 658 1111 in
682 1055 834 1113 solis
855 1055 1088 1114 actibus
1115 1061 1312 1127 potest
1347 1068 1482 1113 esse
1519 1063 1711 1115 virtus
1748 1070 1820 1115 ve
1889 1057 2099 1117 vitium
2130 1059 2233 1131 qui
2288 1059 2401 1118 sub
2448 1066 2629 1120 untur

184 1125 534 1197 aliqualiter
578 1125 795 1184 rationi
821 1143 837 1195 ;
863 1126 1021 1184 unde
1051 1139 1173 1184 non
1228 1126 1556 1197 imputatur
1602 1127 1831 1185 homini
1884 1128 1960 1187 ad
2010 1129 2247 1200 cuipam
2280 1130 2335 1187 si
2385 1135 2629 1202 propter

161 1195 457 1263 ,vitiatam
486 1195 575 1253 ori
623 1196 782 1254 inem
811 1203 1093 1255 nascatur
1121 1197 1398 1268 leprosus
1423 1196 1518 1254 vel
1563 1210 1782 1256 caecus.
1827 1199 2005 1258 Nullo
2033 1198 2219 1272 igitur
2244 1200 2425 1259 modo
2462 1200 2627 1261 defe-

167 1210 672 1396 ·g²¹·¹⁸·1‘}⁰}1{'³biq⁵⁸
696 1267 1008 1339 provenire
1034 1272 1298 1341 potesta
1339 1268 1537 1343 primo
1565 1274 1809 1339 parente
1833 1269 1901 1328 in
1927 1276 2205 1342 posteros
2230 1284 2339 1345 per
2359 1270 2627 1332 vitiatam

320 1408 484 1471 clauc,
517 1412 744 1466 naturae
767 1407 993 1468 bonum
1060 1421 1126 1467 er
1150 1413 1458 1480 peccatum
1485 1422 1610 1467 non
1633 1409 1866 1470 tollitur
1888 1428 1906 1480 3
1934 1410 2095 1470 unde
2123 1411 2302 1471 etiam
2327 1413 2393 1470 in
2413 1412 2632 1473 daemo·

187 1477 373 1537 nibus
401 1484 644 1538 manent
673 1477 967 1537 naturalia
1051 1492 1190 1548 ona,
1220 1486 1288 1536 ut
1315 1479 1640 1553 Dionysius
1665 1480 1810 1540 dicit
1832 1480 1937 1554 (De
1961 1481 2144 1540 divin.
2179 1483 2432 1552 nomin„
2458 1497 2512 1542 c.
2542 1487 2578 1540 4
2606 1521 2626 1540 .

192 1548 512 1608 Generatio
541 1554 738 1606 autem
765 1556 858 1607 est
884 1554 1054 1608 actus
1087 1554 1336 1608 naturae.
1363 1553 1494 1610 Non
1521 1551 1706 1624 igitur
1744 1564 1852 1624 per
1883 1557 2193 1633 peccatum
2222 1554 2398 1624 primi
2429 1553 2572 1613 hom
2598 1582 2627 1596 -

193 1618 296 1701 nis
312 1618 507 1702 yitiari
535 1620 728 1690 potuit
761 1621 1039 1700 humanae
1087 1620 1498 1693 generationis
1526 1621 1719 1695 origo,
1750 1626 1819 1680 ut
1844 1634 1935 1681 sic
1980 1628 2289 1696 peccatum
2314 1623 2495 1696 primi
2521 1623 2629 1684 lio-

190 1701 376 1750 mims
403 1688 480 1748 ad
503 1696 779 1761 posteros
812 1689 1196 1749 derivaretur.

263 1760 544 1832 Amplius,
574 1761 757 1842 homo
783 1765 1031 1834 generat
1077 1760 1192 1819 sibi
1238 1760 1497 1820 similem
1543 1762 1877 1823 secundum
1919 1763 2206 1836 speciem.
2230 1765 2299 1823 ln
2344 1762 2445 1823 his
2480 1775 2629 1839 ergo

190 1844 327 1905 quae
349 1844 474 1888 non
496 1837 795 1903 pertinent
818 1829 892 1889 ad
914 1831 1359 1904 generationem
1392 1832 1635 1904 speciei,
1667 1846 1789 1891 non
1818 1838 2055 1905 oportet
2080 1833 2272 1893 filium
2302 1833 2630 1894 assimilari

189 1903 565 1974 parentibus.
621 1904 934 1960 Peccatum
979 1907 1177 1959 autem
1205 1915 1328 1960 non
1373 1907 1573 1975 potest
1607 1904 1903 1976 pertinere
1949 1904 2025 1963 ad
2052 1905 2349 1963 rationem
2378 1904 2627 1976 speciei,

187 1972 333 2045 quia
361 1977 670 2044 peccatum
699 1985 824 2030 non
851 1976 944 2031 est
988 1984 1196 2030 eorum
1236 1985 1369 2045 quae
1397 1977 1540 2031 sunt
1582 1974 1916 2033 secundum
1954 1980 2254 2047 naturam,
2291 1975 2398 2035 sed
2427 1974 2628 2056 magis

188 2044 500 2115 corruptio
548 2042 842 2101 naturalis
889 2042 1143 2101 ordinis.
1175 2045 1305 2100 Non
1333 2042 1520 2118 igitur
1569 2049 1806 2116 oportet
1830 2043 1994 2119 quod
2019 2058 2094 2105 ex
2137 2045 2333 2119 primo
2379 2044 2629 2106 bomine

185 2118 476 2185 peccante
501 2113 602 2171 alii
675 2117 976 2172 eccatores
1008 2117 1352 2172 nascantur.

258 2186 551 2265 Praiteijea,
582 2126 691 2241 filei
730 2183 923 2255 magis
951 2183 1365 2265 assimilantur
1404 2185 1698 2256 proximis
1727 2184 2089 2268 parentibus
2124 2199 2307 2260 quam
2351 2185 2623 2248 remotis.

190 2256 500 2328 Contingit
527 2260 724 2313 autem
745 2270 782 2329 q
828 2253 905 2312 od
931 2267 1187 2326 proximi
1217 2260 1492 2326 parentes
1517 2261 1661 2316 sunt
1686 2268 1822 2315 sine
1840 2261 2087 2338 peccato
2113 2262 2172 2314 et
2199 2258 2265 2315 in
2283 2262 2416 2315 actu
2443 2269 2629 2331 gene·

181 2325 448 2386 rationis
502 2325 734 2406 nullum
787 2269 1097 2397 peccatum
1153 2326 1563 2384 committitur.
1608 2329 1739 2385 Non
1784 2327 1970 2400 igitur
2018 2332 2260 2400 propter
2311 2332 2625 2401 peccatum

185 2395 367 2470 primi
395 2401 664 2467 parentis
692 2401 1036 2467 peccatores
1064 2408 1276 2453 omnes
1304 2401 1658 2454 nascuntur.

260 2466 508 2536 Deinde,
537 2466 590 2525 si
633 2470 940 2539 peccatum
987 2480 1024 2524 a
1069 2466 1264 2539 primo
1309 2465 1554 2524 homine
1598 2466 1663 2523 in
1704 2465 1844 2524 aliis
1876 2465 2207 2526 derivatum
2236 2470 2350 2536 est,
2376 2465 2625 2540 majoris

179 2543 386 2598 autem
413 2537 651 2596 virtutis
677 2537 741 2594 in
770 2535 1002 2610 agendo
1032 2543 1126 2595 est
1151 2536 1376 2594 bonum
1402 2547 1580 2617 quam
1622 2537 1868 2605 malum,
1902 2541 1969 2595 ut
2010 2549 2193 2608 supra
2221 2536 2284 2609 (l.
2319 2551 2410 2608 111,
2448 2552 2503 2597 c.
2537 2541 2604 2598 12

187 2614 504 2737 glstensum
534 2615 654 2735 esti
685 2608 874 2666 multo
900 2606 1097 2680 magis
1142 2606 1476 2666 satisfactio
1524 2604 1666 2665 Adae
1710 2612 1774 2666 et
1806 2605 2044 2680 justitia
2067 2605 2201 2679 ejus
2228 2622 2335 2681 per
2360 2620 2500 2668 eum

251 2691 347 2737 ios
402 2691 625 2736 ransivi
657 2720 672 2737 .

259 2749 480 2819 Adhuc,
508 2749 560 2807 si
584 2753 891 2821 peccatum
920 2748 1095 2820 primi
1120 2747 1386 2807 hominis
1412 2762 1519 2821 per
1537 2748 1832 2821 originem
1852 2751 2218 2821 propagatur
2241 2748 2306 2806 in
2323 2752 2626 2820 posteros,

186 2819 317 2892 pari
364 2819 540 2877 etiam
584 2819 810 2877 ratione
849 2826 1094 2890 peccata
1135 2819 1388 2877 aliorum
1420 2825 1733 2890 parentum
1763 2817 1838 2876 ad
1866 2823 2143 2900 posteros
2166 2818 2532 2889 deveniunt3
2564 2825 2630 2878 et

183 2890 280 2949 sic
308 2903 547 2962 semper
571 2890 936 2961 posteriores
966 2893 1173 2949 essent
1199 2890 1394 2962 magis
1416 2890 1646 2971 onerati
1668 2893 1930 2961 peccatis
1953 2901 2134 2970 quam
2161 2890 2429 2964 priores;
2460 2888 2628 2963 quod

182 2959 484 3033 praecipue
534 2960 770 3041 ex,hoc
806 2960 992 3041 ,sequi
1038 2973 1290 3041 necesse
1331 2964 1444 3026 est,
1475 2972 1529 3018 si
1573 2963 1883 3034 peccatum
1925 2962 2144 3021 transit
2187 2973 2226 3020 a
2266 2965 2513 3034 parente
2556 2959 2627 3020 in

184 3032 420 3105 prolem
448 3033 509 3090 et
530 3031 860 3100 satisfactio
890 3034 1148 3089 transire
1175 3043 1297 3089 non
1324 3033 1546 3103 potest.

1200 3246 1455 3314 CAPUT
1491 3245 1623 3314 Lll.

881 3426 1122 3476 sowrio
1157 3426 1554 3476 OBJEGTIONUM
1586 3415 1939 3475 remansit.

256 3589 345 3650 Ad
373 3591 589 3649 horum
618 3589 802 3665 igitur
827 3589 1193 3650 solutionem
1224 3589 1701 3663 praemittendum
1730 3594 1825 3648 est
1864 3588 2027 3664 quod
2060 3588 2286 3664 peccati
2311 3587 2626 3664 originalis

179 3663 255 3722 in
282 3662 551 3720 humano
576 3675 795 3735 genere
816 3661 1205 3733 probabiliter
1232 3661 1504 3734 quaedam
1535 3660 1715 3734 signa
1735 3666 2040 3741 apparent.
2063 3663 2255 3730 Quum
2283 3662 2442 3720 enim
2467 3663 2625 3721 Deus

145 3727 589 3793 'humanorum
648 3737 891 3791 actuum
937 3732 1029 3793 sic
1076 3745 1279 3789 curam
1332 3737 1612 3811 gerat-ut
1653 3731 1835 3790 bonis
1880 3730 2161 3804 operibus
2204 3732 2511 3806 praemium
2565 3735 2629 3791 et

153 3803 368 3863 'malis
412 3815 648 3874 poenam
694 3802 1000 3871 retribuat,
1029 3806 1097 3861 ut
1138 3802 1202 3858 in
1231 3802 1648 3872 superioribus
1692 3806 1786 3858 est
1815 3807 2147 3871 ostensum,
2178 3817 2251 3860 ex
2289 3804 2421 3875 ipsa
2447 3814 2627 3874 poena

146 3887 515 3948 'possumus
570 3872 886 3930 certificari
938 3871 1012 3930 de
1052 3872 1252 3944 culpa.
1313 3871 1542 3929 Patitur
1589 3874 1792 3928 autem
1846 3873 2244 3930 communiter
2291 3872 2624 3932 humanum
2664 3925 2681 3938 ἢ

177 3956 384 4018 genus
404 3944 673 4001 diversas
697 3955 930 4015 poenas,
953 3948 1011 4000 et
1039 3942 1384 4013 corporales
1416 3948 1475 3998 et
1511 3941 1875 4014 spirituales.
1897 3945 2055 4000 lnter
2077 3942 2420 4015 corporales
2448 3942 2631 4012 potis-

180 4015 381 4073 simas
428 4020 521 4071 est
551 4026 737 4082 mom,
768 4013 842 4071 ad
896 4025 1075 4094 quam
1124 4025 1336 4070 omnes
1377 4012 1510 4069 aliae
1562 4012 1816 4069 tendunt
1863 4018 1924 4070 et
1972 4012 2345 4081 ordinantur,
2398 4013 2628 4073 scilicet

180 4086 405 4154 fameS,
434 4083 570 4142 sitis
598 4089 657 4142 et
679 4083 800 4152 alia
829 4083 1377 4157 huiusmodi.1nter
1407 4082 1752 4153 spirituales
1781 4086 1977 4141 autem
2008 4089 2100 4141 est
2121 4084 2437 4154 potissima
2466 4083 2629 4142 debi-

180 4155 333 4214 litas
378 4154 648 4223 rationis,
700 4167 775 4212 ex
862 4169 941 4212 ua
984 4154 1277 4226 contingit
1309 4154 1468 4226 quod
1516 4151 1699 4210 bomo
1728 4153 2049 4211 difficulter
2075 4153 2337 4225 pervenit
2384 4154 2459 4212 ad
2501 4153 2627 4213 veri

173 4223 616 4297 cognitionem,
641 4230 702 4282 et
732 4224 805 4281 de
859 4223 994 4283 acili
1022 4223 1242 4282 labitur
1265 4224 1328 4279 in
1358 4235 1643 4290 eri-orem,
1662 4228 1721 4280 et
1747 4223 2045 4295 appetitus
2061 4223 2347 4283 bestiales
2375 4225 2625 4283 omnino

174 4309 472 4367 superare
497 4308 617 4353 non
650 4299 868 4365 potest,
891 4294 998 4353 sed
1023 4295 1330 4352 multoties
1360 4292 1749 4350 obnubilatur
1772 4294 1848 4351 ab
1874 4293 1985 4351 eis.
2526 4317 2531 4324 »

257 4369 477 4425 Posset
503 4372 702 4423 tamen
728 4364 950 4437 aliquis
978 4363 1175 4422 dicere
1207 4363 1554 4438 hujusmodi
1583 4363 1872 4432 defectus,
1905 4368 2027 4421 tam
2057 4366 2402 4436 corporales
2444 4374 2623 4438 quam

181 4436 566 4511 spiritualeS,
620 4447 745 4493 non
792 4447 930 4495 esse
973 4434 1265 4507 poenales,
1322 4433 1425 4493 sed
1475 4435 1782 4495 naturales
1822 4433 2094 4494 desectus
2151 4450 2226 4495 ex
2268 4434 2625 4494 necessitato

2319 4549 2380 4598 3⁴1
