3076 5025
349 269 461 327 270
1286 264 1423 321 ΠΒ.
1461 265 1562 334 ΙΠ,
1600 264 1757 322 CAP.
1793 264 1858 322 X.

351 395 623 459 naturae;
657 401 840 461 quam
869 385 922 446 si
950 399 1074 445 non
1104 384 1371 454 excedat,
1402 398 1527 442 non
1555 390 1800 457 propter
1840 384 1959 444 hoc
1983 385 2101 445 erit
2137 385 2429 446 deficiens
2457 386 2525 445 in
2548 387 2758 459 virtute,

353 460 464 518 sed
489 465 636 517 tunc
663 459 861 517 solum
925 457 1125 516 uando
1142 455 1339 514 deficit
1359 470 1397 515 a
1422 469 1708 514 mensura
1725 456 1965 514 virtutis
1993 456 2112 515 sibi
2135 456 2349 516 debitae
2373 472 2481 529 per
2493 463 2763 516 naturam.

352 533 435 589 Ex
463 534 630 602 parte
660 534 859 587 autem
919 541 1100 585 ormae
1127 526 1397 595 effectus,
1418 541 1525 597 per
1552 526 1833 585 accidens
1878 526 2104 585 malum
2149 527 2381 595 incidit,
2413 528 2479 586 in
2506 534 2760 600 quantuni

352 602 566 660 formae
623 598 806 659 alicui
849 598 922 656 de
966 597 1327 656 necessitate
1382 597 1731 679 adjungitur
1765 596 2019 669 privatio
2064 598 2315 657 alterius
2352 600 2605 666 formae;
2634 599 2763 658 untb

352 671 539 731 simul
570 684 707 729 cuni
750 669 1140 743 generatione
1187 667 1370 726 unius
1396 681 1480 725 rei
1530 680 1782 727 necesse
1810 671 1903 726 est
1947 668 2197 726 alterius
2218 668 2319 749 ,rei
2347 669 2520 741 sequi
2552 681 2764 741 corrup-

351 743 604 801 tionem.
636 740 752 799 Sed
782 741 900 798 hoc
932 738 1158 798 malum
1187 751 1311 795 non
1341 744 1434 795 est
1482 738 1710 796 malum
1735 736 1988 798 effectus
2017 739 2235 797 intenti
2262 737 2339 798 ab
2371 744 2612 812 agente,
2636 739 2769 799 sicut

351 810 926 941 inspraecedentibus
962 815 1144 882 patet,
1178 807 1286 867 sed
1315 807 1585 867 alterius.

467 883 523 941 ic
550 882 737 955 igitur
765 882 828 939 in
854 879 1232 938 naturalibus
1260 883 1423 950 patet
1449 878 1610 951 quod
1634 878 1995 961 malum-per
2017 877 2320 962 accidens·
2331 885 2564 938 tantam
2592 892 2773 938 causa-

348 958 451 1012 tur
478 968 517 1011 a
542 952 725 1011 bono.
759 951 977 1010 Eodem
1007 955 1209 1009 autem
1253 949 1436 1007 modo
1477 956 1536 1006 et
1565 953 1626 1006 in
1667 948 2085 1030 artificialibus
2130 950 2349 1008 accidit
2376 968 2391 1018 ;
2415 963 2515 1009 ars
2541 951 2695 1009 enim
2719 951 2771 1008 in

352 1038 467 1084 sua
494 1022 844 1096 operatione
871 1022 1142 1080 imitatur
1161 1024 1462 1089 naturam,
1495 1025 1556 1078 et
1579 1020 1859 1078 similiter
1899 1024 2212 1092 peccatum
2255 1021 2322 1078 in
2349 1026 2608 1094 utraque
2632 1021 2770 1079 inve-

350 1095 536 1153 nitur.

422 1167 491 1223 In
528 1162 863 1223 moralibus
909 1166 1108 1220 autem
1155 1160 1394 1220 videtur
1440 1159 1615 1218 aliter
1655 1174 1724 1218 se
1762 1159 2005 1219 habere.
2048 1162 2183 1220 Nou
2212 1160 2374 1219 enim
2448 1175 2527 1219 ex
2563 1159 2771 1220 defectu

348 1235 592 1294 virtutis
644 1234 817 1306 sequi
870 1232 1107 1291 videtur
1156 1231 1384 1291 morale
1413 1231 1648 1301 vitium,
1677 1245 1864 1305 quum
1917 1230 2237 1290 infirmitas
2287 1232 2533 1291 virtutis
2573 1231 2774 1291 morale

350 1306 563 1364 vitium
610 1304 709 1363 vel
752 1303 1017 1362 totaliter
1061 1301 1234 1361 tollat
1280 1302 1376 1360 vel
1429 1301 1641 1359 saltem
1701 1301 2051 1372 deminuat;
2102 1301 2424 1360 infirmitas
2457 1302 2621 1360 enim
2671 1313 2773 1359 nou

349 1382 613 1437 meretur
640 1389 903 1448 poenam,
933 1386 1067 1447 quae
1112 1373 1300 1445 culpae
1340 1372 1608 1436 debetur,
1644 1371 1751 1431 sed
1779 1372 1977 1445 magis
2012 1372 2492 1431 misericordiam
2540 1377 2602 1430 et
2624 1371 2775 1445 igno-

350 1447 685 1515 scentiam;
716 1445 1126 1504 voluntarium
1178 1444 1336 1502 enim
1378 1447 1613 1524 oportet
1655 1456 1790 1501 esse
1827 1442 2017 1500 moris
2069 1443 2305 1514 vitium,
2348 1457 2474 1503 non
2526 1455 2777 1502 necessa·

349 1518 531 1577 rium.
564 1517 627 1576 Si
649 1520 849 1575 tamen
904 1514 1223 1587 diligenter
1267 1514 1703 1582 consideretur,
1735 1513 2038 1572 invenitur
2094 1519 2385 1587 quantum
2437 1513 2514 1574 ad
2572 1511 2775 1586 aliquid

349 1588 575 1658 simile,
646 1591 896 1646 uantum
922 1598 1064 1643 vero
1095 1584 1169 1643 ad
1197 1583 1426 1657 aliquid
1451 1583 1748 1643 dissimile
1773 1602 1787 1653 ;
1823 1583 2119 1642 dissimile
2141 1584 2384 1656 quidem
2411 1590 2699 1658 quantum
2716 1581 2775 1641 ad

350 1659 469 1718 hoc
497 1667 617 1731 quo
704 1658 917 1715 vitium
977 1655 1204 1713 morale
1257 1655 1320 1712 in
1378 1655 1512 1713 sola
1540 1654 1777 1713 actione
1832 1655 2272 1725 consideratur,
2304 1669 2431 1713 non
2485 1660 2683 1714 autem
2724 1654 2776 1710 in

352 1729 560 1810 aliquo
605 1724 821 1787 effectu
867 1726 1200 1798 product03
1250 1737 1389 1783 nam
1438 1725 1692 1783 virtutes
1742 1726 2001 1783 morales
2047 1739 2171 1783 non
2222 1731 2366 1784 sunt
2404 1726 2659 1789 factivae,
2687 1722 2778 1783 sed

352 1805 583 1867 activae,
610 1803 770 1856 artes
799 1802 997 1856 autem
1030 1796 1261 1855 factivae
1290 1800 1471 1865 sunt3
1498 1801 1556 1852 et
1573 1794 1710 1854 ideo
1739 1795 1967 1854 dictum
1991 1800 2085 1854 est
2111 1795 2273 1869 quod
2301 1797 2366 1854 in
2396 1797 2488 1855 eis
2519 1794 2777 1854 similiter

350 1874 667 1943 peccatum
707 1867 925 1926 accidit
962 1866 1119 1925 sicut
1147 1866 1210 1924 in
1241 1871 1473 1925 natura.
1501 1866 1719 1924 Malum
1750 1867 1935 1940 igitur
1974 1866 2202 1925 morale
2226 1880 2351 1925 non
2380 1867 2779 1925 consideratur

352 1954 431 1999 ex
453 1938 707 1998 materia
731 1938 825 1996 vel
852 1937 1046 1995 forma
1074 1935 1344 2006 effectus,
1377 1937 1483 1995 sed
1513 1937 1715 1994 solum
1741 1938 2134 2010 consequitur
2153 1938 2226 1995 ex
2251 1944 2486 2010 agente.
2517 1939 2583 1995 ln
2613 1937 2778 1995 actio·

352 2010 537 2069 nibus
583 2013 784 2067 autem
829 2007 1161 2067 moralibus
1209 2007 1600 2065 inveniuntur
1628 2021 1735 2079 per
1763 2007 2034 2066 ordinem
2062 2012 2321 2080 quatuor
2349 2009 2544 2066 activa
2577 2006 2778 2080 princi·

350 2081 494 2154 pia:
522 2093 780 2153 quorum
805 2092 992 2137 unum
1019 2084 1112 2136 est
1137 2078 1327 2137 virtus
1359 2079 1722 2147 exsecutiva,
1759 2078 1992 2137 scilicet
2017 2079 2111 2136 vis
2138 2078 2384 2149 motiva,
2454 2092 2535 2137 ua
2561 2089 2779 2137 moven-

352 2157 454 2209 tur
492 2150 763 2208 membra
813 2150 886 2207 ad
934 2148 1382 2222 exsequendum
1430 2148 1751 2221 imperium
1806 2149 2174 2219 voluntatis;
2231 2149 2393 2207 unde
2487 2163 2574 2207 aec
2621 2149 2713 2206 vis
2749 2159 2779 2206 a

350 2221 661 2280 voluntate
692 2224 983 2288 movetur,
1014 2234 1146 2293 quae
1174 2225 1268 2278 est
1296 2219 1460 2278 aliud
1501 2218 1908 2301 principium3
1947 2219 2227 2278 voluntas
2267 2233 2412 2278 vero
2456 2225 2725 2278 movetur
2748 2230 2779 2275 a

346 2291 581 2366 judicio
628 2291 867 2349 virtutis
908 2290 1378 2362 apprehensivae,
1430 2304 1565 2362 quae
1589 2289 1819 2362 judicat
1845 2289 1961 2348 boc
1992 2303 2128 2348 esse
2169 2290 2397 2349 bonum
2427 2291 2522 2349 vel
2546 2288 2778 2357 malum,

348 2376 489 2491 ΞΜ)
535 2367 681 2421 sunt
723 2361 1053 2420 voluntatis
1093 2360 1348 2432 objecta,
1395 2374 1585 2417 unum
1615 2360 1690 2418 ad
1733 2360 2237 2434 prosequendum,
2264 2361 2429 2420 aliud
2458 2360 2532 2419 ad
2561 2359 2778 2433 fugien-

400 2446 538 2504 um;
589 2433 723 2504 ipsa
764 2437 966 2490 autem
1009 2432 1103 2490 vis
1151 2431 1588 2504 apprehensiva
1628 2435 1902 2489 movetur
1946 2445 1982 2490 a
2014 2444 2077 2489 re
2107 2432 2500 2503 apprehensa.
2529 2432 2776 2490 Primum

352 2502 544 2578 igitur
590 2503 848 2563 activum
894 2501 1260 2575 principium
1309 2502 1373 2560 in
1412 2501 1753 2561 actionibus
1782 2501 2114 2561 moralibus
2145 2506 2237 2560 est
2262 2517 2361 2561 res
2386 2501 2773 2575 apprehensa3

352 2574 688 2634 secundum
716 2575 808 2633 vis
834 2574 1307 2655 apprehensiva3
1329 2573 1592 2642 tertium,
1621 2572 1942 2641 voluntas;
1973 2578 2271 2656 quartum,
2300 2575 2396 2632 vis
2422 2574 2645 2633 motiva
2659 2584 2773 2646 quie

351 2646 704 2718 exsequitur
726 2645 1043 2716 imperium
1073 2644 1346 2703 rationis.
1379 2647 1562 2702 Actus
1591 2648 1790 2701 autem
1816 2644 2054 2703 virtutis
2085 2658 2224 2703 exse
2270 2644 2471 2703 uentis
2493 2644 2613 2717 jam
2641 2656 2774 2716 prae·

353 2716 645 2788 supponit
669 2715 898 2774 bonum
922 2715 1152 2773 morale
1177 2714 1271 2773 vel
1299 2714 1561 2772 malum:
1592 2714 1891 2771 nonenim
1918 2713 1993 2773 ad
2021 2660 2593 2787 mores‘liujusmodi
2622 2720 2772 2772 actus

353 2787 684 2845 exteriores
721 2787 1040 2858 pertinent,
1089 2785 1211 2844 nisi
1258 2784 1595 2843 secundum
1645 2784 1807 2856 quod
1835 2790 1978 2843 sunt
2008 2785 2355 2844 voluntarii.
2387 2785 2572 2854 Unde,
2604 2785 2654 2844 si
2684 2797 2770 2863 νος

352 2855 605 2915 luntatis
633 2857 714 2915 sit
739 2862 910 2914 actus
929 2856 1149 2925 bonus,
1179 2861 1241 2913 et
1267 2859 1438 2913 actus
1467 2855 1726 2913 exterior
1752 2853 1952 2914 bonus
1980 2855 2209 2914 dicetur
2233 2873 2248 2924 ;
2277 2855 2477 2915 malus
2500 2860 2708 2923 autem,
2725 2866 2770 2910 si

351 2926 458 2985 ille
487 2927 569 2985 sit
593 2925 827 2996 malus;
858 2925 1012 2983 nibil
1040 2926 1201 2984 enim
1235 2926 1308 2984 ad
1337 2925 1630 2983 malitiam
1660 2926 1947 2984 moralem
1976 2926 2321 2999 pertineret,
2351 2928 2405 2985 si
2438 2933 2607 2985 actus
2631 2931 2769 2983 exte·

352 2996 481 3056 rior
523 2995 810 3054 deficiens
856 3002 1020 3054 esset
1063 2995 1297 3055 defectu
1344 2996 1420 3054 ad
1466 2996 1833 3054 voluntatem
1871 3008 1994 3054 non
2022 2996 2397 3069 pertinente;
2433 2995 2767 3055 claudicatio

354 3067 517 3125 enim
565 3080 690 3125 non
717 3072 810 3124 est
829 3066 1039 3125 vitium
1082 3068 1293 3137 moriS,
1323 3067 1432 3125 sed
1461 3070 1710 3125 naturae.
1741 3065 2093 3138 Huiusmodi
2134 3067 2321 3141 igitur
2356 3067 2591 3127 virtutis
2617 3077 2764 3124 exse·

355 3139 598 3211 quentis
633 3136 901 3195 desectus
930 3137 1120 3196 moris
1142 3137 1352 3196 vitium
1379 3136 1474 3195 vel
1502 3137 1764 3195 totaliter
1792 3143 2036 3196 excusat
2053 3137 2145 3195 vel
2174 3138 2413 3195 minuit.
2442 3142 2623 3196 Actus
2642 3146 2764 3193 vero

354 3220 477 3280 quo
505 3221 604 3267 res
626 3214 826 3265 movet
853 3207 1350 3280 apprehensivam
1377 3209 1657 3265 virtutem
1678 3206 1968 3266 immunis
1992 3213 2086 3266 est
2111 3222 2147 3265 a
2164 3208 2311 3266 vitio
2333 3208 2527 3266 moris
2551 3226 2567 3278 ;
2591 3209 2768 3266 movet

352 3278 540 3348 enim,
588 3277 920 3337 secundum
953 3278 1226 3337 ordinem
1268 3277 1622 3347 naturalem,
1667 3277 1907 3337 visibile
1930 3278 2150 3348 visum,
2179 3282 2238 3336 et
2260 3278 2573 3353 quodlibet
2595 3275 2766 3349 objec-

351 3353 484 3407 tum
530 3349 855 3419 potentiam
906 3349 1228 3421 passivam.
1275 3351 1408 3421 lpse
1454 3349 1634 3406 etiam
1681 3354 1853 3408 actus
1894 3348 2341 3421 apprehensivae
2366 3349 2603 3408 virtutis
2628 3348 2683 3406 in
2707 3357 2765 3404 se

354 3418 778 3478 consideratus
823 3419 1038 3478 morali
1084 3419 1233 3478 vitio
1267 3427 1448 3488 caret,
1496 3431 1684 3492 quum
1731 3418 1863 3491 ejus
1905 3420 2172 3478 derectus
2200 3420 2408 3478 vitium
2447 3417 2663 3479 morale
2681 3413 2765 3474 vel

355 3493 604 3548 excuset
630 3489 723 3548 vel
761 3490 1013 3555 minuat,
1062 3489 1222 3548 sicut
1250 3493 1310 3547 et
1358 3488 1628 3548 defectus
1672 3490 2056 3563 exsequentis
2082 3490 2358 3559 virtutis;
2389 3491 2608 3572 pariter
2626 3487 2765 3567 enim

353 3558 676 3619 infirmitas
705 3564 766 3617 et
794 3560 1139 3633 ignorantia
1163 3565 1453 3619 excusant
1479 3566 1792 3632 peccatum
1814 3561 1907 3619 vel
1944 3561 2243 3619 minuunt.
2276 3560 2646 3642 Relinquitur
2666 3558 2763 3639 igt-

351 3633 456 3711 tur
499 3631 662 3703 quod
703 3631 933 3689 morale
972 3631 1184 3689 vitium
1234 3631 1298 3688 in
1345 3632 1480 3690 solo
1532 3636 1667 3689 actu
1713 3631 2041 3690 voluntatis
2075 3631 2270 3703 primo
2298 3636 2356 3689 et
2431 3628 2766 3707 rineipaliter

352 3701 696 3770 invenitur3
759 3705 818 3760 et
874 3700 1334 3771 rationabiliter,
1363 3715 1545 3774 quum
1602 3715 1675 3759 ex
1726 3701 1843 3761 lioc
1880 3706 2049 3761 actus
2077 3702 2331 3760 moralis
2415 3704 2602 3760 icatur
2642 3708 2766 3770 quia

351 3771 730 3898 voluntarius
772 3776 884 3899 ilest.
914 3774 982 3830 In
1011 3777 1149 3831 actu
1198 3772 1384 3846 igitur
1422 3771 1752 3831 voluntatis
1796 3771 2120 3846 quaerenda
2163 3777 2257 3831 est
2299 3772 2470 3830 radix
2517 3776 2576 3830 et
2613 3768 2762 3840 origo

395 3853 536 3898 ecca
561 3856 581 3898 1
608 3855 778 3901 mora
802 3856 877 3901 is.

350 3853 393 3914 P
422 3910 667 3969 Videtur
708 3916 908 3971 autem
955 3911 1112 3971 banc
1143 3911 1602 3985 inquisitionem
1654 3913 1945 3986 consequi
1993 3911 2339 3972 difficultas.
2389 3914 2580 3982 Quum
2621 3907 2758 3967 enim

351 3979 841 4061 actusdeficiens
887 3982 1200 4055 proveniat
1225 3989 1466 4055 propter
1493 3984 1787 4043 desectum
1823 3984 1998 4042 activi
2038 3983 2339 4056 principii,
2380 3986 2607 4055 oportet
2636 3990 2758 4052 prie-

350 4050 692 4123 intelligere
742 4052 1037 4112 desectum
1091 4053 1157 4111 in
1203 4054 1508 4112 voluntate
1560 4059 1697 4112 ante
1739 4061 2050 4126 peccatum
2093 4055 2341 4113 morale.
2383 4054 2497 4123 Qui
2546 4049 2754 4125 quidem

352 4121 645 4203 desectuS‚
661 4121 716 4179 si
745 4122 826 4180 sit
851 4123 1168 4196 naturalis,
1183 4137 1420 4196 semper
1443 4123 1694 4182 inhaeret
1707 4124 2030 4194 voluntati3
2051 4137 2286 4197 semper
2313 4125 2498 4198 igitur
2508 4122 2753 4180 voluntas

350 4205 418 4274 in
438 4191 674 4265 agendo
698 4193 1007 4251 moraliter
1024 4195 1313 4266 peccabit,
1340 4195 1501 4276 quod
1536 4201 1706 4253 actus
1730 4195 2015 4254 virtutum
2045 4195 2263 4254 salsum
2286 4208 2422 4253 esse
2442 4190 2745 4253 ostendunt.

352 4263 416 4343 ξι
441 4268 642 4344 autem
677 4261 945 4342 desectus
971 4265 1053 4323 sit
1075 4266 1474 4335 voluntarius,
1495 4263 1623 4346 jam
1655 4272 1747 4324 est
1773 4272 2084 4338 peccatum
2112 4265 2360 4329 morale,
2391 4264 2558 4336 cujus
2589 4269 2743 4320 causa

353 4337 588 4415 iterum·
614 4333 975 4406 inquirenda
1018 4334 1303 4405 restabit;
1353 4342 1412 4393 et
1459 4348 1551 4394 sic
1596 4336 1747 4394 ratio
1795 4336 1860 4393 in
1898 4336 2202 4394 infinitum
2247 4336 2516 4396 deducet.
2540 4330 2743 4413 oportet

355 4415 502 4477 ergo
529 4403 731 4464 dicere
759 4403 921 4476 quod
947 4403 1213 4470 defectus
1241 4405 1307 4464 in
1332 4405 1638 4466 voluntate
1678 4406 2069 4479 praeexistens
2092 4420 2219 4466 non
2246 4407 2329 4466 sit
2366 4402 2652 4470 naturalis,
2674 4407 2737 4455 ne

777 4565 794 4576 -=
802 4563 839 4591 ιιι
