3076 5025
454 317 561 372 626
1113 340 1124 352 ·
1287 309 1420 364 [ΑΒ.
1462 309 1551 376 Ν,
1590 309 1745 365 GAP.
1785 309 2057 365 Lxxxlli.

525 434 804 504 Amplius,
829 432 1018 489 bomo
1042 443 1368 503 resurgens
1396 431 1460 487 iii
1509 437 1858 502 perpetuum
1890 431 2060 487 vivet.
2091 435 2205 487 Aut
2252 431 2439 503 igitur
2481 445 2725 501 semper
2754 429 2877 493 cibe

458 512 677 571 utetur,
707 508 954 560 autnon
985 515 1241 573 semper,
1271 501 1379 560 sed
1409 515 1512 571 per
1541 502 1781 572 aliquod
1821 501 2279 558 determinatum
2308 508 2566 572 tempus.
2600 503 2663 559 Si
2694 507 2873 559 auten

457 588 698 647 semper
716 573 853 630 cibo
880 576 1098 639 utetur,
1126 584 1262 628 cum
1293 571 1466 629 cibus
1492 571 1558 628 in
1584 585 1805 643 corpus
1827 585 2157 629 conversus
2191 572 2291 639 sit,
2312 585 2348 628 a
2370 585 2490 645 quo
2522 573 2677 629 nibil
2705 573 2877 629 resol

457 646 632 714 vitur,
665 657 916 701 necesse
946 642 1218 715 estquod
1250 649 1638 715 augmentum
1671 644 1849 699 saciat
1887 642 2217 699 secundum
2260 642 2521 714 aliquam
2566 642 2879 701 dimensio-

455 730 619 775 nem.
652 712 952 785 oportebit
980 726 1126 786 ergo
1156 713 1353 771 dicere
1382 713 1543 784 quod
1571 727 1791 783 corpus
1812 712 2078 771 hominis
2093 714 2467 785 resurgentis
2495 714 2559 770 in
2592 711 2877 768 intinitun

457 791 782 860 augeatur3
814 783 974 856 quod
1001 797 1137 841 esse
1165 797 1288 841 non
1316 787 1534 856 potest,
1563 784 1703 855 quia
1751 790 2137 854 augmentum
2181 788 2276 840 est
2318 791 2520 841 motus
2564 782 2880 845 naturalis:

445 858 714 916 “intentio
743 862 941 912 autem
969 854 1205 911 virtutis
1237 855 1528 912 naturalis
1546 856 1842 912 moventis
1870 867 2177 926 nunquam
2196 859 2290 911 est
2326 855 2400 912 ad
2430 853 2759 919 infinitum,
2786 853 2880 911 aad

460 940 700 997 semper
718 932 810 983 est
840 926 913 983 ad
945 924 1165 997 aliquid
1190 931 1448 993 certum3
1471 925 1631 997 quia,
1650 931 1716 982 ut
1752 925 1968 982 dicitur
1999 926 2062 981 in
2096 925 2363 982 secundo
2391 927 2473 981 De
2502 925 2692 979 annua
2730 922 2880 995 (teat.

458 1011 616 1057 com.
646 996 759 1068 41),
789 999 1027 1052 omninum
1053 1000 1260 1052 notura
1292 998 1657 1052 constantiam
1685 998 1944 1051 terminus
1965 1000 2045 1050 est
2072 996 2475 1064 maqnitmh’itis
2500 998 2554 1049 et
2592 997 2883 1063 auqmemi.

460 1068 523 1127 Si
552 1074 749 1126 autem
778 1081 896 1124 nou
922 1079 1158 1137 semper
1185 1066 1319 1124 cibo
1350 1071 1548 1123 utetur
1576 1067 1756 1123 homo
1802 1079 2145 1139 resurgenS,
2177 1079 2411 1137 semper
2454 1070 2655 1122 autem
2700 1065 2885 1131 viret,

462 1139 577 1196 erit
601 1137 846 1209 aliquod
876 1143 1111 1207 tempus
1162 1136 1301 1193 dare
1339 1138 1402 1193 in
1434 1150 1555 1209 quo
1585 1137 1720 1193 cibo
1752 1150 1871 1193 non
1903 1142 2102 1193 utetur
2129 1153 2143 1192 :
2177 1151 2361 1208 quare
2389 1137 2499 1193 boc
2528 1150 2565 1190 a
2592 1135 2887 1205 principio

464 1208 804 1267 faciendum
830 1212 939 1265 est.
967 1209 1096 1263 Non
1126 1206 1307 1279 igitur
1334 1207 1517 1265 homo
1548 1220 1871 1279 resuugens
1898 1207 2033 1264 cibo
2058 1210 2273 1265 utetur.
2306 1208 2363 1265 Si
2393 1212 2591 1262 autem
2622 1218 2749 1262 non
2769 1209 2886 1262 ute-

459 1282 559 1337 tur
585 1279 739 1342 cibo,
775 1277 1043 1352 sequitur
1071 1277 1231 1358 quod
1262 1292 1456 1349 neque
1484 1291 1873 1335 venei-eorum
1894 1290 2070 1335 usum
2102 1276 2359 1335 habebit.
2381 1276 2454 1333 ad
2483 1289 2665 1348 quem
2699 1276 2886 1347 requi-

460 1350 615 1408 ritur
638 1348 867 1406 decisio
903 1348 1169 1407 seminis.
1223 1353 1270 1405 A
1317 1361 1570 1430 corpore
1617 1352 1811 1405 autem
1839 1349 2233 1428 ‘resurgentis
2280 1359 2501 1427 semen·
2531 1346 2731 1403 decidi
2772 1358 2888 1425 nou

462 1421 682 1492 poterit
711 1433 902 1491 neque
933 1433 1003 1475 ex
1033 1418 1371 1477 substantia
1397 1432 1563 1490 eJus3
1595 1425 1717 1476 tum
1751 1434 1890 1492 quia
1911 1419 2027 1476 hoc
2052 1424 2143 1476 est
2158 1422 2365 1476 contra
2392 1421 2693 1474 rationem
2714 1429 2889 1474 semi-

461 1491 582 1559 niS‚
614 1494 776 1547 esset
801 1490 962 1546 enim
992 1502 1199 1546 semen
1227 1489 1291 1545 in
1321 1490 1645 1559 corrumpi,
1677 1496 1735 1546 et
1763 1504 1799 1547 a
1826 1495 2039 1547 natura
2063 1489 2365 1552 recedens.
2399 1494 2457 1544 et
2486 1488 2578 1544 sic
2608 1500 2735 1544 non
2760 1500 2888 1558 pos·

465 1566 561 1620 set
583 1574 719 1618 esse
750 1559 1042 1617 naturalis
1071 1559 1330 1618 actionis
1349 1560 1728 1632 principium,
1757 1566 1819 1617 ut
1845 1565 2005 1631 patet
2044 1573 2151 1630 per
2176 1558 2609 1630 Philosophum
2648 1558 2714 1614 in
2740 1557 2889 1614 libro

462 1635 544 1690 De
562 1633 902 1701 {immitium
930 1632 1250 1686 animatam
1279 1630 1341 1701 (i,
1371 1644 1501 1702 cap.
1533 1630 1621 1702 18)
1646 1648 1663 1697 3
1692 1636 1816 1687 tuin
1845 1631 2021 1687 etiam
2051 1630 2193 1703 quia
2220 1646 2251 1687 a
2281 1629 2625 1687 substantia
2651 1628 2889 1686 illorum

464 1716 783 1774 corporum
815 1701 1355 1772 incorruptibilium
1400 1701 1783 1758 existentium
1834 1700 1985 1758 nihil
2018 1701 2232 1758 resolvi
2254 1701 2517 1772 poterit;
2560 1711 2674 1756 nec
2716 1698 2888 1756 etiarn

464 1787 670 1831 semen
703 1786 838 1831 esse
864 1771 1080 1843 poterit
1114 1771 1483 1843 superfluum
1512 1772 1798 1839 alimenti,
1830 1771 1882 1829 si
1922 1775 2303 1844 resurgentes
2348 1769 2501 1827 cibis
2547 1782 2677 1826 non
2719 1773 2888 1826 utun-

463 1847 563 1900 tur
587 1885 602 1911 ,
657 1847 719 1899 ut
774 1846 1088 1900 ostensum
1139 1848 1252 1900 est.
1305 1845 1434 1899 Non
1491 1842 1675 1914 igitur
1725 1843 1787 1898 in
1840 1841 2291 1914 resurgentibus
2344 1841 2458 1898 erit
2500 1852 2886 1897 venei-eorum

531 1985 683 2046 Item,
706 1995 1094 2039 venei-eorum
1122 1996 1273 2040 usus
1302 1982 1374 2039 ad
1405 1982 1853 2055 generationem
1880 1981 2212 2039 ordinatur.
2235 1982 2295 2039 Si
2324 1982 2508 2054 igitur
2532 1986 2677 2053 post
2704 1994 2892 2039 resur-

459 2054 789 2111 rectionem
833 2054 947 2108 erit
991 2066 1378 2110 venereorum
1427 2067 1598 2120 usus,
1649 2052 1766 2109 nisi
1812 2052 1893 2108 sit
1935 2052 2173 2121 frustra,
2223 2053 2492 2125 sequitur
2537 2052 2703 2133 quod
2750 2058 2886 2109 tuno

461 2122 641 2181 etiam
672 2122 782 2178 erit
809 2121 1120 2178 hominum
1148 2122 1473 2194 generatio,
1504 2123 1662 2179 sicut
1690 2129 1746 2179 et
1776 2136 1956 2179 nunc.
1988 2123 2153 2179 Multi
2194 2123 2381 2194 igitur
2416 2123 2698 2180 homines
2728 2126 2890 2180 erunt

464 2199 605 2265 post
635 2192 1132 2250 resurrectionem
1161 2192 1262 2263 qui
1292 2198 1430 2249 ante
1457 2192 1957 2249 resurrectionem
1997 2206 2118 2250 non
2148 2193 2407 2251 fuerunt.
2440 2196 2687 2250 Frustra
2713 2192 2889 2264 igitur

459 2269 692 2320 tantum
724 2260 993 2319 differtur
1018 2262 1376 2320 resurrectio
1402 2268 1796 2332 mortuorum,
1827 2268 1895 2319 ut
1917 2275 2133 2321 omnes
2157 2263 2337 2322 simul
2372 2263 2551 2320 vitam
2598 2264 2889 2335 accipiant

462 2333 563 2406 qui
597 2333 866 2389 eamdem
895 2331 1116 2389 habent
1142 2339 1434 2390 naturam.

531 2403 804 2474 Amplius,
838 2401 888 2458 si
919 2406 1057 2472 post
1084 2405 1582 2461 resurrectionem
1613 2403 1725 2460 erit
1744 2403 2057 2461 hominum
2100 2402 2429 2476 generatio,
2460 2410 2566 2462 aut
2593 2403 2783 2476 igitur
2806 2401 2889 2461 illi

462 2474 566 2548 qui
611 2471 1055 2546 generabuntur
1101 2473 1312 2531 iteruin
1366 2479 1823 2545 corrumpentur
1845 2517 1865 2544 ,
1913 2480 2015 2534 aut
2073 2474 2559 2545 incorruptibiles
2607 2479 2789 2533 erunt
2839 2479 2894 2532 et

462 2545 854 2603 immortales.
883 2544 941 2600 Si
969 2550 1163 2600 autem
1192 2551 1365 2602 erunt
1393 2545 1877 2614 incorruptibiles
1928 2551 1984 2601 et
2024 2546 2415 2616 immortales,
2448 2546 2638 2603 multa
2686 2546 2890 2604 incon-

461 2616 766 2672 venientia
827 2620 1182 2686 sequuntur.
1219 2615 1418 2673 Primo
1480 2616 1716 2688 quidem
1812 2617 1929 2678 uia,
1962 2616 2259 2687 oportebit
2306 2629 2529 2688 ponere
2589 2616 2757 2696 quod
2810 2615 2892 2673 illi

461 2684 740 2743 homines
770 2683 900 2742 sine
928 2692 1170 2755 peccato
1201 2691 1526 2742 nascantur
1554 2686 1789 2811 oriffina
1817 2687 1854 2748 i,
1889 2700 2072 2757 quum
2104 2686 2435 2744 necessitas
2474 2687 2782 2744 moriendi
2822 2687 2893 2743 sit

465 2769 646 2828 poena
673 2768 1053 2825 consequens
1082 2761 1391 2825 peccatum
1422 2756 1656 2829 origina
1683 2770 1714 2811 e
1739 2774 1753 2824 ;
1785 2757 1941 2827 quod
1967 2763 2060 2814 est
2086 2757 2662 2828 contraApostolum
2694 2757 2893 2814 dicen-

461 2832 604 2894 tem,
635 2827 827 2888 Rom„
861 2838 922 2893 v,
954 2829 1037 2893 12,
1061 2825 1220 2895 quod
1246 2841 1345 2896 per
1371 2842 1542 2882 unum
1567 2827 1832 2881 hominem
1854 2831 2133 2897 peccatum
2174 2830 2238 2884 in
2276 2843 2457 2883 onmes
2500 2828 2749 2883 homines
2780 2843 2894 2899 per·

462 2898 707 2958 transiit,
735 2901 786 2950 et
805 2911 910 2965 per
929 2900 1210 2964 peccatum
1237 2912 1400 2952 mors.
1431 2897 1651 2954 Deinde
1683 2897 1953 2968 sequitur
1981 2898 2140 2970 quod
2170 2912 2291 2956 non
2326 2911 2542 2957 omnes
2584 2898 2893 2972 indigeant

461 2966 891 3046 redemptione,
918 2979 1050 3046 quae
1079 2972 1172 3023 est
1199 2981 1235 3024 a
1263 2967 1518 3036 Christ0,
1550 2967 1603 3024 si
1631 2968 1815 3047 aliqui
1860 2967 1990 3025 sine
2019 2975 2263 3039 peccato
2292 2968 2571 3051 originali
2598 2974 2660 3026 et
2687 2983 2890 3027 neces-

465 3038 637 3094 sitate
666 3033 961 3093 moriendi
989 3043 1350 3106 nascantur;
1386 3037 1559 3095 etsie
1606 3037 1877 3096 Christus
1925 3051 2047 3096 non
2093 3040 2205 3096 erit
2255 3051 2525 3097 omnium
2578 3039 2891 3097 bominum

459 3111 676 3178 caput;
708 3105 869 3177 quod
897 3109 990 3164 est
1017 3113 1226 3165 contra
1254 3109 1609 3165 sententiam
1641 3109 1908 3178 Apostoli
1939 3108 2261 3179 dicentis,l
2292 3112 2446 3176 Cor.,
2478 3122 2584 3178 xv,
2613 3114 2708 3173 22,
2735 3110 2891 3183 quod

455 3180 599 3232 sicut
624 3179 686 3233 in
710 3177 896 3232 Adam
922 3192 1101 3233 omnes
1126 3181 1453 3248 moriuntur,
1484 3181 1566 3234 ita
1593 3184 1644 3234 et
1672 3182 1732 3234 in
1765 3180 1979 3236 Christo
2005 3195 2182 3236 omnes
2203 3181 2649 3252 vivificabuntur.
2685 3181 2890 3253 Sequi·

457 3252 557 3304 tur
585 3248 760 3305 etiam
791 3253 848 3303 et
877 3246 1038 3304 aliud
1065 3247 1516 3316 inconveniens,
1549 3255 1614 3305 ut
1639 3263 1892 3322 quorum
1920 3255 2013 3308 est
2041 3250 2261 3309 similis
2290 3252 2624 3325 generatiO,
2659 3265 2788 3309 non
2814 3251 2889 3309 sit

457 3317 676 3377 similis
699 3317 1124 3399 generationis·
1136 3318 1449 3377 terminus.
1478 3321 1763 3377 Homines
1795 3321 1956 3376 enim
2004 3335 2111 3392 per
2132 3322 2602 3394 generationem,
2635 3336 2779 3395 quae
2802 3326 2887 3380 est

457 3402 531 3446 ex
560 3402 811 3457 semine,
838 3401 997 3446 nunc
1024 3388 1262 3461 quidem
1302 3397 1756 3463 consequuntur
1794 3392 2240 3461 corruptibilem
2285 3393 2484 3460 vitam,
2516 3400 2665 3450 tunc
2693 3399 2883 3451 autem

454 3458 876 3516 immortalem.
907 3459 967 3515 Si
981 3465 1191 3538 ‘autem
1221 3460 1500 3517 homines
1528 3461 1630 3533 qui
1657 3465 1802 3519 tunc
1844 3468 2184 3532 nascentur,
2231 3463 2659 3534 corruptibiles
2697 3469 2880 3532 erunt,

456 3536 514 3586 et
542 3530 909 3598 morientur;
941 3542 993 3587 si
1019 3529 1231 3588 iterato
1260 3544 1383 3588 non
1413 3537 1754 3604 resurgunt,
1782 3539 2067 3605 sequetur
2094 3532 2253 3606 quod
2274 3548 2483 3592 eorum
2513 3534 2735 3592 animae
2758 3547 2880 3607 per-

452 3599 1109 3680 petuo-remanebunta
1139 3601 1488 3672 corporibus
1534 3609 1821 3672 separatae
1859 3620 1873 3659 ε
1924 3602 2086 3676 quod
2133 3609 2225 3662 est
2267 3604 2728 3675 inconvenieus,
2753 3618 2881 3663 cum

453 3677 577 3727 sint
606 3670 873 3741 eiusdem
894 3670 1115 3742 speciei
1159 3686 1297 3730 cum
1326 3672 1645 3731 animabus
1677 3674 1986 3730 bominum
2013 3676 2479 3747 resurgentium.
2510 3675 2572 3731 Si
2598 3683 2803 3734 autem
2828 3681 2880 3732 et

451 3739 568 3812 ipsi
603 3746 954 3822 resurgunt,
1003 3740 1209 3799 debuit
1245 3756 1451 3800 eorum
1500 3746 1859 3800 resurrectio
1902 3744 1979 3801 ab
2022 3744 2159 3804 aliis
2205 3746 2558 3818 exspectari,
2591 3750 2659 3803 ut
2707 3745 2878 3803 simul

449 3812 734 3869 omnibus
763 3826 864 3883 qui
891 3825 1076 3880 unam
1115 3818 1385 3872 naturam
1436 3814 1790 3884 participant
1821 3813 2180 3874 beneficium
2226 3816 2570 3875 conferatur
2620 3829 2877 3875 resurre-

450 3881 657 3952 tionis,
693 3881 852 3954 quod
883 3881 956 3938 ad
989 3885 1216 3941 naturae
1240 3885 1671 3956 reparationem
1707 3887 1980 3956 pertinet,
2010 3892 2075 3943 ut
2101 3901 2174 3944 ex
2198 3887 2374 3945 dictis
2406 3887 2560 3958 (cap.
2588 3888 2680 3958 81)
2704 3891 2871 3958 patet.

449 3950 518 4006 Et
543 3958 827 4022 piaeteiea
856 3953 1239 4034 non-videtur
1274 3968 1414 4013 esse
1457 3954 1660 4028 aliqua
1705 3956 1855 4014 ratio
1896 3970 2079 4030 quare
2123 3957 2310 4032 aliqui
2358 3961 2783 4030 exspectentur
2808 3956 2872 4016 ad

447 4033 621 4078 resur
665 4024 906 4093 endum,
938 4036 991 4080 si
1020 4037 1142 4081 non
1172 4035 1385 4084 omnes
1414 4033 1852 4097 exspectantur.

516 4093 611 4170 ᾼα
648 4109 734 4163 ue,
768 4095 820 4151 si
850 4093 1128 4152 homines
1155 4103 1541 4171 resurgentes
1572 4099 1845 4156 venereis
1872 4103 2113 4158 utentur
2136 4105 2197 4158 et
2226 4099 2621 4174 generabunt,
2642 4106 2751 4159 aut
2768 4100 2872 4158 hoo

445 4166 556 4216 erit
581 4175 816 4246 semper
842 4170 1082 4246 autnon
1099 4178 1353 4240 semper.
1386 4170 1444 4225 Si
1468 4181 1723 4240 semper,
1748 4177 2033 4242 sequetur
2050 4171 2210 4244 quod
2231 4171 2659 4242 multiplicatio
2686 4171 2869 4229 homi·

442 4242 589 4288 num
617 4241 729 4289 erit
752 4248 813 4291 in
845 4234 1164 4317 infinitum.
1194 4240 1454 4297 Intentio
1482 4247 1681 4298 autem
1715 4248 1939 4298 naturae
1967 4242 2311 4315 generantis
2333 4247 2471 4312 post
2492 4242 2867 4300 resurrectio-

442 4313 578 4360 nem
613 4315 732 4360 non
763 4310 977 4388 poterit
1006 4316 1142 4376 esse
1170 4308 1244 4366 ad
1285 4311 1468 4368 alium
1512 4310 1689 4368 linem
1735 4327 1911 4384 quam
1967 4313 2040 4371 ad
2081 4312 2866 4384 multiplicationembomi-

439 4384 623 4456 numj
658 4386 778 4454 uon
808 4389 963 4433 enim
995 4378 1202 4460 erit-ad
1229 4383 1742 4440 conservationem
1774 4383 1995 4454 speciei
2034 4398 2143 4465 per
2186 4384 2658 4456 generationem,
2692 4395 2862 4457 quum

438 4438 713 4503 homines
737 4448 1265 4519 incorruptibiliter
1288 4452 1409 4510 sint
1435 4453 1666 4511 victuri.
1686 4455 1960 4528 Sequitur
1979 4454 2163 4528 igitur
2177 4453 2338 4529 quod
2364 4454 2627 4513 intentio
2646 4459 2863 4514 natum

2938 4897 3020 4997 il
