3076 5025
376 285 481 339 370
1212 275 1348 331 LIB.
1385 275 1484 344 111,
1525 274 1678 330 CAP.
1719 273 1977 330 LXXXIV.

387 402 624 461 nullum
672 413 893 473 corpus
936 413 1045 471 per
1087 398 1341 456 formam
1384 409 1554 453 suam
1599 408 1948 466 corpoream
1991 393 2324 464 intelligere
2368 397 2584 465 potest.
2632 393 2816 452 Multa

385 475 403 532 i
449 474 577 554 itur
616 471 821 529 minus
865 473 1065 542 potest
1117 467 1540 541 quodcumque
1583 479 1804 538 corpus
1839 479 2091 525 causare
2133 465 2333 539 ipsum
2377 464 2715 537 intelligere
2749 465 2817 523 in

379 559 415 603 a
446 558 527 602 io.

455 616 607 676 lemn,
640 609 974 670 secundum
1001 607 1154 667 illud
1178 623 1299 682 quo
1343 606 1571 680 aliquid
1600 606 1808 665 unitur
1830 620 1902 665 su
1947 604 2243 665 erioribus
2297 618 2418 664 non
2446 609 2540 663 est
2565 604 2817 663 inferio·

384 683 556 742 ribus
583 681 918 762 subjectum
939 698 953 710 ·
986 679 1189 737 anima
1216 684 1416 737 autem
1464 681 1675 735 nostra
1713 691 1900 736 secun
1947 690 2046 735 um
2075 676 2236 750 quod
2275 674 2578 748 intelligit,
2608 676 2820 757 unitur

384 751 744 812 substantiis
790 722 1320 819 intellectualibuS,
1350 762 1482 822 quae
1514 755 1658 806 sunt
1686 748 2029 829 superiores
2052 747 2264 828 ordine
2287 751 2515 828 naturae
2545 759 2814 817 corpori·

376 823 496 882 bus
525 820 896 882 coelestibus.
918 821 1052 878 Non
1081 820 1241 879 enim
1270 825 1468 892 potest
1495 819 1700 876 anima
1726 823 1935 877 nostra
1961 818 2296 890 intelligere
2322 830 2445 875 nisi
2474 816 2811 875 secundum

380 892 546 967 quod
572 892 775 950 lumen
821 889 1226 952 intellectuale
1254 890 1394 949 inde
1447 889 1715 949 sortitur.
1740 889 2116 961 Impossibile
2139 893 2231 946 est
2258 900 2404 961 ergo
2450 884 2613 961 quod
2641 886 2815 944 intel-

380 962 662 1022 lectualis
687 960 956 1033 operatio
982 960 1203 1019 directe
1231 960 1497 1021 motibus
1524 959 1874 1018 coelestibus
1903 959 2212 1018 subdatur.
2763 1025 2778 1037 .

449 1035 740 1097 Praeterea,
772 1031 916 1089 huic
977 1031 1063 1088 rei
1112 1030 1291 1089 tidem
1342 1031 1521 1088 faciet
1559 1031 1611 1088 si
1673 1029 2126 1088 consideremus
2167 1042 2304 1102 quae
2351 1042 2390 1086 a
2431 1026 2817 1108 philosophis

378 1104 542 1162 circa
575 1103 693 1161 hoc
722 1106 866 1160 sunt
893 1100 1070 1159 dicta.
1100 1101 1342 1175 Antiqui
1373 1101 1531 1158 enim
1580 1100 1925 1181 philosophi
1950 1099 2276 1168 naturales,
2309 1103 2390 1179 ut-
2414 1100 2815 1166 DemocrituS,

377 1172 766 1245 Empedocles
797 1176 857 1229 et
886 1170 1257 1242 hujusmodi,
1279 1177 1613 1244 posuerunt
1632 1170 1792 1243 quod
1819 1170 2158 1229 intellectus
2188 1182 2311 1228 non
2333 1166 2581 1227 differta
2602 1181 2813 1238 sensu,

376 1249 447 1302 ut
463 1248 625 1316 patet
643 1243 709 1302 in
727 1248 940 1316 quarto
960 1244 1198 1313 Metapa.
1217 1243 1380 1314 (text.
1394 1256 1612 1299 comm.
1636 1241 1752 1322 2¹),
1780 1245 1837 1299 et
1856 1242 1921 1299 in
1936 1241 2112 1298 tertio
2129 1241 2208 1298 De
2230 1242 2436 1303 anima,
2465 1242 2525 1296 et
2551 1237 2690 1296 ideo
2720 1250 2815 1295 se·

377 1313 674 1387 quebatur
697 1312 857 1386 quod
887 1312 1229 1371 intellectus
1256 1313 1335 1370 sit
1362 1311 1636 1385 quaedam
1661 1318 1853 1370 virtus
1882 1325 2172 1384 corporea
2197 1322 2459 1383 sequens
2486 1322 2814 1380 corporum

375 1383 972 1443 transmutationem:
997 1383 1157 1455 quod
1181 1383 1267 1441 ita
1294 1396 1428 1441 esse
1462 1384 1642 1440 etiam
1671 1381 1744 1440 de
1771 1382 2076 1440 intellectu
2102 1383 2341 1453 propter
2367 1379 2485 1438 hoc
2511 1378 2813 1461 dixerunt,

379 1455 565 1527 quod,
595 1468 733 1512 cum
760 1453 1181 1511 transmutatio
1202 1453 1556 1511 inferiorum
1584 1465 1903 1525 corporum
1933 1456 2217 1526 sequatur
2240 1455 2809 1508 transmutationem

377 1538 699 1596 corporum
728 1523 1127 1596 superiorum,
1154 1523 1585 1581 intellectualis
1627 1523 1893 1596 operatio
1944 1527 2228 1596 sequetur
2254 1533 2570 1592 corporum
2597 1519 2810 1601 coeles·

374 1595 526 1654 tium
579 1601 803 1662 motus,
834 1593 1166 1652 secundum
1221 1593 1371 1651 illud
1417 1593 1702 1651 Homeri:
1737 1614 1767 1645 «
1793 1593 1951 1651 Talis
1997 1598 2090 1652 est
2132 1591 2473 1651 intellectus
2515 1590 2581 1649 in
2609 1590 2729 1649 diis
2757 1593 2821 1649 et

381 1665 734 1723 bominibus
751 1664 1028 1734 terreniS,
1055 1663 1288 1737 qualem
1321 1665 1385 1720 iu
1407 1664 1567 1722 diem
1594 1663 1826 1721 inducit
1869 1668 2035 1735 pater
2068 1663 2331 1721 virorum
2359 1660 2730 1733 deorumque
2756 1681 2812 1741 ³3,

376 1734 610 1792 scilicet
655 1734 771 1803 sol,
805 1733 899 1791 vel
940 1735 1137 1807 magis
1176 1734 1423 1806 Jupiter,
1455 1748 1634 1807 quem
1674 1733 1953 1793 dicebant
1998 1746 2302 1794 summum
2343 1733 2554 1802 Deum,
2590 1730 2811 1789 intelli·

383 1810 596 1946 &egnes
651 1817 758 1875 per
809 1805 1009 1946 ifflum
1055 1808 1247 1863 totum
1287 1804 1529 1874 coelum,
1578 1810 1646 1863 ut
1670 1809 1833 1877 patet
1875 1818 1982 1876 per
2020 1802 2442 1877 Augustinum,
2469 1804 2551 1859 De
2573 1803 2681 1858 civ.
2716 1803 2821 1856 Det

430 1890 446 1931 i
499 1918 512 1931 .
543 1886 610 1931 rv
661 1887 731 1931 ca
777 1915 791 1930 .
918 1915 933 1931 .

451 1888 808 2001 Hinc’etialin
849 1943 1146 2015 processit
1202 1944 1529 2002 stoicorum
1584 1944 1813 2015 opinio,
1845 1944 1946 2017 qui
1976 1943 2256 2003 dicebant
2290 1941 2701 2016 cognitionem
2726 1941 2818 2000 in·

375 2013 654 2071 tellectus
701 2014 939 2072 causari
965 2027 1038 2070 ex
1068 2013 1204 2083 hoc,
1236 2014 1398 2087 quod
1445 2014 1742 2086 imagines
1772 2027 2090 2086 corporum
2117 2013 2344 2073 nostris
2371 2012 2675 2071 mentibus
2700 2012 2817 2070 im-

377 2083 737 2155 primuntur,
769 2082 928 2141 sicut
955 2083 1268 2155 speculum
1357 2084 1640 2154 uoddam‚
1668 2084 1762 2143 vel
1794 2085 1950 2143 sicut
1973 2085 2195 2158 pagina
2217 2084 2427 2156 recipit
2445 2083 2677 2142 litteras
2702 2082 2815 2140 im-

375 2167 620 2225 pressas
662 2153 888 2225 absque
938 2152 1055 2210 hoc
1089 2153 1249 2226 quod
1293 2100 1520 2225 aqiquid
1572 2160 1729 2226 agat,
1756 2160 1825 2212 ut
1871 2156 2127 2234 Boetius·
2163 2159 2366 2212 narrat
2399 2154 2463 2211 in
2493 2154 2706 2227 quinto
2736 2155 2816 2209 De

378 2239 525 2280 cons.
553 2224 738 2295 (pros.
766 2227 820 2293 4,
847 2227 905 2280 et
924 2227 1066 2280 met.
1095 2223 1150 2295 4)
1176 2241 1191 2293 ;
1221 2223 1552 2281 secundum
1589 2237 1845 2297 quorum
1872 2229 2231 2282 sententiam
2258 2221 2618 2296 sequebatur
2654 2221 2816 2295 quod

376 2294 638 2351 maxime
682 2307 758 2351 ex
817 2292 1216 2364 impressione
1278 2307 1601 2365 corporum
1654 2294 1991 2352 coelestium
2029 2292 2465 2351 intellectuales
2532 2293 2815 2351 notiones

379 2362 561 2421 nobis
603 2363 685 2420 im
731 2363 1107 2421 rimarentur.
1144 2362 1304 2421 Unde
1349 2370 1405 2421 et
1454 2365 1631 2423 stoici
1682 2364 1922 2423 fuerunt
1967 2364 2071 2438 qui
2117 2364 2415 2436 praecipue
2453 2364 2815 2422 necessitate

377 2433 639 2508 quadam
695 2433 831 2490 atali
864 2433 1179 2491 hominum
1211 2435 1391 2491 vitam
1424 2433 1561 2493 duci
1593 2440 1943 2506 posuerunt.

450 2503 564 2562 Sed
594 2503 721 2563 haec
751 2504 973 2576 positio
1019 2504 1158 2562 inde
1189 2503 1342 2564 falsa
1370 2512 1632 2577 apparet,
1662 2511 1727 2565 ut
1755 2504 1998 2564 Boetius
2026 2503 2249 2563 ibidem
2277 2503 2442 2575 dicit,
2468 2502 2614 2579 quia
2641 2502 2817 2562 intel·

377 2574 570 2632 lectus
599 2576 904 2646 componit
932 2582 990 2632 et
1020 2574 1248 2641 dividit,
1280 2581 1337 2632 et
1366 2582 1671 2647 comparat
1717 2589 1996 2649 suprema
2033 2574 2108 2633 ad
2136 2574 2364 2644 intima,
2392 2579 2453 2633 et
2496 2574 2818 2646 cognoscit

376 2644 764 2715 universalia,
790 2650 849 2702 et
887 2645 1192 2717 simplices
1210 2647 1454 2715 formas,
1485 2661 1618 2719 quae
1644 2647 1710 2705 in
1751 2645 2104 2719 corporibus
2139 2660 2263 2705 non
2301 2645 2726 2714 inveniuntur;
2756 2649 2818 2704 et

381 2716 471 2773 sic
500 2714 885 2774 manifestum
916 2722 1007 2772 est
1098 2716 1215 2773 uod
1246 2716 1584 2776 intellectus
1614 2731 1736 2777 non
1765 2723 1858 2775 est
1886 2717 2043 2777 sicut
2070 2716 2366 2789 recipiens
2397 2721 2629 2773 tantum
2661 2716 2807 2774 ima·

380 2786 556 2857 gines
585 2798 925 2865 corporum,
956 2732 1267 2865 sedqbabet
1294 2787 1576 2868 ‚aliquam
1606 2788 1880 2845 virtutem
1927 2786 2279 2867 corporibus
2323 2785 2621 2867 altiorem.
2658 2788 2809 2845 Nam

381 2860 904 2982 sestls¹13{³1101'10¹'2
929 2870 1032 2928 qui
1059 2856 1256 2914 solum
1290 2870 1587 2930 imagines
1603 2871 1919 2930 corporum
1941 2862 2171 2930 recipit,
2193 2857 2268 2916 ad
2287 2855 2572 2929 praedicta
2598 2870 2667 2914 se
2688 2868 2814 2917 non

385 2939 459 2982 ex
486 2939 562 2983 en
606 2940 623 2981 1
658 2968 671 2982 .

454 2997 674 3052 Omnes
705 3001 902 3052 autem
937 3001 1257 3076 sequentes
1301 2997 1541 3067 philoso
1585 2998 1669 3068 hi,
1698 2996 2068 3065 intellectum
2095 3013 2134 3056 a
2159 3011 2347 3057 seusu
2376 2996 2812 3066 discernentcS,

379 3077 626 3144 causam
657 3069 878 3123 nostrie
907 3066 1174 3123 scientiae
1214 3079 1336 3123 non
1365 3067 1551 3141 aliqui
1598 3082 1669 3126 us
1695 3069 2071 3140 corporibus,
2102 3068 2209 3126 sed
2237 3068 2419 3126 rebus
2444 3067 2814 3128 immateria-

381 3133 545 3194 libus
595 3134 945 3205 attribuunt,
976 3136 1155 3216 sicut·
1180 3136 1344 3194 Plato
1392 3139 1598 3209 posuit
1628 3139 1712 3211 (in
1758 3140 2054 3210 Pax-men„
2086 3139 2234 3198 Tim.
2265 3143 2325 3197 et
2365 3150 2432 3197 vi
2467 3139 2551 3195 De
2582 3135 2816 3211 repub.)

384 3218 631 3264 causam
678 3210 899 3264 nostrae
946 3210 1211 3264 scientiae
1255 3220 1389 3265 esse
1437 3208 1634 3278 ideas,
1685 3208 2035 3268 Aristoteles
2071 3213 2270 3267 autem
2319 3206 2427 3280 (De
2470 3206 2694 3278 anima,
2722 3220 2814 3278 111,

379 3280 522 3332 text.
556 3287 775 3334 comm.
812 3276 899 3348 17)
930 3275 1299 3334 intellectum
1329 3284 1626 3350 agentem.

456 3348 538 3401 Ex
569 3344 666 3403 his
695 3346 977 3404 omnibus
1006 3352 1097 3403 est
1142 3348 1432 3418 accipere,
1467 3348 1628 3422 quod
1670 3363 1892 3421 ponere
1934 3361 2187 3421 corpora
2211 3347 2482 3407 coelestia
2507 3360 2645 3407 esse
2672 3362 2815 3407 cau·

379 3427 511 3496 sam
544 3415 721 3474 nobis
768 3415 1143 3488 intelligendi
1190 3424 1283 3476 est
1324 3432 1703 3492 consequens
1747 3420 2092 3491 opinionem
2136 3432 2344 3478 eorum
2380 3418 2485 3491 qui
2511 3419 2821 3491 ponebant

380 3484 753 3544 intellectum
782 3500 819 3543 a
857 3499 1044 3545 sensu
1075 3498 1197 3544 non
1247 3487 1489 3559 distare,
1524 3495 1590 3547 ut
1616 3495 1777 3563 patet
1804 3490 1982 3548 etiam
2029 3502 2136 3561 per
2159 3488 2537 3548 Aristotelem
2567 3488 2633 3547 in
2661 3488 2814 3549 libro

378 3558 460 3612 De
488 3558 697 3636 anima.
730 3557 890 3614 Hanc
945 3563 1144 3614 autem
1201 3558 1548 3630 opinionem
1599 3559 1985 3619 manifestum
2043 3563 2137 3618 est
2182 3573 2318 3618 esse
2362 3559 2599 3618 salsam.
2630 3560 2817 3633 Igitur

378 3626 770 3708 manifestum
800 3631 893 3684 est
918 3640 1049 3685 eam
1092 3640 1225 3686 esse
1275 3628 1511 3699 falsam,
1543 3643 1676 3702 quae
1701 3631 1872 3701 ponit
1899 3643 2151 3703 corpora
2176 3629 2448 3689 coelestia
2474 3642 2613 3689 esse
2634 3629 2815 3689 nobis

384 3708 607 3755 causas
639 3696 1013 3770 intelligendi
1039 3697 1281 3756 directe.

455 3767 606 3847 ilinc
635 3772 729 3825 est
753 3766 931 3847 etium
960 3768 1120 3841 quod
1151 3782 1325 3827 sacra
1350 3770 1654 3841 Scriptura
1675 3784 1920 3830 causam
1948 3776 2170 3832 nostrae
2218 3770 2631 3845 intelligentiae
2656 3771 2818 3830 attri-

377 3828 513 3893 buit
545 3850 671 3895 non
700 3836 882 3895 alicui
913 3838 1168 3910 corpori,
1200 3838 1306 3897 sed
1336 3841 1477 3909 Deo,
1506 3839 1638 3909 lob,
1668 3852 1861 3913 xxxv,
1894 3846 1982 3912 10,
2012 3847 2072 3900 tt
2108 3859 2124 3900 ι
2151 3842 2257 3899 Ubi
2279 3846 2360 3900 est
2382 3844 2527 3901 Deus
2552 3843 2654 3914 qui
2683 3843 2818 3910 tecit

378 3921 484 3971 me,
517 3910 617 3976 qui
639 3907 792 3963 dedit
833 3912 1079 3965 carmina
1104 3911 1166 3964 in
1212 3912 1409 3965 nocte?
1430 3913 1530 3983 qui
1569 3911 1719 3968 docet
1742 3928 1840 3969 nos
1884 3912 2315 3984 super-,iumenta
2358 3916 2536 3983 ιρι-νε,
2564 3916 2618 3968 et
2652 3926 2820 3984 super

378 3976 627 4035 volucres
651 3979 771 4034 coeli
798 3979 984 4035 erudit
1002 3993 1100 4036 nos
1121 3982 1151 4034 ?
1174 3985 1231 4036 et
1257 3980 1321 4036 in
1353 3983 1451 4038 ΡΒ.
1479 3993 1646 4051 xcm,
1679 3986 1747 4041 10
1774 4002 1789 4040 ε
1824 3983 1931 4050 Qui
1947 3983 2099 4039 docet
2115 3983 2382 4039 hominem
2406 3985 2710 4040 scientiam.

459 4046 783 4106 Sciendum
813 4055 906 4107 est
931 4055 1129 4107 tamen
1149 4049 1336 4131 quod,
1376 4050 1515 4109 licet
1557 4065 1662 4110 cor
1703 4066 1809 4112 ora
1832 4052 2099 4111 c-oelestia
2138 4052 2361 4111 directe
2400 4051 2818 4133 intelligentiae

384 4120 610 4195 nostrie
639 4132 826 4179 causa
852 4133 989 4179 esse
1019 4132 1144 4178 non
1172 4126 1429 4193 possint,
1453 4121 1639 4195 aliqui
1699 4128 1898 4181 tamen
1917 4122 1992 4181 ad
2019 4122 2136 4181 lioc
2160 4128 2485 4195 operantur
2501 4121 2813 4183 indirecte.

385 4185 551 4266 Licet
577 4189 739 4247 enim
790 4190 1131 4272 intellectus
1161 4204 1284 4249 non
1314 4192 1394 4249 sit
1439 4192 1630 4253 virtus
1656 4205 1963 4274 corporea,
1991 4197 2189 4251 tamen
2217 4193 2283 4251 in
2326 4192 2505 4253 nobis
2542 4193 2817 4266 operatio

378 4256 725 4338 intellectus
745 4260 1031 4342 compleri
1052 4274 1174 4343 non
1191 4267 1387 4334 potest
1407 4262 1540 4320 sine
1556 4268 1901 4335 operatione
1920 4262 2204 4322 virtutum
2220 4276 2664 4336 corporearum,
2724 4277 2816 4323 uae

390 4333 536 4406 sunt
591 4337 964 4401 imaginatio,
995 4339 1054 4389 et
1105 4344 1197 4390 vis
1250 4334 1638 4391 memorativa
1687 4339 1746 4391 et
1789 4333 2130 4405 cogitativa,
2159 4337 2226 4392 ut
2277 4348 2351 4392 ex
2401 4334 2698 4406 superiori
2743 4346 2817 4394 us

380 4394 516 4467 (lib.
546 4410 613 4469 11,
641 4411 695 4456 c.
721 4397 815 4469 ’13)
845 4405 1025 4471 patet.
1073 4403 1140 4459 Et
1184 4402 1323 4460 inde
1376 4408 1469 4462 est
1513 4403 1672 4476 quod
1722 4403 2024 4475 impeditis
2077 4404 2289 4466 harum
2335 4404 2621 4468 virtutum
2672 4418 2819 4480 ope-
