3076 5025
360 272 471 325 200
1247 267 1378 324 tie.
1421 268 1492 337 n,
1532 237 1948 323 cssff'txxm.

362 387 622 461 prompti
664 388 750 468 ‚ad
799 388 1184 448 scientiarum
1240 388 1775 458 considerationes,
1812 388 2143 447 secundum
2201 388 2496 446 diversam
2527 387 2792 460 disposi-

362 460 592 517 tionem
623 459 861 516 virtutis
899 460 1232 531 cogitativae
1260 465 1319 517 et
1343 460 1458 517 ima
1507 459 1762 517 inativae.

436 529 546 586 Sed
569 529 682 585 ista
703 530 1106 601 promptitudo
1121 529 1415 602 dependet
1437 544 1472 587 a
1532 529 1655 587 illis
1674 529 1993 588 virtutibus
2025 528 2183 588 sicut
2203 543 2276 587 ex
2290 529 2792 601 dispositionibus

369 599 638 667 remotiS‚
670 604 845 669 prout
877 601 1054 658 etiam
1084 600 1375 682 dependet
1397 613 1434 657 a
1460 600 1724 657 bonitate
1752 606 1947 658 tactus
1977 606 2036 657 et
2060 600 2331 671 corporis
2352 600 2787 672 complexione,

363 670 695 728 secundum
727 671 885 742 quod
916 670 1058 729 dicit
1085 670 1452 729 Aristoteles
1486 670 1584 742 (De
1609 673 1815 740 anima,
1841 684 1906 739 11,
1929 676 2071 729 text.
2102 683 2319 727 comm.
2354 672 2466 743 94.)
2514 670 2790 729 homines
2852 710 2859 715 -

358 740 506 798 boni
556 746 747 798 tactus
792 747 851 797 et
894 741 1099 800 mollis
1143 741 1344 800 carnis
1391 754 1525 799 esse
1572 740 1722 799 bene
1762 746 1933 813 aptos
1978 747 2195 798 mente.
2230 743 2312 798 Ex
2351 739 2561 800 habitu
2594 748 2784 799 autem

360 810 632 869 scientiae
681 812 839 868 inest
889 811 1143 869 facultas
1187 810 1632 880 considerandi,
1663 812 1821 869 sicut
1859 826 1934 869 ex
1959 811 2230 881 proximo
2260 811 2556 884 principio
2582 817 2787 881 actus;

362 887 596 953 oportet
625 882 784 938 enim
813 883 972 955 quod
1002 882 1244 941 habitus
1274 882 1547 940 scientiae
1577 881 1843 952 perficiat
1909 882 2194 940 otentiam
2228 896 2347 954 qua
2370 882 2788 955 intelligimus,
2862 920 2865 923 η

362 958 430 1011 ut
461 956 600 1077 atgat
627 964 810 1022 quum
858 953 1111 1011 voluerit
1146 952 1422 1022 faciliter,
1454 953 1613 1010 sicut
1639 958 1698 1009 et
1738 951 1842 1010 alii
1919 953 2115 1010 abitus
2144 953 2442 1028 potentias
2471 954 2535 1010 in
2568 954 2793 1026 quibus
2856 1018 2873 1032 .-

366 1036 480 1082 sun
517 1064 530 1076 .
2860 1064 2867 1069 .

433 1096 583 1159 Item,
617 1090 1049 1163 dispositiones
1075 1093 1490 1165 praedictarum
1515 1093 1800 1152 virtutum
1825 1099 1966 1151 sunt
1995 1107 2068 1150 ex
2095 1097 2261 1164 parte
2290 1092 2528 1166 objecti,
2558 1094 2797 1152 scilicet

357 1163 799 1292 phantasmatis
850 1165 1033 1245 quod,
1061 1170 1301 1236 propter
1339 1164 1668 1222 honitatem
1714 1164 1925 1222 harum
1965 1163 2273 1234 virtutum,
2302 1170 2671 1235 praeparatur
2717 1164 2794 1224 ad

409 1248 480 1291 oc
526 1232 683 1303 quod
717 1235 970 1292 faciliter
994 1234 1098 1293 fiat
1138 1233 1515 1307 intelligibile
1542 1241 1675 1292 actu
1719 1249 1823 1304 per
1850 1233 2218 1292 intellectum
2248 1248 2283 1292 a
2327 1241 2544 1292 entem.
2577 1235 2794 1306 Dispo-

363 1304 618 1363 sitiones
642 1311 837 1362 autem
869 1319 1000 1377 quae
1029 1310 1171 1363 sunt
1198 1319 1271 1363 ex
1292 1310 1458 1377 parte
1487 1304 1857 1376 objectorum
1884 1318 2008 1363 non
2032 1311 2177 1363 sunt
2223 1305 2301 1362 ha
2342 1305 2484 1375 ituS,
2516 1305 2620 1363 sed
2654 1320 2794 1378 quae

351 1381 506 1449 ‘sunt
533 1386 607 1429 ex
634 1380 797 1444 parte
828 1377 1224 1447 potentiarum
1250 1393 1265 1444 3
1295 1389 1419 1432 non
1447 1375 1608 1433 enim
1627 1375 1720 1432 dis
1763 1374 2058 1434 ositiones
2078 1375 2298 1448 quibus
2328 1376 2617 1434 terribilia
2638 1375 2795 1434 fiunt

359 1446 558 1518 magis
618 1445 927 1503 toleranda
948 1487 965 1515 ,
1017 1451 1155 1504 sunt
1203 1445 1445 1503 habitus
1498 1445 1699 1503 sortitu
1746 1445 1886 1515 iniS,
1940 1445 2047 1504 sed
2098 1446 2416 1517 dispositio
2516 1460 2593 1504 ua
2650 1460 2794 1516 pars

362 1517 602 1580 animae,
650 1516 882 1573 scilicet
910 1515 1254 1585 irascibilis,
1286 1516 1628 1586 disponitur
1654 1515 1727 1572 ad
1758 1516 2048 1574 terribilia
2075 1516 2448 1575 sustinenda.
2525 1530 2636 1588 rgo
2664 1530 2792 1575 ma-

362 1587 651 1645 nifestuin
679 1586 951 1658 estquod
979 1586 1219 1645 habitus
1248 1587 1512 1644 scientiae
1546 1599 1665 1643 non
1697 1591 1789 1643 est
1813 1587 1875 1643 in
1896 1587 2199 1644 intellectu
2231 1585 2490 1658 passivo,
2524 1594 2591 1644 ut
2615 1587 2792 1646 Com·

359 1658 663 1715 mentator
685 1657 1008 1737 praedictus
1037 1657 1200 1720 dicit,
1232 1657 1338 1715 sed
1363 1657 1558 1728 magis
1588 1656 1647 1736 in
1676 1656 1981 1716 intellectu
2009 1656 2307 1729 possibili.

431 1729 589 1799 Item,
646 1740 700 1784 si
752 1740 913 1785 unus
959 1733 1051 1787 est
1093 1727 1430 1785 intellectus
1477 1725 1787 1807 possibilis
1830 1728 2100 1785 omnium
2148 1728 2495 1796 hominum,
2555 1735 2796 1799 oportet

357 1811 585 1870 ponere
617 1796 983 1856 intellectum
1012 1798 1358 1869 possibilem
1381 1812 1506 1856 sem
1552 1812 1617 1855 er
1645 1798 1855 1868 fuisse,
1873 1798 1925 1856 si
1958 1799 2234 1856 homines
2264 1812 2499 1869 semper
2524 1797 2793 1869 fuerunt,

364 1869 521 1927 sicut
544 1873 809 1942 ponunt;
842 1875 900 1926 et
930 1869 1119 1927 multo
1147 1869 1340 1941 magis
1371 1869 1514 1926 intel
1544 1873 1737 1927 ectum
1769 1875 2065 1940 agentem,
2096 1870 2238 1941 quia
2265 1883 2453 1942 agens
2480 1875 2574 1928 est
2603 1870 2794 1928 hono·

359 1938 614 2020 rabilius
642 1939 923 2011 patiente,
952 1945 1019 1997 ut
1045 1939 1394 1998 Aristoteles
1426 1938 1569 1998 dicit
1597 1938 1695 2009 (De
1722 1941 1928 2001 anima,
1960 1953 2049 2009 111,
2080 1945 2221 1997 text.
2255 1953 2472 1998 comm.
2506 1940 2616 2011 19).
2650 1941 2789 2011 Sed,

362 2022 415 2068 si
444 2024 632 2084 agens
658 2018 751 2069 est
777 2017 1063 2068 aeternum
1089 2015 1148 2068 et
1195 2010 1490 2080 recipiens
1517 2016 1826 2078 aeternum,
1855 2016 2088 2080 oportet
2118 2016 2354 2081 recepta
2381 2024 2515 2069 esse
2540 2016 2787 2069 aeterna.

359 2080 516 2153 Ergo
546 2095 577 2140 s
622 2081 780 2140 ecies
828 2079 1237 2154 intelligibiles
1265 2079 1339 2138 ab
1364 2086 1590 2139 aeterno
1619 2079 1860 2138 fuerunt
1887 2081 1951 2137 in
1980 2080 2297 2139 intellectu
2359 2081 2629 2150 ossibili;
2664 2096 2792 2140 non

361 2150 548 2224 igitur
616 2167 648 2208 e
698 2164 854 2209 novo
894 2152 1007 2208 erit
1036 2151 1196 2222 quod
1226 2151 1473 2222 recipiat
1522 2149 1756 2223 aliquas
1789 2151 2021 2222 species
2051 2152 2241 2209 intelli
2288 2152 2305 2207 i
2351 2151 2483 2209 iles.
2511 2152 2597 2210 Ad
2635 2153 2791 2211 nihil

363 2226 561 2281 autem
591 2235 812 2281 sensus
838 2227 896 2279 et
922 2220 1240 2293 phantasia
1265 2226 1410 2279 sunt
1454 2221 1797 2279 necessaria
1823 2221 1897 2280 ad
1927 2222 2235 2294 intelligen
2281 2235 2400 2291 um,
2434 2221 2553 2280 nisi
2594 2228 2660 2280 ut
2713 2223 2790 2283 ab

361 2292 454 2351 eis
496 2294 864 2374 accipiantur
889 2291 1126 2363 species
1155 2289 1590 2371 intelligibiles.
1620 2293 1844 2350 Sensus
1873 2292 2057 2365 igitur
2087 2305 2208 2349 non
2255 2293 2368 2349 erit
2402 2294 2788 2352 necessarius

362 2362 439 2421 ad
467 2363 941 2436 intelligendum,
978 2376 1170 2436 neque
1197 2362 1534 2433 phantasia,
1566 2365 1624 2419 et
1649 2362 1865 2419 redibit
1889 2363 2096 2434 opinio
2122 2363 2386 2421 Platonis
2425 2363 2508 2434 (in
2540 2365 2765 2421 Menona

362 2434 523 2505 quod
570 2433 880 2493 scientiam
924 2446 1045 2514 non
1098 2432 1464 2514 acquirimus
1510 2445 1617 2503 pei·
1665 2444 1904 2502 sensuS‚
1937 2433 2046 2492 sed
2088 2433 2162 2492 ab
2207 2433 2298 2491 eis
2344 2433 2676 2493 excitamur
2713 2449 2749 2493 a

359 2503 881 2564 rememorandum
909 2517 1078 2575 prius
1108 2508 1279 2563 scita.

432 2575 547 2633 Sed
592 2575 668 2633 ad
699 2575 813 2633 hoc
854 2588 950 2632 res
993 2571 1174 2632 ondet
1214 2573 1536 2655 praedictus
1567 2576 2011 2635 commentator
2035 2575 2197 2648 quod
2222 2575 2456 2646 species
2498 2575 2786 2650 intelligi-

357 2642 515 2705 biles
564 2645 783 2704 habent
826 2645 942 2716 dup
972 2659 1045 2703 ex
1095 2644 1476 2726 subjectum:
1526 2660 1600 2727 ex
1645 2659 1766 2704 uno
1815 2658 2070 2718 quorum
2115 2644 2337 2726 babent
2373 2647 2784 2727 aeternitatem,

360 2716 592 2775 scilicet
621 2716 694 2774 ab
723 2715 1025 2774 intellectu
1050 2716 1326 2787 possibili
1351 2734 1367 2786 ;
1399 2715 1473 2773 ab
1499 2716 1620 2773 alio
1643 2721 1841 2774 autem
1873 2717 2093 2775 habent
2122 2720 2465 2785 novitatem,
2496 2717 2788 2776 sciliceta

357 2785 772 2858 phantasmate
791 2804 813 2865 ;,
847 2787 1004 2844 sicut
1027 2787 1205 2845 etiam
1242 2786 1471 2867 speciei·
1491 2787 1751 2845 visibilis
1803 2786 2136 2860 subjectum
2165 2791 2256 2845 est
2284 2786 2521 2857 duplex,
2552 2788 2788 2846 scilicet

357 2870 457 2916 res
509 2863 674 2915 extra
719 2870 980 2914 animam
1009 2861 1068 2914 et
1109 2862 1376 2928 potentia
1418 2857 1626 2915 visiva.
1673 2858 1807 2915 Haec
1855 2864 2054 2916 autem
2098 2859 2417 2930 responsio
2448 2863 2607 2916 stare
2661 2871 2785 2916 non

402 2932 579 2984 otest.

357 2940 396 2999 p
428 2996 807 3068 Impossibile
829 2996 990 3054 enim
1016 3002 1108 3055 est
1133 2996 1294 3071 quod
1321 2997 1478 3055 actio
1507 3002 1567 3054 et
1591 2997 1875 3069 perfectio
1899 2997 2104 3057 aeterni
2135 2997 2464 3070 dependeat
2477 2998 2551 3056 ab
2576 2997 2785 3071 aliquo

359 3067 692 3148 temporali.
723 3067 1144 3125 Phantasmata
1192 3073 1389 3126 autem
1435 3069 1789 3140 temporalia
1818 3075 1963 3127 sunt
2005 3076 2065 3126 et
2109 3067 2181 3126 de
2223 3081 2380 3126 novo
2407 3068 2672 3142 quotidie
2719 3071 2785 3129 in

359 3138 538 3197 nobis
567 3138 724 3196 facta
753 3151 828 3195 ex
864 3149 1071 3196 sensu.
1114 3138 1491 3209 impossibile
1523 3144 1616 3197 est
1655 3139 1840 3211 igitur
1876 3139 2035 3212 quod
2082 3152 2113 3197 s
2155 3139 2316 3198 ecies
2344 3138 2780 3212 intelligibiles,

357 3209 578 3282 quibus
627 3207 966 3267 intellectus
1008 3207 1318 3280 possibilis
1365 3208 1431 3266 fit
1462 3214 1600 3268 actu
1640 3215 1701 3267 et
1745 3215 2044 3280 operatur,
2135 3209 2467 3282 ependeant
2519 3224 2557 3267 a
2596 3208 2788 3281 phan-

356 3279 735 3360 tasmatibus,
763 3278 921 3337 sicut
956 3278 1190 3350 species
1236 3278 1506 3338 visibiles
1555 3279 1886 3351 dependent
1925 3293 1962 3338 a
2007 3277 2188 3339 rebus
2233 3293 2368 3353 quae
2419 3285 2561 3338 sunt
2614 3287 2784 3340 extra

358 3362 640 3409 animam.

424 3421 699 3491 Amplius,
721 3417 872 3478 nihil
900 3418 1112 3490 recipit
1132 3418 1291 3491 quod
1314 3418 1439 3491 jam
1467 3419 1665 3488 habet,
1694 3418 1839 3492 quia
1860 3419 2157 3491 recipiens
2181 3426 2419 3493 oportet
2444 3433 2579 3480 esse
2600 3420 2783 3482 denu-

356 3490 559 3548 datum
588 3506 626 3548 a
650 3489 992 3570 recipiendo
1018 3489 1346 3548 secundum
1375 3490 1750 3549 Aristotelem
1785 3490 1882 3571 (De
1907 3493 2114 3554 anima,
2140 3503 2230 3561 111,
2259 3495 2399 3549 text.
2435 3505 2655 3551 comm.
2686 3495 2772 3566 4).

353 3560 463 3621 Sed
507 3563 736 3633 species
782 3559 1209 3633 intelligibileS,
1239 3567 1375 3619 ante
1421 3574 1622 3621 meum
1650 3566 1874 3620 sentire
1895 3561 1990 3620 vel
2019 3568 2211 3632 tuum,
2242 3561 2483 3621 fuerunt
2508 3563 2570 3620 in
2602 3564 2779 3622 intel·

351 3630 508 3690 lectu
534 3630 850 3705 possibili;
890 3644 1013 3689 non
1049 3631 1208 3690 enim
1250 3632 1351 3704 qui
1383 3631 1622 3691 fuerunt
1643 3637 1780 3690 ante
1811 3644 1924 3692 nos
1969 3632 2425 3714 intellexissent,
2454 3634 2575 3691 nisi
2604 3633 2782 3692 intel-

354 3700 546 3762 lectus
573 3701 885 3776 possibilis
913 3700 1128 3760 fuisset
1153 3701 1434 3761 reductus
1466 3704 1530 3760 in
1554 3708 1751 3762 actum
1777 3716 1884 3773 per
1912 3704 2145 3775 species
2171 3702 2607 3776 intelligibiles.
2633 3703 2779 3776 (Nec

353 3778 551 3848 potest
587 3774 705 3832 dici
736 3772 895 3847 quod
919 3772 1153 3844 species
1203 3772 1338 3842 illae,
1368 3772 1536 3844 prius
1568 3778 1818 3846 receptae
1846 3773 1907 3831 in
1959 3774 2263 3832 intellectu
2307 3773 2608 3846 possibili,
2644 3788 2782 3834 esse
2816 3795 2820 3799 Α

353 3850 771 3914 cessavei·unt;
800 3844 942 3916 quia
968 3843 1308 3902 intellectus
1342 3843 1653 3915 possibilis
1690 3857 1810 3902 non
1839 3844 2039 3903 solum
2069 3844 2187 3902 reci
2230 3844 2297 3912 it,
2321 3844 2427 3902 sed
2457 3850 2777 3904 conservat

355 3926 486 3985 quae
521 3917 765 3987 recipit3
793 3914 972 3983 unde,
1012 3914 1075 3971 in
1107 3913 1276 3971 tertio
1300 3915 1373 3970 De
1397 3917 1583 3971 anima
1611 3914 1774 3986 (text.
1811 3928 2028 3973 comm.
2060 3915 2135 3986 6),
2208 3914 2386 3973 icitur
2418 3928 2555 3973 esse
2602 3915 2779 3975 locus

353 3982 706 4054 specierum.
737 3985 1022 4057 igiturex
1044 3984 1561 4055 phantasmatibus
1606 3984 1831 4044 nostris
1879 3998 2002 4044 non
2032 3984 2403 4057 recipiuntur
2428 3985 2667 4056 species
2716 3987 2777 4044 in

349 4052 656 4112 intellectu
693 4053 1015 4128 possibili).
1047 4057 1284 4112 Frustra
1312 4054 1494 4127 igitur
1536 4069 1643 4128 per
1669 4055 2035 4115 intellectum
2071 4060 2346 4128 agentem
2376 4054 2527 4114 liunt
2551 4056 2775 4115 intelli-

261 4122 283 4189 ζ
351 4121 563 4195 gibilia
588 4129 720 4183 actu
748 4132 954 4185 nostra
978 4125 1413 4197 phantasmata.

419 4194 571 4259 Item,
595 4201 899 4266 receptum
932 4195 1115 4254 estin
1149 4194 1468 4267 recipiente
1485 4210 1592 4267 per
1619 4196 1863 4255 modum
1891 4194 2257 4268 recipientis,
2286 4196 2397 4256 Sed
2427 4197 2772 4257 intellectus

347 4263 776 4393 secungffirtiese
798 4271 888 4324 est
912 4279 1095 4338 supra
1116 4271 1364 4325 motum.
1396 4269 1549 4340 Ergo
1572 4267 1731 4342 quod
1758 4266 2043 4337 recipitur
2069 4266 2133 4324 in
2161 4279 2236 4325 eo
2263 4266 2551 4338 recipitur
2574 4267 2692 4327 fixe
2715 4272 2775 4326 et

350 4346 917 4478 ι11115·ἷὸςὲεφη-φά,(ἰιιιιιιι
965 4407 1302 4468 intellectus
1350 4407 1429 4467 sit
1469 4408 1744 4480 superior
1782 4406 1974 4467 virtus
2013 4421 2197 4480 quam
2236 4420 2480 4479 sensus,
2537 4411 2774 4479 oportet
