3076 5025
2717 9 2836 12 ....—
2857 7 2964 17 .--.
2977 9 3028 12 ἠγ

446 325 547 380 598
1319 318 1453 375 LIB.
1492 319 1583 387 IV,
1625 318 1775 373 CAP.
1817 318 1998 374 LXIII.

1410 573 1666 637 CAPUT
1708 573 1919 637 LXIII.

322 820 330 828 ·
431 808 432 811 Ἴ
531 756 775 803 SOLUTIO
810 753 1240 801 anssanun
1265 726 1746 805 nmmum,
1787 754 1861 798 ET
1898 752 2074 798 Primo
2112 752 2309 806 QUOAD
2344 751 2803 799 dommum

1256 842 1429 888 Panis
1466 844 1529 887 IN
1567 841 1786 887 GORPUS
1815 841 2065 887 CHRISTI.

523 1007 683 1067 Licet
707 1012 906 1064 autem
933 1005 1136 1065 divina
1172 1005 1364 1064 virtus
1406 1003 1728 1063 sublimius
1779 1009 1838 1061 et
1889 1003 2177 1063 secretius
2231 1003 2296 1060 in
2342 1003 2458 1061 hoc
2502 1011 2889 1064 sacramento

451 1083 732 1158 operetur
760 1091 940 1150 quam
965 1076 1040 1135 ab
1065 1076 1312 1135 homine
1380 1075 1600 1156 erquiri
1629 1075 1843 1155 possit,
1872 1088 1956 1156 ‘ne
1983 1080 2199 1156 ‘tamen
2247 1075 2523 1132 doctrina
2565 1078 2891 1135 Eccclesize

452 1161 613 1209 circa
640 1149 755 1205 boc
785 1153 1222 1206 sacramentum
1254 1147 1318 1203 in
1363 1145 1606 1203 delibus
1634 1145 2029 1216 impossibilis
2055 1145 2347 1214 videatur,
2393 1146 2749 1205 conandum
2797 1152 2893 1205 est

454 1218 529 1280 ad
557 1218 673 1276 boc
699 1218 858 1291 quod
887 1218 1085 1276 omnis
1114 1217 1572 1288 impossibilitas
1601 1216 1967 1274 excludatur.

524 1290 722 1347 Prima
743 1289 925 1360 igitur
956 1289 1217 1347 occurrit
1259 1287 1685 1354 consideratiO,
1732 1300 1839 1357 per
1882 1300 2058 1358 quem
2105 1286 2348 1344 modum
2400 1300 2609 1345 verum
2669 1287 2889 1346 mii-isti

455 1373 674 1430 corpus
703 1373 838 1417 esse
866 1358 978 1417 sub
1021 1359 1136 1416 hoc
1180 1362 1553 1416 sacramento
1599 1357 1715 1414 inci
1760 1359 1859 1413 iat.
1909 1356 2289 1427 Impossibile
2334 1361 2532 1413 autem
2580 1364 2683 1415 est
2723 1356 2891 1430 quod

455 1430 574 1489 hoc
602 1429 704 1486 fiat
731 1444 836 1502 pei·
863 1436 1090 1487 motum
1122 1429 1373 1487 localem
1404 1428 1671 1499 corporis
1747 1427 1915 1484 bristi
1940 1446 1957 1484 ε
1987 1433 2113 1484 tum
2143 1427 2283 1499 quia
2329 1434 2690 1499 sequeretur
2722 1427 2895 1501 quod

455 1500 518 1558 in
551 1500 703 1557 coelo
734 1513 868 1557 esse
898 1499 1217 1567 desineret,
1264 1499 1761 1573 quandocumque
1810 1499 1924 1555 hoc
1969 1498 2167 1570 agitur
2212 1503 2701 1569 sacramentum3
2756 1504 2892 1556 tum

457 1571 600 1643 quia
626 1583 750 1628 non
777 1576 985 1641 posset
1029 1569 1214 1628 simul
1249 1568 1365 1627 boc
1391 1575 1831 1627 sacramentum
1861 1568 1991 1649 ‚agi
2035 1569 2155 1625 nisi
2200 1568 2261 1624 in
2315 1581 2439 1626 uno
2485 1568 2648 1638 loce,
2698 1582 2896 1642 quum

456 1654 617 1699 unus
645 1646 846 1699 motus
875 1640 1083 1699 localis
1112 1640 1358 1698 nonnisi
1389 1639 1463 1697 ad
1489 1653 1677 1697 unum
1706 1644 2023 1696 terminum
2050 1637 2330 1708 finiatnr;
2360 1643 2486 1695 tum
2531 1640 2715 1698 etiam
2745 1640 2899 1712 quia

457 1717 657 1769 motus
683 1711 896 1769 localis
924 1712 1338 1769 instantaneus
1367 1724 1504 1768 esse
1530 1723 1653 1767 non
1682 1714 1898 1780 potest,
1928 1708 2033 1767 sed
2066 1714 2329 1780 tempore
2368 1708 2623 1782 indiget,
2672 1722 2897 1767 conse-

458 1784 646 1840 cratio
686 1788 884 1840 autem
924 1781 1229 1862 perficitur
1263 1782 1328 1839 in
1378 1781 1588 1839 ultimo
1631 1779 1879 1839 instanti
1908 1779 2262 1851 prolationis
2306 1779 2653 1837 verborum.
2695 1781 2901 1837 Relin-

458 1852 661 1923 quitur
707 1866 850 1924 ergo
879 1851 1197 1910 dicendum
1221 1850 1382 1925 quod
1407 1865 1613 1909 verum
1660 1863 1880 1922 corpus
1925 1849 2138 1907 Christi
2186 1863 2322 1908 esse
2364 1850 2617 1922 incipiat
2661 1850 2723 1908 in
2776 1850 2898 1909 boc

460 1928 838 1980 sacramento
858 1937 965 2003 per
993 1922 1107 1980 hoc
1132 1922 1297 1996 quod
1321 1920 1661 1981 substantia
1687 1921 1860 1993 panis
1875 1921 2238 1978 convertitur
2256 1922 2319 1977 in
2341 1920 2748 2001 substantiam
2768 1934 2899 1980 cor-

462 1992 629 2062 poris
657 1991 876 2049 Christi
902 1999 962 2049 et
989 1992 1327 2050 substantia
1353 1993 1476 2049 vini
1505 1992 1569 2049 in
1596 1992 1993 2050 substantiam
2020 1990 2337 2063 sanguinis
2374 2005 2531 2062 ejus.

530 2063 610 2117 Ex
640 2062 753 2117 hoc
785 2068 983 2118 autem
1013 2067 1254 2133 apparet
1282 2062 1493 2119 falsam
1538 2076 1675 2119 esse
1720 2061 2064 2142 opinionem
2109 2066 2231 2120 tam
2274 2075 2482 2119 eorum
2529 2062 2635 2135 qui
2684 2062 2899 2121 dicunt

460 2130 854 2190 substantiam
886 2132 1057 2202 panis
1091 2130 1274 2189 simul
1311 2145 1449 2189 cum
1478 2131 1814 2191 substantia
1839 2132 2115 2203 corporis
2151 2131 2368 2191 Christi
2416 2132 2480 2188 in
2523 2132 2644 2191 hoc
2690 2146 2894 2190 saera-

458 2207 662 2259 mento
706 2203 981 2269 existere,
1050 2216 1187 2261 uam
1240 2203 1673 2259 etiamreorum
1720 2202 1823 2274 qui
1867 2206 2100 2273 ponunt
2151 2202 2551 2261 substantiam
2597 2204 2783 2274 panis
2831 2204 2899 2261 in

458 2270 714 2329 nihilum
742 2272 929 2345 redigi
954 2216 1047 2329 vei
1075 2272 1146 2352 in·
1168 2272 1417 2352 primam
1443 2272 1755 2329 materiam
1782 2273 2023 2330 resolvi.
2053 2272 2137 2352 ad
2159 2278 2474 2352 utrumque
2502 2274 2901 2354 enimsequi-

459 2347 556 2400 tur
580 2341 742 2412 quod
769 2355 987 2413 corpus
1016 2343 1234 2400 Christi
1259 2356 1322 2399 in
1351 2343 1465 2399 hoc
1494 2348 1871 2400 sacramento
1899 2356 2035 2401 esse
2072 2356 2331 2414 incipere
2361 2356 2488 2401 non
2520 2348 2718 2415 possit
2770 2344 2897 2402 nisi

459 2426 565 2483 per
598 2419 823 2471 motum
855 2411 1108 2470 localem
1133 2431 1149 2480 ;
1177 2412 1338 2493 quod
1368 2417 1458 2470 est
1482 2412 1881 2484 impossibile,
1908 2418 1975 2471 ut
2002 2416 2312 2471 ostensum
2341 2421 2455 2471 est.

528 2485 818 2552 Praeterea,
843 2482 897 2542 si
924 2481 1260 2542 substantia
1287 2483 1463 2555 panis
1503 2484 1685 2541 simul
1732 2487 1826 2542 est
1867 2482 1931 2541 in
1971 2483 2087 2542 hoc
2133 2488 2512 2543 sacramento
2559 2499 2703 2544 cum
2748 2498 2901 2544 vero

460 2567 708 2624 corpore
739 2554 978 2622 Christi,
1007 2554 1205 2624 potius
1234 2554 1466 2612 Christo
1496 2554 1814 2611 dicendum
1846 2554 1959 2612 suit
1979 2573 1995 2612 z
2013 2557 2115 2612 Hic
2132 2560 2210 2610 est
2227 2571 2422 2626 corpus
2444 2571 2645 2620 mettin,
2672 2570 2859 2629 quam
2877 2575 2897 2613 ε

457 2626 570 2681 Hoc
597 2630 676 2680 est
699 2641 891 2695 corpus
917 2640 1129 2691 meum;
1161 2639 1344 2697 quum
1370 2639 1475 2696 pei·
1501 2625 1589 2680 hic
1617 2625 2057 2682 demonstretur
2087 2626 2429 2686 substantia
2466 2641 2601 2698 quae
2635 2627 2901 2708 videtur,

461 2708 592 2768 quae
620 2695 862 2823 quidem
888 2699 983 2754 est
1009 2695 1349 2753 substantia
1368 2694 1565 2767 paniS,
1598 2696 1653 2753 si
1681 2696 1747 2753 in
1775 2699 2152 2755 sacramento
2176 2709 2313 2756 cum
2361 2709 2617 2768 corpore
2669 2698 2897 2756 Christi

458 2779 739 2823 remanea
768 2808 782 2822 .

533 2835 812 2894 Similiter
830 2834 1206 2908 impossibile
1231 2835 1462 2894 videtur
1481 2849 1618 2894 esse
1649 2835 1809 2908 quod
1839 2834 2174 2895 substantia
2200 2836 2375 2908 panis
2402 2837 2658 2895 omnino
2686 2837 2757 2895 in
2802 2839 2897 2895 ni-

458 2903 646 2964 hilum
681 2906 900 2964 redeat.
931 2906 1175 2965 Multum
1206 2907 1361 2963 enim
1396 2907 1469 2964 de
1497 2912 1710 2964 natura
1735 2919 2021 2988 corporea
2050 2908 2245 2977 primo
2272 2915 2472 2966 creata
2498 2908 2617 2966 'am
2646 2908 2712 2965 in
2736 2909 2899 2966 nihi·

458 2974 585 3034 lum
615 2977 892 3035 rediisset
919 2992 991 3035 ex
1019 2978 1105 3034 fre
1150 2977 1488 3035 uentatione
1516 2976 1861 3047 hujusmodi
1891 2978 2179 3057 mysterii.
2210 2980 2328 3035 Nec
2358 2985 2451 3036 est
2518 2992 2704 3037 ecens
2732 2985 2806 3037 ut
2828 2980 2895 3037 in

459 3054 833 3104 sacramento
863 3048 1078 3106 salutis
1147 3047 1308 3104 ivina
1333 3048 1549 3106 virtute
1578 3047 1799 3120 aliquid
1829 3047 1892 3105 in
1922 3047 2173 3105 mhilum
2201 3049 2526 3129 redigatur.

530 3119 730 3188 Neque
777 3117 952 3175 etiam
992 3118 1056 3176 in
1097 3118 1351 3188 primam
1405 3119 1715 3176 materiam
1769 3117 2165 3177 substantiam
2219 3132 2395 3189 panis
2441 3125 2537 3177 est
2674 3119 2890 3178 ssibile

457 3187 699 3267 resolvi,
730 3201 911 3258 quum
945 3187 1195 3246 materia
1217 3188 1407 3259 prima
1435 3189 1566 3247 sine
1602 3189 1793 3247 forma
1837 3202 1974 3247 esse
2003 3201 2127 3246 non
2158 3190 2373 3262 possit,
2408 3189 2530 3247 nisi
2607 3196 2736 3247 orte
2782 3202 2895 3262 per

457 3262 766 3314 materiam
797 3259 1048 3328 primam
1086 3259 1280 3331 prima
1332 3259 1627 3318 elementa
1661 3273 1948 3331 corporea
1989 3258 2400 3332 intelligantur
2425 3278 2442 3328 ;
2470 3260 2534 3316 in
2577 3275 2712 3333 quae
2762 3260 2895 3332 qui-

457 3326 591 3386 dem
622 3327 674 3385 si
705 3327 1040 3388 substantia
1084 3329 1259 3401 panis
1298 3332 1712 3398 resolveretur,
1745 3341 1994 3388 necesse
2029 3337 2193 3388 esset
2236 3331 2350 3387 hoc
2398 3330 2601 3401 ipsum
2704 3330 2891 3409 ercipi

458 3410 664 3465 sensu,
692 3413 876 3470 quum
900 3399 1193 3458 elementa
1220 3413 1505 3472 corporea
1557 3399 1866 3459 sensibilia
1905 3400 2045 3458 sint.
2096 3402 2267 3457 Esset
2309 3399 2487 3457 etiam
2535 3400 2618 3458 ibi
2662 3344 2887 3458 foculis

457 3470 875 3598 transmutatio
904 3475 963 3528 et
986 3470 1316 3543 corporalis
1358 3471 1632 3531 alteratio
1658 3471 2114 3540 contrariorum,
2145 3484 2281 3542 quie
2319 3471 2706 3529 instantanea
2744 3482 2889 3530 esse

457 3551 582 3598 non
653 3552 839 3597 ossun
873 3580 889 3596 .
2418 3585 2425 3592 .

526 3553 840 3667 Sciendum
868 3616 1065 3668 tamen
1095 3612 1372 3684 estquod
1400 3612 1682 3684 praedicta
1709 3611 2021 3671 conversio
2061 3611 2235 3683 panis
2280 3611 2345 3669 in
2389 3625 2615 3684 corpus
2661 3611 2883 3670 Christi

456 3679 703 3738 alterius
736 3680 895 3739 modi
923 3686 1019 3740 est
1054 3680 1129 3739 ab
1157 3682 1439 3741 omnibus
1467 3683 1962 3741 conversionibus
1990 3681 2385 3741 naturalibus.
2414 3686 2563 3739 Nam
2592 3682 2657 3739 in
2682 3682 2875 3754 quali-

422 3823 426 3829 ·
454 3749 554 3808 bet
586 3752 975 3810 conversione
1005 3753 1258 3811 naturali
1285 3759 1484 3810 manet
1517 3753 1875 3825 subjectum,
1900 3754 1961 3810 in
1989 3767 2108 3834 quo
2138 3753 2466 3812 succedunt
2488 3753 2602 3810 sibi
2626 3752 2877 3810 diversae

457 3821 685 3892 formae,
707 3823 799 3880 vel
820 3822 1234 3894 accidentaleS,
1258 3824 1412 3882 sicut
1433 3838 1617 3896 quum
1638 3824 1839 3882 album
1868 3824 1932 3882 in
1954 3838 2189 3896 nigrum
2210 3824 2595 3891 convertitur,
2617 3823 2715 3880 vel
2742 3822 2879 3880 sub·

457 3894 788 3960 stantiam,
821 3893 978 3952 sicut
997 3907 1178 3966 quum
1210 3908 1311 3951 aei·
1337 3895 1402 3951 in
1430 3895 1629 3968 ignem
1655 3913 1669 3963 ;
1702 3895 1859 3952 unde
1890 3895 2319 3953 conversiones
2360 3893 2652 3951 formales
2682 3893 2873 3951 nomi-

456 3969 694 4021 nantur.
722 3964 834 4023 Sed
862 3964 924 4021 in
954 3964 1344 4022 conversione
1383 3965 1661 4036 praedicta
1706 3964 2038 4037 subiectum
2084 3965 2299 4023 transit
2337 3963 2399 4021 in
2449 3963 2791 4036 subiectum
2822 3968 2875 4042 et

457 4035 783 4093 accidentia
808 4041 1086 4104 manent;
1134 4034 1290 4092 unde
1320 4035 1445 4092 haec
1474 4036 1785 4094 conversio
1815 4036 2227 4093 substantialis
2259 4035 2628 4093 nominatur.
2659 4037 2725 4091 Et
2752 4048 2874 4106 qui-

457 4099 590 4158 dem
617 4106 871 4176 qualiter
899 4105 1025 4164 haec
1053 4106 1384 4165 accidentia
1412 4115 1689 4163 maneant
1716 4112 1773 4163 et
1807 4120 2008 4178 quare,
2039 4106 2338 4177 posterius
2369 4105 2869 4177 perscrutandum

457 4177 566 4227 est.
596 4176 763 4234 Nunc
789 4181 986 4233 autem
1014 4176 1393 4233 considerare
1423 4180 1654 4248 oportet
1691 4177 1991 4249 quomodo
2044 4177 2373 4248 subjectum
2421 4175 2483 4233 in
2532 4176 2867 4248 subjectum

445 4246 746 4312 ‘vertatum
777 4246 937 4316 quod
982 4246 1221 4318 quidem
1252 4252 1462 4304 natura
1505 4247 1699 4303 facere
1745 4261 1866 4303 non
1914 4251 2126 4317 potest.
2179 4246 2384 4304 Omnis
2431 4246 2597 4303 enim
2644 4251 2864 4303 naturae

455 4314 720 4381 operatio
749 4316 1056 4373 materiam
1085 4317 1507 4388 praesupponit,
1538 4331 1643 4387 per
1670 4331 1844 4389 quani
1894 4317 2157 4388 subiecta
2188 4315 2680 4385 individuantur;
2713 4314 2865 4393 unde

453 4388 666 4439 natura
704 4383 893 4440 facere
923 4399 1042 4443 non
1078 4393 1273 4458 potest
1353 4386 1465 4444 uod
1506 4386 1631 4445 haec
1682 4387 2017 4445 substantia
2050 4386 2151 4444 fiat
2193 4387 2315 4455 illa,
2357 4387 2516 4444 sicut
2563 4386 2723 4459 quod
2770 4384 2863 4441 bic

452 4453 672 4525 digitus
699 4452 800 4509 fiat
826 4453 928 4510 ille
957 4456 1195 4528 digitus.
1227 4402 1345 4515 seg
1370 4460 1619 4515 materia
1641 4457 1907 4531 suDJecta
1936 4462 2026 4516 est
2050 4458 2255 4514 virtuti
2282 4457 2514 4527 divinae,
2547 4470 2734 4530 quum
2762 4466 2867 4526 per
