3076 5025
440 303 545 359 608
1312 294 1446 351 LiB.
1487 293 1580 361 w,
1617 292 1771 350 GAP.
1809 292 2013 350 Lxxii.

1400 514 1657 578 CAPUT
1696 511 1936 577 LXXII.

904 688 985 734 DE
1018 685 1407 734 NECESSITATE
1436 681 1827 730 POENITENTIAE
1860 681 1937 726 m·
1968 679 2230 727 mamm
2257 680 2414 727 Esus,

489 847 605 904 *Ex
631 842 750 902 hoc
775 842 960 917 igitur
979 844 1221 914 apparet
1249 839 1432 913 quod,
1462 838 1517 895 si
1535 835 1755 908 aliquis
1773 839 1910 907 post
1929 834 2295 915 Baptismnm
2352 838 2536 902 eccet,
2554 831 2891 915 remedium

447 915 546 975 sui
575 913 797 986 peccati
834 927 939 984 per
964 911 1330 1038 Bagtismum
1357 907 1577 990 habere
1608 919 1726 987 non
1755 910 1993 1033 Botesn
2025 908 2103 974 et,
2118 918 2260 984 quia
2278 919 2314 961 a
2356 905 2651 962 undantia
2671 903 2897 984 divinae

451 983 877 1045 misericordiae
906 988 964 1038 et
988 982 1051 1039 es
1090 981 1252 1039 cacia
1278 984 1481 1053 gratiae
1507 977 1722 1034 Christi
1798 989 1870 1033 oc
1897 988 2019 1033 non
2048 978 2269 1047 patitur
2287 980 2353 1031 ut
2371 974 2604 1047 absque
2619 972 2891 1032 remedio

449 1056 801 1122 dimittatur,
820 1053 1159 1110 institutum
1184 1053 1277 1109 est
1303 1049 1460 1108 aliud
1488 1046 1919 1106 sacramentale
1945 1044 2273 1103 remedium
2307 1057 2426 1117 quo
2471 1050 2725 1116 peccata
2745 1057 2892 1117 pur-

455 1132 705 1200 gentur3
732 1128 789 1182 et
813 1124 927 1180 hoc
957 1127 1050 1180 est
1074 1120 1435 1180 Poenitentiae
1464 1123 1927 1186 sacramentum,
1956 1115 2116 1189 quod
2143 1121 2237 1174 est
2262 1115 2535 1196 quaedam
2563 1114 2733 1173 velut
2762 1113 2893 1185 spi-

453 1195 684 1255 ritualis
714 1195 967 1252 sanatio.
992 1193 1155 1250 Sicut
1186 1191 1345 1249 enim
1373 1190 1475 1262 qui
1505 1189 1687 1246 vitam
1715 1185 2048 1268 naturalem
2077 1200 2183 1268 per
2207 1192 2662 1267 generationem
2687 1183 2890 1267 adepti

456 1271 617 1331 sunt,
640 1265 693 1323 si
723 1264 977 1337 aliquem
1001 1262 1276 1320 morbum
1306 1261 1615 1318 incurrant
1643 1259 1744 1330 qui
1777 1263 1854 1316 sit
1886 1262 2222 1315 contrarius
2251 1257 2604 1328 perfectioni
2650 1260 2809 1323 vitae,
2848 1268 2891 1315 a

454 1336 666 1395 morbo
699 1335 893 1392 curari
921 1338 1197 1404 possunt,
1227 1345 1352 1390 non
1380 1330 1621 1403 quidem
1651 1329 1738 1387 sic
1761 1332 1828 1386 ut
1856 1328 2437 1409 iterato·nascantur‚
2466 1326 2575 1384 sed
2624 1326 2889 1407 quadam

457 1406 806 1466 alteratione
827 1410 1116 1462 sanantur
1149 1421 1163 1460 ε
1194 1402 1280 1461 ita
1305 1401 1664 1472 Baptismus,
1693 1399 1794 1471 qui
1823 1403 1917 1456 est
1943 1397 2274 1469 spiritualis
2310 1402 2711 1468 regeneratio,
2757 1408 2891 1454 non

455 1477 772 1536 reiteratur
791 1480 998 1533 contra
1018 1477 1260 1555 peccata
1278 1478 1412 1554 post
1437 1472 1808 1543 Baptismum
1828 1469 2174 1533 commissa,
2187 1468 2294 1526 sed
2317 1467 2693 1536 Poenitentia,
2709 1466 2894 1540 quasi

456 1547 712 1622 quadam
740 1544 1032 1617 spirituali
1061 1545 1432 1611 alteratione,
1463 1547 1775 1600 sanantur.

528 1616 1036 1676 Considerandum
1058 1620 1152 1672 est
1177 1620 1375 1672 autem
1403 1612 1563 1686 quod
1594 1611 1926 1681 corporalis
1953 1608 2189 1668 sanatio
2228 1607 2593 1690 quandoque
2640 1606 2891 1681 quidem

457 1688 534 1747 ab
563 1687 891 1745 intrinseco
916 1684 1178 1743 totaliter
1205 1690 1315 1754 est,
1349 1684 1507 1742 sicut
1532 1682 1773 1755 quando
1803 1680 2016 1761 aliquis
2042 1681 2177 1738 sola
2201 1685 2417 1736 virtute
2450 1684 2683 1736 naturae
2708 1692 2889 1736 cura-

455 1764 574 1828 tur,
600 1756 957 1830 quandoque
985 1760 1181 1813 autem
1211 1754 1285 1813 ab
1326 1753 1653 1811 intrinseco
1681 1758 1741 1809 et
1765 1757 2103 1809 extrinseco
2131 1748 2334 1819 simul,
2384 1754 2596 1820 utputa
2642 1747 2893 1822 quando

458 1835 685 1887 naturae
709 1826 971 1899 operatio
996 1826 1237 1898 juvatur
1263 1824 1538 1883 exteriori
1573 1823 1864 1882 beneflcio
1894 1820 2243 1888 medicinae3
2275 1820 2436 1891 quod
2483 1823 2687 1900 autem
2730 1824 2893 1877 tota-

459 1900 594 1957 liter
616 1899 690 1956 ab
719 1898 1056 1956 extrinseco
1084 1901 1324 1954 curetur
1350 1908 1473 1953 non
1512 1894 1847 1966 contingit,
1889 1891 2069 1950 habet
2116 1891 2275 1950 enim
2317 1889 2538 1972 quuss.
2567 1903 2633 1947 in
2679 1890 2891 1962 seipso

456 1969 751 2040 principia
775 1968 932 2035 vitae,
963 1981 1036 2024 ex
1064 1966 1282 2038 quibus
1309 1967 1537 2024 sanitas
1568 1964 1786 2035 inipso
1818 1968 2116 2021 causatur.
2150 1964 2215 2018 ln
2245 1960 2545 2031 spirituali
2589 1973 2733 2018 vero
2780 1973 2891 2019 cu·

456 2040 687 2096 ratione
716 2037 980 2096 accidere
1010 2049 1132 2094 non
1158 2041 1357 2108 potest
1383 2035 1544 2108 quod
1572 2034 1834 2093 totaliter
1860 2033 1934 2090 ab
1956 2032 2281 2090 intrinseco
2297 2030 2399 2089 fiat
2418 2049 2435 2099 ;
2457 2035 2777 2089 ostensum
2798 2034 2895 2089 est

457 2109 614 2166 enim
645 2107 708 2179 (l.
738 2120 829 2170 m,
853 2120 912 2164 e.
947 2107 1071 2178 157)
1091 2105 1250 2178 quod
1280 2121 1317 2164 a
1346 2104 1732 2177 culpahomo
1775 2103 2013 2161 liberari
2057 2116 2180 2185 non
2229 2107 2427 2183 potest
2478 2100 2603 2182 nisi
2660 2100 2889 2182 auxilio

455 2179 682 2308 gratiae.
709 2177 992 2234 Similiter
1019 2176 1197 2235 etiam
1226 2190 1419 2248 neque
1444 2181 1642 2247 potest
1665 2188 1801 2232 esse
1830 2173 1988 2246 quod
2013 2173 2343 2244 spiritualis
2373 2178 2607 2230 curatio
2633 2176 2714 2230 sit
2736 2177 2895 2230 tota·

505 2254 594 2305 ter
619 2247 692 2306 ab
722 2246 1037 2304 exteriori:
1077 2259 1202 2304 non
1231 2245 1388 2304 enim
1431 2245 1843 2305 restitueretur
1887 2244 2122 2324 sanitas
2158 2243 2398 2312 mentis,
2448 2242 2573 2317 nisi*
2619 2241 2889 2301 ordinati

456 2323 658 2378 motus
681 2318 1006 2376 voluntatis
1029 2316 1093 2374 in
1121 2316 1365 2374 homine
1398 2322 1809 2374 causarentur.
1839 2314 2122 2385 Oporteti
2170 2313 2289 2371 itur
2311 2313 2373 2369 in
2398 2313 2769 2371 Poenitentiae
2799 2324 2895 2372 sa-

458 2394 760 2447 cramento
786 2387 1154 2458 spiritualem
1183 2387 1439 2444 salutem
1478 2390 1538 2444 et
1571 2386 1646 2443 ab
1689 2385 1960 2443 interiori
2006 2389 2067 2441 et
2105 2398 2142 2441 a
2216 2383 2496 2441 exteriori
2533 2383 2889 2455 procedere.

455 2461 581 2519 Hoc
614 2463 810 2517 autem
840 2458 927 2517 sic
958 2458 1270 2531 contingit.

527 2530 610 2588 Ad
638 2530 754 2587 hoc
782 2527 942 2586 enim
972 2529 1131 2601 quod
1160 2528 1380 2600 aliquis
1407 2542 1445 2587 a
1465 2527 1679 2585 morbo
1703 2525 2000 2599 corporali
2024 2530 2266 2583 curetur
2299 2524 2582 2597 perfecte,
2632 2537 2893 2586 necesse

459 2600 739 2674 estquod
767 2600 840 2657 ab
863 2599 1145 2657 omnibus
1168 2599 1570 2656 incommodis
1608 2599 1891 2655 liberetur
1932 2610 2064 2669 quae
2107 2609 2214 2667 per
2263 2595 2539 2653 morbum
2591 2595 2887 2665 incurrit3

459 2671 548 2730 sic
578 2676 634 2728 et
661 2670 991 2741 spiritualis
1020 2669 1248 2726 curatio
1285 2669 1650 2726 Poenitentiae
1695 2668 1955 2739 perfecta
2001 2679 2126 2724 non
2172 2671 2355 2735 esset,
2405 2665 2525 2724 nisi
2573 2663 2763 2724 homo
2814 2666 2891 2724 ab

458 2741 740 2800 omnibus
769 2739 1137 2798 detrimentis
1165 2739 1576 2798 sublevaretur
1603 2738 1664 2795 in
1692 2752 1825 2810 quae
1851 2736 2132 2795 inductus
2160 2744 2250 2794 est
2270 2751 2375 2808 per
2402 2741 2734 2807 peecatum.
2769 2736 2893 2795 Pri·

453 2825 622 2868 mum
652 2815 849 2869 autem
872 2810 1286 2868 detrimentum
1315 2810 1474 2882 quod
1506 2810 1687 2866 homo
1718 2823 1789 2865 ex
1860 2811 2062 2865 eccato
2092 2807 2369 2874 sustinet,
2396 2811 2486 2864 est
2510 2806 2889 2865 deordinatio

457 2880 699 2950 mentis,
730 2880 1060 2938 secundum
1091 2879 1247 2952 quod
1279 2893 1451 2937 mens
1477 2879 1759 2936 avertitur
1786 2893 1819 2934 a
1906 2876 2379 2936 incommutabili
2424 2877 2609 2944 bono,
2657 2876 2892 2936 scilicet

457 2966 494 3010 a
522 2954 663 3020 De0,
707 2956 765 3008 et
791 2950 1151 3009 convertitur
1193 2950 1263 3007 ad
1293 2955 1618 3031 peccatum.
1651 2948 1986 3007 Secundum
2043 2954 2241 3006 autem
2289 2951 2382 3006 est
2438 2946 2601 3020 quod
2650 2953 2887 3005 reatum

457 3035 647 3103 poenae
673 3021 951 3087 incurrit;
994 3026 1060 3078 ut
1101 3020 1258 3078 enim
1287 3034 1350 3077 in
1373 3021 1548 3077 tertio
1580 3019 1730 3077 libro
1760 3019 1910 3091 (cap.
1945 3024 2047 3077 140
2072 3023 2131 3076 et
2156 3018 2311 3090 seq.)
2349 3022 2664 3076 ostensum
2705 3023 2820 3087 est,
2851 3031 2892 3075 a

441 3091 793 3172 justissimo
815 3095 1042 3148 rectore
1069 3092 1191 3149 Deo
1216 3104 1327 3172 pro
1346 3090 1611 3163 qualibet
1637 3091 1813 3162 culpa
1842 3103 2018 3161 poena
2045 3088 2310 3146 debetur.
2331 3088 2591 3145 Tertium
2612 3092 2708 3145 est
2725 3101 2886 3216 ἔμω·

457 3161 589 3220 dam
620 3160 947 3218 debilitatio
977 3162 1264 3219 naturalis
1292 3161 1456 3231 boni,
1489 3161 1820 3218 secundum
1847 3160 2007 3232 quod
2042 3158 2226 3217 homo
2267 3158 2572 3231 peccando
2616 3158 2720 3216 red
2764 3163 2887 3217 itur

454 3231 703 3303 pronior
725 3231 798 3289 ad
828 3230 1217 3304 peccandum,
1252 3237 1310 3288 et
1336 3231 1566 3289 tardior
1586 3231 1661 3289 ad
1691 3231 1841 3289 bene
1872 3229 2191 3303 agendum.

528 3302 784 3383 primum
817 3301 997 3375 igitur
1024 3301 1184 3374 quod
1207 3301 1268 3359 in
1300 3301 1656 3359 poenitentia
1689 3301 2006 3374 requiritur
2045 3306 2140 3359 est
2183 3299 2481 3357 ordinatio
2527 3300 2773 3371 mentis,
2820 3303 2889 3359 ut

457 3373 686 3430 scilicet
713 3385 883 3430 mens
921 3377 1300 3429 convertatur
1342 3371 1413 3429 ad
1461 3373 1668 3438 Deum,
1716 3377 1774 3428 et
1817 3375 2114 3429 avertatur
2155 3383 2193 3427 a
2232 3376 2497 3442 peccat0,
2542 3370 2761 3429 dolens
2808 3369 2886 3428 de

457 3444 805 3510 commiss0,
838 3447 896 3500 et
923 3455 1266 3514 proponens
1295 3454 1417 3500 non
1448 3442 1935 3500 committendum
1971 3456 1986 3495 ε
2017 3440 2177 3513 quod
2203 3446 2296 3499 est
2326 3441 2399 3497 de
2420 3439 2651 3498 ratione
2668 3440 2887 3498 contri-

454 3512 659 3570 tionis.
691 3515 820 3570 Haee
848 3525 988 3569 vero
1035 3514 1250 3571 mentis
1291 3511 1655 3570 reordinatio
1703 3511 1833 3569 sine
1879 3511 2070 3583 gratia
2099 3524 2237 3569 esse
2285 3524 2408 3569 non
2457 3516 2678 3582 petest.
2736 3512 2886 3568 Nam

451 3595 626 3640 mens
655 3587 863 3642 nostra
890 3582 1085 3641 debite
1112 3583 1185 3640 ad
1217 3585 1396 3640 Deum
1428 3583 1690 3641 converti
1722 3595 1842 3640 non
1869 3587 2062 3653 potest
2087 3583 2220 3640 sine
2257 3580 2544 3639 charitate
2572 3599 2588 3651 ;
2619 3580 2885 3639 charitas

455 3659 653 3710 autem
691 3654 823 3711 sine
864 3653 1052 3726 gratia
1090 3652 1294 3711 baberi
1330 3666 1452 3710 non
1490 3659 1706 3725 potest,
1731 3659 1791 3711 ut
1826 3658 1987 3724 patet
2018 3666 2090 3711 ex
2108 3651 2207 3710 his
2252 3653 2463 3724 quaein
2510 3652 2691 3708 tertio
2729 3650 2883 3710 libro

455 3723 605 3796 (cap.
633 3723 753 3794 151)
772 3722 923 3780 dieta
950 3728 1112 3782 sunt.
1138 3724 1235 3781 Sic
1262 3723 1445 3797 igitur
1470 3739 1578 3796 per
1604 3725 2026 3782 contritionem
2063 3728 2122 3781 et
2150 3720 2384 3780 offensa
2418 3721 2519 3778 Dei
2542 3721 2801 3791 tollitur,
2824 3727 2885 3779 et

455 3800 672 3852 areatu
690 3806 879 3873 poenae
897 3799 1130 3851 aeternae
1151 3793 1454 3863 liberatur,
1476 3795 1579 3876 qui
1600 3808 1737 3852 cum
1758 3795 1950 3866 gratia
1969 3792 2325 3851 etcharitate
2351 3805 2487 3850 esse
2507 3806 2629 3849 non
2651 3797 2880 3863 potest:

458 3877 581 3921 non
612 3877 770 3922 enim
802 3867 1023 3921 aeterna
1049 3877 1226 3937 poena
1254 3871 1347 3923 est
1392 3866 1507 3921 nisi
1544 3880 1650 3937 per
1697 3864 2130 3935 separationem
2167 3878 2206 3922 a
2247 3865 2390 3930 De0,
2438 3863 2536 3920 cui
2583 3863 2783 3936 gratia
2824 3865 2883 3919 et

382 3949 386 3954 ·
454 3934 740 4015 charitate
768 3933 953 3992 homo
990 3934 1392 4006 conjungitur.
1425 3937 1557 3993 Haec
1583 3934 1741 3992 enim
1767 3936 1983 3992 mentis
2011 3933 2376 3992 reordinatio
2398 3946 2530 4006 quae
2559 3934 2623 3990 in
2658 3932 2879 3991 contri-

454 4009 618 4083 tione
646 4004 919 4063 consistit
946 4019 1019 4063 ex
1043 4005 1311 4063 interiori
1339 4006 1622 4076 procedit,
1655 4006 1711 4063 id
1775 4012 1868 4064 est
1896 4020 1932 4063 a
1966 4004 2149 4063 libero
2177 4003 2422 4063 arbitrio
2462 4017 2601 4061 cum
2649 4003 2879 4076 adJ'uto-

454 4087 545 4130 rio
571 4075 780 4133 divinae
854 4076 1035 4133 ratiae.
1067 4076 1216 4144 Quia
1244 4090 1382 4133 vero
1411 4090 1593 4146 supra
1621 4076 1713 4146 (ca
1759 4118 1774 4132 .
1807 4075 1895 4146 55)
1926 4081 2236 4133 ostensum
2267 4079 2360 4131 est
2397 4074 2556 4146 quod
2603 4075 2879 4131 meritum

454 4142 665 4201 Christi
696 4159 802 4216 pro
870 4159 1091 4203 umano
1119 4160 1335 4219 genere
1366 4147 1644 4217 patientis
1675 4161 1708 4203 a
1774 4146 2169 4218 expiationem
2198 4145 2469 4203 omnium
2499 4151 2879 4217 peccatorum

454 4220 732 4283 operatur
775 4229 1024 4274 necesse
1072 4224 1160 4274 est
1197 4217 1270 4273 ad
1298 4215 1415 4274 hoc
1443 4216 1600 4289 quod
1631 4215 1815 4274 homo
1849 4218 1921 4273 de
1949 4222 2192 4287 peccato
2222 4215 2522 4276 liberetur,
2569 4215 2736 4287 quod
2759 4226 2873 4272 non

453 4282 650 4364 solum
688 4291 885 4342 mente
915 4289 1034 4344 Deo
1061 4286 1376 4356 adhaereat,
1411 4287 1515 4345 sed
1544 4288 1720 4345 etiam
1753 4286 2064 4344 mediatori
2113 4285 2211 4343 Dei
2267 4289 2325 4342 et
2370 4284 2690 4342 hominum
2738 4287 2873 4343 Jesu

453 4352 705 4434 ChristQ
729 4354 796 4410 in
823 4369 942 4425 quo
972 4357 1144 4413 datur
1171 4356 1448 4414 remissio
1472 4358 1737 4414 omnium
1770 4363 2170 4429 peccatorum.
2200 4358 2346 4412 Nam
2384 4355 2447 4412 in
2481 4355 2874 4413 conversione

449 4430 666 4481 mentis
700 4424 774 4481 ad
802 4426 987 4482 Deum
1017 4427 1185 4485 salus
1209 4425 1542 4498 spiritualis
1569 4427 1849 4486 consistit
1885 4444 1902 4483 z
1939 4441 2118 4501 quam
2146 4426 2385 4500 quidem
2434 4426 2692 4483 salutem
2733 4435 2871 4483 con-
