3076 5025
1129 300 1263 356 LlB.
1303 302 1402 369 111,
1440 301 1594 357 ΠΛΡ.
1629 301 1804 362 LXIX.
2580 308 2686 366 345

245 427 443 497 potest
469 436 723 481 causare
741 423 930 482 virtus
958 423 1182 481 motiva
1209 423 1432 495 expleri
1456 429 1718 505 possunt
1735 439 1848 505 per
1878 438 2003 483 cor.
2032 429 2165 484 Non
2195 432 2288 484 est
2331 433 2529 488 autem
2573 427 2684 487 ali·

246 509 365 568 qua
383 500 656 552 creatura
680 508 785 566 per
811 507 990 566 quam
1020 498 1227 567 posset
1247 494 1470 564 explerl
1500 495 1788 567 quidquid
1809 496 2011 553 divina
2028 498 2217 555 virtus
2240 498 2433 557 facere
2459 504 2681 570 potest,

243 579 429 638 quum
454 565 656 623 divina
688 565 878 623 virtus
906 564 1153 622 excedat
1180 565 1244 621 in
1276 563 1580 623 infinitum
1604 565 1932 638 quamlibet
1959 580 2081 624 rem
2105 574 2386 637 creatam,
2414 575 2481 627 ut
2501 582 2681 641 appa·

242 640 333 696 ret
359 650 433 693 ex
461 634 559 693 his
589 649 721 707 quae
749 642 997 694 ostensa
1023 641 1164 693 sunt
1183 633 1309 707 (lib.
1339 648 1382 704 1,
1414 649 1543 707 cap.
1567 636 1687 708 43).
1709 637 2144 696 inconveniens
2162 644 2253 697 est
2274 639 2461 711 igitur
2484 639 2685 698 dicere

239 706 405 779 quod
434 705 639 763 divina
664 706 820 764 actio
848 719 971 764 non
993 720 1060 763 se
1088 704 1370 765 extendat
1395 706 1470 764 ad
1499 705 1622 764 alia
1649 706 1769 764 nisi
1797 706 2097 766 mediante
2127 722 2251 767 uno
2277 710 2496 781 primo.
2547 712 2681 770 Non

241 776 544 849 estigitur
569 789 838 847 praesens
877 776 941 835 in
971 790 1094 835 uno
1142 781 1372 834 tantum
1401 789 1653 835 suorum
1696 774 2038 847 effectuum,
2084 778 2194 837 sed
2242 779 2307 837 in
2361 780 2681 850 omnihus;

240 847 452 907 eadem
478 846 650 905 enim
667 848 899 905 ratione
925 846 1287 918 opinabitur,
1331 846 1386 906 si
1433 847 1572 920 quis
1606 847 1767 906 dicat
1794 861 1932 906 eum
1967 861 2104 906 esse
2150 849 2216 906 in
2264 849 2570 922 aliquibus
2622 857 2682 910 et

240 930 368 976 non
402 918 467 997 in
493 918 797 987 omnibus,
827 918 969 991 quia
988 931 1367 991 quocumque
1395 915 1576 999 modo
1610 916 1859 999 effectus
1908 918 2092 976 divini
2132 920 2524 992 accipiantur,
2556 933 2680 981 non

241 987 615 1050 sufficienter
641 989 877 1058 explere
905 994 1186 1060 poterunt
1214 988 1431 1048 divinae
1467 993 1706 1047 virtutis
1737 989 2172 1048 executionem.

314 1062 598 1122 Praeterea,
631 1071 880 1118 necesse
904 1063 995 1117 est
1024 1064 1091 1118 ut
1117 1071 1302 1118 causa
1326 1072 1514 1132 agens
1544 1060 1626 1117 sit
1648 1059 1831 1118 simul
1858 1072 1997 1118 cum
2024 1072 2139 1119 suo
2168 1058 2383 1120 effectu
2406 1062 2680 1134 proximo

240 1133 307 1189 et
332 1129 699 1187 immediato.
727 1132 792 1188 ln
823 1128 1089 1203 qualibet
1115 1135 1314 1188 autem
1345 1142 1409 1187 re
1437 1135 1531 1189 est
1557 1129 1779 1203 aliquis
1798 1128 2047 1189 effectus
2065 1130 2375 1204 proximus
2398 1136 2456 1190 et
2477 1132 2682 1192 imme-

241 1200 448 1259 diatus
471 1200 664 1271 ipsius
692 1202 836 1269 Dei;
869 1206 1181 1259 ostensum
1210 1206 1303 1259 est
1330 1200 1490 1259 enim
1521 1200 1648 1274 (lib.
1688 1213 1755 1270 11,
1785 1214 1917 1272 cap.
1958 1200 2053 1274 2¹)
2099 1201 2260 1274 quod
2308 1200 2478 1262 solus
2521 1204 2680 1262 Deus

240 1285 449 1330 creare
474 1276 711 1353 potest3
737 1270 801 1329 in
831 1271 1097 1353 qualibet
1122 1277 1320 1330 autem
1347 1286 1412 1328 re
1442 1275 1533 1330 est
1559 1270 1787 1353 aliquid
1813 1271 1974 1344 quod
2000 1285 2109 1351 per
2138 1273 2500 1331 creationem
2546 1288 2683 1332 cau-

240 1347 450 1400 satur:
476 1356 541 1399 1n
571 1341 750 1399 rebus
845 1342 1042 1400 undem
1090 1341 1527 1414 corporalibuS,
1579 1356 1774 1413 pruna
1816 1348 2105 1411 matena3
2136 1344 2201 1402 in
2251 1343 2433 1403 rebus
2478 1348 2679 1404 autem

237 1412 643 1484 incorporeis,
672 1412 830 1483 simp
857 1412 982 1471 ices
1010 1426 1217 1471 earnm
1246 1413 1549 1480 essentiae,
1580 1419 1646 1470 nt
1665 1426 1739 1471 ex
1766 1411 1865 1472 his
1889 1417 2133 1495 apparet
2153 1427 2287 1486 quae
2321 1420 2465 1473 sunt
2486 1415 2677 1472 deter-

239 1483 474 1542 minata
513 1482 639 1555 (lib.
679 1495 746 1552 11,
772 1497 903 1554 cap.
937 1487 1002 1541 15
1041 1488 1112 1563 ‚et
1155 1482 1328 1556 seq.).
1376 1485 1618 1555 Oportet
1658 1483 1843 1556 igitur
1887 1484 2069 1543 simul
2120 1485 2307 1543 Deum
2354 1484 2569 1544 adesse
2613 1486 2677 1544 in

237 1554 529 1613 omnibus
557 1553 760 1622 rebuS,
788 1558 1118 1625 praesertim
1155 1567 1338 1626 quum
1370 1567 1441 1611 ea
1478 1568 1611 1627 quae
1641 1553 1715 1611 de
1759 1567 1885 1612 non
1930 1567 2066 1613 esse
2105 1554 2179 1614 ad
2210 1568 2346 1614 6556
2391 1555 2674 1628 produxit

239 1624 535 1684 continuo
560 1629 619 1682 et
644 1636 881 1694 semper
907 1624 972 1681 in
992 1637 1128 1683 esse
1158 1630 1489 1693 conservet,
1524 1629 1589 1682 nt
1615 1629 1927 1683 ostensum
1956 1631 2049 1683 est
2077 1624 2227 1696 (cap.
2262 1624 2374 1697 65).

317 1695 468 1752 Hinc
487 1698 580 1753 est
596 1694 757 1768 quod
776 1694 994 1752 dicitur
1014 1712 1028 1751 ε
1050 1695 1247 1752 Goelum
1264 1698 1316 1750 ct
1333 1699 1535 1751 terram
1551 1710 1647 1763 eqo
1664 1696 1858 1765 impleo
1878 1695 2117 1764 Herem..
2144 1707 2319 1762 xxm,
2345 1694 2437 1767 24)
2457 1714 2472 1766 ;
2496 1702 2554 1754 et
2576 1716 2590 1754 ε
2614 1698 2682 1755 St·

238 1766 538 1823 ascendero
549 1767 611 1821 in
631 1765 836 1834 coelum,
849 1769 913 1820 tu
928 1766 1043 1821 illic
1056 1781 1139 1832 es;
1157 1767 1208 1822 si
1220 1765 1536 1821 descendero
1557 1765 1632 1822 ad
1649 1767 1947 1835 infernum,
1967 1766 2098 1823 acles
2113 1766 2284 1838 (Psal.
2297 1777 2587 1836 cxxxvm,
2600 1769 2677 1838 8).

317 1837 429 1894 Per
457 1836 572 1893 hoc
600 1840 799 1893 autem
830 1835 1163 1893 excluditur
1186 1848 1354 1894 error
1382 1835 1776 1909 quorumdam
1808 1836 2133 1895 dicentium
2163 1839 2350 1895 Deum
2378 1837 2445 1895 iu
2473 1838 2678 1910 aliqua

235 1912 413 1980 parte
440 1904 649 1964 mundi
679 1905 1069 1964 determinata
1096 1919 1253 1975 esse,
1283 1911 1428 1988 puta
1461 1905 1527 1963 in
1551 1907 1746 1978 primo
1783 1906 1936 1965 coelo
1981 1911 2039 1964 et
2084 1907 2148 1966 in
2194 1912 2361 1978 parte
2404 1908 2676 1977 orientiS,

237 1976 408 2037 unde
436 1982 529 2035 est
554 1976 913 2048 principium
939 1981 1139 2035 motus
1167 1977 1324 2036 coeli.
1358 1977 1623 2045 Quorum
1649 1981 1850 2035 tamen
1879 1977 2101 2036 dictum
2131 1977 2419 2039 sustineri
2446 1985 2675 2049 posset,

235 2048 300 2107 si
331 2060 479 2105 sane
508 2047 853 2118 accipiatur,
883 2052 951 2105 ut
979 2046 1211 2105 scilicet
1235 2059 1356 2105 non
1381 2047 1790 2119 intelligamus
1810 2050 1997 2106 Deum
2031 2048 2234 2120 aliqua
2279 2048 2678 2109 determinata

235 2118 455 2178 mundi
485 2123 652 2198 parte
682 2131 819 2176 6556
846 2118 1224 2187 conclusum,
1258 2117 1362 2177 sed
1435 2118 1536 2176 uia
1555 2119 1823 2177 omnium
1872 2132 2295 2190 corporearum
2338 2120 2676 2180 motionum

235 2188 633 2261 principium,
678 2188 1009 2247 secundum
1052 2195 1278 2246 naturae
1326 2133 1619 2270 ordinem,
1669 2188 1745 2247 ab
1789 2188 1993 2270 aliqua
2025 2189 2419 2271 determinata
2466 2189 2681 2263 incipit

234 2264 434 2333 parte,
461 2261 582 2316 Deo
611 2264 924 2317 movente:
957 2264 1196 2331 propter
1223 2258 1383 2332 quod
1412 2263 1472 2316 et
1495 2273 1563 2316 ιιι
1589 2273 1762 2317 sacra
1789 2261 2091 2331 Scriptura
2118 2262 2276 2318 Deus
2305 2260 2525 2318 dicitur
2543 2275 2678 2333 spe-

233 2329 482 2389 cialiter
506 2342 643 2388 esse
668 2329 731 2386 in
761 2329 915 2388 coelo
944 2329 1276 2388 secundum
1306 2329 1453 2387 illud
1486 2330 1721 2387 :Goelum
1745 2345 1866 2386 mea
1888 2331 2038 2386 sedes
2068 2330 2244 2401 usai„
2271 2342 2437 2400 LXVI,
2472 2331 2523 2404 i)
2549 2350 2562 2398 ;
2587 2336 2675 2392 et:

237 2401 448 2460 Goeltmz
463 2401 582 2455 cccli
606 2401 834 2456 Domino
859 2400 1033 2470 (Psal.
1062 2412 1225 2469 cxm,
1259 2401 1366 2471 16).
1390 2398 1504 2458 Sed
1532 2414 1605 2457 ex
1633 2400 1749 2457 hoc
1777 2399 1959 2471 quod,
1987 2405 2199 2471 praeter
2240 2406 2467 2459 naturae
2518 2401 2677 2460 ordi·

236 2483 409 2540 nem,
439 2470 619 2529 etiam
649 2470 713 2527 in
731 2469 957 2530 inssmis
976 2470 1328 2543 corporibus
1349 2471 1505 2529 Deus
1529 2469 1755 2542 aliquid
1777 2475 2056 2543 operatur
2080 2469 2240 2543 quod
2257 2471 2474 2530 virtute
2500 2472 2675 2531 coele·

237 2543 362 2602 stis
391 2541 663 2613 corporis
691 2540 927 2600 causari
961 2554 1085 2600 non
1112 2546 1330 2623 potest,
1360 2541 1677 2600 manifeste
1698 2541 2034 2600 ostenditur
2062 2543 2267 2611 Deum,
2303 2554 2428 2599 non
2476 2543 2675 2601 solum

238 2612 482 2675 coelesti
506 2612 765 2683 corpori,
793 2612 900 2671 sed
930 2613 1108 2670 etiam
1136 2611 1363 2670 infimis
1391 2611 1575 2670 rebus
1596 2611 1938 2670 immediate
1963 2610 2197 2669 adesse.

214 2710 220 2722 ·
317 2686 452 2742 Non
470 2687 563 2741 est
585 2688 781 2741 autem
813 2681 1230 2741 aestimandum
1258 2684 1444 2740 Deum
1477 2682 1569 2763 sic
1598 2694 1733 2741 esse
1781 2680 2002 2755 ubique
2048 2681 2207 2763 quod
2251 2694 2358 2754 per
2402 2681 2674 2743 locorum

236 2754 444 2827 spatia
471 2753 785 2823 dividatur,
816 2753 989 2826 quasi
1015 2767 1138 2812 una
1166 2766 1302 2823 pars
1322 2752 1451 2825 ejus
1480 2757 1562 2810 sit
1589 2752 1686 2811 hic
1711 2752 1903 2810 etalia
1929 2751 2110 2820 alib13
2133 2751 2239 2810 sed
2265 2756 2429 2812 totus
2451 2753 2677 2827 ubique

238 2828 382 2894 est3
415 2824 777 2905 Deus-enirn,
809 2836 995 2952 quum
1025 2823 1382 2904 sit-omnino
1410 2820 1687 2904 simpleqr,
1716 2822 1987 2905 partibus
2015 2827 2196 2881 caret.
2248 2893 2259 2904 .
2356 2893 2368 2906 ι

317 2897 521 2968 Neque
552 2907 643 2953 sic
672 2907 829 2965 simp
855 2909 927 2952 ex
954 2899 1044 2952 est
1074 2899 1229 2952 slcut
1259 2901 1516 2974 punctus
1547 2907 1651 2966 qut
1668 2898 1762 2951 est
1787 2898 2079 2952 termlnus
2102 2898 2394 2962 continui,
2424 2899 2485 2952 et
2504 2907 2676 2967 prop·

238 2971 339 3025 ter
365 2965 502 3029 hoc,
533 2964 988 3023 determinatum
1018 2964 1198 3022 situm
1243 2964 1308 3021 in
1338 2969 1626 3022 continuo
1650 2963 1867 3034 habet;
1906 2964 2063 3022 unde
2109 2977 2232 3022 non
2272 2969 2471 3035 potest
2515 2977 2676 3025 unus

238 3041 510 3110 punctus
532 3035 651 3094 nisi
682 3035 746 3093 in
774 3048 896 3094 uno
920 3034 1056 3093 loco
1081 3034 1432 3092 indivisibili
1476 3047 1634 3093 esse.
1688 3037 1847 3093 Deus
1889 3039 2086 3092 autem
2131 3034 2517 3094 indivisibilis
2561 3042 2654 3095 est

241 3106 423 3181 quasi
445 3106 695 3164 omnino
716 3111 880 3163 extra
903 3119 1096 3179 genus
1123 3105 1393 3163 continui
1422 3106 1687 3164 existens
1705 3123 1729 3175 >
1748 3104 1908 3163 unde
1956 3118 2077 3163 non
2127 3105 2553 3164 determinatur
2601 3121 2637 3165 a

239 3178 451 3237 locum
478 3176 568 3234 vel
598 3189 904 3250 magnum,
933 3177 1026 3234 vel
1054 3190 1322 3247 parvum,
1349 3189 1422 3235 ex
1447 3176 1806 3235 necessitate
1834 3189 1961 3235 suae
1990 3176 2288 3245 essentiae,
2311 3177 2484 3250 quasi
2501 3189 2677 3248 opor-

239 3252 371 3306 teat
398 3261 533 3305 eum
564 3260 699 3306 esse
724 3248 788 3304 in
817 3248 1019 3329 aliquo
1040 3246 1195 3315 loco,
1225 3246 1588 3328 quum-ipse
1609 3246 1816 3328 ‘fuerit
1863 3247 2200 3328 abjeterno
2252 3254 2390 3305 ante
2410 3260 2677 3328 ‚omnem

238 3318 487 3387 iocum3
519 3317 625 3375 sed
655 3319 1054 3377 immensitate
1080 3331 1205 3376 suae
1237 3322 1476 3375 vrrtutis
1518 3321 1758 3390 attinglt
1802 3329 2009 3376 omma
2047 3332 2178 3390 quae
2221 3322 2361 3375 sunt
2404 3330 2471 3375 m
2517 3317 2676 3387 loc0,

242 3401 441 3463 quum
474 3388 554 3446 sit
582 3388 938 3447 universalis
967 3401 1152 3447 causa
1175 3387 1438 3456 essendi,
1468 3392 1536 3444 ut
1563 3387 1787 3445 dictum
1817 3393 1928 3447 est.
1959 3387 2058 3446 Sic
2102 3387 2285 3459 igitur
2329 3386 2461 3458 ipse
2512 3392 2678 3447 totus

244 3463 344 3525 est
371 3458 729 3531 ubicumque
764 3465 874 3529 est,
905 3459 1048 3540 qula
1072 3472 1178 3529 per
1200 3458 1536 3529 simplicem
1560 3471 1732 3517 suam
1759 3457 2038 3518 virtutem
2089 3458 2369 3517 universa
2414 3457 2673 3531 attingit.

310 3531 442 3587 Non
470 3534 787 3588 esttamen
817 3528 1417 3601 aestlmandumnuod
1448 3528 1538 3588 sic
1568 3528 1740 3587 sitin
1768 3528 1950 3587 rebus
1978 3529 2151 3601 quasi
2192 3529 2413 3586 mixtus
2440 3546 2456 3596 ;
2484 3536 2682 3586 osten·

244 3613 387 3658 sum
417 3605 510 3657 est
537 3600 698 3657 enim
730 3599 853 3672 (lib.
884 3614 930 3668 1,
959 3613 1088 3671 cap.
1113 3603 1184 3657 26
1210 3603 1268 3657 et
1293 3599 1385 3671 27)
1412 3598 1572 3672 quod
1599 3613 1791 3671 neque
1822 3600 2073 3658 materia
2112 3612 2306 3671 neque
2350 3598 2543 3658 forma
2583 3603 2679 3659 est

244 3669 531 3743 alicujus,
563 3671 669 3729 sed
696 3670 877 3729 estin
902 3668 1184 3741 operibus
1212 3683 1318 3741 per
1343 3669 1590 3728 modum
1635 3682 1834 3728 causae
1863 3669 2118 3743 agentis,
2152 3669 2197 3743 (1
2226 3673 2400 3742 part„
2444 3683 2502 3743 q.
2542 3681 2675 3742 vm,
2750 3715 2757 3722 .

175 3798 179 3803 .
245 3746 359 3799 art.
392 3746 444 3813 1,
474 3744 577 3799 etl
602 3743 776 3813 sent„
802 3740 943 3809 dist,
973 3752 1128 3812 ΠΗ,
1160 3755 1219 3813 q.
1240 3753 1285 3809 1,
1320 3745 1430 3798 art.
1459 3741 1537 3813 1.)
2750 3765 2759 3771 ¹

1154 4015 1168 4030 ,
1202 3957 1456 4022 CAPUT
1515 3958 1724 4037 LXIX.

386 4127 466 4174 DE
493 4126 766 4174 OPINIONE.
801 4128 1001 4178 EORUE
1028 4127 1131 4184 0111
1176 4127 1364 4173 RBBUS
1393 4128 1804 4175 NATURALIBUS
1831 4125 2115 4175 Pitonius
2157 4126 2540 4180 scammum·

1307 4208 1614 4255 Aonorms,

319 4373 401 4430 Ex
425 4369 543 4431 hoc
569 4372 769 4427 autem
840 4368 1037 4429 uidam
1067 4370 1451 4430 occasionem
1489 4369 1728 4429 errandi
1757 4377 2165 4440 sumpserunt,
2194 4378 2472 4444 putantes
2520 4370 2679 4443 quod

251 4442 420 4502 nulla
444 4446 720 4502 creatura
746 4441 825 4500 ha
867 4445 925 4499 et
951 4441 1212 4515 aliquam
1242 4440 1542 4501 actionem
1566 4441 1633 4499 in
1658 4440 2053 4513 productione
2089 4440 2410 4503 effectuum
2440 4446 2681 4499 natura-
