3076 5025
1174 247 1306 303 ue.
1346 247 1391 317 i,
1429 247 1587 330 cap.
1622 247 1757 303 xiv.
1837 305 1871 323 Ὦ
2603 255 2671 307 ri

238 373 433 444 ipsum
467 383 606 429 esse
626 369 993 439 animatum
1024 367 1182 441 quod
1202 383 1237 425 a
1264 368 1469 426 multis
1498 381 1620 426 non
1649 368 2014 428 conceditur.
2035 371 2104 427 Et
2122 369 2195 428 ad
2219 368 2335 427 hoc
2350 369 2670 432 dicendum

238 449 351 513 est,
379 441 567 515 quod,
596 442 653 498 si
686 441 946 512 primum
974 453 1221 498 movens
1248 453 1367 497 non
1412 440 1654 520 ponitur
1700 445 1924 498 motum
1973 456 2045 498 ex
2094 454 2181 509 se,
2231 447 2465 512 oportet
2509 443 2670 516 quod

238 519 552 572 moveatur
600 511 948 569 immediate
992 525 1029 568 a
1068 512 1305 581 penitus
1349 510 1665 568 immobili.
1712 511 1872 567 Unde
1919 511 2098 569 etiam
2153 512 2501 570 Aristoteles
2555 514 2670 574 sub

240 584 537 642 divisione
567 583 723 641 hanc
753 581 1203 640 conclusionem
1246 580 1494 661 inducit,
1525 581 1685 653 quod
1733 581 1963 639 scilicet
2006 588 2275 654 oporteat
2326 583 2418 640 vel
2464 585 2666 644 statim

243 656 517 713 devenire
545 654 619 711 ad
656 653 918 724 primum
947 665 1191 710 movens
1222 652 1527 708 immobile
1546 659 1902 721 separatum,
1929 653 2020 710 vel
2041 654 2114 711 ad
2137 667 2384 712 movens
2400 655 2666 727 seipsum

239 741 315 784 ex
340 739 463 798 quo
492 724 692 783 statim
725 723 1036 781 devenitur
1063 722 1139 780 ad
1166 736 1414 780 movens
1443 723 1697 793 primum
1727 723 2032 782 immobile
2062 730 2422 796 separatum.

312 795 585 855 Procedit
612 801 815 853 autem
847 793 1246 864 Philosophus
1285 793 1404 851 alia
1425 793 1542 861 via,
1575 793 1635 849 in
1666 794 1930 852 secundo
1957 797 2451 865 Metapliysicorum
2500 794 2661 868 (text.

241 880 460 925 comm.
477 866 552 937 6),
569 865 642 923 ad
658 865 1095 923 ostendendum
1113 878 1230 922 non
1244 878 1422 935 posse
1438 863 1673 935 procedi
1703 863 1761 920 in
1788 864 2087 924 infinitum
2110 866 2173 923 in
2188 867 2390 926 causis
2410 866 2662 927 efficien·

240 938 424 1007 tibuS,
452 937 561 995 sed
589 951 727 994 esse
758 934 1189 993 deveniendum
1217 935 1289 993 ad
1321 948 1499 992 unam
1528 948 1773 993 causam
1804 936 2091 1007 primam
2120 942 2182 994 et
2222 938 2377 996 hanc
2407 938 2659 1010 dicimus

243 1012 450 1067 Deum.
484 1010 551 1065 Et
576 1008 701 1065 haec
726 1006 824 1063 via
848 1007 985 1063 talis
1014 1011 1107 1063 est
1132 1023 1146 1062 z

316 1082 377 1137 ln
407 1078 695 1137 omnibus
724 1077 928 1135 causis
953 1074 1694 1157 efficientibus-ordinatis,
1721 1075 1980 1157 primum
2008 1083 2101 1136 est
2139 1092 2326 1138 causa
2364 1080 2571 1144 medii,
2608 1084 2672 1140 et

242 1150 510 1207 medium
551 1156 640 1206 est
680 1161 867 1206 caiisa
904 1147 1124 1206 ultimi·
1170 1161 1294 1204 sive
1325 1152 1405 1204 sit
1433 1160 1641 1215 unum,
1671 1147 1798 1205 sive
1825 1153 1946 1206 sint
1988 1148 2158 1218 plura
2184 1150 2397 1208 media.
2425 1154 2671 1210 Remota

242 1225 439 1278 autem
466 1233 675 1289 causa,
703 1224 1038 1277 removetur
1072 1191 1131 1276 id
1162 1217 1333 1297 quus
1353 1223 1445 1275 est
1472 1231 1686 1298 causa3
1715 1232 1858 1289 ergo
1889 1225 2118 1276 remoto
2159 1219 2369 1291 primo,
2401 1222 2668 1280 medium

241 1305 426 1349 :ansa
453 1304 593 1348 esse
626 1303 749 1348 non
773 1289 1006 1362 poterit.
1037 1288 1147 1347 Sed
1180 1303 1232 1347 si
1266 1287 1617 1359 procedatur
1646 1301 1708 1345 in
1735 1289 1938 1346 causis
1965 1288 2364 1349 efficientibus
2389 1293 2452 1348 in
2476 1291 2674 1351 infini-

240 1367 366 1419 tum
392 1362 560 1419 nulla
607 1374 925 1418 causarum
972 1360 1083 1418 erit
1129 1359 1351 1430 prima;
1381 1372 1446 1415 er
1488 1372 1525 1416 o
1568 1371 1780 1417 omnes
1820 1359 1955 1417 aliae
1997 1359 2302 1429 tollentur,
2350 1376 2484 1434 quae
2531 1367 2675 1421 sunt

241 1432 474 1490 mediae.
509 1434 629 1490 Hoc
661 1437 858 1489 autem
888 1435 981 1489 est
1028 1430 1343 1487 manifeste
1386 1429 1445 1487 sa
1469 1442 1638 1499 sum;
1690 1442 1835 1502 ergo
1877 1434 2110 1502 oportet
2152 1443 2377 1502 ponere
2415 1433 2671 1504 primam

242 1517 485 1561 :ausam
515 1502 872 1559 efficientem
903 1514 1060 1569 esse,
1090 1513 1222 1571 quae
1253 1502 1408 1557 Deus
1429 1505 1538 1557 est.

314 1576 513 1632 Potest
542 1573 724 1630 etiam
750 1578 809 1630 et
836 1572 955 1629 alia
980 1571 1133 1629 ratio
1157 1570 1359 1642 colligi
1384 1584 1457 1627 ex
1482 1569 1680 1628 verbis
1702 1569 2062 1641 Aristotelis,
2091 1571 2156 1628 in
2202 1575 2470 1633 secundo
2513 1575 2671 1636 libro

244 1646 737 1725 netuphysicorum
774 1647 936 1715 (text.
972 1655 1189 1700 comm.
1233 1641 1287 1713 8)
1317 1659 1332 1709 ;
1368 1640 1636 1699 ostendit
1678 1641 1837 1698 enim
1887 1641 1968 1698 ibi
2018 1641 2177 1714 quod
2224 1658 2297 1701 ea
2340 1660 2472 1717 quae
2527 1652 2671 1706 sunt

247 1728 502 1772 maxime
525 1728 666 1772 vera
695 1718 841 1771 sunt
866 1719 924 1770 et
951 1712 1204 1770 maxime
1234 1712 1414 1770 entia.
1442 1713 1507 1770 In
1541 1717 1753 1784 quarto
1781 1712 1958 1769 etiam
1979 1713 2472 1784 Metapliysicorum
2500 1716 2666 1789 (text.

250 1797 466 1842 comm.
496 1783 567 1856 8),
598 1783 865 1842 ostendit
893 1797 1031 1840 esse
1069 1782 1293 1855 aliquid
1332 1782 1586 1839 maxime
1631 1795 1856 1850 verum,
1906 1796 1981 1840 ex
2025 1784 2140 1841 hoc
2183 1785 2340 1856 quod
2396 1788 2668 1847 videmus

254 1855 495 1913 duorum
526 1855 820 1913 salsorum
852 1867 1034 1911 unum
1065 1853 1251 1910 altero
1280 1866 1415 1911 esse
1444 1852 1640 1925 magis
1669 1852 1921 1920 salsum3
1967 1854 2124 1911 unde
2153 1862 2387 1926 oportet
2415 1862 2480 1914 ut
2522 1859 2668 1916 alte-

253 1939 377 1983 rum
405 1926 483 1983 sit
504 1925 686 1983 etiam
716 1925 906 1983 altero
933 1924 1152 1982 verius,
1186 1925 1306 1981 Hoc
1352 1928 1548 1981 autem
1581 1928 1674 1980 est
1718 1923 2048 1981 secundum
2095 1927 2666 1995 approximationem

244 1996 318 2053 ad
345 1996 402 2054 id
432 1994 596 2069 quod
621 2001 716 2054 est
737 1994 1087 2066 simpliciter
1105 1998 1163 2051 et
1194 1993 1448 2052 maxime
1482 2007 1710 2051 verum.
1759 1996 1842 2050 Ex
1886 1994 2106 2067 quibus
2152 1998 2429 2054 concludi
2472 2004 2673 2070 potest

243 2066 515 2135 ulterius,
549 2080 686 2125 esse
715 2065 942 2138 aliquid
967 2063 1128 2140 quod
1158 2070 1249 2122 est
1277 2065 1533 2122 maxime
1556 2077 1693 2132 ens;
1717 2069 1777 2120 et
1800 2064 1915 2122 hoc
1942 2065 2199 2124 dicimus
2229 2069 2436 2125 Deum.

307 2137 516 2196 Adhuc
540 2137 720 2194 etiam
751 2136 1053 2193 inducitur
1079 2150 1115 2194 a
1161 2138 1530 2193 Damasceno
1578 2134 1639 2206 (l.
1671 2148 1714 2202 1,
1743 2150 1798 2192 c.
1828 2134 1883 2205 3)
1940 2135 2058 2193 alia
2110 2136 2262 2196 ratio
2306 2144 2545 2210 sumpta
2597 2154 2672 2199 ex

236 2222 437 2266 rernm
508 2207 930 2276 ubernatione3
1005 2219 1138 2264 uam
1166 2206 1573 2287 etiamjnnuit
1599 2206 2039 2286 commentator
2066 2207 2128 2263 in
2172 2210 2437 2268 secundo
2470 2213 2670 2281 Physi-

236 2295 420 2335 corum
471 2292 693 2337 comm.
723 2282 817 2346 75,
848 2221 1023 2350 initss.
1055 2279 1122 2335 Et
1149 2283 1237 2335 est
1266 2277 1404 2335 talis
1434 2294 1448 2333 :
1482 2274 1861 2347 impossibile
1888 2282 1980 2335 est
2019 2277 2221 2349 aliqua
2269 2281 2570 2339 contraria
2610 2287 2671 2340 et

234 2350 622 2408 dissonantia
642 2349 706 2406 in
726 2362 915 2406 unum
941 2347 1211 2407 ordinem
1233 2347 1600 2405 concordare
1626 2360 1753 2404 sem
1798 2360 1862 2403 er
1880 2347 1973 2404 vel
1995 2348 2243 2419 pluries,
2271 2350 2387 2407 nisi
2413 2351 2670 2422 alicujus

233 2420 700 2500 gubernatione,
731 2433 805 2476 ex
833 2432 950 2491 qua
977 2418 1260 2500 omnibus
1287 2423 1347 2476 et
1374 2417 1636 2499 singulis
1682 2360 1984 2487 triguitur,
2014 2423 2080 2475 ut
2110 2418 2184 2476 ad
2210 2427 2439 2500 certum
2488 2421 2668 2479 finem

234 2491 510 2556 tendant:
545 2490 740 2549 sedin
763 2490 988 2548 mundo
1011 2489 1286 2548 videmus
1305 2502 1402 2547 res
1428 2489 1797 2547 diversarum
1823 2492 2168 2547 naturarum
2205 2504 2266 2547 in
2295 2504 2479 2550 unum
2510 2492 2672 2553 ordi-

234 2574 372 2621 nem
400 2562 796 2631 concordare‚
828 2574 951 2619 non
977 2567 1039 2619 ut
1063 2575 1198 2618 raro
1227 2565 1287 2617 et
1313 2574 1350 2617 a
1374 2573 1543 2627 casu,
1574 2559 1681 2618 sed
1706 2565 1770 2616 ut
1796 2571 2031 2630 semper
2043 2561 2138 2616 vel
2163 2560 2225 2617 in
2246 2562 2458 2633 majori
2480 2569 2665 2634 parte.

234 2634 481 2761 t(lniortet
510 2646 658 2762 eggo
685 2646 823 2691 esse
846 2631 1093 2706 aliquid,
1121 2631 1296 2704 cujus
1322 2629 1699 2703 providentia
1725 2629 1988 2688 mundus
2020 2630 2413 2705 gubernatum
2457 2639 2518 2692 et
2554 2634 2676 2694 hoc

1245 2866 1500 2934 CAPUT
1534 2866 1675 2933 XIV
1678 2913 1697 2931 .

597 3051 750 3108 onon
776 3050 859 3099 an
875 3047 1266 3100 coenmom
1289 3049 1392 3098 nni
1417 3048 1677 3098 oronna-
1701 3048 1802 3097 im
1822 3047 1931 3097 vu
1954 3049 2329 3101 morionis.

305 3207 575 3268 ostenso
621 3206 825 3280 igitur,
873 3206 1032 3279 quod
1059 3211 1152 3264 est
1198 3204 1444 3279 aliquod
1489 3205 1750 3278 primum
1793 3218 1925 3269 ens,
1955 3205 2117 3279 quod
2150 3208 2336 3267 Deum
2388 3204 2668 3273 dicimus,

238 3283 479 3352 oportet
502 3277 636 3349 ejus
655 3276 1035 3335 conditiones
1064 3277 1445 3348 investigare.

308 3352 412 3408 Est
459 3354 660 3407 autem
700 3351 800 3403 cia
831 3349 1138 3404 remotionis
1166 3347 1472 3427 utendum,
1502 3347 1800 3417 praecipue
1837 3345 1901 3404 in
1930 3347 2412 3407 consideratione
2454 3349 2669 3408 divinae

237 3420 619 3479 substantiae.
677 3421 821 3476 Nam
861 3418 1063 3475 divina
1112 3418 1448 3476 substantia
1497 3430 1737 3474 omnem
1784 3416 2056 3488 formam,
2103 3433 2279 3491 quarn
2326 3418 2669 3478 intellectus

237 3496 453 3549 noster
480 3489 742 3561 altingit,
772 3502 883 3546 sua
911 3488 1309 3545 immensitate
1338 3486 1596 3556 excedit;
1629 3493 1687 3545 et
1715 3487 1804 3545 sic
1845 3488 2037 3570 ipsam
2067 3503 2140 3560 ap
2186 3488 2514 3546 rehendere
2542 3502 2668 3548 non

142 3573 159 3586 ⁵
238 3572 575 3632 possumus
601 3559 1025 3633 cognoscendo
1054 3558 1196 3631 quid
1224 3563 1336 3626 est,
1380 3558 1485 3616 sed
1520 3558 1839 3629 aliqualem
1887 3573 2017 3630 eJus
2059 3559 2136 3617 ha
2180 3572 2351 3617 emus
2395 3560 2669 3618 notitiam

239 3629 671 3704 cognoscendo
700 3628 859 3702 quod
906 3642 1025 3687 non
1069 3635 1179 3687 est.
1224 3632 1409 3686 Tanto
1452 3630 1611 3686 enim
1653 3628 1784 3701 ejus
1837 3630 2064 3687 notitiae
2109 3630 2302 3701 magis
2352 3632 2671 3701 appropin-

240 3714 523 3773 quamus,
547 3705 773 3772 quanto
799 3699 971 3772 plura
1037 3713 1100 3757 er
1118 3699 1483 3757 intellectum
1511 3704 1784 3758 nostrum
1806 3698 1880 3755 ab
1901 3712 1972 3757 eo
1990 3700 2319 3771 poterimus
2340 3713 2667 3771 removere3

238 3777 412 3830 tanto
452 3771 611 3829 enim
662 3784 971 3842 unumque
1015 3784 1128 3842 que
1175 3771 1493 3841 perfectius
1535 3770 1984 3840 cognoscimus,
2027 3776 2250 3843 quanto
2297 3768 2669 3831 differentias

244 3843 378 3914 ejus
404 3841 479 3900 ad
510 3842 633 3899 alia
657 3841 897 3913 plenius
924 3842 1251 3909 intuemur;
1284 3840 1461 3898 hahet
1484 3841 1646 3907 enim
1677 3853 1774 3898 res
1803 3854 2172 3913 unaquaeque
2200 3842 2264 3897 in
2303 3841 2504 3913 seipsa
2528 3855 2668 3900 esse

240 3913 554 3984 proprium
581 3911 657 3969 ab
685 3912 967 3970 omnihus
995 3911 1132 3969 aliis
1160 3911 1528 3969 distinctum.
1564 3912 1723 3969 Unde
1775 3917 1835 3969 et
1862 3911 1923 3968 in
1956 3912 2134 3969 rebus
2171 3925 2421 3985 quarum
2460 3912 2669 3970 defini·

242 3982 444 4064 tiones
468 3982 920 4064 cognoscimus,
949 3982 1140 4054 primo
1167 3995 1269 4039 eas
1306 3982 1369 4039 in
1397 3996 1615 4063 genere
1652 3954 2038 4062 collocamus
2084 3995 2192 4053 per
2232 3983 2392 4064 quod
2436 3984 2664 4043 scimus

243 4066 309 4111 tn
331 4067 636 4112 communi
669 4053 806 4123 quid
831 4058 942 4119 est;
975 4059 1034 4110 et
1048 4052 1426 4134 postmodum
1450 4051 1819 4111 differentias
1839 4054 2114 4111 addimus
2166 4053 2384 4122 quibus
2414 4069 2450 4111 a
2490 4054 2670 4114 rebus

246 4122 387 4182 aliis
416 4124 914 4204 distinguanturg
930 4130 989 4181 et
1014 4137 1103 4205 sic
1128 4123 1430 4195 perficitur
1454 4124 1806 4205 supstantiae
1828 4123 1912 4181 rei
1943 4094 2239 4194 compieta
2258 4125 2490 4182 notitia.

315 4194 430 4253 Sed
457 4195 622 4268 quia,
653 4195 718 4251 in
747 4193 1226 4252 consideratione
1249 4194 1601 4252 substantiae
1627 4195 1864 4264 divinae,
1894 4206 2017 4250 non
2045 4206 2371 4266 possumus
2399 4196 2668 4267 accipere

322 4267 382 4322 id
406 4267 582 4340 qnasi
610 4278 827 4338 geum,
858 4277 966 4322 nec
1006 4265 1451 4323 distinctionem
1481 4265 1613 4337 ejus
1636 4265 1710 4322 ab
1738 4264 1875 4322 aliis
1916 4263 2094 4323 rebus
2134 4280 2239 4337 per
2285 4265 2670 4323 affirmativas

289 4335 623 4395 iflerentias
656 4336 925 4405 accipere
952 4342 1562 4416 possumus,·oportet
1585 4336 2003 4417 eam‘accipere
2036 4350 2141 4408 per
2170 4334 2537 4395 differentias
2565 4348 2669 4392 ne·

242 4407 496 4480 gativas.
528 4408 699 4468 Sicut
726 4411 946 4477 autem,
966 4420 1031 4465 tn
1052 4406 1421 4466 affirmativis
1445 4405 1821 4479 differentia,
1865 4419 1988 4466 una
2035 4405 2215 4467 aliam
2264 4406 2564 4466 contrahit
2609 4403 2673 4459 et
