3076 5025
388 292 489 349 168
1293 285 1427 342 LIB.
1467 287 1540 352 11,
1580 286 1734 342 CAP.
1775 284 1907 342 LIV.

1377 503 1632 569 CAPUT
1673 502 1830 568 LIII.

442 677 596 733 QUOD
631 678 697 723 m
731 677 1110 724 SUBSTANTIIS
1142 674 1707 722 INTELLEGTUALIBUS
1745 673 1987 720 mans
2022 673 2132 720 EST
2160 671 2347 721 Acws
2383 672 2461 720 m·
2493 671 2793 720 Pomm

465 834 545 888 Ex
586 830 702 889 boc
741 835 939 888 autem
983 829 1285 889 evidenter
1334 834 1579 903 apparet
1621 828 1783 902 quod
1820 828 1885 887 in
1912 826 2270 887 substantiis
2305 825 2828 909 intellectualibus

387 901 609 963 creatis
636 906 731 959 est
755 901 1114 973 compositio
1132 906 1303 958 actus
1317 906 1377 958 et
1399 900 1698 972 potentiae.
1732 903 1795 957 ln
1826 912 2204 972 quocumque
2237 911 2400 956 onim
2431 903 2834 955 inveniuntur

391 972 595 1045 aliqua
633 971 777 1041 dun,
814 984 1069 1045 quorum
1116 984 1302 1028 unum
1341 977 1433 1030 est
1460 971 1964 1041 complementum
1993 969 2263 1037 alteriuS,
2293 968 2604 1048 proportio
2633 968 2824 1049 unius

391 1056 603 1101 eorum
646 1041 720 1099 ad
766 1042 1017 1100 alterum
1060 1046 1154 1099 est
1200 1041 1356 1099 sicut
1393 1041 1699 1114 proportio
1750 1039 2029 1113 potentiae
2071 1039 2146 1097 ad
2172 1045 2412 1107 actum;
2464 1037 2614 1095 nihil
2660 1051 2828 1095 enim

394 1113 726 1184 completur
761 1111 879 1170 nisi
922 1125 1027 1183 per
1114 1111 1378 1184 roprium
1426 1118 1644 1170 actum.
1698 1113 1758 1167 ln
1809 1109 2151 1169 substantia
2191 1115 2389 1190 autem
2421 1107 2823 1166 intellectuali

390 1187 593 1241 creata
633 1181 1018 1240 inveniuntur
1100 1195 1198 1252 uo,
1227 1182 1458 1241 scilicet
1499 1180 1837 1240 substantia
1883 1181 2015 1252 ipsa
2055 1186 2115 1238 et
2150 1193 2287 1238 esse
2316 1193 2469 1251 eJuS,
2499 1178 2666 1253 quod
2699 1191 2827 1236 non

396 1257 489 1311 est
514 1253 646 1323 ipsa
678 1251 1035 1320 substantia,
1066 1257 1132 1309 ut
1158 1257 1468 1311 ostensum
1499 1258 1593 1311 est
1622 1251 1696 1324 (c.
1730 1250 1842 1322 52).
1876 1254 2076 1322 ipsum
2110 1257 2308 1309 autem
2338 1262 2476 1308 esse
2525 1253 2619 1307 est
2660 1263 2830 1307 com·

390 1323 759 1395 plementum
800 1322 1152 1381 substantiae
1199 1323 1511 1382 existentis
1545 1340 1560 1390 ;
1604 1336 1788 1380 unum
1837 1322 2074 1394 uodque
2101 1321 2259 1380 enim
2292 1326 2430 1378 actu
2459 1324 2550 1378 est
2575 1333 2685 1390 per
2711 1319 2833 1378 hoc

393 1391 554 1466 quod
603 1406 738 1451 esse
785 1393 983 1451 habet.
1028 1392 1404 1466 Relinquitur
1448 1393 1632 1466 igitur
1661 1405 1780 1465 quo
1849 1391 1913 1448 in
1941 1391 2206 1466 qualibet
2233 1390 2654 1463 praedictarum
2681 1391 2830 1449 sub·

395 1463 753 1522 stantiarum
779 1463 857 1520 sit
877 1462 1235 1533 compositio
1265 1468 1436 1522 actus
1461 1471 1519 1520 et
1550 1463 1852 1534 potentiae.

465 1535 741 1604 Amplius,
774 1533 935 1605 quod
980 1532 1139 1590 inest
1181 1533 1359 1591 alicui
1402 1533 1476 1592 ab
1523 1538 1735 1604 agente
1767 1536 1998 1604 oportet
2023 1545 2159 1591 esse
2183 1536 2379 1591 actum
2406 1531 2556 1604 ejus,
2574 1530 2833 1604 Agentis

394 1604 554 1661 enim
599 1608 691 1661 est
733 1603 927 1661 facere
978 1602 1203 1675 aliquid
1249 1608 1404 1663 actu.
1459 1604 1781 1661 ostensum
1821 1609 2020 1660 autem
2064 1606 2156 1661 est
2201 1616 2385 1674 supra
2415 1602 2491 1674 (c.
2526 1602 2614 1673 15)
2653 1601 2825 1675 quod

398 1686 609 1731 omnes
631 1672 1125 1731 alioesubstantiae
1143 1672 1359 1731 habent
1380 1687 1515 1732 esse
1536 1688 1574 1731 a
1597 1674 1788 1744 primo
1819 1679 2031 1745 agente
2050 1691 2069 1740 ς
2102 1680 2157 1729 et
2195 1687 2302 1745 per
2344 1673 2461 1732 boc
2496 1671 2643 1742 ipsae
2682 1672 2836 1730 sub-

399 1742 632 1801 stantiae
677 1748 888 1824 creatae
935 1748 1097 1824 sunt,
1122 1744 1280 1825 quod
1312 1757 1447 1802 esse
1476 1745 1550 1801 ab
1576 1744 1696 1825 alio
1729 1742 1966 1801 habent.
1997 1745 2200 1871 Issum
2245 1743 2431 1824 igitur
2482 1754 2618 1800 esse
2642 1742 2836 1823 ‚inest

400 1812 756 1871 substantiis
799 1818 1015 1872 creatis
1055 1806 1124 1870 ht
1169 1814 1410 1887 quidam
1452 1820 1623 1872 actus
1666 1816 2005 1895 1psarum.l
2086 1819 2283 1871 autem
2313 1828 2409 1871 cui
2441 1818 2611 1871 actus
2640 1820 2830 1880 inest,

398 1883 661 1955 potentia
682 1889 800 1952 est;
832 1897 970 1941 nam
997 1890 1187 1955 actua,
1204 1884 1268 1942 in
1288 1889 1577 1957 quantum
1605 1884 1973 1955 hujusmodi,
1994 1883 2070 1942 ad
2094 1883 2420 1955 potentiam
2444 1882 2719 1940 refertur.
2752 1884 2824 1940 In

400 1953 663 2025 qualibet
690 1953 873 2025 igitur
900 1953 1235 2013 substantia
1261 1960 1459 2013 creata
1491 1960 1584 2013 est
1609 1955 1873 2025 potentia
1899 1960 1958 2011 et
1984 1958 2177 2012 actus,

469 2025 620 2087 Item,
647 2037 825 2081 omne
894 2024 1216 2095 articipans
1241 2024 1317 2083 ali
1365 2025 1467 2082 uid
1491 2031 1868 2097 comparatur
1892 2024 1964 2081 ad
1996 2025 2194 2097 ipsum
2265 2023 2383 2083 uod
2409 2023 2827 2096 participatur,

399 2098 467 2151 nt
510 2095 773 2164 potentia
795 2038 1093 2153 arfactum
1126 2109 1269 2166 :per
1294 2041 1358 2153 ig
1383 2095 1544 2153 enim
1590 2095 1750 2169 quod
1798 2094 2181 2167 participatur
2222 2039 2289 2152 gt
2330 2094 2541 2173 pat-tici
2588 2106 2701 2152 ans
2730 2107 2831 2151 ac-

400 2164 579 2222 tuale.
609 2165 928 2222 ostensum
957 2172 1154 2223 autem
1184 2170 1275 2223 est
1302 2179 1484 2237 supra
1511 2165 1575 2237 (l.
1596 2179 1639 2235 1,
1662 2180 1713 2223 c.
1733 2169 1824 2235 22,
1848 2170 1906 2222 et
1932 2166 1973 2223 l.
2002 2179 2066 2235 11,
2091 2180 2144 2223 c.
2166 2165 2257 2237 52)
2286 2164 2448 2238 quod
2468 2177 2538 2223 so
2568 2178 2639 2223 us
2668 2166 2834 2222 Deus

400 2238 494 2291 est
540 2234 938 2315 essentialiter
980 2249 1110 2305 enS‚
1158 2236 1363 2293 omnia
1401 2243 1600 2294 autem
1645 2235 1763 2294 alia
1804 2236 2163 2364 participant
2205 2236 2403 2307 ipsum
2459 2248 2619 2294 esse.
2655 2237 2833 2293 Com·

399 2309 641 2430 paratur
693 2305 875 2378 igitur
906 2304 1242 2364 substantia
1280 2306 1481 2365 omnis
1527 2311 1728 2364 creata
1767 2320 1800 2363 a
1897 2319 2074 2365 suum
2104 2319 2240 2364 esse
2267 2306 2425 2364 sicut
2452 2305 2725 2378 potentia
2751 2305 2830 2363 ad

473 2447 760 2515 Praeterea,
786 2445 1142 2505 assimilatio
1166 2446 1421 2520 aliquus
1449 2446 1524 2504 ad
1555 2461 1798 2506 causam
1830 2451 2102 2521 agentem
2131 2445 2197 2504 flt
2223 2459 2330 2518 per
2365 2451 2562 2505 actum
2586 2465 2602 2516 ;
2721 2461 2834 2506 ens

403 2517 562 2575 enim
594 2518 713 2588 agit
758 2517 874 2574 sibi
909 2517 1127 2588 simile,
1158 2519 1222 2575 in
1263 2525 1551 2592 quantum
1579 2525 1672 2578 est
1701 2525 1859 2577 actu.
1884 2517 2253 2576 assimilatio
2280 2523 2479 2576 autem
2510 2518 2684 2589 cujus
2710 2519 2838 2577 ibet

404 2586 757 2645 substantiae
783 2594 993 2646 creatae
1022 2588 1098 2645 ad
1149 2591 1331 2646 Deum
1368 2595 1459 2648 est
1486 2604 1591 2662 per
1639 2591 1837 2661 ipsum
1890 2601 2048 2659 esse,
2098 2594 2164 2645 ut
2219 2601 2403 2661 supra
2432 2588 2507 2661 (c.
2544 2593 2607 2646 15
2637 2593 2697 2646 et
2738 2588 2839 2661 52)

406 2661 716 2716 ostensum
791 2664 902 2716 est.
954 2661 1152 2730 lpsum
1198 2659 1382 2732 igitur
1445 2673 1581 2718 esse
1626 2665 2006 2731 comparatur
2050 2659 2126 2716 ad
2182 2672 2395 2717 omnes
2448 2659 2832 2717 substantias

403 2734 631 2785 creatas
659 2728 817 2808 sicut
834 2735 1003 2787 actus
1030 2743 1264 2798 earum:
1289 2745 1361 2787 ex
1385 2743 1505 2803 quo
1536 2731 1893 2803 relinquitur
1919 2729 2079 2804 quod
2101 2729 2165 2787 in
2193 2728 2460 2804 qualibet
2482 2730 2831 2789 substantia

405 2803 605 2856 creata
627 2804 708 2856 sit
734 2799 1097 2870 compositio
1117 2806 1285 2858 actus
1306 2806 1363 2858 et
1393 2801 1694 2872 potentiae.

1384 3018 1640 3084 CAPUT
1685 3019 1841 3084 Ltv.

438 3186 592 3241 QUOD
627 3187 746 3235 NON
778 3189 886 3236 EST
921 3189 1067 3236 mm(
1099 3189 1441 3236 courosmo
1476 3191 1559 3237 EX
1595 3191 1957 3240 sunsmnna
1990 3190 2068 3240 13⁶1·
2101 3191 2264 3253 ESSE,
2300 3193 2379 3241 m·
2413 3193 2494 3240 EX
2525 3191 2796 3240 num

1462 3279 1540 3324 m·
1572 3279 1773 3327 romu

473 3432 594 3488 Nec
621 3436 713 3511 est
750 3436 947 3490 autem
976 3430 1244 3504 ejusdem
1269 3433 1522 3514 rationis
1553 3435 1914 3507 compositio
1943 3450 2018 3493 ex
2045 3436 2294 3495 materia
2316 3441 2374 3494 et
2404 3437 2617 3503 forma,
2668 3440 2728 3493 et
2757 3449 2833 3495 ex

403 3500 744 3581 substantia
788 3507 846 3559 et
890 3515 1046 3584 esse,
1089 3516 1363 3575 quamvis
1406 3510 1536 3562 utra
1583 3521 1654 3563 ue
1693 3506 1773 3564 sit
1800 3519 1872 3562 ex
1899 3507 2167 3577 potentia
2193 3513 2253 3565 et
2275 3512 2433 3565 actu.
2470 3506 2666 3564 Primo
2694 3507 2831 3580 qui·

303 3633 308 3646 ,
405 3571 562 3639 dem,
589 3586 727 3645 quia
751 3577 998 3631 materia
1024 3586 1147 3630 non
1175 3579 1267 3631 est
1307 3574 1436 3644 ipsa
1482 3589 1555 3633 su
1601 3576 1820 3634 stantia
1866 3578 1947 3634 rei
1982 3594 1997 3646 ς
2052 3591 2189 3635 nam
2219 3581 2569 3651 sequeretur
2608 3589 2829 3637 omnes
2865 3639 2876 3649 ,

307 3691 312 3696 ,
402 3640 630 3768 formas
655 3656 798 3770 esse²
818 3642 1169 3770 atgcigentia,
1199 3644 1355 3702 sicut
1380 3646 1606 3718 antiqui
1640 3647 1944 3705 naturales
1973 3647 2406 3720 opinabantur;
2439 3647 2548 3705 sed
2577 3648 2835 3707 materia

404 3725 471 3771 es
526 3725 662 3784 pars
687 3726 758 3770 su
803 3727 832 3770 ε
900 3727 934 3769 n
967 3727 1056 3772 ιω.

474 3783 748 3864 Secundo
794 3789 1013 3865 autem.
1042 3783 1183 3866 quia
1226 3786 1421 3857 ipsum
1468 3800 1603 3844 esse
1634 3800 1753 3845 non
1785 3792 1877 3846 est
1903 3788 2182 3861 proprius
2207 3794 2376 3848 actus
2403 3789 2692 3870 materiae,
2720 3788 2831 3847 sed

401 3850 756 3934 substantiae
801 3858 985 3912 totius
1017 3872 1032 3922 3
1064 3868 1193 3926 ejus
1240 3856 1398 3914 enim
1447 3863 1618 3916 actus
1649 3862 1740 3916 est
1771 3871 1927 3928 esse,
1963 3858 2037 3917 de
2081 3872 2201 3932 quo
2247 3872 2573 3931 possumus
2628 3858 2833 3917 dicere

403 3922 562 3994 qnod
606 3929 704 3981 sit.
739 3927 882 3983 Esse
923 3931 1121 3983 autem
1164 3938 1283 3984 non
1328 3927 1545 3985 dicitur
1573 3928 1646 3985 de
1678 3928 1943 3997 materia,
1974 3929 2078 3987 sed
2110 3929 2182 3987 de
2209 3935 2354 3987 toto.
2392 3929 2554 3987 Unde
2578 3929 2831 3989 materia

403 4004 524 4051 non
554 4000 749 4074 potest
775 3995 892 4075 dici
919 3995 1076 4068 quod
1105 4000 1217 4066 est,
1245 3997 1349 4055 sed
1381 3998 1512 4068 ipsa
1540 4000 1878 4057 substantia
1902 4005 1994 4058 est
2017 3998 2077 4057 id
2106 4000 2266 4073 quod
2297 4005 2410 4058 est.

470 4062 833 4136 Tertio‚quia
853 4079 963 4124 nec
984 4066 1174 4123 forma
1192 4072 1284 4125 est
1302 4067 1497 4148 ipsum
1524 4082 1683 4140 esse,
1711 4070 1814 4128 sed
1834 4084 1900 4128 se
1924 4069 2141 4128 habent
2163 4070 2495 4129 secundum
2518 4069 2789 4129 ordinem
2807 4086 2823 4100 ·

402 4139 781 4261 gloffiffirgstgg
807 4136 967 4194 enim
993 4136 1186 4195 forma
1213 4136 1287 4194 ad
1316 4151 1513 4210 ipsum
1541 4154 1697 4210 esse,
1730 4140 1887 4200 sicut
1913 4140 2017 4199 lux
2043 4138 2118 4200 ad
2144 4139 2362 4212 lucem,
2392 4142 2487 4199 vel
2516 4139 2732 4200 albedo
2750 4112 2823 4198 ad

474 4272 719 4341 Deinde,
740 4275 983 4357 quiaad
1012 4277 1202 4348 ipsam
1233 4277 1411 4360 etiam
1438 4279 1689 4339 sormam
1719 4286 2099 4352 comparatur
2123 4281 2322 4364 ipsum
2349 4294 2488 4341 esse
2539 4287 2601 4341 ut
2633 4286 2824 4341 actus.

401 4343 517 4424 Per
537 4342 650 4400 boc
679 4357 860 4409 enim.
880 4360 948 4426 ‚m
979 4354 1331 4428 compositis
1359 4365 1432 4408 ex
1460 4353 1705 4409 materia
1724 4358 1782 4409 et
1804 4354 2013 4415 forma.
2044 4352 2263 4410 dicitur
2287 4354 2479 4411 forma
2502 4366 2641 4411 esse
2670 4354 2834 4424 prin·

400 4425 625 4485 clplum
654 4414 916 4486 essendi,
947 4423 1190 4488 qulaeSt
1216 4421 1714 4493 complementum
1746 4422 2116 4488 substantiae,
2131 4422 2485 4495 cujusactus
2503 4429 2598 4481 est
2624 4424 2830 4496 ipsum
