3076 5025
432 279 537 334 156
1328 274 1462 330 LIB.
1504 273 1576 340 Π,
1616 272 1769 327 CAP.
1806 272 1983 326 XLIV.

429 401 495 458 in
549 396 706 456 libro
753 397 1107 455 Porioi-chon.
1162 394 1381 454 volens
1434 393 1594 451 enim
1654 392 1933 451 resistcre
1996 392 2378 465 antiquorum
2442 392 2862 452 baereticorum

434 468 879 541 obiectionibus
903 472 963 525 et
991 466 1296 525 erroribus
1324 494 1393 507 —
1422 465 1523 538 qui
1552 464 1866 522 ostendere
1897 463 2237 521 nitebantur
2264 463 2558 520 diversam
2586 469 2862 521 naturam

428 540 572 600 boni
604 543 664 597 et
692 538 831 597 mali
862 551 999 597 esse
1026 537 1090 595 in
1120 536 1301 594 rebus
1328 550 1401 593 ex
1429 534 1747 592 contrariis
1783 533 2106 601 actoribuS‚
2156 540 2396 605 propter
2439 534 2688 591 multam
2739 534 2860 592 dis·

432 609 685 670 tantiam
717 609 1018 667 inventam
1062 612 1185 665 tam
1232 606 1296 665 in
1351 605 1531 663 rebus
1574 604 1947 662 naturalibus
1995 617 2174 675 quam
2225 604 2286 661 in
2330 604 2511 662 rebus
2555 603 2857 673 bumaniS,

432 694 612 754 quam
645 679 812 738 nulla
838 678 1050 736 merita
1085 676 1472 750 praecessisse
1501 675 1778 732 videntur
1805 692 1820 743 ;
1852 674 2085 732 scilicet
2114 674 2276 747 quod
2305 687 2560 745 corpora
2586 674 2857 746 quaedam

432 757 576 810 sunt
609 750 829 820 lucida,
854 747 1126 823 quaedam
1156 747 1411 805 obscura
1443 764 1459 816 3
1485 745 1726 818 quidam
1751 745 2028 803 homines
2059 760 2133 802 ex
2158 744 2452 813 barbaris,
2495 744 2739 817 quidam
2788 759 2858 803 ex

432 820 781 880 christianis
823 823 1236 878 nascuntur—
1263 822 1507 875 coactus
1537 823 1629 875 est
1656 829 1878 889 ponere
1907 829 2125 873 omnen
2156 815 2556 873 diversitatem
2589 815 2653 873 in
2682 815 2858 872 rebus

433 893 737 949 inventam
757 904 832 948 ex
854 890 1194 948 diversitate
1215 888 1586 957 meritorum,
1615 887 1947 944 secundum
1979 886 2082 943 Dei
2109 885 2430 967 justitiam,
2460 885 2856 957 processisse.

434 963 587 1019 Dicit
644 960 804 1018 enim
893 960 1012 1017 uod
1059 961 1215 1016 Deus
1263 973 1336 1016 ex
1381 957 1513 1016 sola
1567 971 1681 1015 sua
1723 957 1988 1015 bonitate
2039 969 2233 1029 primo
2282 969 2494 1014 omnes
2552 961 2860 1014 creaturas

433 1046 482 1090 ae
531 1030 696 1090 uates
729 1044 836 1103 pro
883 1030 1008 1088 uxit
1046 1034 1106 1087 et
1147 1041 1358 1087 omnes
1400 1028 1743 1099 spirituales
1787 1032 1843 1084 et
1891 1026 2238 1096 rationale8‚
2273 1041 2405 1098 quae
2454 1040 2558 1097 per
2604 1026 2861 1084 liberum

432 1048 742 1161 arqiiirium
789 1098 1186 1159 diversimode
1229 1102 1373 1157 sunt
1414 1104 1623 1166 motai,
1669 1097 1939 1170 quaedam
1988 1097 2364 1155 adhaerentes
2409 1099 2528 1154 Deo
2571 1097 2712 1168 plus
2767 1097 2861 1154 vel

431 1172 657 1252 minus²
690 1171 961 1243 quaedam
985 1169 1060 1228 ab
1087 1183 1160 1227 eo
1186 1169 1529 1227 recedentes
1555 1168 1645 1225 vel
1677 1168 1870 1241 magis
1896 1168 1991 1225 vel
2013 1167 2217 1226 minus
2249 1185 2263 1237 ;
2296 1172 2357 1225 et
2385 1167 2720 1226 secundum
2745 1168 2862 1225 hoc

434 1242 655 1300 diversi
684 1243 907 1314 gradus
933 1241 996 1298 in
1026 1239 1381 1299 substantiis
1424 1238 1838 1310 spiritualibus
1887 1253 1959 1296 ex
1998 1238 2202 1296 divina
2242 1238 2478 1310 justitia
2526 1243 2669 1295 sunt
2717 1237 2863 1296 sub·

433 1313 648 1382 secuti,
706 1318 771 1370 ut
823 1311 1065 1385 quidam
1122 1315 1324 1368 essent
1374 1310 1571 1381 angeli
1622 1308 1949 1367 secundum
1999 1308 2269 1367 diversos
2298 1308 2565 1377 ordineS,
2611 1307 2865 1381 quidam

434 1384 651 1440 animae
680 1381 958 1441 humanas
985 1381 1166 1439 etiam
1195 1379 1524 1439 secundum
1556 1379 1826 1438 diversos
1881 1384 2095 1447 status,
2126 1379 2367 1460 quidam
2411 1379 2587 1437 etiam
2637 1379 2864 1437 daemo·

434 1466 547 1511 nes
575 1452 635 1508 in
669 1452 926 1510 statibus
953 1451 1208 1510 diversis
1234 1467 1250 1519 3
1282 1455 1339 1507 et
1358 1456 1596 1521 propter
1621 1450 2022 1508 diversitatem
2044 1449 2428 1507 rationalium
2449 1452 2860 1507 creaturarum

434 1522 672 1581 dicebat
708 1521 1108 1580 diversitatem
1154 1521 1556 1591 corporalium
1585 1527 1988 1578 creaturarum
2022 1522 2205 1578 Deum
2235 1520 2594 1587 instituisse,
2631 1524 2699 1577 ut
2750 1533 2866 1578 no-

431 1591 755 1651 bilioribus
802 1592 1156 1662 corporibus
1208 1591 1534 1649 nobiliores
1583 1591 1926 1662 spirituales
1977 1591 2327 1649 substantiae
2370 1589 2865 1670 adJungerentur²

433 1669 496 1721 ct
524 1662 924 1721 diversimode
953 1661 1284 1733 corporalis
1311 1666 1583 1718 creatura
1610 1660 2011 1732 spiritualium
2035 1660 2509 1719 substantiarum
2528 1660 2865 1718 diversitati

434 1732 807 1807 quibuslibet
836 1731 1032 1791 modis
1063 1732 1200 1790 aliis
1225 1732 1568 1789 deserviret.

507 1804 643 1861 Haec
697 1808 896 1860 autem
953 1803 1159 1874 opinio
1207 1815 1342 1859 esse
1388 1802 1543 1859 falsa
1583 1801 1898 1860 manifeste
1959 1801 2355 1860 convincitur.
2410 1802 2645 1870 Quanto
2695 1801 2870 1860 enim

434 1871 664 1945 aliquid
698 1878 791 1932 est
817 1872 1036 1931 melius
1062 1874 1129 1930 in
1165 1871 1497 1940 effectibuS,
1543 1877 1708 1930 tanto
1761 1878 1854 1930 est
1893 1872 2064 1954 prius
2105 1872 2169 1929 in
2212 1871 2542 1928 intentione
2587 1871 2860 1954 agentis.

437 1943 738 2013 Optimum
772 1949 969 2001 autem
999 1943 1064 2000 in
1093 1942 1272 2000 rebus
1300 1943 1517 2000 creatis
1545 1949 1637 2000 est
1665 1943 1948 2014 perfectio
1994 1942 2280 2011 universi,
2320 1955 2452 2015 quae
2473 1945 2759 1999 consistit
2798 1955 2868 2000 in

437 2012 652 2072 ordine
682 2013 1101 2071 distinctarum
1130 2026 1346 2071 rerum.
1382 2016 1445 2069 ln
1473 2012 1755 2070 omnibus
1785 2014 1942 2069 enim
1983 2012 2267 2083 perfectio
2296 2012 2481 2070 totius
2516 2012 2871 2083 pra-:eminet

436 2082 792 2156 perfectioni
825 2083 1222 2164 singularium
1248 2082 1526 2154 partium.
1560 2083 1744 2156 Igitur
1772 2083 2086 2141 diversitas
2108 2096 2305 2140 rerum
2337 2082 2610 2154 provenit
2633 2094 2760 2140 non
2790 2096 2867 2143 ex

435 2153 782 2212 diversitate
817 2160 1187 2223 meritorum,
1218 2153 1323 2211 sed
1355 2167 1424 2210 ex
1451 2153 1765 2225 principali
1787 2153 2117 2212 intentione
2146 2153 2320 2225 primi
2353 2153 2610 2225 agentis.

505 2225 728 2294 Adhuc,
784 2224 838 2282 si
894 2237 1107 2281 omnes
1157 2228 1440 2281 creaturae
1484 2223 1812 2282 rationales
1855 2239 1893 2282 a
1938 2224 2234 2296 principio
2292 2224 2532 2281 suerunt
2597 2224 2866 2297 aequales

435 2298 672 2356 creatae,
705 2298 937 2364 oportet
984 2293 1180 2352 dicere
1214 2293 1372 2366 quod
1404 2306 1525 2350 una
1553 2307 1756 2352 earum
1795 2294 1858 2351 in
1908 2307 2019 2353 sua
2061 2307 2097 2352 o
2142 2293 2406 2352 eratione
2453 2294 2527 2352 ab
2570 2294 2691 2350 alia
2739 2306 2865 2352 non

433 2363 749 2436 dependet.
805 2363 974 2433 Quod
1030 2369 1228 2421 autem
1271 2363 1544 2435 provenit
1592 2378 1664 2421 ex
1709 2377 2009 2422 concursu
2118 2366 2446 2422 iversarum
2511 2377 2860 2432 causarum,

436 2447 690 2507 quarum
720 2448 841 2493 una
868 2435 942 2492 ab
966 2433 1087 2491 alia
1113 2448 1238 2491 non
1280 2432 1592 2504 dependet,
1640 2439 1734 2491 est
1782 2435 2043 2492 casuale.
2097 2435 2283 2506 Igitur
2323 2434 2660 2491 'sec-undum
2711 2448 2864 2505 prae-

436 2505 657 2565 dictam
685 2504 1045 2635 {ositionem
1086 2504 1225 2563 talis
1266 2503 1569 2563 distinctio
1600 2508 1659 2561 et
1684 2503 1831 2563 ordo
1857 2518 2056 2564 rerum
2086 2511 2175 2563 est
2204 2504 2468 2563 casualis
2498 2522 2514 2573 ;
2553 2504 2721 2577 quod
2768 2509 2868 2565 est

434 2577 689 2648 impossi
738 2577 836 2646 ile,
869 2580 1143 2646 utsupra
1173 2575 1248 2703 ἱο.
1275 2575 1362 2647 39)
1391 2581 1703 2634 ostensum
1733 2581 1844 2634 est.

506 2648 785 2718 Amplius,
815 2647 977 2719 quod
1004 2652 1099 2704 est
1137 2661 1172 2703 a
1201 2647 1316 2704 icui
1362 2646 1631 2703 naturale
1679 2659 1800 2703 non
1847 2660 1883 2704 a
1961 2646 2175 2705 uiritur
2213 2646 2290 2705 ab
2335 2646 2456 2704 alio
2499 2659 2608 2715 per
2646 2646 2864 2704 volun-

435 2722 642 2776 tatem.
685 2719 880 2776 Motus
925 2716 1084 2775 enim
1122 2715 1448 2775 voluntatis
1489 2716 1618 2774 sive
1658 2715 1830 2774 liberi
1877 2731 1944 2775 ar
1985 2717 2104 2775 itrii
2143 2718 2555 2787 praesupponit
2599 2717 2864 2774 existen-

432 2788 582 2846 tiam
609 2787 888 2857 volentiS,
926 2787 1001 2845 ad
1038 2800 1218 2868 quam
1261 2786 1391 2858 ejus
1443 2786 1739 2844 naturalia
1778 2786 2115 2860 exiguntur.
2147 2787 2206 2844 Si
2249 2788 2434 2860 igitur
2474 2802 2583 2859 per
2625 2794 2860 2845 motum

433 2856 605 2917 liberi
636 2857 863 2915 arbitrii
910 2858 1242 2929 acquisitus
1288 2862 1382 2915 est
1420 2856 1695 2915 diversus
1737 2856 1959 2929 gradus
2003 2857 2386 2915 rationalium
2424 2862 2860 2921 creaturarum.

434 2929 589 2986 nulli
614 2933 898 2986 creaturae
927 2927 1203 2986 rationali
1233 2927 1346 2984 erit
1381 2939 1530 2985 suus
1557 2926 1778 3000 gradus
1807 2927 2120 2988 naturalis,
2154 2928 2259 2984 sed
2288 2926 2696 2985 accidentalis..
2734 2930 2865 2987 Hoc

437 3002 635 3056 autem
664 3003 757 3055 est
785 2996 1181 3068 impossibile.
1211 2998 1355 3055 Cum
1381 2998 1542 3054 enim
1573 2995 1908 3055 differentia
1932 2996 2213 3078 specifica
2256 2998 2338 3056 sit
2382 2999 2705 3072 unicuique
2748 3011 2865 3057 na·

434 3067 671 3136 turalis‚
701 3068 973 3148 sequitur
1018 3067 1180 3139 quod
1222 3080 1435 3125 omnes
1481 3067 1833 3126 substantiae
1876 3067 2200 3126 rationales
2247 3073 2459 3127 creatae
2508 3070 2631 3126 sint
2671 3068 2866 3127 unius

433 3136 683 3209 speciei,
719 3137 950 3194 scilicet
973 3136 1194 3217 angeli,
1221 3136 1548 3205 daemones‚
1575 3138 1865 3197 etanimae
1893 3138 2270 3206 humanae‚et
2293 3139 2506 3198 animae
2520 3138 2865 3197 coelestium

433 3219 777 3278 corporum,
802 3221 935 3279 quae
963 3208 1252 3280 Origenes
1281 3206 1545 3266 animata
1569 3208 1830 3288 ponebat
1858 3226 1873 3278 3
1907 3216 1966 3266 et
1993 3209 2108 3267 boc
2135 3221 2271 3266 esse
2301 3209 2518 3267 falsum
2537 3208 2866 3269 diversitas

435 3278 740 3337 actionum
766 3277 1125 3336 naturalium
1156 3276 1436 3336 declarat.
1468 3279 1599 3336 Non
1629 3292 1789 3335 enim
1815 3283 1907 3337 est
1935 3278 2091 3336 idem
2122 3279 2339 3338 modus
2405 3294 2480 3337 uo
2510 3278 2869 3338 naturaliter

433 3348 722 3421 intelligit
773 3347 1113 3406 intellectus
1138 3347 1440 3406 humanus
1466 3349 1570 3422 qui
1616 3362 1802 3406 sensu
1850 3353 1907 3407 et
1936 3349 2253 3420 phantasia
2293 3295 2541 3422 infliget,
2576 3356 2636 3407 et
2679 3348 2860 3408 intel-

431 3417 626 3476 lectus
658 3418 988 3490 angelicus,
1019 3423 1077 3476 et
1104 3418 1307 3477 anima
1333 3418 1484 3477 solis
1515 3436 1531 3487 ;
1561 3419 1679 3476 nisi
1710 3419 1861 3477 sorte
1884 3417 2184 3491 fingamus
2214 3420 2468 3493 angelos
2497 3425 2556 3478 et
2582 3418 2867 3479 coelestia.

434 3501 689 3560 corpora
714 3488 933 3547 habere
961 3502 1172 3547 carnes
1201 3494 1261 3547 et
1283 3501 1427 3547 ossa
1465 3494 1524 3546 et
1567 3488 1721 3547 alias
1765 3489 2108 3561 hujusmodi
2151 3497 2372 3562 partes,
2420 3490 2496 3548 ad
2544 3490 2657 3549 boc
2695 3491 2863 3562 quod

432 3559 676 3640 possint
699 3573 927 3631 organa
952 3572 1253 3640 sensuum·
1271 3558 1489 3639 habere
1520 3577 1535 3627 ;
1610 3558 1728 3618 uod
1757 3566 1850 3617 est
1876 3559 2221 3619 absurdum.
2253 3560 2632 3641 Relinquitur
2670 3559 2864 3632 igitur

432 3629 596 3702 quod
620 3629 935 3687 diversitas
957 3629 1427 3688 substantiarum
1456 3635 1580 3687 inte
1608 3629 1952 3689 lectualium
1994 3644 2119 3688 non
2170 3637 2560 3703 consequitur
2606 3629 2861 3690 diversi·

428 3704 613 3760 tatem
640 3700 987 3759 meritorum
1013 3713 1146 3773 quae
1171 3704 1315 3758 sunt
1340 3699 1672 3758 secundum
1702 3705 1902 3759 motus
1929 3700 2100 3759 liberi
2133 3700 2382 3759 arbitrii.

501 3771 722 3839 Adhuc,
751 3771 804 3828 si
830 3784 902 3828 ea
927 3784 1062 3843 quae
1089 3776 1232 3829 sunt
1254 3769 1551 3829 naturalia
1577 3783 1701 3827 non
1730 3771 2121 3843 acquiruntur
2147 3785 2253 3843 per
2276 3778 2505 3830 motum
2546 3770 2718 3829 liberi
2762 3784 2864 3831 ar·

429 3838 616 3910 bitrii‚
646 3840 909 3903 animam
937 3845 1135 3899 autem
1161 3840 1512 3920 rationalem
1541 3840 1645 3896 tali
1690 3841 1926 3912 corpori
1972 3839 2129 3899 uniri
2171 3855 2240 3900 ac
2284 3842 2501 3900 uiritur
2526 3842 2580 3898 ei
2614 3846 2862 3921 propter

429 3910 775 3982 praecedens
803 3911 1079 3969 meritum
1100 3910 1195 3968 vel
1223 3910 1575 3968 demeritum
1603 3911 1934 3969 secundum
1978 3916 2207 3970 motum
2278 3912 2426 3970 iberi
2473 3912 2727 3980 arbitrii,
2760 3925 2862 3971 se·

473 3985 650 4037 uetur
670 3981 830 4053 quod
857 3980 1201 4053 conjunctio
1230 3980 1411 4053 hujus
1434 3980 1653 4038 animae
1696 3981 1772 4039 ad
1810 3982 1927 4040 hoc
1973 3994 2193 4053 corpus
2235 3995 2359 4040 non
2401 3982 2484 4040 sit
2526 3981 2851 4040 naturalis.

479 4062 588 4123 rgo
617 4063 728 4110 nec
758 4052 1157 4123 compositum
1185 4056 1279 4110 est
1301 4050 1593 4109 naturale.
1629 4052 1818 4109 Homo
1856 4055 2052 4110 autem
2084 4057 2143 4108 et
2185 4053 2304 4120 sol,
2348 4052 2680 4111 secundum
2728 4052 2859 4110 Ori-

431 4131 669 4191 genem‚
699 4124 756 4178 et
782 4127 945 4181 astra
972 4127 1115 4181 sunt
1139 4121 1474 4193 composita
1495 4135 1570 4178 ex
1598 4118 1954 4181 substantiis
1982 4122 2380 4181 rationalibus
2404 4127 2466 4181 et
2500 4121 2857 4194 corporibus

427 4189 676 4247 talibus.
707 4193 859 4271 largo
886 4193 1090 4251 omnia
1118 4191 1487 4264 hujusmodi,
1530 4204 1665 4264 quae
1722 4196 1866 4251 sunt
1903 4190 2289 4252 nobilissima
2330 4192 2490 4251 inter
2531 4203 2857 4266 corporeas

426 4258 824 4341 substantiaS‚
854 4267 999 4319 sunt
1031 4262 1412 4321 innaturalia.

499 4331 653 4397 Item,
679 4342 735 4387 si
764 4330 905 4389 huic
931 4332 1283 4391 substantiae
1311 4332 1588 4391 rationali
1618 4345 1744 4392 non
1787 4332 2085 4397 convenit,
2125 4333 2192 4392 in
2236 4338 2525 4406 quantum
2572 4338 2669 4391 est
2717 4332 2865 4393 talis

428 4400 790 4470 substantia,
822 4400 963 4462 huic
988 4403 1225 4475 corpori
1253 4402 1437 4474 uniri,
1463 4403 1573 4464 sed
1599 4401 1798 4479 magis
1822 4402 1885 4462 in
1914 4410 2205 4478 quantum
2245 4410 2362 4474 est,
2406 4403 2498 4463 sic
2541 4404 2864 4463 materiam
