3076 5025
426 245 526 299 ¹58
1350 237 1483 292 Lm.
1526 238 1600 304 11,
1637 236 1792 292 CAP.
1830 237 1980 291 XLV.

491 364 781 424 Praeterea,
814 373 999 433 quum
1026 364 1296 416 creatura
1323 357 1659 429 spiritualis
1686 370 1809 414 non
1841 363 2137 414 mereatur
2189 354 2550 436 desc-endere
2597 354 2719 413 nisi
2763 368 2877 427 per·

466 438 734 490 eccatum
767 430 1103 503 (descendit
1128 434 1325 487 autem
1355 443 1392 484 a
1421 442 1533 485 sua
1560 428 1951 496 sublimitate,
1978 427 2041 484 in
2068 440 2186 500 qua
2214 425 2539 484 invisibilis
2589 431 2704 495 est,
2763 440 2878 497 per.

424 442 537 561 Boc
568 502 727 575 quod
753 500 1097 559 visibilibus
1123 499 1477 571 corporibus
1510 498 1761 570 unitur),
1792 498 2025 556 videtur
2055 497 2227 569 sequi
2255 496 2413 569 quod
2447 495 2715 554 visibilia
2741 510 2870 554 cor-

422 586 571 646 pora
595 576 718 630 siut
746 572 835 630 eis
862 570 1146 644 adJ‘uncta
1172 575 1414 642 propter
1455 573 1806 639 peccalum;
1893 568 2011 626 uod
2042 568 2274 625 videtur
2321 567 2729 640 propinquum
2777 580 2867 625 er-

424 644 546 725 rori
596 642 1080 711 Manichaeorum,
1115 640 1470 714 ponentium
1521 639 1649 697 haec
1678 639 1858 697 visibi
1885 639 1947 696 ia
1974 653 2048 696 ex
2075 639 2234 696 malo
2282 638 2582 710 principio
2624 651 2864 710 proces-

428 727 607 774 sisse.

499 783 648 842 nuic
700 782 878 840 etiam
909 782 1179 854 opinioni
1210 780 1535 839 auctoritas
1565 793 1753 839 sacrae
1780 779 2095 851 scripturae
2142 777 2459 838 manifeste
2486 778 2863 851 contradicit,

420 855 569 928 quia
601 855 664 910 in
688 854 949 927 singulis
978 852 1262 924 operibus
1290 850 1619 909 visibilium
1651 855 2080 919 creaturarum,
2105 850 2214 907 tali
2239 849 2420 908 modo
2435 849 2718 921 loquendi
2751 849 2864 906 uti-

426 931 524 982 tur
550 927 786 997 Moyses
817 942 831 981 :
869 925 1023 981 Vidit
1045 927 1185 979 Deus
1212 922 1358 994 quod
1380 926 1517 978 esset
1543 922 1737 978 bonum
1757 921 1946 994 (Gen.,
2000 935 2042 982 1.
2073 919 2352 992 passim);
2384 927 2444 978 et
2480 920 2866 992 postmodum

418 995 500 1053 de
527 995 761 1053 cunctis
791 993 973 1052 simul
1000 993 1311 1066 subjungit
1340 1010 1354 1048 ε
1392 992 1549 1048 Vidit
1574 995 1718 1048 Deus
1746 996 1942 1048 cuncta
1994 1007 2114 1062 quai
2142 993 2366 1059 smeret,
2414 995 2468 1046 et
2510 996 2671 1047 erant
2710 990 2870 1047 valde

426 1065 568 1122 bona
613 1064 807 1137 (lbid.,
835 1065 949 1137 34).
976 1067 1057 1122 Ex
1076 1077 1195 1137 quo
1220 1063 1537 1121 manifeste
1558 1062 1733 1121 datur
1751 1061 2002 1134 intelligi
2031 1062 2191 1134 quod
2216 1067 2501 1120 creaturae
2524 1062 2869 1132 corporales

418 1140 488 1193 et
514 1135 785 1193 visibiles
814 1134 949 1193 ideo
979 1139 1121 1193 sunt
1152 1135 1340 1202 factae,
1376 1133 1518 1207 quia
1546 1132 1772 1191 bonum
1801 1137 1893 1191 est
1921 1146 2026 1190 eas
2043 1145 2200 1200 esse,
2225 1132 2385 1213 quod
2407 1137 2500 1190 est
2525 1144 2866 1190 consonum

422 1205 675 1334 divinatia
672 1205 947 1274 bonitati,
979 1210 1038 1263 et
1064 1217 1186 1263 non
1215 1209 1457 1278 propter
1480 1203 1683 1276 aliqua
1708 1209 2114 1262 creaturarum
2140 1203 2526 1262 rationalium
2551 1201 2869 1261 meritavel

471 1291 611 1334 ecca
678 1317 692 1333 .
988 1295 1001 1320 e

428 1289 467 1348 p
495 1346 738 1404 videtur
761 1351 959 1404 autem
984 1345 1277 1418 Origenes
1309 1358 1428 1401 nou
1461 1344 1850 1416 perpendisse
1880 1343 2294 1425 qu·od‚·quum
2334 1342 2573 1425 ‘aliquid
2621 1357 2749 1402 non
2793 1358 2874 1402 ex

427 1415 628 1474 debito
658 1416 764 1474 sed
798 1415 1123 1473 liberaliter
1151 1415 1384 1484 damuS‚
1409 1429 1533 1473 non
1575 1422 1667 1474 est
1704 1421 1912 1473 contra
1944 1420 2243 1487 justitiam
2296 1427 2349 1472 si
2403 1414 2727 1487 inaequalia
2763 1414 2873 1472 da-

430 1498 592 1555 mus,
621 1487 788 1543 nulla
815 1486 1157 1545 diversitate
1186 1486 1533 1543 meritorum
1567 1492 1837 1557 pensata,
1890 1498 2074 1558 quum
2126 1484 2439 1542 retributio
2495 1484 2876 1543 merentibus

428 1556 750 1626 debeatur;
780 1558 938 1614 Deus
968 1562 1188 1624 autem,
1221 1562 1493 1627 utsupra
1527 1562 1839 1614 ostensum
1869 1561 1981 1623 est,
2032 1569 2105 1612 ex
2153 1555 2323 1614 nullo
2370 1555 2589 1624 debite,
2637 1554 2748 1613 sed
2796 1570 2878 1613 ex

427 1640 592 1683 mera
630 1626 981 1685 liberalitate
1015 1627 1193 1684 resin
1225 1641 1360 1686 esse
1390 1626 1709 1698 produxit;
1742 1626 1900 1683 unde
1958 1625 2278 1685 diversitas
2326 1632 2732 1683 creaturarum
2777 1625 2877 1681 di-

427 1696 770 1755 versitatem
796 1697 1143 1754 meritorum
1188 1711 1311 1755 non
1354 1697 1783 1769 praesupponit.
1837 1700 2001 1759 ltem,
2048 1710 2232 1768 quum
2276 1695 2500 1755 bonum
2553 1697 2744 1754 totius
2791 1697 2878 1754 sit

428 1765 649 1825 melius
676 1781 854 1841 quam
885 1767 1108 1825 bonum
1136 1767 1538 1842 singularium
1565 1767 1840 1840 partium,
1873 1780 1998 1824 non
2023 1773 2117 1824 est
2155 1767 2363 1838 optimi
2396 1767 2642 1825 factoris
2691 1766 2875 1825 dimi·

427 1850 615 1894 nuere
652 1837 875 1896 bonum
902 1838 1108 1907 totiuS,
1142 1843 1207 1895 ut
1232 1838 1311 1896 ali
1360 1853 1572 1896 uarum
1602 1839 1858 1910 partium
1889 1843 2106 1909 augeat
2134 1837 2465 1895 bonitatem
2495 1855 2510 1906 ;
2547 1850 2673 1895 noii
2699 1837 2873 1895 enim

427 1906 756 1966 aedificator
807 1908 1197 1966 fundamento
1248 1912 1320 1966 tri
1368 1912 1455 1966 uit
1502 1923 1634 1966 eam
1689 1908 2018 1966 bonitatem
2066 1922 2244 1980 quain
2290 1908 2497 1966 tribuit
2546 1912 2731 1978 tecto,
2791 1921 2872 1966 ne

428 1976 673 2036 domum
705 1977 885 2036 faciat
911 1980 1223 2037 ruinosam
1249 1997 1265 2049 ;
1295 1979 1486 2037 factor
1514 1980 1700 2053 igitur
1727 1980 1998 2036 omnium
2032 1980 2189 2036 Deus
2225 1991 2347 2036 non
2387 1979 2612 2037 faceret
2669 1983 2868 2036 totum
2915 2021 2924 2044 .

426 2048 774 2106 universum
826 2062 940 2109 suo
982 2063 1203 2122 genere
1245 2050 1562 2121 optimum,
1594 2050 1648 2108 si
1703 2049 1924 2108 faceret
1952 2062 2165 2107 omnes
2194 2054 2392 2120 partes
2417 2049 2878 2123 aequales‚quia

426 2118 602 2176 multi
632 2119 857 2193 gradus
885 2120 1175 2179 bonitatis
1203 2119 1266 2178 in
1287 2120 1573 2180 universo
1602 2120 1902 2190 deessent,
1934 2126 1994 2178 et
2015 2119 2106 2180 sic
2136 2124 2297 2179 esset
2321 2119 2762 2191 imperfectum.

1403 2337 1661 2402 CAPUT
1703 2339 1883 2402 XLV.

597 2518 729 2572 ΟΠΞ
762 2519 854 2565 sn·
884 2519 1073 2566 rimu
1098 2519 1290 2567 GAUSA
1315 2519 1744 2566 manchNis
1773 2521 1974 2567 mult
1999 2519 2307 2568 summm
2333 2519 2700 2570 nalum

502 2681 748 2739 Ostendi
771 2687 967 2739 autem
999 2696 1072 2740 ex
1100 2682 1405 2755 praedictis
1434 2686 1631 2754 potest
1660 2697 1792 2756 quae
1817 2684 1896 2742 sit
1927 2697 2061 2742 vere
2088 2684 2282 2756 prima
2316 2684 2733 2747 distinctionis
2773 2702 2871 2746 re-

502 2823 697 2891 Quum
723 2822 881 2879 enim
913 2836 1093 2880 omne
1118 2837 1306 2895 agens
1338 2824 1610 2882 intendat
1639 2838 1810 2882 suain
1841 2824 2301 2882 similitudinem
2348 2824 2412 2883 in
2452 2825 2732 2886 effectum
2774 2829 2870 2887 in-

424 2890 668 2960 ducere,
695 2894 1026 2950 secundum
1057 2893 1217 2965 quod
1246 2892 1495 2953 effectus
1523 2909 1735 2966 capere
1766 2900 1979 2967 potest,
2010 2900 2178 2954 tanto
2203 2896 2319 2953 hoc
2359 2897 2485 2969 agit
2513 2898 2868 2970 perfectius,

422 2967 656 3033 quanto
684 2976 872 3042 agens
902 2964 1224 3034 perfectius
1252 2970 1376 3030 est;
1397 2971 1558 3036 patet
1586 2966 1745 3022 enim
1775 2966 1934 3038 quod
1965 2973 2190 3038 quanto
2216 2966 2442 3039 aliquid
2466 2975 2558 3026 est
2600 2969 2870 3030 calidius

428 3036 596 3089 tanto
632 3031 770 3113 facit
791 3047 890 3090 ma
920 3033 987 3114 'is
1015 3033 1298 3114 calidum,
1322 3041 1380 3116 et
1406 3041 1632 3116 quanto
1657 3042 1749 3094 est
1773 3037 1994 3163 alissuis
2014 3038 2228 3095 melior
2253 3038 2486 3107 artifex,
2515 3044 2679 3096 tanto
2737 3041 2871 3098 for-

427 3114 587 3159 mam
618 3108 764 3160 artis
793 3117 898 3174 per
923 3108 1116 3162 ectius
1145 3105 1374 3162 inducit
1402 3120 1463 3162 in
1486 3107 1822 3164 materiam.
1903 3120 2011 3164 eus
2025 3114 2222 3165 autem
2237 3114 2329 3166 est
2353 3109 2872 3180 perfectissimum

426 3184 637 3244 agens.
675 3173 857 3239 Suam
882 3173 1064 3254 igitur
1088 3174 1544 3233 similitudinem
1576 3176 1640 3234 in
1672 3177 1849 3235 rebus
1873 3178 2091 3235 creatis
2121 3178 2193 3235 ad
2220 3191 2356 3235 euin
2387 3178 2721 3249 pertinebat
2769 3182 2873 3239 in-

426 3242 643 3324 ducere
678 3244 1132 3324 perfectissime,
1161 3251 1449 3317 quantum
1490 3253 1718 3305 naturae
1761 3254 1975 3306 creatae
2016 3249 2317 3307 convenit.
2371 3250 2484 3307 Sed
2534 3251 2868 3321 perfectam

427 3314 531 3371 Dei
552 3314 1007 3395 similitudinem
1035 3328 1155 3373 non
1190 3323 1447 3387 possunt
1465 3318 1754 3390 consequi
1787 3331 1883 3376 res
1915 3325 2126 3377 creatoe
2157 3319 2488 3378 secundum
2519 3334 2705 3379 unam
2749 3336 2870 3395 ‚so-

425 3383 545 3442 lam
571 3398 831 3466 spe-elem·
861 3390 1166 3466 creaturis,
1190 3387 1363 3466 quia,
1390 3402 1573 3461 quum
1604 3402 1789 3447 causa
1817 3389 2061 3447 excedat
2104 3387 2403 3459 effectum,
2447 3391 2608 3463 quod
2654 3397 2754 3450 est
2795 3394 2868 3453 in

416 3468 610 3535 caiisa
634 3455 986 3527 simpliciter
1013 3461 1072 3513 et
1100 3463 1285 3525 unite,
1316 3459 1379 3515 in
1409 3457 1625 3517 effectu
1653 3460 1956 3518 invenitur
1982 3460 2316 3531 composite
2345 3467 2402 3518 et
2419 3461 2864 3533 multipliciter,

425 3525 546 3583 nisi
566 3523 816 3585 effectus
838 3526 1134 3607 pertingat
1160 3526 1234 3585 ad
1263 3528 1523 3600 speciem
1555 3543 1791 3599 causan
1822 3530 1982 3603 quod
2010 3530 2074 3588 in
2102 3532 2411 3602 proposito
2441 3531 2557 3589 dici
2587 3546 2711 3591 non
2752 3548 2864 3605 po·

420 3599 551 3677 test·
566 3613 582 3665 ;
599 3609 735 3677 ‚non
756 3609 916 3654 enim
936 3603 1210 3677 creatura
1229 3604 1421 3670 potest
1445 3613 1582 3657 esse
1605 3603 1725 3657 Deo
1743 3600 2013 3673 aequalis.
2038 3602 2312 3673 oportuit
2337 3602 2525 3674 igitur
2547 3615 2687 3662 esse
2706 3603 2868 3662 inul-

424 3666 797 3738 tiplicitatem
825 3674 885 3724 et
909 3673 1251 3726 varietatem
1279 3669 1341 3726 in
1365 3670 1544 3728 rebus
1571 3672 1810 3741 creatis,
1840 3671 1912 3729 ad
1945 3671 2061 3730 boc
2087 3672 2250 3745 quod
2273 3672 2643 3731 inveniretur
2672 3674 2736 3732 in
2767 3676 2864 3734 eis

424 3737 529 3794 Dei
561 3738 894 3796 similitudo
913 3739 1173 3809 perfecta
1200 3741 1531 3798 secundum
1557 3741 1800 3800 modum
1821 3755 2021 3801 suum.

493 3810 767 3887 Amplius,
799 3810 957 3867 sicut
981 3823 1051 3866 ea
1063 3823 1198 3882 qiiae
1227 3809 1377 3868 fiunt
1404 3825 1476 3868 ex
1505 3812 1776 3881 materia,
1807 3818 1951 3871 sunt
1978 3813 2039 3870 in
2070 3814 2340 3885 potentia
2365 3814 2629 3873 materiai
2659 3817 2862 3887 passi-

416 3888 518 3944 va,
549 3884 632 3935 ita
659 3892 790 3949 quae
817 3879 969 3959 flunt
991 3880 1065 3937 ab
1088 3887 1301 3963 agente
1330 3887 1564 3961 oportet
1588 3896 1723 3941 esse
1774 3884 1834 3941 in
1922 3885 2148 3942 otentia
2184 3885 2376 3942 activa
2409 3886 2667 3957 agentis.
2724 3889 2858 3944 Non

425 3951 620 4026 autem
654 3955 918 4019 potentia
946 3963 1183 4021 passiva
1212 3958 1476 4010 materiae
1507 3954 1765 4024 perfecte
1793 3968 1857 4011 re
1901 3960 2178 4012 uceretur
2201 3955 2265 4011 in
2295 3961 2517 4023 actum,
2547 3956 2599 4013 si
2634 3970 2708 4014 ex
2738 3971 2859 4014 nia·

422 4019 570 4095 teria
595 4016 766 4097 fleret
794 4033 979 4078 unuin
1002 4026 1230 4079 tantum
1261 4036 1467 4079 eorum
1498 4024 1574 4080 ad
1604 4039 1736 4096 quie
1767 4025 2014 4081 materia
2042 4031 2136 4084 est
2181 4026 2246 4082 iii
2273 4027 2559 4097 potentia.
2594 4028 2772 4099 Erg0,
2800 4026 2852 4084 si

422 4084 644 4158 aliquis
669 4103 857 4160 agens
884 4091 1058 4172 cujus
1087 4093 1353 4173 potenti—a
1380 4098 1471 4151 est
1502 4094 1572 4152 ad
1599 4096 1799 4166 plures
1826 4093 2076 4165 effectus
2119 4097 2340 4154 faceret
2389 4110 2573 4155 unum
2604 4098 2849 4155 illorum

420 4160 673 4236 tantum,
702 4166 968 4231 potentia
994 4176 1125 4234 elus
1154 4176 1275 4220 non
1305 4168 1388 4221 ita
1416 4167 1709 4236 complete
1734 4165 2115 4224 reduceretur
2142 4167 2205 4224 in
2232 4172 2430 4225 actum
2460 4168 2622 4226 sicut
2667 4179 2852 4242 quum

421 4224 565 4284 facit
590 4230 779 4299 plura,
812 4232 923 4311 Per
951 4232 1065 4291 hoc
1092 4238 1291 4290 autem
1320 4235 1479 4306 quod
1507 4236 1773 4307 potentia
1795 4236 1991 4294 activa
2015 4237 2322 4295 reducitur
2362 4238 2422 4294 in
2453 4243 2678 4309 actum,
2709 4235 2852 4295 effe-

420 4301 554 4379 ctus
574 4306 966 4380 consequitur
993 4303 1449 4363 similitudinem
1480 4306 1738 4378 agentis.
1767 4308 1921 4378 Ergo
1948 4320 2072 4365 non
2089 4313 2251 4366 esset
2274 4309 2538 4380 perfecta
2557 4310 2661 4365 Dei
2691 4309 2863 4367 simi·

420 4367 612 4427 litudo
643 4382 705 4426 iii
736 4383 1038 4443 universo,
1069 4374 1123 4433 si
1153 4381 1316 4433 esset
1340 4389 1498 4435 unus
1526 4382 1757 4435 tantum
1787 4376 2013 4450 gradus
2029 4379 2302 4438 omnium
2322 4379 2572 4437 entium.
2605 4381 2865 4451 Propter
