3076 5025
1077 266 1212 322 LIB.
1252 266 1344 335 IV,
1385 266 1538 323 GAP.
1577 267 1683 324 XC.
2491 272 2594 327 635

160 401 423 459 corpora
469 392 644 446 erunt
694 402 730 447 a
777 387 962 459 bilia,
1003 388 1177 462 quasi
1223 388 1354 446 sine
1402 388 1753 447 difficultate
1801 388 2017 447 animm
2064 388 2443 459 obedientia;
2488 390 2599 451 sed

159 458 362 530 magis
394 466 569 516 erunt
598 472 712 530 pon
759 472 954 528 erosa,
987 463 1048 516 et
1080 460 1301 531 gravia,
1332 464 1391 516 et
1418 459 1863 531 quodammodo
1910 460 2123 517 animae
2168 461 2593 532 importabilia,

161 530 329 588 sicut
356 535 412 587 et
443 529 585 600 ipsae
616 530 829 587 animae
873 543 982 600 per
1023 529 1489 587 inobedientiam
1517 544 1555 587 a
1582 532 1703 587 Deo
1732 534 1875 587 sunt
1915 543 2157 588 aversae.
2188 530 2600 590 Remanebunt

157 600 347 658 etiam
392 600 707 671 passibilia
738 601 895 658 sicut
935 613 1117 670 nunc,
1146 600 1241 656 vel
1286 601 1465 656 etiam
1513 600 1853 672 magis3ita
1877 604 2076 658 tamen
2104 601 2263 672 quod
2302 601 2600 672 patientur

161 670 412 744 quidem
444 685 479 728 a
504 670 684 728 rebus
712 670 1104 728 sensibilibus
1124 670 1534 735 afflictionem,
1557 676 1895 728 nontamen
1925 672 2370 741 corruptionem
2395 690 2410 740 ;
2441 672 2599 730 sicut

163 747 227 799 et
247 741 518 811 ipsorum
549 742 764 799 animae
790 741 1227 813 torquebuntur
1245 755 1280 799 a
1299 741 1555 799 naturali
1576 741 1874 799 desiderio
1890 741 2274 799 beatitudinis
2292 741 2596 800 frustrato.

163 813 358 869 Erunt
384 812 562 868 etiam
592 825 798 868 eorum
828 826 1082 883 corpora
1111 825 1319 883 opaea,
1350 817 1409 868 et
1434 810 1773 883 tenebrosa,
1802 811 1962 869 sicut
1988 816 2047 869 et
2076 825 2287 869 eorum
2319 812 2533 870 anitnae
2559 824 2603 873 a

159 882 399 940 lumine
427 882 644 940 divinae
668 882 1038 955 cognitionis
1065 885 1240 939 erunt
1267 881 1479 940 alienae
1511 896 1528 935 τ
1559 886 1619 939 et
1641 881 1758 940 hoc
1784 881 2056 955 estquod
2083 881 2404 952 Apostolus
2428 882 2598 952 dicit,

164 954 191 1010 1
224 952 494 1010 Corinth.
547 965 653 1021 xv,
686 957 775 1016 5¹,
819 953 981 1026 quod
1024 966 1205 1009 omnes
1251 966 1613 1022 resumemus,
1643 953 1739 1008 sed
1772 967 1882 1008 non
1924 967 2105 1008 omnes
2146 954 2599 1023 immutabimur,-

158 1022 285 1150 sclili
314 1023 472 1103 enim
503 996 645 1080 boni
674 1024 1150 1148 ignmutabuntur
1174 1022 1249 1081 ad
1285 1025 1579 1096 gloriam3
1610 1023 1905 1081 malorum
1927 1036 2069 1081 vero
2089 1035 2342 1094 corpora
2367 1024 2598 1097 absque

239 1106 373 1151 oria
399 1107 572 1150 resur
614 1106 686 1150 en
719 1136 732 1149 .

165 1106 211 1168 g
236 1165 411 1221 Forte
436 1109 633 1221 auteffn
656 1163 836 1221 alicui
865 1168 1063 1236 potest
1087 1164 1467 1237 impossibile
1485 1163 1673 1222 videri
1703 1164 1862 1237 quod
1883 1164 2178 1222 malorum
2198 1177 2450 1236 corpora
2477 1164 2605 1223 sint

160 1233 500 1307 passibilia,
563 1248 685 1291 non
736 1240 934 1292 tamen
992 1236 1445 1306 corruptibilia,
1501 1249 1640 1293 cum
1687 1236 1888 1293 omnis
1933 1235 2139 1306 passio
2195 1236 2392 1307 magis
2445 1234 2605 1296 facta

159 1304 407 1376 ainciat
436 1318 472 1363 a
500 1306 839 1363 substantia
869 1323 885 1373 ;
913 1305 1188 1363 videmus
1226 1306 1388 1363 enim
1415 1305 1597 1378 quod,
1626 1305 1680 1364 si
1708 1317 1931 1376 corpus
1959 1305 2059 1362 diu
2110 1306 2173 1363 iu
2203 1306 2342 1377 igne
2368 1318 2600 1377 perma-

162 1379 329 1444 neat,
377 1373 634 1433 finaliter
665 1382 1096 1446 consumetur;
1143 1376 1316 1434 dolor
1356 1376 1534 1433 etiam
1566 1376 1620 1433 si
1664 1375 1743 1435 sit
1785 1375 1971 1433 nimis
1996 1376 2295 1444 intensus,
2325 1376 2525 1433 anima
2562 1387 2603 1436 a

159 1458 418 1516 corpore
463 1451 792 1517 separatur.
833 1446 949 1504 Sed
1000 1446 1116 1504 boc
1168 1451 1360 1505 totum
1408 1446 1627 1504 accidit
1670 1446 1982 1518 supposita
2034 1446 2601 1505 transmutabilitate

158 1515 427 1574 materiae
482 1516 556 1575 de
610 1517 804 1573 forma
851 1517 917 1574 in
965 1515 1240 1574 formam.
1298 1519 1526 1588 Corpus
1583 1521 1781 1575 autem
1837 1517 2165 1574 humanum
2207 1522 2347 1588 post
2398 1529 2599 1576 resur-

159 1587 490 1644 rectionem
540 1600 662 1644 non
707 1586 822 1644 erit
862 1587 1316 1645 transmutabile
1355 1587 1428 1644 de
1471 1587 1664 1645 forma
1692 1588 1755 1645 in
1783 1586 2037 1645 formam
2077 1600 2271 1658 neque
2298 1587 2359 1643 in
2390 1586 2593 1659 bonis,

167 1670 365 1729 neque
395 1657 458 1713 in
488 1658 687 1725 malis,
712 1658 857 1731 quia
883 1658 948 1715 in
985 1658 1256 1729 utrisque
1286 1657 1544 1715 totaliter
1570 1657 1909 1738 perficietur
1936 1657 2012 1715 ab
2059 1659 2261 1714 anima
2306 1665 2595 1730 quantum

167 1727 238 1785 ad
272 1740 411 1784 esse
451 1733 716 1796 naturae3
745 1729 826 1785 ita
854 1735 919 1785 ut
941 1726 1067 1801 jam
1098 1741 1218 1785 non
1251 1730 1332 1786 sit
1399 1729 1650 1786 ossibtle
1680 1728 1835 1786 hanc
1863 1729 2114 1786 formam
2155 1742 2189 1786 a
2214 1727 2319 1785 tali
2345 1740 2594 1800 corpore

167 1798 485 1866 removeri,
519 1811 712 1871 neque
759 1797 935 1856 aliam
981 1798 1304 1867 introduci,
1375 1798 1535 1857 ivina
1574 1799 1791 1856 virtute
1835 1812 2054 1870 corpus
2084 1800 2298 1856 animae
2336 1800 2601 1859 totaliter

167 1868 525 1939 subjiciente
566 1884 583 1922 ε
634 1869 791 1927 unde
843 1874 904 1926 et
950 1870 1219 1940 potentia
1269 1883 1404 1941 quae
1448 1874 1544 1928 est
1590 1870 1655 1927 in
1702 1869 1890 1940 prima
1933 1871 2184 1928 materia
2233 1869 2308 1928 ad
2359 1880 2600 1928 omnem

169 1938 424 1996 formam
457 1938 520 1995 in
550 1952 799 2010 corpore
829 1939 1094 1998 humano
1123 1939 1454 1996 remanebit
1489 1939 1933 2011 quodammodo
1975 1940 2158 2013 ligata
2238 1954 2302 1997 er
2326 1940 2601 1997 virtutem

170 2010 388 2067 animae
429 2021 505 2066 ne
544 2010 741 2081 possit
767 2010 831 2067 in
859 2016 1060 2068 actum
1096 2010 1343 2068 alterius
1363 2010 1571 2068 formas
1598 2010 1823 2068 reduci.
1852 2011 1988 2079 Sed,
2011 2011 2153 2085 quia
2221 2015 2601 2070 amnatorum

167 2092 425 2150 corpora
486 2086 776 2153 quantum
830 2080 907 2138 ad
960 2081 1038 2139 ali
1085 2093 1196 2139 uas
1248 2081 1630 2138 conditiones
1675 2094 1798 2138 non
1849 2087 2024 2139 erunt
2078 2081 2289 2138 animae
2340 2080 2605 2138 totaliter

168 2150 459 2221 subjecta,
490 2149 835 2223 affligentur
853 2164 1038 2209 secun
1087 2164 1184 2208 um
1213 2162 1459 2208 sensum
1486 2166 1519 2209 a
1549 2151 1965 2210 contrarietate
1993 2150 2373 2210 sensibilium
2407 2169 2420 2207 :
2452 2150 2601 2207 affli-

167 2226 385 2293 gentur
426 2221 585 2278 enim
635 2220 709 2279 ab
755 2221 896 2293 igne
939 2234 1249 2294 corporeo,
1300 2222 1656 2294 inquantum
1712 2222 1971 2295 qualitas
2015 2222 2177 2295 ignis
2220 2227 2461 2303 propter
2505 2219 2603 2279 sui

166 2290 579 2348 excellentiam
610 2291 1008 2350 contrariatur
1048 2291 1368 2365 aequalitati
1400 2292 1854 2363 complexionis,
1888 2297 1947 2349 et
1969 2291 2318 2361 harmonlae,
2350 2305 2482 2364 quae
2510 2295 2606 2349 est

169 2360 380 2420 sensui
434 2363 867 2432 connaturaliS,
914 2361 1051 2420 licet
1104 2376 1233 2420 eam
1283 2361 1515 2420 solvere
1572 2374 1696 2419 non
1750 2362 1983 2433 possit;
2036 2376 2161 2418 non
2209 2369 2407 2417 tamen
2459 2362 2602 2419 talis

170 2431 412 2490 afflictio
445 2433 706 2489 animam
753 2446 790 2489 a
832 2444 1082 2514 corpore
1120 2431 1342 2503 poterit
1386 2444 1686 2502 separare,
1715 2444 1901 2503 quum
1944 2443 2164 2502 corpus
2212 2443 2449 2502 semper
2487 2429 2602 2488 sub

171 2503 374 2561 eadem
404 2501 598 2562 forma
628 2516 877 2561 necesse
905 2508 983 2561 sit
1009 2516 1342 2560 remanere.

235 2573 404 2632 Sicut
456 2581 654 2632 autem
701 2586 953 2643 corpora
1000 2572 1308 2631 beatorum
1364 2576 1607 2645 propter
1658 2572 2109 2631 innovationem
2162 2571 2369 2646 gloriae
2421 2585 2606 2644 supra

168 2644 442 2702 coelestia
494 2657 747 2716 corpora
782 2645 1191 2713 elevabuntur,
1239 2644 1326 2701 ita
1365 2648 1427 2701 et
1468 2643 1643 2701 locus
1696 2642 1966 2713 infimus,
2010 2646 2071 2699 et
2116 2643 2495 2710 tenebrosus,
2542 2648 2603 2702 et

166 2714 423 2786 poenalis
451 2714 974 2787 proportionaliter
991 2713 1372 2784 deputabitur
1395 2712 1750 2783 corporibus
1771 2712 2188 2771 damnatorum
2218 2730 2233 2769 ι
2264 2713 2423 2770 unde
2453 2719 2513 2770 et
2538 2713 2606 2774 in

169 2786 390 2843 Psalm.
435 2797 554 2854 mv,
603 2790 687 2854 ¹6,
718 2785 979 2844 dicitur:
1016 2784 1214 2841 Veniat
1251 2798 1397 2840 mors
1432 2798 1596 2853 super
1632 2798 1719 2838 eos
1767 2786 1823 2839 et
1864 2784 2195 2839 descendant
2235 2784 2300 2839 in
2325 2786 2606 2851 internum

167 2860 445 2922 viventcs‚·
478 2861 539 2912 et
565 2856 828 2927 Apocal„
859 2865 961 2924 xx,
1007 2857 1063 2923 9,
1089 2854 1324 2922 dicitur,
1370 2854 1528 2980 (ἒυοά
1559 2826 1808 2909 diabotus
1835 2855 1935 2924 qui
1959 2854 2244 2909 seducebat
2270 2869 2373 2915 eos,
2403 2858 2604 2915 missus

165 2930 246 2983 eet
272 2929 334 2981 in
353 2930 610 2994 stagnum
628 2928 793 2995 tynis,
825 2930 876 2981 et
895 2924 1177 2995 sulphuris
1194 2943 1212 2980 ε
1231 2926 1330 2980 ubi
1350 2940 1376 2980 e
1424 2925 1614 2993 bestia,
1640 2928 1696 2979 et
1711 2924 2195 2995 pseudoprophetae
2213 2925 2605 2983 cruciabmttw·

167 2996 260 3053 die
288 3011 353 3053 ac
379 3002 530 3053 nocte
550 2999 613 3052 in
640 2996 839 3055 saecula
863 2997 1201 3053 saeculnm.

1180 3211 1433 3278 CAPUT
1468 3212 1597 3278 XC.

321 3394 596 3448 ottonom)
635 3393 1011 3440 smisrffl'rm
1045 3393 1428 3440 mdonromffl
1459 3393 1798 3442 PA'HANTUR
1831 3395 1913 3442 AB
1948 3394 2091 3444 101⁵(ss
2122 3394 2446 3444 conformo.

241 3557 358 3617 Sed
387 3560 584 3629 potest
614 3556 815 3613 venire
857 3556 921 3613 in
974 3557 1243 3632 dubium,
1271 3555 1578 3630 quomodo
1609 3556 1910 3628 diabolus„
1936 3558 2042 3632 qui
2066 3558 2462 3631 incorporeus
2491 3566 2603 3630 est,

167 3632 232 3687 et
285 3629 502 3686 anima}
555 3628 972 3684 damnatorum
1015 3633 1153 3686 ante
1197 3628 1699 3687 resurrectionem
1727 3627 1803 3687 ab
1838 3629 1979 3701 igne
2014 3632 2309 3703 corporali
2372 3632 2608 3702 possint

213 3697 317 3766 ati,
346 3713 382 3756 a
427 3712 550 3771 quo
593 3698 894 3769 patientur
938 3698 1000 3755 in
1032 3699 1270 3755 inferno
1299 3712 1552 3770 corpora
1579 3698 2017 3768 damnatorum,
2043 3701 2203 3759 sicut
2229 3705 2286 3758 et
2315 3702 2605 3759 Dominus

213 3769 333 3837 ὀὴ,
378 3769 604 3836 matth„
651 3780 797 3836 xxv,
827 3771 891 3826 41
928 3769 1071 3833 tlte,
1113 3769 1412 3839 maledicti,
1448 3772 1513 3826 in
1569 3771 1751 3839 ionem
1805 3774 2083 3836 &tet-num,
2109 3773 2208 3842 qm·
2242 3777 2474 3842 paratus
2527 3774 2607 3828 cst

168 3839 391 3899 diabolo
417 3844 470 3894 et
495 3841 703 3907 anqelis
730 3839 869 3910 ejus.
1671 3890 1674 3893 ,

241 3911 373 3967 Non
429 3910 614 3984 igitur
642 3910 732 3967 sic
761 3909 1179 3990 :estimandum
1223 3914 1314 3968 est
1356 3909 1514 3984 quod
1560 3910 1913 3970 substantiae
1961 3912 2328 3983 incorporeae
2361 3911 2434 3970 ab
2462 3913 2604 3984 igne

165 3991 464 4050 corporeo
510 3981 627 4051 pati
677 3987 934 4052 possuit,
964 3981 1122 4054 quod
1166 3994 1369 4038 earum
1415 3986 1630 4039 natura
1659 3987 2075 4054 corrumpatur
2106 3996 2211 4052 per
2255 3983 2477 4054 ignem,
2509 3983 2605 4042 vel

167 4050 477 4118 alteretur,
509 4058 608 4107 eut
634 4051 1147 4130 qualitercumque
1172 4052 1345 4109 aliter
1372 4056 1824 4123 transmutetur,
1850 4051 2007 4111 sicut
2034 4065 2195 4109 nunc
2223 4058 2433 4111 nostra
2471 4066 2602 4112 cor-

164 4131 323 4249 Bora
352 4122 764 4192 corruptibilia
793 4122 1098 4191 patiuntur
1136 4121 1211 4181 ab
1251 4122 1391 4195 igne
1423 4136 1439 4176 t
1469 4122 1821 4180 substantiae
1865 4123 2023 4179 enim
2069 4123 2437 4194 incorporeae
2482 4137 2604 4185 non

216 4189 397 4248 abent
447 4198 718 4247 naturam
763 4193 1160 4263 corporalem,
1209 4196 1277 4250 ut
1328 4193 1565 4263 possint
1600 4207 1638 4250 a
1679 4192 1860 4250 rebus
1904 4194 2209 4264 corporeis
2264 4195 2602 4265 immutari;

166 4274 368 4342 neque
398 4261 569 4317 etiam
603 4262 925 4342 formarum
956 4263 1334 4321 sensibilium
1366 4263 1719 4333 susceptivae
1747 4266 1909 4331 sunt,
1941 4263 2059 4321 nisi
2101 4263 2554 4338 intelligibiliter
2582 4279 2601 4320 ε

163 4333 312 4389 talis
362 4337 559 4389 autem
590 4337 892 4402 susceptio
936 4346 1056 4389 non
1087 4340 1182 4391 est
1225 4334 1498 4404 poenalis,
1525 4333 1632 4390 sed
1662 4333 1856 4405 magis
1884 4334 2205 4404 perfectiva
2251 4342 2309 4392 et
2352 4336 2613 4394 delecta·-

163 4401 333 4462 bilis.
354 4404 557 4476 Neque
577 4403 754 4460 etiam
773 4406 971 4476 potest
990 4403 1127 4474 dici,
1152 4403 1314 4478 quod
1341 4404 1643 4476 patiantur
1660 4403 1734 4464 ab
1750 4404 1891 4477 igne
1904 4417 2195 4478 corporeo
2211 4406 2599 4465 afflictionem
