3076 5025
1004 303 1142 363 Lm.
1180 304 1281 375 111,
1318 303 1473 363 GAP.
1513 302 1776 362 cxxxiv,
2503 309 2611 366 44⁷

168 424 414 507 vivendi
441 424 508 507 in
533 430 878 500 paupertate
897 425 1194 488 minorem
1221 424 1925 508 sollicitudinemexiglt,
1950 429 2118 485 tanto
2142 429 2461 507 paupertas
2514 383 2615 487 est

155 496 555 565 laudabilior,
581 511 704 555 non
731 503 931 556 autem
957 503 1182 570 quanto
1207 502 1525 580 paupertas
1564 498 1743 578 fuerit
1767 510 1979 568 maior,
2005 510 2126 578 non
2156 510 2316 578 enim
2357 512 2607 569 pauper·

166 567 649 711 &ittarta
674 567 1616 721 aiiiiptiiatbaiit⁰ssta
1638 567 2604 720 wisamarum&

169 707 362 791 homo
384 722 492 779 per
517 721 648 767 eam
675 708 958 768 liberatur
977 708 1052 769 ab
1073 709 1522 791 impedimentis
1549 708 1875 791 praedictis,
1904 713 1995 767 est
2022 707 2606 789 mensurabomtatis

169 792 327 852 effus,
362 781 428 860 litt
457 779 572 838 hoc
602 784 694 839 est
721 792 1040 860 commune
1067 793 1131 837 ιιι
1160 780 1442 860 omn-ibus
1470 779 1888 848 existentibus,
1917 793 2049 852 quae
2075 791 2140 835 in
2166 783 2397 840 tantum
2447 779 2611 860 bona

171 853 339 920 sunt,
369 862 438 907 m
467 854 756 923 quantum
783 849 1106 923 proficiunt
1131 850 1208 909 ad
1252 856 1551 922 virtutem,
1579 862 1700 908 non
1755 856 1954 910 autem
2008 849 2342 909 secundum
2385 862 2613 922 seipsa.

1079 1068 1335 1136 CAPUT
1390 1069 1706 1136 cxxxiv.

413 1245 654 1294 sonmo
691 1246 996 1298 unum
1030 1247 1221 1296 euru
1256 1246 1633 1296 montinum(
1666 1246 1895 1296 cotim
1924 1247 2372 1298 murnum.

255 1408 361 1469 Bis
410 1414 614 1468 autem
637 1408 786 1468 visis
835 1409 1100 1468 rationes
1127 1409 1473 1480 praemissas
1521 1407 1742 1482 quibus
1787 1416 2107 1482 paupertas
2156 1410 2609 1486 impugnantur,

185 1479 516 1560 dissolvere
543 1492 668 1538 non
692 1452 936 1560 difficile
967 1485 1078 1538 est.
1109 1480 1392 1547 Quamvis
1435 1480 1595 1561 enim
1622 1479 1859 1538 bomini·
1881 1481 2230 1564 naturaliter
2257 1483 2405 1563 insit
2431 1497 2617 1556 appe·

179 1554 333 1609 titus
360 1548 760 1622 congregandi
793 1564 865 1607 ea
896 1563 1027 1622 quae
1057 1555 1198 1607 sunt
1224 1564 1566 1608 necessaria
1592 1550 1665 1608 ad
1697 1551 1896 1621 vitam,
1928 1555 1992 1608 ut
2033 1564 2223 1624 prima
2266 1558 2421 1610 ratio
2470 1567 2617 1624 pro-

179 1620 461 1701 ponebat,
492 1633 615 1678 non
662 1626 857 1700 tamen
892 1620 1006 1678 hoc
1041 1618 1227 1701 ,modo
1274 1620 1432 1692 quod
1483 1633 1520 1700 ,⁰
1564 1626 1752 1678 orteat
1792 1621 2115 1693 quemlibet
2140 1623 2300 1681 circa
2319 1623 2432 1681 hoc
2454 1637 2608 1695 opus

180 1704 461 1761 occupari
494 1710 508 1746 :
541 1704 651 1747 nec
679 1703 839 1748 enim
865 1691 926 1747 in
958 1690 1172 1762 apibus
1200 1704 1411 1749 omnes
1443 1705 1497 1748 ei
1543 1705 1635 1748 em
1668 1697 1878 1749 vacant
1921 1690 2145 1762 officio,
2174 1693 2279 1751 sed
2325 1694 2603 1766 quaedam

181 1761 479 1834 colligunt
506 1761 646 1830 mel,
673 1761 944 1833 quaedam
992 1775 1066 1818 ex
1109 1775 1246 1819 cera
1288 1760 1503 1819 domus
1552 1766 1948 1832 construunt;
1997 1775 2171 1835 reges
2223 1763 2400 1820 etiam
2444 1764 2611 1823 circa

179 1831 308 1890 haec
337 1844 522 1903 opera
549 1845 672 1888 non
696 1835 1082 1904 occupantur.
1115 1833 1181 1888 Et
1209 1831 1484 1890 similiter
1521 1845 1770 1891 necesse
1814 1837 1906 1891 est
1943 1832 2005 1889 in
2050 1832 2398 1891 bominibus
2426 1847 2603 1904 esse3

179 1902 322 1976 quia
355 1902 518 1961 enim
547 1901 735 1963 multa
762 1901 1105 1962 necessaria
1132 1907 1278 1963 sunt
1299 1902 1372 1962 ad
1402 1902 1667 1962 hominis
1711 1902 1916 1971 vitam,
1944 1902 2020 1962 ad
2064 1917 2199 1976 quoe
2240 1916 2397 1963 unus
2425 1903 2611 1964 bomo

178 1986 284 2046 per
311 1987 379 2031 se
410 1971 688 2031 sufficere
713 1985 835 2030 non
863 1977 1102 2047 posset·
1135 1973 1543 2032 necessarium
1578 1979 1675 2032 est
1702 1987 1813 2054 per
1857 1972 2128 2033 diversos
2174 1973 2409 2032 diversa
2454 1973 2606 2046 fieri,

181 2037 327 2124 puta
356 2049 422 2101 ut
445 2042 689 2115 quidam
720 2043 844 2123 sint
892 2015 1302 2124 agricultores,
1333 2043 1573 2124 quidam
1618 2043 1968 2125 animalium
2012 2044 2317 2113 custodes,
2362 2045 2608 2126 quidam

186 2113 602 2184 aedificatores,
632 2118 691 2170 et
716 2126 807 2171 sic
829 2111 903 2170 de
938 2113 1074 2171 alus
1105 2130 1118 2169 ε
1150 2119 1208 2169 et
1296 2127 1397 2171 uia
1440 2119 1564 2171 vita
1608 2114 1918 2172 hominum
1961 2127 2083 2173 non
2135 2115 2331 2172 solum
2379 2115 2611 2188 indiget

179 2183 616 2256 corporalibus,
646 2183 750 2244 sed
784 2196 842 2241 m
929 2183 1037 2241 'ss
1081 2182 1218 2241 iritu
1284 2184 1441 2253 ibus,
1468 2184 1876 2244 necessarium
1906 2190 2000 2243 est
2027 2189 2092 2243 ut
2114 2185 2356 2257 quidam
2398 2191 2612 2245 vacent

179 2254 598 2326 spiritualibus
627 2253 805 2312 rebus
937 2267 1032 2312 me
1058 2253 1412 2312 iorationem
1441 2255 1718 2324 aliorum,
1749 2268 1904 2328 quos
1928 2261 2164 2326 oportet
2204 2270 2241 2313 a
2281 2269 2428 2314 cura
2466 2262 2619 2316 tent—

182 2324 482 2407 poralium
511 2324 823 2382 absolutos
872 2337 1024 2383 esse,
1062 2326 1195 2383 Haec
1221 2330 1416 2382 autem
1462 2324 1805 2384 distributio
1859 2324 2230 2385 diversorum
2268 2324 2607 2385 officiorum

179 2408 244 2455 tn
271 2395 543 2454 diversas
563 2408 856 2467 personas
880 2394 945 2452 tit
973 2394 1172 2453 divina
1200 2395 1593 2466 providentia,
1622 2394 1953 2454 secundum
1973 2394 2134 2468 quod
2153 2395 2395 2468 quidam
2411 2398 2615 2470 magis

179 2465 550 2527 inclinantur
576 2465 650 2525 ad
676 2465 792 2524 hoc
819 2463 1085 2527 officium
1113 2478 1293 2538 quam
1322 2464 1395 2524 ad
1424 2465 1564 2525 alia.
2657 2523 2667 2533 ,

253 2538 354 2597 Sic
401 2550 547 2618 ergo
574 2537 922 2617 patet-quod
970 2537 1072 2611 qui
1119 2536 1472 2618 temporalia
1511 2535 1662 2595 relin
1707 2540 1879 2605 uunt,
1920 2548 2043 2595 non
2088 2536 2205 2595 sibi
2246 2535 2609 2617 subtrabunt

180 2613 684 2669 sustentationem
713 2614 872 2676 vitae,
899 2612 968 2665 ut
1018 2607 1281 2665 secunda
1310 2612 1462 2665 ratio
1499 2620 1677 2677 proce
1721 2605 1889 2675 ebat;
1917 2612 2184 2665 remanet
2210 2620 2368 2665 enim
2400 2609 2601 2667 omnis

180 2691 320 2751 apes
389 2677 678 2737 robabilis
707 2692 832 2737 sure
859 2677 996 2737 vitae
1025 2677 1452 2747 sustentandae,
1480 2677 1573 2734 vel
1603 2691 1677 2734 ex
1702 2675 1907 2757 labore
1934 2678 2196 2749 proprio,
2224 2677 2318 2735 vel
2357 2692 2428 2735 ex
2457 2678 2609 2737 alio·

177 2762 312 2808 rum
420 2748 686 2817 netieiie3
715 2748 843 2808 sive
867 2747 1163 2819 accipiant
1189 2760 1261 2805 ea
1289 2749 1352 2804 in
1379 2746 1875 2818 possessionibus
1905 2748 2346 2817 communibus,
2378 2749 2503 2807 sive
2542 2750 2606 2807 in

179 2821 344 2879 victu
367 2819 739 2891 quotidiano.
769 2819 932 2878 Sicut
961 2818 1120 2876 enim
1194 2818 1312 2876 uod
1340 2832 1447 2889 per
1472 2817 1702 2877 amicos
1738 2831 2066 2889 possumus
2106 2832 2213 2890 per
2239 2832 2353 2878 nos
2378 2819 2605 2893 aliqua·

177 2889 315 2949 liter
358 2902 719 2970 possumuS,
780 2894 847 2947 ut
889 2833 1297 2960 Philosoplbus
1344 2887 1526 2957 dicit3
1559 2888 1659 2969 ,ita
1694 2887 1853 2960 quod
1885 2888 1979 2969 ,ab
2026 2889 2239 2947 amicis
2274 2888 2546 2970 „habetur
2572 2903 2615 2949 a

177 2961 360 3019 nobis
391 2960 732 3033 aliqualiter
755 2959 1028 3019 habetur.
1058 2960 1301 3040 Oportet
1326 2964 1522 3017 autem
1553 2964 1709 3016 inter
1736 2959 2014 3018 homines
2043 2958 2117 3019 ad
2165 2960 2419 3017 invicem
2468 2973 2605 3019 esse

178 3030 866 3158 anliffitmm'secflfindpm
896 3028 1057 3102 quod
1081 3029 1197 3088 sibi
1242 3029 1496 3088 invicem
1535 3028 1901 3088 subveniunt
1938 3030 2035 3089 vel
2074 3031 2141 3089 in
2189 3030 2618 3103 spiritualibus-

177 3114 249 3160 νε
364 3114 556 3159 rrenis
591 3115 628 3159 o
699 3114 831 3159 cns.

253 3174 360 3229 Est.
383 3178 575 3230 autem
605 3171 799 3243 majus
846 3169 1163 3229 subvenire
1191 3168 1361 3229 alteri
1389 3170 1451 3227 in
1487 3169 1905 3243 spiritualibus
1944 3183 2126 3244 quam
2152 3169 2216 3229 in
2254 3170 2603 3244 temporali·

176 3241 320 3309 bus,
351 3248 571 3322 quanto
594 3256 626 3300 s
667 3241 931 3322 iritualia
961 3246 1106 3299 sunt
1128 3239 1561 3312 temporalibus
1586 3240 1821 3324 potiora
1852 3245 1911 3298 et
1936 3241 2133 3323 magis
2162 3242 2502 3300 necessaria
2530 3241 2607 3301 ad

177 3311 366 3370 finem
391 3311 611 3370 beatitu
655 3313 776 3371 inis
791 3324 975 3370 conse
1020 3310 1303 3369 nendum.
1332 3310 1496 3369 Unde
1514 3325 1617 3384 qui
1637 3310 1933 3369 subtrahit
1956 3310 2071 3369 sibi
2095 3311 2433 3369 facultatem
2463 3311 2604 3370 sub·

177 3382 455 3440 veniendi
485 3382 623 3442 aliis
651 3383 713 3441 in
739 3387 1008 3454 tempora
1031 3382 1167 3441 ibus
1213 3395 1318 3454 per
1345 3381 1743 3440 voluntariam
1783 3387 2214 3463 paupertatem,
2246 3387 2312 3439 ut
2340 3383 2611 3455 acquirat

176 3453 538 3526 spiritualia,
569 3468 675 3527 per
701 3467 833 3526 quae
882 3452 1090 3511 utilius
1138 3456 1336 3525 potest
1364 3452 1501 3532 aliis
1548 3452 1887 3522 subvenire,
1917 3465 2040 3511 non
2086 3453 2228 3511 facit
2269 3458 2480 3511 contra
2506 3453 2608 3512 bo-

177 3537 324 3583 num
353 3524 661 3582 societatis
688 3523 984 3592 humanm,
1019 3527 1085 3581 ut
1104 3523 1280 3581 tertia
1302 3528 1454 3581 ratio
1492 3521 1906 3580 concludebat.

249 3597 417 3653 Patet
448 3600 644 3652 autem
665 3609 738 3653 ex
764 3595 1067 3666 praedietis
1112 3593 1274 3667 quod
1302 3593 1522 3651 divitiae
1559 3592 1859 3665 quoddam
1887 3593 2113 3653 bonum
2142 3593 2409 3653 hominis
2439 3598 2607 3667 sunt,

177 3665 512 3724 secundum
542 3666 702 3738 quod
731 3665 1085 3724 ordinantur
1109 3665 1183 3723 ad
1212 3663 1438 3723 bonum
1459 3664 1733 3734 rationis,
1755 3677 1878 3722 non
1903 3670 2102 3722 autem
2122 3665 2454 3724 secundum
2485 3680 2552 3725 se
2588 3682 2605 3723 z

174 3736 338 3795 unde
367 3735 519 3794 nibil
549 3735 822 3807 probibet
862 3740 1267 3808 paupertatem
1314 3735 1533 3792 melius
1563 3748 1719 3804 esse,
1752 3734 1804 3793 si
1847 3748 1955 3807 per
1997 3749 2128 3795 eam
2163 3735 2239 3794 ad
2283 3736 2617 3809 perfectius

171 3804 402 3864 bonum
435 3806 659 3878 aliquis
693 3807 1001 3868 ordinetur
1040 3812 1138 3865 :et
1165 3806 1254 3864 sic
1282 3805 1534 3863 solvitur
1558 3806 1712 3863 ratio
1737 3810 1967 3878 quarta.

246 3879 311 3934 Et
342 3877 486 3949 quia
508 3890 701 3949 neque
730 3876 968 3947 divitiae,
995 3889 1187 3949 neque
1257 3890 1330 3933 au
1375 3882 1555 3943 ertas,
1586 3888 1781 3948 neque
1805 3876 1969 3934 aliud
1998 3875 2357 3934 exteriorum
2392 3881 2485 3933 est
2507 3889 2603 3934 se·

174 3947 440 4006 cundum
470 3962 538 4005 se
568 3947 833 4006 hominis
852 3947 1100 4015 bonum,
1131 3961 1197 4005 se
1267 3960 1338 4004 so
1368 3960 1466 4004 um
1497 3946 1830 4004 secundum
1860 3946 2020 4020 quod
2049 3945 2361 4004 ordinatur
2389 3945 2463 4003 ad
2492 3944 2599 4003 bo-

170 4030 317 4075 num
352 4017 634 4087 rationis;
679 4017 830 4076 nihil
877 4017 1156 4098 probibet
1204 4031 1278 4075 ex
1325 4016 1597 4097 quolibet
1630 4029 1838 4074 eorum
1885 4016 2129 4089 aliquod
2174 4016 2381 4073 vitium
2427 4016 2595 4087 oriri,

170 4088 415 4160 quando
445 4102 567 4146 non
596 4088 844 4146 veniunt
871 4101 935 4144 in
981 4101 1159 4145 usum
1199 4086 1465 4145 bominis
1513 4086 1851 4145 secundum
1877 4087 2144 4159 reg-ulam
2176 4086 2457 4155 1·ationis;
2488 4100 2600 4146 nec

168 4163 373 4217 tamen
403 4165 646 4231 propter
675 4158 789 4216 boc
817 4164 960 4215 sunt
988 4157 1338 4229 simpliciter
1363 4157 1520 4214 mala
1565 4156 1909 4228 iudicanda,
1941 4157 2047 4213 sed
2078 4156 2272 4214 malus
2303 4170 2453 4215 usus
2496 4170 2596 4216 eo-

169 4242 333 4298 rum3
365 4236 428 4287 et
462 4230 552 4288 sic
581 4241 776 4301 neque
799 4234 1114 4300 paupertas
1143 4233 1235 4286 est
1263 4226 1597 4299 abjicienda
1626 4234 1863 4299 propter
1890 4227 2092 4299 aliqua
2118 4227 2263 4284 vitia
2288 4242 2419 4310 quae
2448 4226 2602 4285 acci·

170 4298 490 4359 dentaliter
515 4313 592 4356 ex
607 4313 684 4356 ea
696 4297 1051 4371 quandoque
1071 4298 1419 4368 procedunt,
1442 4303 1506 4355 ut
1526 4298 1735 4369 quinta
1753 4297 1905 4355 ratio
1935 4297 2249 4355 ostendere
2280 4298 2595 4356 nitebatur.

243 4372 393 4429 Hinc
421 4370 605 4428 etiam
642 4367 1141 4426 considerandum
1188 4375 1302 4437 est,
1349 4367 1510 4440 quod
1554 4368 1819 4426 medium
1853 4367 2094 4426 virtutis
2135 4381 2259 4426 non
2310 4368 2609 4437 accipitur

168 4442 507 4500 secundum
535 4437 924 4513 quantitatem
948 4440 1329 4509 exteriorum,
1360 4452 1496 4512 quae
1536 4437 1603 4496 in
1632 4450 1810 4498 usum
1834 4438 2102 4508 veniunt,
2134 4437 2241 4498 sed
2271 4435 2597 4496 secundum
