3076 5025
300 280 401 334 314
1174 270 1306 326 ΜΒ.
1347 270 1446 336 ΠΙ,
1484 268 1640 324 GAP.
1676 267 1855 323 XLVI.

303 401 459 456 Tria.
493 396 647 455 libro
670 394 821 523 Scap.
855 395 941 467 3):
970 414 1003 447 α
1028 396 1216 461 Μειιε,
1249 393 1407 451 ειειιι
1429 402 1853 462 corporearum
1885 401 2082 446 rerum
2104 387 2350 446 notitias
2379 402 2487 460 per
2515 401 2738 447 sensus

301 469 573 539 corporis
604 466 856 539 coligit,
897 465 988 523 sic
1037 466 1527 535 incorporearum
1561 475 1755 518 rerum
1804 474 1910 532 per
1954 461 2337 540 semetipsam
2369 478 2426 515 ιι.
2483 461 2639 532 Ergo
2678 465 2740 540 et

303 539 689 609 semetipsam
718 551 823 609 per
850 536 1235 607 semetipsam
1279 533 1466 602 novit,
1493 532 1780 603 quoniam
1818 532 1952 602 ipsa
1999 534 2094 611 est
2118 533 2610 610 incorporea-Ex
2640 530 2739 587 his

304 610 462 667 enim
502 609 702 666 verbis
738 607 973 664 videtur
1025 604 1184 678 quod
1233 617 1406 661 mens
1463 608 1671 684 nostra
1720 616 1785 660 se
1843 614 1950 673 per
2009 614 2270 728 seffsam
2329 601 2655 682 intelligat.
2681 605 2742 657 et

304 679 701 752 intelligendo
732 690 820 746 se,
847 676 1146 750 intelligat
1186 674 1559 733 substantias
1597 676 1922 744 separatas,
1954 684 2076 745 quo
2170 676 2264 728 est
2305 677 2513 728 contra
2568 683 2740 743 prius

304 756 683 892 osffitqffirere
733 829 877 889 ergo
907 819 1140 887 oportet
1167 814 1471 889 quomodo
1521 815 1723 871 anima
1750 817 1957 871 nostra
1990 826 2098 884 per
2146 812 2409 884 seipsam
2441 810 2743 893 intelligat

302 904 394 949 se.
435 887 816 960 Impossibile
848 892 940 945 cst
968 892 1166 944 autem
1196 886 1312 944 dici
1345 885 1502 958 quod
1527 899 1631 955 per
1659 883 1919 955 seipsam
1949 883 2245 956 intelligat
2267 883 2340 940 de
2356 896 2423 940 se
2452 882 2597 954 quid
2624 889 2738 940 est.

305 963 420 1019 Per
447 960 562 1017 boc
601 959 760 1015 enim
793 957 858 1013 fit
903 958 1170 1030 potentia
1197 956 1611 1029 cognoscitiva
1637 959 1770 1012 actu
1817 967 2216 1036 coguosceuS‚
2244 953 2405 1026 quod
2434 959 2526 1010 est
2575 952 2637 1010 in
2667 966 2743 1011 ea

303 1031 366 1089 id
406 1043 528 1102 quo
568 1029 975 1102 cognoscitur.
1007 1030 1095 1098 Et,
1148 1028 1199 1085 si
1238 1028 1478 1100 quidem
1533 1026 1614 1084 sit
1652 1025 1716 1082 in
1768 1039 1840 1082 ea
1887 1038 1951 1082 ιιι
1995 1025 2284 1151 potentia,
2313 1023 2631 1105 cognoscit
2674 1024 2741 1081 in

302 1100 612 1175 potentia:
644 1098 698 1156 si
746 1103 944 1155 autem
995 1098 1056 1155 in
1098 1104 1254 1166 actu,
1287 1097 1603 1170 cognoscit
1644 1096 1706 1153 in
1751 1102 1920 1164 actu3
1960 1109 1991 1153 s
2037 1099 2264 1175 ,autem
2312 1094 2511 1151 medio
2535 1094 2740 1163 mode,

306 1170 624 1243 cognoscit
675 1169 736 1225 in
768 1168 996 1226 babitu.
1029 1171 1163 1239 ipsa
1198 1173 1392 1225 autem
1447 1167 1650 1225 anima
1674 1180 1909 1238 semper
1934 1165 2050 1223 sibi
2092 1165 2262 1223 adest
2289 1170 2448 1233 actu,
2479 1169 2535 1221 et
2582 1178 2741 1222 nun-

304 1255 488 1313 quam
548 1244 613 1296 in
655 1240 922 1310 potentia
949 1239 1041 1296 vel
1090 1239 1152 1296 ιιι
1196 1239 1404 1296 habitu
1454 1237 1792 1295 tantum.Si
1844 1236 2026 1318 igitur
2070 1250 2176 1306 per
2220 1236 2481 1306 seipsam
2537 1236 2735 1292 anima

309 1313 573 1383 seipsam
614 1310 930 1437 ceglnoscit
955 1309 1101 1383 quid
1134 1315 1246 1378 est,
1284 1322 1522 1380 semper
1549 1314 1685 1366 actu
1708 1307 2002 1380 intelliget
2027 1305 2100 1363 de
2130 1320 2197 1364 se
2245 1306 2391 1379 quid
2426 1310 2535 1363 est.
2569 1305 2737 1374 Quod

351 1387 468 1439 atet
498 1395 636 1439 esse
687 1395 722 1437 a
747 1394 903 1437 sum.

308 1396 347 1454 p
380 1452 598 1520 Adhuc,
620 1452 672 1508 si
712 1451 910 1508 anima
967 1463 1073 1520 ρει·
1127 1449 1390 1520 seipsam
1437 1449 1754 1520 cognoscit
1788 1448 1865 1506 de
1890 1461 1957 1505 se
1998 1446 2144 1521 quid
2170 1451 2282 1514 εει,
2310 1447 2511 1504 οιιιιιιε
2541 1451 2742 1527 autem

310 1522 494 1580 homo
548 1523 808 1578 animam
857 1519 1062 1589 babet;
1095 1521 1295 1577 omnis
1343 1520 1526 1591 igitur
1556 1520 1738 1577 homo
1780 1519 2096 1592 cognoscit
2122 1519 2194 1576 de
2226 1518 2429 1575 anima
2455 1516 2596 1589 quid
2626 1523 2739 1575 est.

312 1592 484 1661 Quod
513 1597 673 1662 patet
700 1605 836 1649 esse
867 1590 1106 1648 falsum.

380 1664 654 1732 Amplius.
688 1661 954 1734 cognitio
1000 1675 1132 1743 quae
1189 1659 1254 1717 fit
1306 1673 1414 1731 per
1466 1660 1695 1732 aliquid
1738 1660 2089 1717 naturaliter
2132 1658 2311 1716 nobis
2338 1657 2616 1726 inditum,
2648 1662 2739 1715 est

311 1732 624 1800 naturalis,
657 1732 812 1789 sicut
851 1731 1145 1813 principia
1179 1731 1743 1788 indemonstrabilia
1765 1745 1898 1804 qum
1928 1734 2379 1810 cognoscuntur
2408 1743 2513 1800 per
2537 1729 2736 1809 lumen

308 1802 649 1859 intellectus
679 1807 934 1872 agentis.
964 1801 1024 1858 Si
1053 1801 1236 1873 igitur
1285 1815 1398 1859 nos
1454 1801 1525 1858 de
1554 1802 1755 1858 anima
1808 1802 2073 1859 sciamus
2120 1801 2263 1873 quid
2295 1804 2386 1858 est
2416 1814 2521 1870 per
2546 1813 2740 1879 ipsam

312 1873 595 1940 animam,
619 1873 734 1929 boc
764 1873 874 1928 erit
903 1873 1251 1930 naturaliter
1299 1877 1529 1928 notum.
1562 1875 1627 1928 In
1658 1873 1754 1931 his
1806 1877 2001 1929 autem
2031 1885 2163 1945 quae
2201 1875 2343 1927 sunt
2389 1869 2739 1927 naturaliter

310 1948 473 2010 nota,
499 1942 700 2000 nullus
832 1946 948 1998 test
1003 1956 1220 1999 errare.
1257 1946 1316 1997 ln
1349 1942 1696 2013 cognitione
1729 1942 1886 1999 enim
1918 1942 2349 2013 principiorum
2399 1940 2743 1998 indemons-

308 2013 614 2070 trabilium
641 2012 742 2070 nul
771 2026 844 2069 us
875 2018 1051 2070 errat.
1074 2012 1287 2070 Nullus
1318 2027 1462 2084 ergo
1491 2018 1718 2070 erraret
1738 2014 1898 2070 circa
1932 2013 2193 2069 animam
2225 2012 2365 2083 quid
2397 2016 2510 2080 est,
2541 2010 2594 2069 si
2625 2011 2741 2069 hoc

310 2083 512 2140 anima
563 2097 666 2154 ρει·
715 2083 977 2154 seipsam
1041 2088 1453 2155 cognosceret.
1486 2084 1657 2152 Quod
1718 2089 1879 2156 patet
1922 2097 2057 2141 esse
2116 2084 2353 2152 salsum,
2387 2096 2521 2139 cum
2565 2082 2739 2139 multi

311 2153 538 2224 opinati
569 2155 691 2210 sint
738 2155 998 2210 animam
1056 2167 1191 2211 esse
1236 2155 1350 2211 hoc
1402 2153 1495 2210 vel
1540 2154 1689 2212 illud
1740 2168 1992 2224 corpuS‚
2050 2161 2107 2211 ει
2154 2153 2337 2225 aliqui
2398 2167 2711 2210 numerum

307 2224 404 2351 ve}
458 2224 857 2281 harmoniam.
889 2226 1020 2281 Non
1073 2225 1261 2297 igitur
1300 2223 1503 2281 anima
1560 2239 1665 2294 per
1705 2225 1966 2295 seipsam
2010 2224 2323 2297 cognoscit
2367 2222 2439 2279 de
2485 2237 2550 2280 sc
2595 2224 2696 2296 qui

380 2366 658 2434 Amplius,
688 2364 749 2421 in
781 2363 1050 2435 quolibet
1078 2364 1288 2422 ordine
1329 2365 1490 2437 quod
1517 2369 1609 2422 est
1638 2380 1742 2436 per
1769 2377 1856 2432 se,
1880 2371 1985 2423 εει
2011 2366 2179 2436 prius
2210 2378 2282 2421 eo
2325 2364 2485 2436 quod
2516 2371 2609 2422 est
2635 2378 2741 2436 per

309 2434 475 2492 aliud
508 2441 563 2491 et
605 2434 964 2506 principium
994 2433 1144 2517 ejus.
1172 2434 1343 2503 Quod
1391 2449 1533 2508 ergo
1565 2442 1655 2493 est
1703 2450 1807 2507 per
1834 2449 1900 2494 se
1937 2442 2167 2505 notum,
2198 2441 2290 2492 est
2328 2436 2498 2505 prius
2530 2440 2740 2494 notum

310 2506 593 2563 omnibus
637 2520 770 2578 quae
821 2521 923 2576 per
968 2505 1130 2563 aliud
1179 2512 1647 2577 cognoscuntur,
1676 2512 1731 2563 et
1780 2507 2145 2578 principium
2188 2506 2594 2580 cognoscendi
2644 2522 2735 2578 ea,

309 2578 466 2634 sieut
495 2578 699 2648 primae
729 2577 1175 2647 propositiones
1215 2578 1732 2635 conclusionibus.
1762 2580 1821 2635 Si
1854 2579 2037 2649 igitur
2071 2579 2273 2636 anima
2314 2591 2419 2647 per
2471 2579 2736 2648 seipsam

311 2646 382 2703 de
422 2661 486 2704 se
535 2648 849 2719 cognoscit
901 2648 1044 2719 quid
1097 2654 1209 2715 est,
1240 2648 1353 2705 hoc
1386 2649 1496 2704 erit
1551 2663 1658 2720 per
1715 2662 1780 2705 se
1835 2655 2063 2717 notum,
2101 2655 2158 2706 et
2200 2662 2305 2719 per
2350 2661 2735 2720 consequens

306 2718 506 2844 primo
557 2724 785 2785 uotum,
824 2723 882 2774 et
931 2718 1289 2789 principium
1337 2718 1742 2790 cognoscendi
1794 2719 1930 2776 alia.
1964 2722 2084 2776 Hoc
2136 2727 2334 2776 autem
2382 2725 2541 2789 patet
2597 2733 2734 2777 esse

335 2787 550 2845 alsum.
581 2791 726 2845 Nam
756 2788 899 2860 quid
941 2793 1034 2845 est
1087 2789 1288 2846 anima
1334 2803 1453 2846 uon
1484 2790 1847 2860 supponitur
1885 2789 1947 2846 in
1983 2790 2235 2847 scientia
2280 2788 2455 2861 quasi
2502 2795 2733 2854 notum,

309 2859 415 2915 sed
473 2858 827 2929 proponitur
853 2872 926 2914 ex
971 2858 1109 2916 aliis
1146 2859 1590 2931 inquirendum.
1620 2862 1753 2917 Nou
1799 2859 1985 2931 igitur
2009 2860 2211 2918 anima
2238 2858 2309 2916 de
2362 2860 2566 2930 seipsa
2592 2875 2737 2934 cog-

307 2929 507 2986 noscit
538 2928 680 3000 quid
707 2935 799 2986 est
816 2942 926 2999 per
945 2929 1234 3000 seipsam.

379 3002 542 3055 Patet
571 3004 769 3055 autem
799 2998 960 3069 quod
990 3014 1100 3056 nec
1129 2999 1258 3070 ipse
1286 3001 1657 3072 Augustinus
1689 3000 1805 3058 boc
1822 3000 2030 3058 voluit.
2056 3001 2209 3057 Dicit
2228 2999 2386 3058 euim
2411 3001 2472 3057 in
2494 3001 2733 3060 decimo

306 3068 413 3126 lib.
436 3073 513 3125 De
530 3071 681 3124 Trin.
700 3070 860 3141 quod
882 3091 911 3120 «
927 3070 1147 3139 anima,
1171 3084 1305 3127 cum
1333 3072 1426 3128 sui
1451 3072 1724 3128 notitiam
1746 3071 1974 3144 quaerit,
2003 3084 2122 3128 non
2145 3071 2307 3128 velut
2328 3071 2633 3129 absentem
2658 3085 2728 3129 se

306 3140 520 3212 quaerit
548 3153 813 3207 cernere,
846 3141 950 3197 sed
981 3146 1332 3211 praesentem
1363 3154 1430 3198 se
1448 3149 1617 3198 curat
1644 3141 2013 3209 discernere3
2055 3155 2177 3199 nou
2211 3148 2277 3198 ut
2312 3155 2385 3199 co
2431 3147 2641 3200 noscat
2660 3155 2729 3200 se

306 3211 482 3282 quasi
514 3223 631 3267 non
662 3210 840 3280 norit,
870 3210 973 3268 sed
998 3216 1062 3268 ut
1081 3211 1396 3283 dignoscat
1435 3212 1509 3268 ab
1540 3225 1613 3269 eo
1641 3211 1799 3284 quod
1827 3211 2078 3269 alterum
2100 3213 2336 3270 novit».
2419 3228 2453 3268 ιι
2481 3225 2601 3284 quo
2627 3212 2735 3270 dat

305 3281 664 3353 intelligere,
694 3281 852 3362 quod
883 3282 1083 3339 anima
1108 3297 1211 3353 per
1240 3296 1306 3339 se
1340 3283 1655 3354 cognoscit
1708 3283 1968 3364 seipsam
1994 3285 2165 3355 quasi
2198 3289 2573 3353 praesentem,
2609 3296 2735 3340 non

306 3353 480 3423 quasi
528 3351 599 3408 ab
646 3352 783 3409 aliis
813 3352 1175 3410 distinctam.
1210 3354 1372 3409 Unde
1402 3360 1457 3409 et
1508 3354 1571 3409 in
1612 3353 1727 3410 boc
1757 3354 1901 3411 dicit
1927 3354 2081 3411 alios
2127 3368 2381 3422 errasse,
2412 3353 2570 3424 quod
2602 3353 2737 3410 aui-

304 3435 467 3479 mam
505 3435 625 3479 nou
671 3423 1072 3479 distinxerunt
1098 3423 1172 3480 ab
1217 3423 1338 3482 illis
1365 3438 1496 3495 quae
1521 3430 1665 3481 sunt
1692 3423 1767 3481 ab
1807 3424 1940 3496 ipsa
1970 3424 2222 3482 diversa.
2248 3427 2357 3481 Per
2385 3423 2499 3480 hoc
2529 3429 2729 3481 autem

304 3493 467 3621 guod
497 3493 686 3550 scitur
714 3493 786 3550 de
818 3508 880 3549 re
907 3492 1050 3565 quid
1075 3499 1186 3563 est,
1217 3496 1408 3552 scitur
1431 3507 1526 3551 res
1551 3498 1727 3565 prout
1757 3500 1846 3552 est
1875 3495 1948 3552 ab
1978 3495 2114 3553 aliis
2145 3495 2446 3552 distincta.
2479 3495 2641 3551 Unde
2671 3499 2734 3552 et

346 3563 575 3620 efinitio
602 3577 734 3636 quae
763 3564 963 3635 signat
1002 3564 1145 3637 quid
1189 3569 1281 3622 est
1304 3578 1420 3635 ιεε,
1454 3565 1771 3636 distinguit
1798 3565 2107 3623 definitum
2134 3565 2209 3623 ab
2252 3565 2536 3623 omnibus
2563 3565 2725 3622 aliis.

302 3634 432 3715 Nou
459 3634 642 3706 igitur
669 3634 858 3691 voluit
890 3635 1262 3707 Augustinus
1308 3635 1469 3707 quod
1508 3636 1713 3693 anima
1749 3634 1823 3693 de
1865 3650 1933 3694 se
1981 3642 2309 3709 cognoscat
2333 3635 2476 3709 quid
2506 3641 2598 3694 est
2624 3649 2732 3707 per

305 3716 390 3762 εει
440 3719 588 3762 sam.

377 3720 496 3833 lfec
541 3774 894 3833 Aristoteles
930 3775 1045 3833 hoc
1073 3775 1285 3834 voluit.
1317 3776 1468 3834 Dicit
1521 3776 1679 3833 enim
1712 3776 1775 3833 in
1804 3777 1979 3835 tertio
2006 3779 2084 3833 De
2105 3780 2291 3832 anima
2316 3775 2477 3849 (text.
2509 3790 2731 3835 comm.

305 3845 600 3918 15),quod
643 3846 984 3905 intellectus
1013 3846 1327 3917 possibilis
1356 3846 1637 3919 intelligit
1668 3860 1734 3905 se
1781 3847 1937 3905 sicut
1964 3848 2100 3904 alia.
2133 3847 2418 3918 intelligit
2464 3847 2622 3904 enim
2662 3860 2733 3905 se

301 3927 410 3993 per
438 3917 697 3986 speciem
733 3917 1171 3989 intelligibilem
1227 3932 1346 3990 qua
1397 3918 1462 3974 fit
1497 3924 1630 3974 actu
1676 3919 1737 3973 in
1780 3932 1997 3989 genere
2047 3918 2537 3988 intelligibilium.
2569 3921 2632 3974 ln
2662 3931 2734 3976 εε

303 3998 464 4042 ειιιιιι
495 3987 908 4045 consideratus
936 3992 1028 4045 est
1056 3988 1250 4045 solum
1273 3988 1334 4043 in
1365 3989 1628 4059 potentia
1658 3988 1731 4045 ad
1757 4002 1891 4046 esse
1910 3987 2307 4059 intelligibile.
2337 3988 2497 4044 Nihil
2523 3994 2725 4046 autem

304 4057 690 4126 cognoscitur
737 4058 1067 4116 secundum
1093 4054 1251 4130 quod
1295 4059 1474 4116 estin
1519 4058 1803 4129 potentia,
1835 4059 1939 4117 sed
1987 4060 2318 4116 secundum
2394 4058 2509 4116 uod
2539 4064 2631 4117 est
2659 4059 2725 4116 iu

303 4129 461 4204 actu.
499 4127 658 4184 Unde
688 4128 1039 4187 substantiae
1069 4134 1375 4209 separatae,
1404 4144 1656 4201 quarum
1688 4129 2037 4187 substantiae
2067 4135 2208 4187 sunt
2239 4135 2305 4187 ut
2331 4144 2365 4186 a
2393 4128 2556 4201 iquid
2588 4136 2724 4187 actv

303 4208 413 4252 ens
443 4208 504 4251 in
531 4211 748 4268 genere
787 4198 1281 4271 intelligibilium,
1314 4199 1386 4257 de
1418 4214 1481 4258 se
1512 4199 1858 4272 intelligunt
1884 4199 2025 4271 quid
2058 4205 2199 4257 sunt
2247 4214 2351 4271 per
2397 4213 2542 4257 suas
2584 4198 2726 4257 sub·

302 4266 577 4325 stantiaS.
608 4269 951 4327 Intellectus
979 4283 1121 4327 vero
1149 4270 1462 4351 possibilis
1493 4278 1699 4328 noster
1725 4284 1830 4342 per
1857 4270 2119 4343 speciem
2150 4269 2587 4341 intelligibilem
2623 4282 2727 4341 per

299 4351 478 4408 quam
510 4336 576 4394 fit
620 4343 755 4418 actu
792 4339 1139 4421 intelligens
1182 4341 1337 4399 unde
1392 4347 1452 4398 et
1506 4340 1858 4399 Aristoteles
1909 4340 1973 4398 in
2025 4341 2200 4398 tertio
2228 4344 2307 4397 De
2346 4343 2532 4395 anima
2562 4341 2727 4412 (text.

301 4421 521 4466 comm.
544 4413 568 4466 ¹
604 4412 663 4464 et
690 4408 867 4482 infra)
897 4425 969 4468 ex
996 4424 1130 4469 ιιιεο
1157 4411 1494 4485 intelligere
1519 4412 1890 4470 demonstrat
1916 4417 2190 4470 naturam
2215 4411 2557 4469 intellectus
2582 4423 2728 4482 pos-
