3076 5025
715 244 924 300 BERN.
960 243 1202 300 MARIAE
1237 243 1330 301 DE
1366 241 1616 299 RUBElS
1655 240 2129 300 msSER'rATIO.
2457 242 2640 299 XXVII

198 392 352 456 bent
370 406 620 453 nexum
647 388 914 473 subjecti
940 395 1007 453 et
1023 390 1343 463 attributi3
1366 390 1657 467 aliaeque,
1679 405 1824 467 quae
1857 387 2191 450 ratiocinio
2221 389 2631 470 colliguntur.

195 490 293 552 Ad
332 488 507 550 hanc
554 490 965 566 posteriorem
1012 487 1276 549 classem
1324 485 1644 564 pertinent
1696 485 1995 547 veritates
2066 485 2297 564 aliquae
2374 488 2632 565 divinae,

199 602 345 665 qnae
372 602 454 648 ex
483 583 813 647 effectibus
838 589 1010 646 notae
1031 585 1213 659 fiunt,
1240 581 1522 659 supremi
1554 581 1844 660 principii
1873 581 2205 657 exstantia,
2258 583 2456 645 virtus
2496 584 2636 664 ejus

200 680 634 760 omnipotens,
683 697 763 743 ac
804 680 929 743 alia
971 679 1278 742 attributa
1318 695 1463 757 quae
1508 693 1807 756 supremo
1861 678 2172 759 principio
2224 684 2632 745 conveniunt.

198 778 496 859 Mysteria
526 777 672 839 fidei
700 776 1058 839 christianae
1085 776 1405 855 pertinent
1423 775 1502 836 ad
1529 776 1757 850 Deum,
1779 774 2043 838 minime
2068 796 2179 855 per
2198 797 2272 840 ea
2293 796 2438 857 quae
2464 780 2632 843 facta

199 879 354 938 sunt
378 875 738 955 cognitum,
766 874 876 935 sed
903 874 983 936 ad
1011 874 1241 952 ipsum,
1272 872 1374 950 cuj
1386 871 1632 932 usmodi
1662 875 1760 934 est
1802 871 1867 932 in
1899 890 1968 934 se
1999 891 2019 936 ε
2045 889 2175 950 quo
2203 872 2411 951 ipsum
2443 874 2636 937 modo

200 971 367 1034 ratio
394 971 705 1033 naturalis
749 970 1116 1049 conspicere
1160 985 1291 1030 non
1336 969 1525 1042 valet,
1577 984 1726 1029 cum
1775 968 1988 1030 nullus
2025 970 2289 1031 effectus
2331 968 2638 1032 naturalis

199 1068 414 1147 ipsum
443 1068 776 1145 adaequem
808 1085 1016 1146 neque
1044 1066 1249 1128 ullum
1283 1070 1397 1126 aut
1419 1064 1865 1139 sufficientem,
1896 1065 2007 1143 qui
2044 1071 2368 1144 appareat,
2403 1082 2637 1129 nexum

202 1163 525 1242 exhibeat,
574 1168 649 1227 ut
698 1164 845 1228 inde
892 1163 971 1226 ad
1029 1162 1260 1242 ipsum,
1314 1160 1675 1240 cujusmodi
1724 1165 1821 1223 est
1866 1160 1936 1221 in
1972 1178 2064 1240 se,
2122 1167 2637 1244 cognoscendum

206 1266 519 1342 assurgat.

284 1360 603 1438 Utrasque
627 1358 921 1421 veritates
947 1356 1229 1420 admittit
1260 1355 1540 1435 Baylius.
1569 1348 1860 1435 Pugndm
1904 1354 2071 1418 inter
2119 1359 2419 1435 utrasque
2464 1374 2641 1419 exer·

210 1456 362 1532 ceri,
392 1455 723 1518 contendit
760 1455 867 1516 ille
912 1458 1219 1535 pernegat
1242 1452 1567 1531 Aquinas:
1600 1452 1774 1530 quod
1813 1451 1913 1514 his
1953 1452 2188 1516 evincit
2225 1453 2641 1534 argumentis.

206 1555 300 1616 Ac
324 1553 555 1631 primo,
592 1573 625 1610 α
650 1569 796 1631 quae
824 1551 1198 1613 naturaliter
1224 1549 1453 1612 rationi
1483 1554 1633 1609 sunt
1652 1546 1842 1610 insita
1871 1572 1933 1626 ι),
1961 1548 2089 1612 sive
2117 1550 2367 1629 illaper
2392 1551 2642 1613 eviden-

210 1654 344 1712 tem
373 1649 985 1712 demonstrationem
1011 1651 1165 1709 nota
1207 1647 1385 1723 flant,
1430 1647 1560 1707 sive
1600 1643 2041 1709 immediatum
2088 1640 2361 1726 subjecti
2403 1665 2637 1711 nexum

216 1759 367 1806 cum
394 1744 697 1807 attributo
718 1743 1008 1821 offerant,
1044 1764 1075 1803 α
1101 1743 1419 1806 verissima
1457 1761 1593 1808 esse
1622 1750 1897 1821 constat,
1916 1744 1983 1806 in
2011 1749 2264 1807 tantum
2306 1750 2374 1806 ut
2401 1763 2523 1808 nec
2560 1762 2637 1809 ea

221 1857 353 1902 esse
392 1841 545 1903 falsa
589 1842 674 1903 sit
717 1840 1007 1919 possibile
1045 1840 1322 1920 cogitare
1349 1861 1411 1902 s.
1444 1842 1638 1921 Atqui
1682 1859 1831 1905 vero
1886 1863 1918 1896 α
1945 1858 2155 1919 neque
2195 1841 2260 1903 id
2302 1842 2472 1919 quod
2519 1843 2640 1905 fide

218 1941 493 2013 tenetur,
523 1954 675 2000 cum
703 1943 917 2000 tamen
946 1937 1271 1999 evidenter
1298 1936 1598 2001 divinitus
1643 1939 2086 2002 confirmatum
2133 1937 2215 1999 sit
2256 1936 2409 2018 (sive
2455 1939 2639 2015 cujus

214 2034 516 2098 revelatio
544 2035 755 2098 divina
783 2051 860 2097 eo
888 2035 1243 2098 innotescat
1286 2050 1519 2115 genere
1565 2041 2118 2116 argumentorum,
2139 2051 2286 2114 quae
2316 2052 2496 2097 num.
2529 2035 2634 2111 111,

214 2129 405 2191 allata
422 2129 623 2217 sunt),
641 2130 735 2191 fas
752 2134 852 2192 est
867 2130 1124 2192 credere
1138 2146 1274 2193 esse
1293 2131 1521 2192 falsum
1535 2152 1568 2188 a
1591 2152 1611 2208 3
1630 2133 1804 2212 quod
1821 2132 2038 2208 etiam,
2055 2148 2199 2194 vera
2218 2132 2639 2194 autsimulata

212 2223 453 2305 pietate
483 2226 734 2302 ductus,
754 2226 990 2288 fatetur
1014 2224 1286 2306 Baylius.
1316 2227 1476 2290 Hinc
1502 2226 1720 2306 igitur,
1753 2249 1785 2287 α
1810 2229 1960 2307 quia
1983 2228 2193 2292 solum
2216 2228 2449 2291 falsum
2486 2245 2636 2292 vero

216 2321 607 2385 contrarium
635 2326 755 2398 est,
775 2326 851 2384 ut
883 2339 960 2385 ex
987 2339 1211 2386 eorum
1258 2323 1730 2386 definitionibus
1753 2324 2054 2404 inspectis
2086 2325 2412 2387 manifeste
2441 2343 2635 2404 appa-

212 2422 348 2495 ret,
376 2418 762 2498 impossibile
812 2422 908 2482 est
956 2418 1079 2482 illis
1121 2419 1447 2498 principiis
1487 2438 1635 2499 quae
1682 2422 1845 2485 ratio
1889 2423 2266 2486 naturaliter
2309 2422 2634 2503 cognoscit

214 2516 589 2595 praedictam
618 2518 947 2581 veritatem
968 2517 1110 2581 fidei
1139 2534 1272 2581 esse
1303 2519 1686 2582 contrariam
1703 2540 1766 2583 a.

294 2615 479 2677 Ratio
494 2615 790 2693 sequitur
816 2613 964 2690 alia,
992 2614 1314 2693 aptissimo
1365 2617 1661 2693 exemplo
1697 2617 2032 2681 illustrata.
2081 2620 2368 2699 Namque
2418 2618 2636 2682 «illud

213 2712 409 2789 idem,
428 2711 643 2798 inquit
663 2711 970 2789 Aquinas,
994 2712 1165 2790 quod
1183 2711 1509 2772 inducitur
1528 2712 1595 2772 in
1613 2712 1901 2775 animum
1926 2714 2216 2792 discipuli
2230 2733 2267 2776 a
2288 2717 2635 2792 docente»,

214 2809 350 2888 ipsa
377 2830 411 2866 α
438 2807 724 2871 doctoris
748 2807 1011 2870 scientia
1030 2808 1337 2883 continet,
1360 2807 1477 2868 nisi
1507 2807 1736 2870 doceat
1765 2810 1909 2872 ficte
1938 2827 1955 2870 ε
1988 2810 2161 2888 quod
2190 2810 2270 2872 de
2297 2812 2430 2873 Deo
2455 2810 2634 2873 nefas

216 2908 314 2968 est
338 2904 550 2967 dicere
568 2923 631 2965 n.
661 2903 908 2982 Atqui«
929 2904 1386 2982 principiorum
1414 2905 1789 2968 naturaliter
1807 2912 2110 2969 notorum
2138 2907 2417 2987 cognitio
2460 2905 2644 2970 nobi‘s

217 3000 520 3064 divinitus
545 3005 642 3063 est
683 2999 907 3086 indita,
951 3001 1266 3081 cumipse
1312 3003 1479 3064 Deus
1507 3002 1592 3063 sit
1617 3008 1843 3065 auctor
1881 3008 2119 3066 nostras
2161 3011 2408 3068 naturae
2438 3024 2518 3081 »3
2566 3017 2646 3067 ac

212 3098 535 3162 rationem
562 3096 883 3173 indiderit,
909 3113 1056 3177 quae
1081 3098 1376 3161 veritates
1403 3099 1742 3161 nonnullas
1761 3117 1873 3178 per
1900 3117 2034 3164 sese
2057 3102 2258 3163 claras
2275 3101 2644 3166 immediate

212 3193 567 3277 cognoscit,
623 3194 907 3273 aliasque
962 3201 1271 3273 praeterea
1322 3195 1563 3257 lumine
1607 3195 1891 3273 priorum
1943 3198 2362 3287 collustratas.
2423 3198 2644 3275 Itaque

220 3309 254 3351 a
269 3290 413 3355 haec
431 3291 742 3370 principia
762 3290 1138 3372 (omnesque
1153 3292 1449 3355 veritates
1465 3309 1625 3370 quas
1644 3293 1961 3356 naturales
1983 3293 2424 3374 appellamus),
2447 3294 2645 3357 etiam

218 3386 432 3450 divina
456 3386 768 3465 sapientia
794 3387 1101 3452 continet.
1130 3386 1446 3467 Quidquid
1477 3390 1673 3470 igitur
1701 3409 1734 3450 a
1767 3390 2134 3452 adversatur
2167 3409 2198 3448 α
2229 3388 2550 3468 principiis
2578 3407 2643 3466 a,

214 3500 297 3547 ac
340 3484 710 3547 veritatibus
757 3504 791 3544 n
819 3484 1208 3563 hujusmodi,
1239 3494 1339 3549 est
1379 3486 1610 3549 divinae
1657 3486 1993 3565 Sapientia
2039 3486 2429 3549 contrarium
2462 3504 2480 3548 ε
2511 3500 2646 3548 non

214 3578 417 3661 iffltur
433 3598 473 3644 a
497 3581 630 3644 Deo
657 3597 791 3644 esse
821 3587 1051 3661 potest.
1075 3583 1165 3644 Ea
1181 3573 1399 3664 igi‘tnr,
1415 3599 1562 3661 quae
1580 3600 1658 3645 ex
1676 3583 2058 3646 revelatione
2085 3582 2300 3646 divina
2327 3599 2440 3660 per
2453 3584 2646 3645 fldem

214 3682 541 3754 tenentur,
571 3694 702 3740 non
724 3683 987 3756 possunt
1010 3679 1282 3741 naturali
1311 3678 1678 3760 cognotioni
1705 3696 1839 3741 esse
1859 3679 2249 3742 contraria».

295 3775 585 3838 Tertium
615 3775 857 3854 profert
881 3781 1135 3837 sanctus
1177 3776 1453 3837 Thomas
1482 3780 1882 3837 momentum
1928 3773 2220 3836 rationis:
2241 3792 2273 3832 α
2302 3772 2646 3838 Contrariis

214 3872 597 3947 rationibus,
626 3872 943 3952 inquiens,
971 3871 1333 3935 intellectus
1360 3880 1579 3934 noster
1599 3871 1871 3953 ,ligatum
1918 3876 1994 3934 ut
2035 3870 2116 3934 ad
2161 3871 2289 3933 veri
2331 3872 2642 3952 cognitio·

214 3985 367 4032 nem
396 3968 744 4048 procedere
766 3973 1064 4048 nequeat.
1093 3968 1158 4030 Si
1185 3969 1379 4050 igitur
1405 3968 1742 4032 contrariae
1779 3968 2172 4051 cognitiones
2215 3967 2397 4032 nobis
2436 3987 2474 4030 a
2513 3971 2644 4033 Deo

218 4064 721 4129 immitterentur
765 4063 1062 4145 (naturali
1104 4065 1314 4143 pervia
1361 4064 1591 4128 lumini
1629 4066 1852 4141 altera,
1900 4071 1968 4127 et
2013 4065 2212 4128 altera
2248 4064 2646 4128 revelationis

213 4161 456 4227 lumine
481 4161 749 4242 innixa),
778 4179 855 4225 ex
873 4160 998 4224 hoc
1024 4180 1062 4223 a
1087 4161 1368 4224 veritatis
1395 4149 1760 4244 cognitione
1785 4160 2147 4224 intellectus
2172 4168 2389 4226 noster
2435 4162 2642 4240 impe-

215 4257 458 4324 diretur
486 4278 508 4325 ε
539 4259 717 4340 quod
744 4276 782 4321 a
804 4259 934 4321 Deo
962 4274 1099 4322 esse
1118 4275 1250 4321 non
1282 4265 1506 4338 potest.
1544 4258 1913 4340 Baylianum
1961 4264 2435 4323 monstruosum
2461 4274 2642 4321 com·

210 4366 507 4427 mentum
525 4362 612 4423 de
636 4357 783 4422 fidei
810 4374 1023 4440 pugna
1040 4374 1191 4423 cum
1208 4358 1480 4435 ratione,
1498 4355 2030 4423 luculentioribus
2051 4359 2441 4440 argumentis
2453 4369 2645 4421 nemo
