3076 5025
1066 347 1201 405 ΠΒ.
1239 348 1340 416 111,
1379 348 1531 404 CAP.
1573 348 1746 405 cxx1.
2511 352 2614 408 425

247 473 362 531 Am
424 475 527 536 ius,
559 486 744 531 causa
789 471 989 544 potior
1027 476 1121 530 est
1164 467 1400 528 effectu.
1452 472 1671 529 Horum
1718 474 1915 530 autem
1973 470 2306 545 imaginum
2354 472 2616 533 factores

174 550 328 604 sunt
401 543 655 602 omineS.
686 545 813 601 Non
843 542 1028 615 igitur
1057 543 1238 600 homo
1268 541 1443 599 debet
1472 543 1564 598 eis
1593 541 1853 614 aliquem
1882 539 2132 601 cultum.

252 615 317 674 Si
349 620 545 672 autem
576 612 809 672 dicatur
846 613 1003 686 quod
1045 611 1387 685 hujusmodi
1433 612 1730 685 imagines
1764 612 1985 670 habent
2012 613 2090 670 ali
2137 627 2273 672 uam
2311 613 2613 688 virtutem,

175 692 289 746 aut
316 684 664 767 dignitatem
696 699 771 742 ex
798 685 912 741 hoc
954 683 1115 756 quod
1144 683 1234 740 eis
1278 682 1585 742 adhaerent
1609 682 1826 755 aliquae
1850 682 2103 753 spiritua
2129 697 2194 742 es
2242 683 2619 757 substantiae,

176 757 303 816 hoc
332 762 511 813 etiam
549 768 680 835 non·
715 753 958 823 sufficit,
987 767 1125 812 cum
1171 752 1323 812 nulli
1370 752 1667 825 spirituali
1719 752 2069 811 substantiae
2112 754 2398 813 debeatur
2428 757 2619 818 latriae

176 828 388 887 cultus
420 827 535 884 nisi
566 825 682 884 soli
714 838 986 884 summae.

256 900 549 961 Praeterea,
582 895 864 956 nobiliori
891 894 1072 954 modo
1091 895 1295 953 anima
1321 893 1635 976 rationalis
1664 894 1926 975 adhaeret
1951 893 2185 953 homini
2208 909 2387 978 quam
2417 897 2621 969 aliqua

180 968 521 1041 spiritualis
552 966 889 1025 substantia
917 966 1217 1024 adhaereat
1243 965 1545 1037 praedlctls
1572 964 1961 1037 imaginibus.
1989 965 2196 1024 Adhuc
2224 967 2409 1040 igitur
2434 968 2619 1026 homo

178 1044 458 1097 remanet
486 1039 547 1095 in
578 1037 789 1095 ma‘ori
818 1037 1106 1110 dignitate
1134 1050 1311 1109 quam
1343 1035 1640 1107 praedictae
1668 1036 1787 1092 ima
1836 1036 1985 1094 hes.

256 1109 479 1178 Adhuc,
512 1123 648 1166 cum
725 1107 1022 1180 ujusmodi
1071 1108 1368 1178 imagines
1416 1106 1714 1164 interdum
1742 1120 1777 1164 a
1847 1106 2084 1181 aliquos
2124 1108 2342 1168 noxios
2370 1107 2620 1167 effectus

180 1179 355 1249 fiant,
386 1180 770 1238 manifestum
792 1185 886 1237 est
898 1177 1081 1252 quod,
1112 1179 1166 1236 si
1185 1192 1292 1250 per
1319 1177 1398 1235 ali
1445 1191 1556 1236 uas
1582 1176 1926 1248 spirituales
1946 1180 2316 1239 substantias
2340 1177 2618 1237 effectum

186 1251 540 1319 sortiantur,
572 1249 733 1323 quod
778 1249 898 1309 illae
965 1247 1312 1321 spirituales
1361 1262 1433 1307 su
1478 1249 1714 1306 stantiae
1760 1248 1884 1306 sint
1926 1250 2198 1321 vitiosae;
2234 1249 2393 1322 quod
2439 1250 2621 1307 etiam

187 1320 573 1401 manifestius
614 1320 898 1401 probatur
921 1334 1028 1390 per
1068 1317 1201 1401 hoc.
1225 1319 1384 1393 quod
1432 1318 1937 1400 responsionibus
1979 1320 2306 1394 decipiunt,
2337 1325 2394 1377 et
2419 1321 2497 1378 ali
2546 1334 2624 1378 ua

186 1392 493 1451 contraria
519 1392 721 1449 virtuti
768 1395 1018 1460 exigunt
1044 1404 1080 1449 a
1109 1403 1241 1448 suls
1270 1389 1642 1459 cultoribus;
1672 1394 1733 1447 et
1758 1402 1849 1448 sic
1881 1396 2026 1449 sunt
2064 1391 2244 1451 bonis
2273 1390 2503 1448 bomini
2549 1403 2622 1450 us

184 1462 530 1521 inferiores.
561 1464 688 1519 Non
718 1474 863 1534 ergo
886 1461 978 1519 eis
1003 1459 1250 1518 debetur
1270 1460 1460 1519 latriae
1487 1460 1709 1519 cultus.

262 1533 638 1591 Manifestum
671 1538 764 1591 est
804 1545 950 1605 ergo
975 1546 1048 1589 ex
1076 1531 1253 1589 dictis
1290 1529 1452 1605 quod
1480 1531 1668 1589 latriae
1707 1530 1908 1591 cultus
1933 1531 2051 1591 soli
2081 1534 2185 1591 uni
2234 1548 2472 1593 summo
2497 1537 2622 1593 Deo

190 1604 462 1663 debetur.
494 1604 643 1660 ilinc
689 1608 783 1662 est
830 1600 991 1675 quod
1039 1601 1258 1660 dicitur
1301 1619 1318 1660 ε
1365 1602 1473 1670 Qui
1505 1603 1751 1658 immolat
1794 1602 1904 1659 diis
1946 1604 2237 1675 occidetur,
2258 1610 2626 1677 praeterquam

185 1677 419 1734 Domino
442 1675 550 1730 soli
594 1674 819 1746 maced„
847 1685 999 1742 xxn,
1025 1671 1157 1746 20);
1187 1677 1248 1729 et
1275 1690 1292 1730 τ
1320 1675 1614 1729 Dominum
1658 1675 1829 1730 Deum
1873 1678 2028 1730 tuum
2070 1677 2300 1739 timebis,
2324 1681 2376 1733 et
2409 1677 2498 1732 illi
2523 1677 2627 1734 soli

183 1748 388 1803 servies
441 1744 643 1817 (Βοιώ,
695 1758 785 1812 vt,
841 1744 930 1817 13)
956 1760 972 1812 ;
1003 1747 1062 1801 et
1101 1742 1320 1800 dicitur
1366 1743 1439 1800 de
1479 1743 1809 1814 gentilibus
1857 1761 1874 1803 ε
1920 1746 2169 1802 Dicentes
2217 1749 2359 1803 enim
2411 1762 2468 1802 se
2512 1761 2624 1803 esse

183 1815 1144 1955 mmmmm&
1153 1815 1791 1941 mamm
1763 1817 2314 1957 ‘waiam
2331 1817 2622 1957 {mmm

187 1963 309 2013 tum
337 1956 534 2028 (Rom,
563 1970 609 2024 1,
631 1960 723 2025 22,
751 1955 844 2027 23)
869 1974 886 2025 3
911 1960 969 2013 et
997 1954 1155 2012 intra
1183 1972 1199 2011 ε
1230 1955 1337 2022 Qui
1362 1959 1825 2011 commutaverunt
1861 1958 2143 2013 veritatem
2169 1960 2270 2014 Dei
2302 1961 2368 2013 in
2399 1958 2628 2015 menda·

187 2030 357 2090 cium,
384 2031 436 2083 et
462 2027 738 2084 colum-unt
756 2030 806 2082 et
830 2028 1132 2082 servierunt
1149 2030 1409 2081 creatwae
1418 2027 1607 2098 potius
1635 2040 1801 2096 quam
1818 2025 2077 2091 Creatori,
2099 2030 2198 2098 qui
2224 2028 2627 2086 estbenedictus

184 2101 255 2155 in
275 2100 495 2157 saeeula.
521 2099 718 2154 Amen.
748 2094 934 2169 aoid„
959 2095 1078 2170 25.)
1502 2165 1513 2176 ⁸

266 2169 422 2238 Quia
464 2181 609 2240 ergo
660 2168 991 2226 indebitum
1038 2171 1132 2248 est
1215 2166 1334 2225 uod
1381 2165 1572 2225 latriae
1618 2165 1819 2225 cultus
1856 2167 2026 2225 alteri
2068 2167 2422 2228 exhibeatur
2445 2184 2627 2243 quam

188 2240 394 2314 primo
422 2252 620 2298 rerum
648 2238 967 2311 principio,
994 2236 1069 2297 ad
1096 2250 1159 2296 1n
1204 2237 1362 2295 ebita
1388 2241 1587 2295 autem
1616 2236 1867 2295 incitare
1895 2250 2018 2296 non
2045 2244 2139 2298 est
2167 2239 2285 2297 nisi
2314 2240 2628 2302 rationalis

145 2399 152 2410 -
191 2315 484 2440 tuitii?
518 2307 2300 2438 &ilingffpiffiniii'iffi&⁸‘r3330‘2ti‘l-ui‘r33i0‘a31
2330 2311 2628 2443 adalia

195 2452 339 2511 loco
358 2451 463 2509 Dei
492 2449 838 2532 hominibus
867 2448 1155 2509 colendos
1179 2392 1604 2506 exhibueruntp
1628 2447 1896 2505 divinum
1936 2394 2280 2523 appetentes
2309 2450 2624 2512 honorem.

196 2523 351 2582 Hinc
379 2521 656 2596 estquod
687 2521 906 2579 dicitur
936 2521 1168 2579 :Omnes
1194 2519 1278 2575 dii
1299 2522 1541 2591 qenttum
1566 2490 1833 2575 daernonia
1858 2519 2053 2591 (Psal.,
2075 2533 2218 2591 xcv,
2249 2520 2340 2593 5);
2366 2528 2426 2580 et
2454 2539 2469 2579 ε
2500 2524 2632 2592 Quae

188 2594 477 2651 immolant
502 2596 683 2662 qentes
710 2592 990 2650 daemom'is
1012 2590 1315 2654 immolant,
1345 2594 1398 2646 et
1418 2605 1530 2646 non
1559 2592 1689 2647 Deo.
1723 2589 1774 2662 (I
1793 2589 1936 2653 Gor..
1966 2602 2030 2659 x,
2057 2591 2174 2665 20.)

268 2664 419 2734 Quia
449 2665 633 2735 igitur
658 2669 752 2721 est
779 2661 1129 2735 principalis
1157 2661 1311 2734 legis
1339 2659 1556 2718 divinae
1583 2660 1837 2718 intentio
1866 2664 1933 2717 ut
1959 2659 2141 2720 homo
2181 2663 2303 2720 Deo
2337 2662 2630 2724 subdatur

191 2736 336 2794 etei
383 2734 752 2808 singularem
799 2732 1189 2791 reverentiam
1236 2731 1532 2799 exhibeat,
1564 2742 1686 2787 non
1714 2731 1913 2789 solum
1942 2732 2143 2802 corde,
2172 2732 2277 2791 sed
2307 2734 2485 2791 etiam
2519 2747 2624 2793 ore

191 2810 255 2865 et
281 2818 461 2877 opere
505 2803 825 2877 corporali,
850 2803 989 2861 ideo
1036 2802 1316 2874 primitus
1345 2801 1407 2858 in
1456 2800 1678 2869 Exod0,
1716 2800 1815 2859 ubi
1867 2801 1965 2860 lex
1992 2801 2196 2861 divina
2238 2806 2620 2877 proponitur,

189 2875 575 2936 interdicitur
622 2875 822 2934 cultus
866 2873 1127 2946 plurium
1150 2872 1421 2942 deorum,
1454 2870 1554 2930 ubi
1586 2871 1803 2929 dicitur
1831 2889 1845 2928 ε
1873 2874 1997 2931 Non
2024 2873 2234 2930 habetis
2266 2875 2390 2931 deos
2420 2877 2626 2933 alienos

191 2962 381 3006 coram
405 2960 507 3004 me.
536 2947 657 3005 Non
680 2947 851 3016 facies
877 2945 983 3001 tibi
999 2943 1248 3016 scruptile
1268 2958 1442 3016 neque
1468 2957 1677 2999 omnem
1709 2943 2147 3001 similitudinem.
2181 2944 2407 3016 (Butam,
2432 2957 2538 3016 xx,
2568 2950 2627 3019 3,

189 3017 279 3091 4.)
303 3017 576 3076 Secundo
619 3016 907 3075 indicitur
945 3015 1176 3087 homini
1206 3028 1280 3072 ne
1328 3014 1721 3072 irreverenter
1765 3012 2033 3095 divinum
2082 3028 2303 3073 nomen
2353 3029 2456 3074 ore
2490 3030 2628 3088 pro-

194 3088 458 3157 nuntiet,
475 3088 550 3146 ad
570 3085 1082 3146 confirmationem
1115 3085 1346 3144 scilicet
1367 3084 1625 3156 aliqu‘us
1646 3083 1782 3142 falsi
1807 3101 1823 3154 3
1850 3090 1910 3143 et
1927 3085 2044 3144 hoc
2060 3091 2151 3143 est
2173 3085 2331 3157 quod
2362 3087 2580 3147 dicitur
2607 3105 2626 3145 ε

189 3160 322 3219 Non
346 3173 580 3215 assumes
602 3173 793 3215 nomen
824 3158 1042 3215 Domini
1064 3159 1166 3215 Dei
1187 3159 1272 3212 tui
1297 3158 1360 3211 in
1383 3171 1614 3236 vanum..
1632 3154 1858 3236 (Efrod.,
1888 3166 1995 3227 xx,
2012 3155 2095 3238 7.)
2118 3157 2312 3215 Tertio
2344 3157 2630 3219 indicitur

191 3228 440 3300 requies
466 3229 795 3286 secundum
816 3227 1060 3301 aliquod
1079 3233 1196 3285 tem
1244 3239 1316 3285 us
1335 3226 1410 3285 ab
1432 3226 1829 3284 exterioribus
1851 3226 2174 3296 exercitiis,
2198 3233 2264 3284 ut
2282 3242 2453 3286 mens
2480 3228 2628 3287 divi·

192 3298 808 3442 chrssgnbplationgi
827 3303 1061 3442 ›vacet3
1088 3297 1195 3356 eti
1239 3310 1309 3355 eo
1353 3297 1575 3355 dicitur
1597 3313 1616 3351 ι
1645 3297 1906 3353 metuente
1926 3301 1992 3353 ut
2016 3298 2158 3355 diem
2184 3299 2403 3355 sabbati
2426 3300 2626 3358 saneti·

332 3412 348 3428 ο
399 3400 400 3403 ’
494 3386 524 3428 ο
570 3411 607 3435 a,
633 3381 740 3440 xx,
810 3409 824 3426 ο

1150 3568 1404 3635 CAPUT
1465 3569 1674 3635 cxxi.

410 3750 565 3805 QUOD
591 3749 805 3799 nmNA
829 3748 944 3798 mx
970 3748 1230 3797 omium*
1263 3749 1536 3797 HOMINEM
1571 3748 1883 3799 secunlum
1914 3746 2217 3800 annom
2248 3750 2419 3798 claua

981 3837 1344 3887 colu’oama
1377 3836 1456 3885 m
1497 3837 1844 3886 smmum.

264 4001 435 4063 Sicut
462 4009 660 4061 autem
677 4017 783 4074 per
799 4001 1138 4076 corporalia
1153 4006 1213 4059 et
1238 4000 1555 4083 sensibilia
1584 4014 1757 4061 mens
1785 4001 2053 4062 hominis
2092 4001 2311 4083 elevari
2342 4005 2542 4073 potest
2564 4002 2632 4063 iu

129 4106 136 4113 ·
189 4076 410 4141 Deum,
440 4074 653 4146 siquis
678 4073 853 4133 eisin
877 4073 1270 4133 reverentiam
1295 4074 1398 4130 Dei
1423 4072 1625 4131 debito
1653 4073 1835 4132 modo
1862 4079 2081 4142 utatur,
2104 4078 2189 4130 ita
2215 4072 2394 4129 etiam
2418 4085 2631 4135 eorum

188 4142 508 4205 indebitus
537 4157 687 4202 usus
714 4143 806 4201 vel
846 4148 1104 4203 mentem
1130 4158 1167 4202 a
1193 4146 1313 4202 Deo
1341 4144 1606 4202 totaliter
1639 4143 1952 4213 abstrahit,
1981 4143 2123 4201 dum
2152 4143 2217 4199 in
2247 4142 2635 4204 inferioribus

188 4215 381 4276 rebus
408 4213 795 4272 constituitur
814 4214 1137 4274 voluntatis
1162 4213 1324 4282 finis,
1349 4215 1441 4272 vel
1473 4216 1692 4273 mentis
1721 4213 2115 4272 intentionem
2140 4227 2178 4271 a
2204 4215 2326 4271 Deo
2350 4215 2631 4284 retardat,

193 4285 342 4346 dum
368 4286 528 4343 ultra
554 4298 732 4358 quam
764 4297 1012 4344 necesse
1038 4285 1121 4345 sit
1147 4284 1224 4344 ad
1252 4284 1592 4357 hujusmodi
1626 4299 1725 4344 res
1752 4284 2070 4344 afficimur.
2088 4285 2187 4342 Est
2204 4291 2400 4343 autem
2434 4285 2637 4343 divina

191 4356 298 4415 lex
319 4355 395 4416 ad
431 4356 545 4414 hoc
589 4355 995 4426 principaliter
1020 4353 1179 4424 data,
1210 4361 1276 4413 ut
1305 4356 1486 4414 homo
1530 4355 1830 4415 adhaereat
1873 4357 2016 4415 Deo.
2046 4356 2309 4414 Pertinet
2348 4356 2530 4427 igitur
2555 4353 2634 4412 ad

195 4426 393 4555 {egem
417 4426 680 4558 ditiinam
711 4426 990 4488 ordinare
1006 4425 1314 4487 hominem
1339 4427 1502 4488 circa
1529 4426 1929 4501 corporalium
1959 4431 2019 4486 et
2047 4427 2429 4487 sensibilium
2455 4421 2632 4483 affec·
