3076 5025
444 951 449 956 ’
541 947 852 1018 impendat
880 962 918 1005 a
947 960 1070 1020 quo
1098 952 1190 1004 est
1214 946 1311 1005 sui
1339 958 1479 1003 esse
1508 950 1569 1003 et
1595 945 1797 1003 omnis
1822 945 1967 1003 boni
1996 945 2377 1017 principium.

540 339 648 393 422
1417 331 1554 386 Lm.
1595 330 1690 397 ln,
1732 330 1883 386 CAP.
1921 331 2069 387 CXX.

585 469 651 514 er
680 453 1025 528 hujusmodi
1061 457 1231 512 actus
1258 451 1607 524 proficimus
1654 452 1717 508 in
1763 453 1969 509 Deum.
2001 454 2070 508 Et
2113 450 2257 524 quia
2310 465 2418 523 per
2449 451 2727 509 interiores
2756 457 2862 510 actm

481 548 490 556 ·
587 529 770 585 irecte
795 525 856 582 in
888 527 1076 582 Deum
1107 523 1428 592 tendimus,
1459 522 1597 580 ideo
1626 521 2014 579 interioribus
2054 521 2290 603 actibus
2337 522 2866 602 proprielieumetffi-

541 610 682 656 mus
705 614 720 665 ;
751 595 859 654 sed
886 601 1083 652 tamen
1115 600 1174 651 et
1199 594 1524 651 exteriores
1551 598 1720 650 actus
1749 593 1824 650 ad
1854 592 2079 650 cultum
2111 594 2215 649 Dei
2243 598 2562 664 pertinent,
2587 606 2642 648 m
2666 599 2867 664 quanm

542 681 652 742 per
681 665 1024 740 hujusmodi
1057 670 1227 722 actus
1253 677 1426 721 mens
1454 668 1666 721 nostra
1693 663 1957 720 elevatur
1983 664 2046 720 in
2075 665 2282 730 Deum,
2310 668 2376 720 ut
2406 663 2623 720 dictum
2647 669 2743 720 est.

619 737 766 794 Hinc
795 737 973 794 etiam
1001 735 1107 793 Dei
1139 735 1337 793 cultus
1365 734 1580 806 religio
1614 734 1977 797 nominatur,
2009 733 2152 805 qnia
2178 732 2525 815 hujusmodi
2553 732 2765 814 actibus
2769 747 2875 860 ffi

543 807 868 867 dammodo
892 820 959 864 se
991 807 1171 864 homo
1200 806 1367 877 ligat,
1397 810 1464 861 ut
1486 804 1561 862 ab
1588 817 1665 862 eo
1702 816 1824 861 non
1869 809 2170 876 evagetur,
2199 810 2259 861 ct
2304 818 2450 876 quia
2489 809 2660 861 etiam
2703 819 2768 876 qu

465 920 470 924 -
546 878 806 936 naturali
836 877 1126 935 instinctu
1156 889 1223 932 se
1250 876 1581 947 obligatum
1610 875 1795 933 sentit
1814 876 1960 943 Deo,
1988 879 2055 932 ut
2093 888 2210 932 suo
2253 875 2438 932 modo
2482 875 2822 932 reverentiam
2846 889 2875 930 a

618 1019 767 1075 nine
795 1019 976 1075 etiam
1007 1016 1285 1089 estquod
1343 1017 1559 1089 religio
1596 1029 1821 1073 nomen
1865 1016 2093 1087 accepit
2128 1016 2412 1096 pietatis;
2460 1028 2604 1073 nam
2644 1015 2871 1094 pietas!

543 1102 656 1161 per
724 1102 860 1146 uam
889 1089 1177 1146 honorem
1213 1086 1477 1144 debitum
1509 1087 1862 1158 parentibus
1882 1085 2290 1157 impendimus
2319 1104 2334 1143 :
2365 1085 2527 1144 unde
2557 1087 2869 1144 convemen

549 1172 670 1232 quo
740 1161 862 1216 Deo
893 1157 1122 1239 parenti
1152 1158 1420 1215 omnium
1455 1157 1652 1214 honor
1678 1156 2027 1214 exhibeatur
2051 1157 2291 1229 pietatis
2321 1170 2459 1214 esse
2504 1156 2763 1225 videtui-3

544 1234 641 1358 {gr
669 1229 830 1301 quod
856 1229 958 1286 his
988 1242 1119 1301 quae
1140 1229 1216 1284 ad
1244 1227 1511 1285 divinum
1542 1228 1769 1285 cultum
1794 1226 2094 1298 pertinent
2121 1228 2516 1286 adversantur
2560 1227 2725 1298 impii

617 1313 667 1356 r.

624 1368 778 1438 Quia
802 1381 946 1426 vero
970 1370 1129 1426 Deus
1158 1380 1278 1426 non
1309 1368 1506 1426 solum
1538 1373 1631 1427 est
1673 1367 1866 1426 nostri
1916 1381 2053 1426 esse
2102 1381 2288 1426 eausa
2330 1372 2393 1424 et
2432 1366 2799 1446 principium,-
2828 1361 2881 1424 sl

547 1444 741 1497 totum
771 1444 1043 1497 nostrum
1073 1452 1209 1497 esse
1237 1439 1300 1496 in
1328 1444 1622 1511 potestate
1649 1438 1844 1510 ipsius
1887 1443 1999 1507 est,
2030 1444 2088 1495 et
2123 1442 2315 1495 totum
2363 1437 2531 1511 quod
2578 1438 2640 1495 in
2687 1437 2881 1495 nohisd

549 1510 668 1582 ipsi
700 1509 1007 1579 debemuS,
1037 1523 1106 1567 ac
1133 1523 1238 1581 per
1267 1509 1382 1567 hoc
1410 1509 1569 1581 quod
1594 1523 1729 1566 vere
1755 1508 2039 1588 dominus
2067 1514 2274 1566 noster
2296 1513 2414 1574 est,
2450 1508 2513 1565 id
2564 1508 2716 1588 quod
2755 1509 2803 1563 in
2832 1505 2885 1562 l»

551 1593 762 1638 norem
791 1579 893 1636 Dei
924 1579 1295 1648 exhibemus,
1327 1580 1637 1637 servitium
1672 1579 1909 1637 dicitur.
1936 1581 2033 1637 Est
2088 1584 2284 1637 autem
2324 1580 2484 1635 Deus
2535 1578 2790 1636 dominus
2822 1588 2885 1632 ιιι

549 1664 658 1723 per
687 1649 987 1719 accidens,
1019 1649 1177 1708 sicut
1202 1649 1471 1708 hominis
1509 1649 1713 1719 hom0,
1746 1650 1853 1707 sed
1881 1663 1987 1719 per
2014 1655 2325 1716 naturam;
2357 1654 2418 1705 et
2441 1649 2585 1706 ideo
2626 1647 2887 1706 aliter-‹hb›

547 1724 651 1777 tur
676 1719 984 1778 servitium
1015 1722 1158 1788 De0‚
1188 1725 1248 1777 et
1286 1719 1456 1777 aliter
1479 1720 1737 1789 homini,
1768 1720 1867 1777 cui
1918 1733 2023 1790 per
2068 1719 2349 1777 accidens
2406 1719 2723 1777 subdimur
2757 1724 2803 1775 et
2834 1711 2893 1787 ᾳ

551 1788 731 1847 habet
757 1789 999 1861 aliquod
1028 1789 1384 1862 particulare
1414 1790 1477 1847 in
1532 1790 1712 1848 rebus
1753 1789 2108 1851 dominium,
2142 1795 2201 1846 et
2249 1788 2308 1846 id
2356 1803 2394 1846 a
2441 1792 2570 1847 Deo
2616 1790 2887 1847 derivatim

551 1857 714 1918 unde
737 1860 1051 1919 servitium
1077 1860 1240 1933 quod
1261 1863 1389 1919 Deo
1416 1859 1667 1919 debetur
1714 1860 2057 1932 specialiter
2082 1858 2241 1931 apud
2265 1872 2503 1932 graecos
2526 1860 2705 1918 latria
2716 1865 2889 1916 vooem.

1535 2077 1790 2143 CAPUT
1830 2077 2009 2143 CXX.

979 2256 1131 2311 QUOD
1162 2257 1401 2304 urm
1436 2258 1653 2305 cums
1688 2258 1820 2304 sou
1855 2259 1971 2304 mto
2007 2258 2116 2304 1251·
2148 2257 2556 2305 mmmm.

623 2423 884 2479 Fuerunt
911 2425 1111 2479 autem
1139 2420 1324 2503 aliqui
1354 2422 1456 2494 qui
1483 2420 1674 2480 latriae
1698 2421 1926 2481 cultum
1955 2435 2080 2480 non
2106 2422 2305 2481 solum
2330 2423 2538 2494 primo
2589 2435 2771 2481 rerum

553 2490 714 2564 cipio
746 2491 1145 2550 exhibendum
1171 2492 1683 2562 existimaverunt,
1707 2492 1811 2551 sed
1831 2492 2114 2552 omnibus
2136 2492 2313 2553 etiam
2334 2495 2636 2553 creaturis
2659 2507 2773 2568 quae
2795 2510 2896 2543 w*-

550 2561 831 2620 homines
858 2568 1020 2620 sunt.
1049 2562 1213 2620 Unde
1241 2563 1505 2636 quidam,
1535 2562 1676 2620 licet
1703 2577 1740 2621 o
1782 2565 2093 2622 inarentur
2118 2565 2304 2622 Deum
2333 2577 2475 2623 esse
2501 2579 2693 2624 unum
2726 2579 2866 2637 Γυνὴ
2893 2581 2898 2612 ³

553 2638 612 2690 et
669 2632 1004 2690 universale
1059 2647 1256 2690 rerum
1303 2633 1685 2705 principium,
1763 2635 1972 2691 atriam
2015 2641 2215 2692 tamen
2270 2635 2679 2693 exhibendam

547 2709 765 2760 verunt
791 2704 982 2774 primo
1011 2703 1272 2776 quidem,
1304 2709 1443 2775 post
1467 2706 1675 2768 Deum,
1704 2704 2061 2763 substantiis
2082 2704 2600 2765 intellectualibus
2624 2703 2895 2769 ooelestim

553 2786 708 2845 quas
741 2774 888 2831 deos
915 2774 1097 2831 etiam
1124 2773 1436 2836 vocabant,
1463 2775 1590 2832 sive
1616 2781 1822 2833 essent
1863 2774 2213 2833 substantiae
2251 2776 2510 2835 omnino
2560 2791 2600 2835 a
2642 2773 2893 2853 corpori&

553 2848 865 2914 separatae,
924 2843 1050 2901 sive
1103 2851 1310 2902 essent
1383 2845 1601 2902 animae
1641 2844 1878 2904 orbium
1934 2851 2036 2903 aut
2082 2845 2392 2904 stellarum
2424 2865 2441 2917 ς
2495 2848 2756 2905 secundo
2788 2848 2889 2901 m

553 2914 916 2987 quibusdam
945 2913 1301 2972 substantiis
1327 2914 1853 2985 intellectualibus,
1879 2929 2030 2988 quas
2060 2915 2260 2975 unitas
2282 2916 2615 2976 credebant
2640 2912 2891 2988 commu

553 2984 769 3051 aereis,
802 2982 1031 3042 scilicet
1059 2997 1213 3057 quos
1239 2985 1547 3044 daemones
1580 2998 1715 3044 esse
1747 2985 2062 3055 dicebant3
2094 2993 2154 3045 et
2180 2993 2381 3045 tamen
2412 2989 2566 3060 quia
2600 2976 2891 3063 soprato}

549 3066 665 3113 nes
695 3067 803 3111 eos
830 3066 968 3110 esse
993 3055 1331 3124 credebant,
1357 3056 1514 3113 sicut
1544 3069 1764 3127 eorpus
1792 3070 2050 3133 ⁸aereum
2095 3063 2189 3115 est
2216 3071 2404 3130 supra
2428 3064 2733 3126 terrestre,
2766 3057 2885 3125 m

541 3123 716 3184 modi
743 3123 922 3180 etiam
953 3122 1326 3185 substantias
1354 3125 1638 3184 colendas
1669 3126 1872 3185 divino
1900 3127 2061 3186 cultu
2094 3126 2168 3185 ab
2197 3127 2560 3188 hominibus
2586 3120 2885 3205 ponelnntl

548 3193 618 3252 in
647 3195 1091 3264 comparatione
1123 3196 1195 3253 ad
1227 3196 1505 3254 homines
1534 3198 1681 3254 deos
1710 3197 1852 3255 illos
1880 3211 2016 3256 esse
2043 3196 2341 3267 dicebant,
2363 3201 2548 3272 quasi
2580 3192 2885 3258 medicem

548 3262 829 3345 homines
863 3269 923 3321 et
952 3264 1118 3323 deos.
1150 3268 1218 3322 Et
1243 3267 1385 3346 quia
1409 3267 1646 3325 animas
1666 3267 1985 3337 bonorum,
2010 3282 2117 3340 per
2142 3267 2257 3326 hoc
2287 3271 2451 3342 quod
2492 3285 2535 3329 a
2560 3283 2786 3342 corpore
2808 3291 2840 3322 w.
2885 3285 2894 3300 ¹

547 3340 779 3403 rantur,
812 3347 875 3391 in
905 3339 1123 3393 statum
1156 3335 1424 3395 altiorem
1453 3351 1631 3407 quam
1660 3338 1743 3395 sit
1769 3344 1963 3396 status
1983 3338 2296 3409 praesentis
2323 3340 2487 3409 vitae,
2510 3342 2757 3398 transire
2789 3364 2808 3384 ι·
2827 3355 2850 3382 ·-·»

537 3401 712 3473 bam,
745 3405 922 3463 etiam
947 3405 1266 3465 animabus
1298 3412 1693 3476 mortuorum,
1766 3422 1876 3466 uas
1906 3409 2122 3467 heroas
2151 3414 2254 3466 aut
2276 3422 2500 3469 manes
2514 3394 2889 3477 vocabant*

546 3483 692 3533 num
720 3475 943 3556 cultum
975 3474 1373 3535 exhibendum
1401 3490 1541 3536 esse
1569 3479 1712 3551 opin
1794 3484 1989 3537 antur.

622 3545 873 3613 Quidam
903 3558 1067 3615 vero,
1099 3548 1284 3605 Deum
1311 3561 1448 3606 esse
1476 3549 1739 3607 animam
1764 3550 1976 3608 mundi
2003 3550 2397 3621 aestimantes,
2426 3532 2889 3683 midmffi

550 3615 668 3673 soli
696 3616 920 3674 mundo
946 3623 1004 3674 et
1033 3617 1293 3690 singulis
1322 3618 1453 3689 ejus
1477 3620 1746 3690 partibus
1775 3625 1937 3679 esset
1964 3621 2163 3679 cultus
2190 3621 2529 3682 divinitatis
2580 3625 2708 3682 exhi

547 3697 674 3743 non
707 3691 906 3744 tamen
931 3693 1174 3759 propter
1199 3700 1440 3760 eorpus,
1472 3690 1580 3748 sed
1610 3695 1851 3761 propter
1876 3691 2161 3761 animam,
2186 3705 2370 3764 quam
2418 3694 2615 3752 Deum
2654 3708 2772 3751 esse
2857 3721 2892 3744 -ι

541 3753 726 3899 triante
763 3758 920 3839 sicut
943 3761 1003 3814 et
1034 3757 1264 3817 homini
1289 3760 1552 3832 sapienti
1585 3760 1781 3819 honor
1807 3761 2140 3833 exhibetur,
2170 3774 2296 3821 non
2322 3771 2577 3836 propter
2612 3773 2816 3836 eorpus,
2843 3781 2866 3792 ··

618 3897 870 3965 Quidam
895 3912 1038 3957 vero
1067 3899 1246 3957 etiam
1274 3913 1349 3959 ea
1383 3914 1517 3974 quoe
1559 3901 1718 3961 infra
1763 3901 2068 3961 hominem
2108 3907 2257 3962 sunt
2297 3905 2639 3965 secundum
2681 3919 2734 3962 ιι
2783 3923 2788 3948 ·

541 3963 777 4048 homini
803 3974 1005 4026 tamen
1031 3970 1285 4029 colenda
1313 3983 1450 4030 esse
1478 3971 1754 4031 dicebant
1781 3973 1986 4032 divino
2013 3973 2201 4044 cultu,
2230 3974 2297 4032 in
2324 3982 2622 4049 quantum
2652 3976 2711 4033 in
2733 3974 2807 4029 eis
2829 3992 2890 4014 ···

537 4038 1070 4121 minatur-atinum
1097 4040 1334 4100 virtutis
1359 4042 1695 4113 superioris
1724 4048 1968 4103 naturae.
1996 4040 2185 4113 Unde,
2210 4057 2354 4104 cum
2374 4047 2664 4120 quasdam
2680 4038 2889 4111 imag&

536 4116 654 4177 *per
688 4108 964 4169 homines
993 4111 1181 4169 factas
1211 4112 1412 4170 sortiri
1458 4112 1768 4170 crederent
1803 4115 1881 4172 ali
1927 4128 2065 4172 uam
2110 4114 2392 4174 virtutem
2440 4111 2887 4189 supernatur-alq-

542 4175 640 4232 vel
669 4190 742 4233 ex
769 4179 1077 4238 influentia
1103 4182 1437 4240 coelestium
1467 4196 1806 4255 corporum,
1834 4199 1904 4241 ve
1953 4200 2027 4243 ex
2056 4186 2381 4257 praesentia
2431 4187 2748 4261 aliquorum
2780 4188 2889 4250 Sim·

543 4248 737 4315 ηοω,
768 4246 1047 4328 dicebant
1072 4250 1416 4323 hujusmodi
1469 4252 1591 4310 ima
1635 4254 1837 4312 inihus
1855 4254 2119 4313 divinum
2146 4256 2377 4315 cultum
2395 4271 2533 4317 esse
2556 4256 2748 4315 exhibe
2811 4319 2821 4329 ‚

541 4327 699 4396 quas
729 4323 905 4399 etiam
950 4321 1247 4404 imagines
1267 4322 1415 4382 deos
1443 4336 1595 4381 voca
1635 4330 1738 4382 ant
1787 4330 2029 4407 propter
2049 4326 2211 4398 quod
2226 4328 2633 4388 etidololatrae
2646 4329 2767 4385 sunt

539 4398 690 4461 qma
718 4386 905 4447 latriae
929 4390 1162 4473 cultum
1189 4392 1372 4475 idolis
1400 4398 1460 4451 et
1488 4367 1855 4466 imaginibus
1882 4395 2328 4467 impendebant.
2760 4463 2771 4473 ,
2805 4460 2815 4469 ,

615 4457 722 4515 Est
747 4463 947 4518 autem
988 4460 1398 4523 irrationabile
1423 4464 1788 4537 ponentibus
1818 4478 2004 4525 unum
2057 4470 2291 4528 tantum
2318 4469 2578 4543 primum
2605 4462 2875 4541 ptinffllflffl
