3076 5025
472 252 576 305 1580
1371 244 1504 300 [ΑΒ.
1548 244 1639 311 IV,
1676 242 1830 300 CAP.
1869 243 2010 299 LIII.

472 369 783 441 dependet,
816 381 888 425 eo
912 366 1071 441 quod
1100 371 1272 425 actus
1300 365 1655 438 generativae
1683 363 1919 422 virtutis
1945 376 2067 422 non
2096 362 2299 422 obedit
2319 361 2536 421 rationi
2565 362 2663 421 vel
2687 362 2891 423 volun-

470 442 599 508 tati,
635 444 698 496 ut
742 445 953 496 octava
999 437 1146 497 ratio
1189 435 1581 507 procedebat;
1628 434 1733 493 sed
1777 434 1982 491 vitium
2031 433 2341 515 originalis
2384 434 2598 504 culpae,
2655 448 2788 506 quae
2827 434 2887 493 ad

471 518 744 570 naturam
781 509 1057 579 pertinet,
1105 506 1249 564 nihil
1287 505 1560 577 prohibet
1605 504 1667 562 in
1711 511 1845 563 actu
1882 511 2239 577 generativae
2286 506 2571 576 potentiae
2626 504 2887 575 inveniti.

472 594 653 656 quum
697 584 755 636 et
778 584 948 638 actus
973 578 1325 651 generativae
1349 576 1630 648 potentiae
1659 575 1963 634 naturales
1990 574 2280 632 dicantur.

547 650 716 719 Quod
766 663 908 707 vero
952 662 1117 707 nono
1163 648 1445 720 objicitur
1488 646 1562 703 de
1592 647 1752 703 facili
1783 646 1935 704 solvi
1966 650 2162 716 potest
2205 644 2539 703 secundum
2568 645 2897 717 praemissa.

474 725 587 781 Per
614 724 923 792 peccatum
970 719 1130 777 enim
1160 731 1282 776 non
1313 717 1546 775 tollitur
1579 716 1804 774 homini
1835 716 2061 775 bonum
2096 721 2323 773 naturae
2357 716 2516 788 quod
2542 715 2618 772 ad
2651 716 2895 787 speciem
2922 748 2929 766 ι

381 807 385 811 ⁴
471 798 702 850 naturae
731 790 1019 862 pertinet3
1049 788 1157 848 sed
1181 788 1406 847 bonum
1458 793 1685 845 naturae
1713 787 1871 860 quod
1903 800 2010 860 per
2036 786 2286 860 gratiam
2318 785 2771 857 superadditum
2796 786 2900 846 fuit

469 863 669 936 potuit
695 875 799 932 per
823 865 1150 942 peccatum·
1164 858 1339 932 primi
1373 858 1647 987 gerentis·
1670 857 1913 937 auferri,
1944 862 2009 914 ut
2038 870 2220 939 supra
2246 856 2473 914 dictum
2493 860 2607 937 est.
2830 928 2842 939 ·

547 935 714 989 Patet
757 936 937 989 etiam
979 945 1052 990 ex
1099 930 1326 989 eisdem
1414 944 1446 986 e
1489 929 1650 986 facili
1700 928 1925 986 solutio
1968 927 2040 985 ad
2080 927 2370 985 decimam
2400 933 2718 996 rationem,
2746 941 2901 1000 qnia,

378 1060 384 1071 ,
471 1017 658 1077 quum
683 1001 931 1073 privatio
951 1007 1010 1059 et
1038 1001 1306 1060 desectus
1334 1000 1447 1057 sibi
1478 999 1732 1057 invicem
1760 998 2288 1069 correspondeant,
2326 1012 2398 1055 ea
2425 998 2656 1055 ratione
2683 998 2742 1055 in
2771 1011 2900 1068 pec-

471 1078 608 1133 cato
654 1072 931 1144 originali
981 1071 1087 1128 tilii
1174 1070 1476 1129 arentibus
1523 1069 1881 1132 similantur,
1914 1082 2034 1142 qua
2060 1069 2234 1127 etiam
2264 1068 2510 1137 donum,
2552 1068 2907 1140 aprincipio

474 1148 705 1202 naturae
743 1142 1095 1216 praestitum,
1131 1085 1349 1200 fuisset
1382 1155 1419 1198 a
1460 1139 1805 1220 parentibus
1840 1139 1901 1196 in
1941 1144 2221 1210 posteros
2295 1145 2662 1221 ‘ropagatum
2694 1156 2710 1208 ;
2740 1139 2905 1210 quia,

469 1214 611 1273 licet
651 1213 726 1271 ad
773 1213 1064 1271 rationem
1114 1212 1337 1285 speciei
1382 1225 1504 1268 non
1537 1215 1886 1291 pertineret&
1905 1213 2104 1267 tamen
2128 1224 2206 1291 ex
2251 1154 2450 1267 tfivma
2487 1215 2679 1291 gratia
2706 1207 2909 1269 datum

471 1285 588 1344 fuit
612 1285 806 1355 primo
845 1283 1077 1341 homini
1106 1288 1174 1341 ut
1201 1282 1276 1341 ab
1313 1295 1386 1339 eo
1419 1282 1481 1338 in
1510 1287 1696 1338 totam
1725 1293 1985 1352 speciem
2018 1280 2441 1347 derivandum3
2469 1280 2747 1337 similiter
2770 1292 2910 1351 pec-

469 1361 672 1414 catum
702 1369 807 1436 per
832 1354 993 1426 quod
1025 1352 1174 1411 illud
1201 1354 1428 1412 bonum
1455 1351 1718 1423 privatur
1742 1352 1801 1406 in
1832 1355 2015 1408 totam
2041 1350 2299 1422 speciem
2329 1349 2650 1408 derivatur.

548 1423 1066 1484 Considerandum
1099 1429 1194 1482 est
1222 1424 1394 1480 etiam
1427 1422 1611 1494 quod,
1642 1421 1781 1478 licet
1798 1420 2012 1501 aliquis
2040 1434 2146 1492 per
2185 1421 2391 1494 gratiae
2420 1423 2801 1478 sacramenta
2825 1419 2915 1479 sic

475 1495 553 1555 ab
598 1494 878 1568 originali
923 1499 1166 1566 peccato
1215 1494 1537 1551 mundetur
1566 1498 1630 1549 ut
1659 1491 1713 1548 ei
1741 1504 1863 1548 non
1900 1494 2223 1573 imputetur
2245 1491 2320 1549 ad
2349 1492 2607 1562 culpam,
2635 1490 2799 1563 quod
2824 1494 2919 1549 est

519 1565 876 1625 ersonaliter
899 1565 1097 1637 ipsum
1127 1580 1163 1622 a
1190 1569 1435 1637 peccato
1468 1561 1747 1637 originali
1776 1561 2030 1626 liberari,
2062 1575 2182 1620 non
2212 1564 2411 1620 tamen
2444 1562 2700 1620 totaliter
2725 1573 2916 1619 sana-

505 1652 599 1706 ur,
629 1642 689 1693 et
714 1636 852 1693 ideo
895 1635 1224 1693 secundum
1255 1639 1452 1692 actum
1482 1640 1708 1690 naturae
1746 1638 2052 1704 peccatum
2085 1632 2373 1706 originale
2400 1632 2827 1689 transmittitur
2851 1632 2918 1689 in

515 1713 771 1765 osterOS.
802 1706 900 1764 Sic
935 1706 1135 1779 igitur,
1164 1705 1226 1763 in
1269 1704 1513 1764 homine
1543 1707 1887 1777 generante,
1918 1703 1980 1760 in
2026 1709 2314 1776 quantum
2340 1707 2434 1760 est
2465 1715 2724 1774 persona
2752 1714 2917 1783 quoeg-

469 1720 634 1845 gam,
660 1789 783 1835 non
811 1779 905 1834 est
935 1775 1232 1850 originale
1260 1780 1593 1847 peccatum,
1625 1778 1684 1830 et
1711 1773 2006 1847 contingit
2034 1774 2211 1832 etiam
2240 1773 2304 1831 in
2330 1778 2467 1831 actu
2551 1778 2918 1831 eneratioms

470 1846 709 1904 nullum
756 1860 893 1906 esse
940 1847 1173 1904 actuale
1214 1850 1544 1918 peccatum,
1593 1851 1659 1902 ut
1705 1844 2019 1903 undecima
2066 1844 2216 1925 ratic·
2256 1856 2522 1925 propone
2565 1848 2625 1902 at
2646 1842 2916 1924 {semi-n

471 1923 763 1990 quantum
804 1917 988 1975 homo
1030 1929 1330 1989 generans
1374 1920 1466 1974 est
1515 1915 1786 1972 naturale
1861 1918 2229 1973 eneratioms
2258 1927 2638 1985 principium,
2663 1913 2917 1972 infectio

469 1986 793 2116 arigim-ilis·
812 1987 1064 2058 peccati,
1092 1985 1252 2059 quod
1282 1991 1557 2043 naturam
1600 1985 1815 2056 respici
1848 2027 1863 2053 ,
1892 1980 1957 2042 ln
1990 1998 2080 2044 ‘eo
2108 1988 2310 2043 manet
2336 1985 2483 2042 etin
2510 1989 2647 2043 actu
2667 1994 2921 2057 genera·

520 2070 700 2114 on1s1
743 2070 896 2115 slus.

539 2071 861 2185 Scienpdum
909 2125 1089 2184 etiam
1127 2131 1224 2185 est
1250 2125 1409 2199 quod
1438 2130 1747 2196 peccatum
1789 2124 2021 2183 actuale
2047 2125 2218 2197 primi
2248 2124 2516 2183 hominis
2544 2125 2609 2183 in
2636 2130 2919 2184 naturam

467 2196 765 2267 transivit,
808 2196 946 2270 quia
984 2201 1196 2254 natura
1235 2197 1300 2253 in
1342 2210 1414 2254 eo
1458 2200 1603 2263 erat,
1634 2194 1925 2253 beneficio
1980 2200 2206 2253 naturae
2231 2195 2520 2267 praestito,
2548 2195 2750 2254 adhuc
2782 2208 2917 2268 per-

467 2267 660 2335 fecta;
690 2266 816 2330 sed,
847 2281 952 2339 per
973 2273 1279 2338 peccatum
1307 2266 1497 2338 ipsius
1523 2270 1736 2323 natura
1765 2266 1880 2322 hoc
1903 2264 2197 2341 beneficio
2226 2265 2533 2337 destituta,
2561 2270 2737 2325 actus
2777 2266 2917 2338 ejus

470 2336 818 2409 simpliciter
867 2337 1155 2396 naturalis
1194 2336 1326 2395 fuit.
1377 2336 1537 2393 Unde
1586 2349 1705 2393 non
1754 2335 1944 2408 potuit
1986 2336 2331 2396 satisfacere
2374 2350 2484 2408 pro
2538 2341 2664 2396 ¹ota
2698 2340 2923 2397 natum

470 2420 665 2481 neque
710 2406 936 2466 bonum
960 2412 1186 2465 naturae
1210 2409 1573 2480 reintegrare
1593 2421 1699 2478 per
1718 2420 1894 2464 suurn
1922 2412 2160 2476 actum;
2189 2406 2294 2465 sed
2322 2408 2521 2465 solum
2565 2406 2919 2466 satisfacere

470 2478 850 2551 aliquatenus
916 2478 1069 2537 otuit
1093 2490 1201 2549 pro
1231 2492 1304 2537 eo
1333 2477 1494 2551 quod
1519 2476 1592 2536 ad
1622 2477 1817 2549 ipsius
1844 2490 2164 2552 personam
2189 2477 2514 2551 spectabat.
2544 2480 2630 2537 Ex
2653 2489 2777 2552 quo
2808 2490 2917 2550 pa·

470 2551 557 2607 tet
585 2549 809 2606 solutio
838 2492 912 2607 ag
941 2548 1354 2607 duodecimam
1384 2550 1698 2607 rationem.

542 2619 822 2677 Similiter
857 2626 1054 2678 autem
1100 2624 1160 2677 et
1201 2619 1276 2678 ad
1305 2621 1533 2677 tertiam
1584 2618 1897 2689 decimam,
1926 2617 2068 2692 quia
2093 2623 2338 2691 peccata
2366 2618 2778 2693 posteriorum
2804 2631 2913 2691 pa·

466 2695 703 2748 rentum
732 2689 1043 2748 inveniunt
1071 2696 1344 2748 naturam
1374 2690 1718 2749 destitutam
1748 2687 2037 2748 beneficio
2066 2689 2347 2762 primitus
2381 2689 2499 2761 ipsi
2518 2695 2747 2748 naturae
2760 2699 2911 2748 con-

465 2771 680 2828 cesso;
713 2760 871 2818 unde
898 2774 970 2817 ex
998 2759 1087 2818 eis
1107 2773 1230 2817 non
1259 2760 1527 2832 sequitur
1554 2758 1773 2832 aliquis
1800 2759 2069 2820 desectus
2091 2760 2195 2835 qui
2218 2765 2591 2834 propagetur
2610 2760 2680 2817 in
2704 2763 2910 2834 poste-

465 2841 592 2898 rOS,
623 2828 729 2887 sed
760 2830 958 2889 solum
984 2830 1087 2904 qui
1114 2843 1434 2902 personam
1463 2830 1763 2901 peccantis
1781 2829 2027 2889 inficiat.

536 2900 633 2957 Sic
661 2900 845 2972 igitur
887 2913 1009 2958 non
1054 2906 1146 2958 est
1191 2900 1620 2959 inconveniens
1664 2913 1857 2973 neque
1887 2903 2097 2959 contra
2120 2899 2417 2959 rationem
2491 2904 2764 2959 eccatum
2789 2901 2910 2959 ori-

465 2966 666 3041 ginale
710 2970 772 3026 in
818 2969 1164 3029 hominibus
1207 2984 1366 3041 esse,
1414 2977 1480 3030 ut
1525 2970 1983 3045 pelagianorum
2013 2970 2265 3031 haeresis
2310 2985 2428 3032 con
2457 2971 2736 3042 undatur,
2772 2985 2909 3047 qum

465 3043 776 3112 peccatum
801 3040 1097 3114 originale
1124 3042 1384 3115 negavit.

1468 3217 1722 3282 CAPUT
1746 3218 1903 3282 LIII.

697 3376 984 3425 RATIONES
1012 3378 1220 3432 QUIBUS
1243 3379 1504 3427 vmz'rmt
1528 3382 1780 3427 monam
1805 3382 1959 3435 QUOD
1980 3380 2103 3429 NON
2124 3382 2263 3431 rm‘l·
2287 3382 2659 3431 GONVBNOENS

1404 3461 1568 3506 natm
1605 3461 1945 3506 INGARNARI.

533 3601 684 3680 Quia
722 3614 863 3659 vero
890 3602 1319 3662 incarnationis
1366 3602 1516 3663 fides
1546 3605 1619 3664 ab
1652 3605 2003 3664 infidelibus
2033 3606 2290 3666 stultitia
2319 3613 2652 3679 reputatur,
2680 3622 2903 3668 secun-

460 3669 600 3728 dum
647 3670 795 3728 illud
842 3673 1110 3744 Apostoli
1142 3690 1158 3731 ε
1202 3675 1419 3731 Placuit
1460 3679 1568 3732 Deo
1610 3691 1713 3747 per
1751 3678 2046 3733 stultitiam
2075 3678 2488 3759 praedicationis
2514 3681 2695 3736 salvos
2716 3681 2907 3748 tacent

459 3742 731 3822 credente-s
761 3741 813 3814 (Ι
837 3742 977 3824 Ger..
1007 3755 1050 3812 1,
1091 3747 1152 3802 21
1188 3786 1204 3813 ‚
1236 3745 1482 3802 stultum
1516 3753 1716 3803 autem
1747 3747 1981 3805 videtur
2008 3747 2234 3820 ahquid
2276 3749 2609 3822 praedicari,
2642 3763 2770 3808 nou
2800 3763 2901 3809 so·
2940 3761 2945 3768 ’

456 3809 585 3893 lum
613 3826 751 3883 qma
779 3817 871 3892 est
893 3814 1143 3893 impossi
1189 3814 1287 3882 ile,
1315 3816 1420 3895 sed
1466 3817 1645 3873 etiam
1672 3816 1816 3889 quia
1847 3822 1937 3875 est
1965 3818 2274 3890 indecenS,
2308 3820 2602 3878 insistunt
2623 3820 2903 3880 infideles

462 3879 537 3938 ad
566 3888 1001 3962 incarnatioms
1031 3892 1569 3955 impugnationem,
1603 3901 1722 3944 non
1755 3888 1952 3946 solum
1981 3889 2243 3948 nitentes
2274 3890 2593 3948 ostendere
2624 3905 2767 3950 esse
2796 3892 2901 3950 im·

451 3952 746 4077 {ossibile
791 3953 947 4033 quod
981 3952 1129 4011 fides
1170 3955 1466 4014 catholica
1512 3958 1815 4028 praedicat,
1845 3958 1951 4017 sed
2006 3959 2187 4019 etiam
2228 3960 2639 4033 incongruum
2672 3976 2819 4021 esse
2843 3963 2901 4020 et

499 4023 1074 4103 mnam—bonitatem
1106 4037 1228 4081 non
1261 4024 1492 4084 decere.
1698 4055 1702 4060 ·

529 4091 631 4148 Est
655 4106 813 4150 enum
847 4094 1056 4152 divinae
1093 4094 1339 4153 bonitati
1385 4099 1752 4157 conveniens
1793 4105 1860 4158 ut
1887 4100 2094 4158 omnia
2120 4113 2298 4160 suum
2327 4101 2606 4161 ordinem
2630 4105 2888 4162 teneant.

454 4158 562 4215 Est
592 4169 786 4242 aetem
819 4163 917 4221 hic
946 4166 1094 4224 ordo
1115 4179 1312 4224 rerum
1337 4173 1402 4225 ut
1425 4170 1582 4226 Deus
1613 4170 1689 4227 sit
1709 4184 1888 4243 super
1915 4171 2121 4229 omnia
2147 4172 2677 4237 exaltatus,homo
2698 4177 2893 4233 antem

451 4226 875 4358 {iwannglgaf
902 4243 1209 4320 creatu-ras
1228 4240 1627 4297 contineatur.
1655 4242 1785 4298 Non
1814 4241 2001 4314 igitur
2026 4241 2197 4301 decet
2225 4242 2491 4301 divinam
2518 4244 2895 4319 majestatem

802 4319 834 4359 a
866 4319 985 4364 urae
1013 4320 1190 4367 uniri.

522 4369 676 4439 Item,
704 4372 757 4428 si
787 4377 1152 4438 conveniens
1180 4378 1292 4439 fuit
1306 4381 1494 4440 Deum
1518 4380 1829 4442 hominem
1857 4381 2012 4455 fieri,
2037 4383 2306 4457 oportuit
2332 4385 2454 4446 hoc
2485 4400 2629 4447 esse
2655 4387 2896 4460 propter
