3076 5025
379 310 486 364 588
1288 301 1423 358 Lm.
1464 300 1555 368 IV,
1595 299 1749 357 CAP.
1788 299 1896 356 Lv.

384 433 528 489 sunt
545 425 735 484 multo
764 424 1013 506 majora,
1043 422 1271 481 scilicet
1380 420 1481 490 od,
1509 435 1618 493 per
1647 420 1944 478 Christum
1965 422 2023 476 et
2048 417 2122 479 ad
2148 417 2591 477 invocationem
2618 418 2826 498 nomi·

381 500 479 558 nis
518 497 667 568 ejus,
717 496 972 566 Spirltus
1015 499 1263 565 sanctus
1351 498 1571 562 aretur,
1625 505 1743 565 quo
1787 490 2254 570 accenderentur
2287 488 2470 569 corda
2495 488 2825 550 charltatls

381 568 596 629 divinae
627 564 866 635 affectu,
888 571 947 623 et
973 568 1206 622 mentes
1234 564 1672 621 instruerentur
1698 562 1900 620 subito
1941 561 2005 618 in
2044 561 2298 619 scientia
2335 558 2702 627 divinorum,
2754 564 2829 618 et

379 639 602 711 linguae
633 635 993 707 simplicium
1021 635 1406 692 redderentur
1434 632 1672 690 disertae
1712 632 1787 690 ad
1815 629 2073 691 divinam
2113 632 2421 693 veritatem
2457 630 2823 711 bominibus

424 706 848 788 reponendam.
881 704 1234 776 Huiusmodi
1280 709 1478 761 autem
1506 716 1691 774 opera
1715 701 1940 782 indicia
1979 706 2123 760 sunt
2158 713 2445 773 expressa
2479 700 2821 781 divimtatrs

428 778 621 846 bristi,
647 790 778 849 quae
799 775 1005 834 nullus
1031 788 1218 846 purus
1246 774 1430 833 homo
1459 774 1652 831 facere
1681 778 1892 844 potuit.
1926 771 2087 830 Unde
2125 772 2450 843 Apostolus
2474 771 2623 829 dicu
2649 770 2823 857 quoq

382 849 549 908 salus
579 848 914 916 hominum,
961 861 1131 916 quum
1174 847 1396 902 initium
1422 845 1713 915 accepisset
1735 845 1990 900 enarrari
2011 857 2112 913 per
2153 845 2449 899 Dominum
2490 842 2565 896 ab
2607 856 2688 898 ets
2716 857 2823 912 qm

382 919 675 976 audierunt
698 920 758 972 in
783 932 881 972 nos
902 920 1223 987 confirmata
1241 920 1318 971 est
1341 919 1668 971 contestante
1692 916 1803 970 Deo
1827 916 2003 982 siqnis
2030 917 2082 968 et
2097 915 2387 983 portentis,
2416 916 2468 968 et
2489 914 2675 969 variis
2700 915 2821 969 viru

381 990 609 1051 tutibus,
634 988 876 1058 Spiritus
898 989 1076 1043 sancti
1101 986 1597 1042 distributionibus.
1618 985 1830 1055 (Helm,
1851 998 1926 1064 ‚¹¹⁹
1956 982 2098 1063 343).
2359 1053 2370 1063 ι
2760 1053 2775 1063 ⁰

453 1059 612 1117 Licet
657 1064 856 1115 autem
909 1056 1088 1115 saluti
1140 1057 1327 1114 totius
1373 1054 1620 1113 humani
1661 1067 1900 1128 generis
1943 1056 2047 1111 Dei
2082 1058 2415 1134 incarnatio
2462 1065 2827 1111 necessaria

383 1130 559 1199 foret,
582 1133 933 1186 nontamen
962 1127 1226 1199 oportuit
1254 1125 1413 1198 quod
1440 1128 1597 1183 Deus
1627 1140 1663 1183 a
1697 1125 1989 1196 principio
2030 1123 2237 1204 mundi
2267 1130 2701 1192 incarnaretur,
2745 1130 2826 1181 ut

384 1212 548 1259 nono
575 1197 965 1279 objiciebatur
994 1217 1008 1254 ε
1040 1227 1110 1239 --
1137 1197 1336 1254 Primo
1364 1196 1626 1270 quidem,
1657 1196 1801 1269 quia
1821 1210 1927 1267 per
1953 1197 2139 1252 Deum
2166 1198 2543 1274 incarnatum
2573 1207 2609 1252 o
2654 1198 2821 1275 orte·

382 1269 484 1329 bat
507 1268 850 1328 hominibus
878 1267 1233 1326 medicinam
1254 1265 1421 1325 afferi
1442 1272 1652 1325 contra
1665 1270 1925 1337 peccata,
1944 1271 2010 1323 ut
2022 1277 2299 1345 superius
2323 1263 2398 1335 (c.
2420 1264 2513 1335 54)
2539 1264 2578 1322 b
2663 1268 2821 1323 itum

384 1346 498 1399 est.
521 1341 738 1398 Contra
762 1344 1069 1410 peccatum
1120 1344 1318 1397 autem
1363 1337 1545 1396 alicui
1589 1337 2010 1394 convenienter
2053 1334 2352 1416 medici-na
2386 1347 2521 1392 ‘non
2566 1334 2823 1392 affertur

385 1410 508 1469 nisi
532 1410 907 1482 priussuum
935 1408 1230 1466 defectum
1261 1413 1672 1480 recognoscat,
1703 1413 1769 1465 ut
1792 1407 1882 1465 sic
1917 1420 2023 1478 per
2065 1405 2461 1465 humilitatem
2508 1404 2707 1473 bomo,
2734 1406 2823 1463 de

386 1482 590 1552 seipso
630 1493 748 1537 non
786 1479 1375 1552 praesumens,jactet
1419 1491 1588 1550 spem
1635 1490 1808 1535 suam
1848 1477 1912 1534 in
1949 1479 2157 1545 Deum,
2192 1490 2231 1535 a
2267 1489 2388 1548 quo
2432 1475 2566 1534 solo
2613 1480 2824 1547 potest

386 1551 589 1610 sanari
610 1557 941 1623 peccatum,
973 1555 1038 1608 ut
1064 1562 1247 1621 supra
1269 1549 1344 1620 (c.
1375 1548 1463 1621 54)
1505 1547 1776 1607 habitum
1817 1552 1927 1606 est.
1966 1549 2205 1606 Poterat
2249 1550 2447 1605 autem
2493 1545 2674 1626 bomo
2733 1546 2822 1605 de

387 1622 474 1679 sei
516 1634 586 1679 so
631 1634 990 1692 praesumere
1035 1626 1095 1677 et
1138 1625 1423 1693 quantum
1472 1618 1548 1677 ad
1593 1617 1906 1677 scientiam
1952 1622 2013 1675 et
2054 1621 2341 1690 quantum
2386 1616 2464 1675 ad
2508 1622 2817 1677 vii-tinem.

385 1636 881 1764 Refinquendusi
922 1690 1041 1748 itur
1067 1689 1389 1763 aliquando
1419 1688 1697 1770 fuit-sibi,
1725 1695 1793 1747 ut
1818 1688 2183 1760 experiretur
2207 1687 2369 1768 quod
2386 1687 2517 1759 ipse
2545 1687 2663 1745 sibi
2676 1700 2822 1747 non

388 1761 686 1821 sufficeret
709 1760 784 1820 ad
812 1775 882 1820 sa
908 1766 1090 1830 utem,
1116 1773 1310 1832 neque
1336 1774 1442 1832 per
1470 1765 1784 1819 scientiam
1810 1759 2161 1828 naturalem,
2204 1771 2349 1830 qula
2391 1763 2529 1816 ante
2565 1763 2821 1838 ternpus

385 1832 540 1905 legis
571 1832 806 1904 scriptae
834 1831 1016 1890 bomo
1041 1832 1234 1903 legem
1262 1837 1488 1889 naturae
1518 1834 1937 1903 transgressus
1982 1834 2095 1901 est,
2140 1842 2334 1902 neque
2379 1842 2487 1900 per
2527 1834 2821 1888 virtutem

384 1902 708 1974 propriam,
739 1902 897 1983 quia,
930 1901 1068 1960 data
1094 1901 1210 1960 sibi
1249 1901 1595 1974 cognitione
1621 1900 1847 1972 peccati
1868 1913 1975 1982 per
2000 1900 2216 1973 legem,
2235 1899 2431 1980 adhuc
2459 1913 2533 1979 ως
2555 1899 2821 1957 infirmi-

384 1978 504 2029 tate
529 1977 825 2042 peccav1t3
856 1977 915 2028 et
943 1972 1031 2029 sic
1060 1973 1323 2041 oportuit
1351 1977 1416 2029 ut
1449 1971 1688 2029 demum
1718 1971 1972 2041 bomini,
2002 1983 2196 2042 neque
2223 1969 2295 2028 de
2321 1976 2575 2028 scientia
2610 1983 2820 2044 neque

387 2042 459 2100 de
512 2041 726 2099 virtute
762 2042 1167 2113 praesumenti,
1211 2041 1453 2099 daretur
1499 2042 1711 2099 efficax
1753 2042 2042 2100 auxilium
2082 2046 2293 2099 contra
2332 2045 2647 2112 peccatum
2696 2055 2821 2113 per

386 2111 603 2170 Christi
625 2111 1119 2180 incarnationem,
1151 2112 1380 2169 scilicet
1407 2112 1600 2183 gratia
1627 2112 1865 2180 Christi,
1895 2126 2003 2183 per
2028 2124 2205 2184 quam
2235 2116 2293 2168 et
2319 2111 2715 2169 instrueretur
2743 2112 2819 2170 in

388 2181 608 2250 dubiis,
639 2195 714 2240 ne
773 2182 837 2238 in
874 2183 1218 2253 cognitione
1273 2181 1570 2251 deficeret,
1628 2188 1687 2239 et
1740 2181 2119 2240 roboraretur
2152 2186 2361 2239 contra
2406 2182 2817 2241 tentationum

384 2253 670 2321 insultus,
700 2266 773 2310 ne
803 2266 909 2324 per
934 2252 1334 2310 infirmitatem
1368 2250 1667 2310 deficeret.
1697 2252 1792 2310 Sic
1818 2252 2004 2325 igitur
2030 2252 2250 2310 factum
2292 2257 2385 2311 est
2453 2252 2573 2310 uod
2601 2260 2818 2311 efflent

385 2327 507 2381 tres
537 2327 729 2382 status
754 2323 1002 2380 humani
1024 2323 1299 2395 generis:
1331 2322 1562 2394 primus
1590 2328 1726 2382 ante
1756 2322 1971 2396 legem,
1997 2323 2300 2382 secundus
2346 2334 2422 2381 su
2500 2323 2658 2395 lege,
2683 2329 2810 2382 ter·-

385 2392 507 2451 tius
533 2393 646 2450 sub
705 2393 873 2450 ratia.
904 2423 974 2435 -
997 2393 1242 2463 Deinde,
1272 2407 1377 2465 per
1405 2395 1586 2450 Deum
1635 2393 2006 2451 incarnatum
2035 2397 2326 2465 praecepta
2361 2398 2420 2450 et
2447 2392 2815 2455 documenta

385 2464 648 2534 perfecta
717 2463 1021 2523 ominibus
1046 2463 1242 2522 danda
1269 2469 1454 2523 erant.
1495 2464 1763 2536 Requirit
1806 2469 2004 2523 autem
2049 2465 2165 2522 hoc
2206 2462 2472 2522 conditio
2526 2464 2811 2526 humanae

287 2569 293 2576 ι
383 2540 614 2592 naturae
643 2535 802 2608 quod
830 2548 947 2592 non
967 2535 1165 2592 statim
1188 2534 1262 2593 ad
1285 2536 1612 2606 perfectum
1637 2536 1905 2599 ducatur,
1935 2535 2041 2594 sed
2070 2534 2506 2593 manuducatur
2547 2550 2656 2607 per
2686 2536 2809 2595 im-

384 2605 646 2675 perfecta
671 2610 737 2663 ut
760 2605 834 2662 ad
858 2605 1278 2676 perfectionem
1309 2605 1645 2676 perveniat3
1681 2605 1840 2677 quod
1867 2611 1924 2664 et
1951 2605 2015 2662 in
2044 2605 2439 2685 instructione
2482 2619 2809 2678 puerorum

384 2675 677 2740 videmus,
710 2676 811 2746 qui
837 2676 1026 2745 primo
1070 2676 1141 2733 de
1170 2676 1434 2734 minimis
1483 2675 1883 2746 instruuntur,
1928 2681 2063 2733 nam
2117 2690 2156 2733 a
2199 2676 2495 2747 principio
2544 2679 2813 2747 perfecta

385 2759 594 2815 capere
627 2759 746 2802 non
772 2747 997 2812 valent3
1029 2747 1305 2802 simililer
1334 2748 1532 2809 etiam,
1565 2746 1616 2804 si
1662 2745 1840 2804 alicui
1881 2745 2246 2803 multitudini
2294 2746 2495 2818 aliqua
2535 2747 2813 2807 inaudita

360 2823 858 2886 proponerentur
885 2824 943 2872 et
963 2830 1198 2885 magna,
1221 2830 1342 2872 non
1372 2818 1571 2873 statim
1603 2823 1857 2886 caperet,
1876 2816 1995 2874 nisi
2017 2816 2091 2873 ad
2124 2832 2193 2874 ea
2223 2824 2605 2875 assuesceret
2639 2833 2807 2890 prius

384 2898 489 2955 per
516 2886 716 2957 aliqua
735 2887 985 2943 minora.
1017 2888 1108 2943 Sic
1138 2887 1320 2957 igitur
1347 2887 1711 2945 conveniens
1740 2888 1904 2944 suita
1922 2887 2213 2959 principio
2242 2892 2310 2945 ut
2337 2887 2671 2945 humanum
2704 2903 2803 2961 ge-

387 2968 504 3012 nus
556 2956 950 3014 instrueretur
1011 2956 1082 3013 de
1131 2957 1224 3014 bis
1289 2970 1419 3029 quae
1475 2958 1771 3027 pertinent
1828 2957 1901 3015 ad
1948 2969 2121 3015 suam
2167 2957 2421 3015 salutem
2458 2972 2564 3030 per
2604 2959 2809 3034 aliqua

384 3024 538 3083 levia
566 3031 622 3082 et
648 3025 884 3084 minora
918 3026 1292 3089 documenta,
1335 3041 1439 3098 per
1479 3027 1845 3099 patriarchas
1888 3032 1948 3086 et
1992 3028 2183 3100 legem
2230 3032 2291 3085 et
2373 3030 2693 3100 rophetas3
2743 3038 2805 3089 et

382 3094 643 3166 tandem,
674 3096 737 3152 in
764 3097 1279 3155 consummatione
1307 3102 1662 3169 temporum,
1688 3097 1949 3169 perfecta
1973 3098 2246 3156 doctrina
2275 3100 2317 3157 C
2363 3099 2492 3157 risti
2514 3112 2805 3171 propoee-

381 3171 546 3223 retur
571 3166 849 3236 interris,
879 3168 1208 3224 secundum
1237 3167 1397 3237 quod
1424 3170 1745 3237 Apostolus
1774 3168 1946 3225 dicit:
1976 3169 2057 3225 At
2080 3169 2179 3224 ubi
2198 3172 2347 3225 venit
2362 3170 2651 3239 plenitudo
2678 3176 2802 3227 nm·

375 3238 552 3306 poris,
585 3238 735 3292 misit
757 3240 898 3293 Deus
924 3239 1123 3294 Filium
1148 3254 1307 3292 suum
1343 3238 1404 3294 in
1452 3242 1641 3296 terras
1694 3238 1920 3310 (Galen,
1964 3251 2050 3309 1v,
2091 3238 2182 3311 4);
2215 3243 2273 3296 et
2310 3239 2534 3299 ibidem
2587 3241 2801 3300 dicitur

426 3307 541 3364 uod
561 3307 650 3362 leoe
668 3308 999 3377 paedaqoqus
1024 3312 1204 3363 noster
1227 3309 1342 3375 suit
1366 3310 1429 3364 in
1457 3309 1703 3375 Chr-istm
1738 3310 1833 3365 sed
1851 3310 1973 3380 jam
1997 3325 2107 3366 non
2140 3325 2325 3366 sumus
2358 3311 2457 3366 sub
2478 3312 2797 3381 paedaqmo.

407 3377 610 3446 Galat„
639 3391 727 3445 111,
756 3382 846 3446 24,
876 3378 989 3450 25.)
1011 3409 1079 3419 —
1105 3378 1290 3435 Simul
1321 3379 1498 3436 etiam
1522 3379 2024 3438 considerandum
2066 3386 2159 3439 est
2185 3380 2367 3453 quod,
2398 3381 2558 3439 sicut
2587 3383 2799 3441 adven-

379 3452 508 3504 tum
538 3448 738 3519 magni
766 3448 925 3519 regis
953 3452 1185 3519 oportet
1212 3448 1448 3521 aliquos
1473 3450 1719 3507 nuntios
1746 3451 2095 3521 praecedere,
2142 3457 2207 3508 ut
2229 3458 2636 3522 praeparentur
2662 3453 2798 3512 sab·

383 3514 487 3573 diti
518 3517 592 3574 ad
622 3531 755 3575 eum
786 3518 1151 3576 reverentius
1181 3519 1652 3591 suscipiendum,
1683 3521 1766 3578 ita
1785 3522 2047 3593 oportuit
2067 3520 2383 3579 adventum
2408 3523 2594 3579 Deiin
2612 3530 2799 3582 terras

380 3588 570 3645 multa
637 3589 922 3646 raecedere
952 3589 1171 3660 quibus
1201 3590 1477 3649 homines
1502 3596 1708 3648 essent
1728 3590 1917 3662 parati
1940 3590 2014 3649 ad
2043 3593 2229 3650 Deum
2258 3592 2639 3651 incarnatum
2669 3607 2798 3654 sas-

382 3658 577 3729 cipien
625 3671 757 3728 um;
788 3658 948 3740 quod
987 3660 1227 3731 quidem
1256 3660 1473 3718 factum
1505 3666 1599 3719 est
1635 3662 1776 3719 dum
1831 3675 1935 3733 per
1972 3662 2368 3733 praecedentia
2402 3665 2704 3734 promissa
2737 3670 2831 3723 et,

383 3725 759 3796 documenta,
786 3728 1096 3787 hominum
1125 3738 1356 3788 mentes
1385 3731 1693 3803 dispositae
1721 3738 1864 3790 sunt
1890 3737 1954 3790 ut
1982 3732 2220 3791 facilius
2257 3732 2312 3791 ei
2355 3733 2670 3792 crederent
2697 3735 2796 3808 qui

380 3807 516 3878 ante
547 3800 976 3870 praenuntiatus
1006 3805 1155 3870 erat,
1187 3805 1246 3858 et
1267 3802 1710 3862 desiderantius
1732 3802 2139 3875 susciperetur
2163 3808 2405 3876 propter
2441 3805 2647 3876 priora
2672 3818 2797 3879 {ro-

379 3881 588 3927 missa.

452 3941 539 4008 Et,
569 3940 707 3998 licet
733 3940 1021 4000 adventus
1061 3942 1163 3999 Dei
1192 3942 1485 4001 incarnati
1532 3944 1596 4001 in
1624 3942 1914 4002 mundum
1942 3948 2104 4003 esset
2130 3944 2388 4004 maxime
2416 3945 2795 4006 necessarius

378 4004 656 4067 humanae
683 4011 883 4074 saluti,
909 4018 1106 4070 tamen
1128 4026 1248 4070 non
1282 4014 1392 4070 suit
1421 4016 1828 4072 necessarium
1858 4015 2017 4087 quod
2057 4028 2248 4087 usque
2271 4015 2347 4074 ad
2375 4015 2554 4074 finem
2590 4017 2792 4075 mundi

380 4089 514 4135 cum
545 4079 892 4140 bominibus
922 4089 1390 4147 conversaretur,
1447 4090 1511 4143 ut
1554 4085 1786 4143 decima
1823 4085 1974 4143 ratio
2020 4086 2409 4158 proponebat.
2460 4088 2583 4145 Hoc
2638 4088 2791 4146 enim

382 4146 730 4229 derogasset
756 4153 1097 4211 reverentiae
1124 4167 1303 4225 quam
1348 4154 1625 4213 homiues
1655 4155 1947 4213 debebant
1977 4157 2098 4214 Deo
2149 4156 2461 4215 incarnato
2494 4157 2789 4227 exhibere,

380 4215 541 4286 dum,
571 4220 839 4298 videntes
866 4223 1062 4294 ipsum
1093 4237 1269 4281 carne
1305 4223 1579 4282 indutum
1609 4226 1743 4285 aliis
1773 4226 2114 4285 hominibus
2142 4226 2424 4296 similem,
2447 4228 2601 4285 nihil
2632 4230 2697 4287 de
2719 4241 2790 4285 eo

378 4286 535 4345 ultra
560 4288 713 4346 alios
741 4290 1015 4371 homines
1043 4294 1476 4375 aestimassent3
1507 4296 1616 4354 sed
1641 4310 1733 4360 eo,
1761 4301 1900 4369 post
1927 4298 2081 4354 mira
2104 4310 2237 4369 quae
2280 4299 2473 4370 gessit
2507 4299 2574 4357 in
2597 4297 2787 4367 terriS,

384 4369 554 4416 suam
580 4365 952 4430 praesentiam
970 4364 1314 4424 hominibus
1331 4364 1738 4437 subtrahente,
1758 4366 1951 4440 magis
1972 4367 1987 4423 i
2034 4380 2166 4425 sum
2189 4370 2440 4426 revereri
2462 4374 2784 4440 crerier-um;

381 4435 616 4499 propter
644 4429 801 4500 quod
832 4432 1005 4488 ctiam
1039 4435 1166 4492 suis
1197 4435 1508 4506 discipulis
1533 4437 1965 4508 plenitudinem
1992 4381 2248 4510 gpiritus
2273 4440 2466 4506 sancti
2488 4454 2611 4500 non
2633 4439 2787 4502 dedit
