3076 5025
324 306 443 365 xlv
839 298 1045 361 BERN.
1082 299 1326 359 MARIAE
1360 300 1456 358 DE
1487 299 1741 359 Runms
1779 299 2253 361 msssslmmo,

324 461 399 518 et
423 454 615 518 etiam
643 452 1018 532 sapientiam
1048 452 1610 530 comprehendere.
1629 451 2086 515 solidissimam
2111 451 2375 513 Thomae
2404 451 2761 517 doctrinam

329 550 582 631 egregie
609 549 892 612 declarat
916 547 1328 612 Ferrariensis
1369 547 1439 609 in
1483 547 1978 612 Commentario.
2034 546 2247 626 Capite
2286 549 2391 608 7¹.
2420 546 2462 626 ξ
2508 545 2763 611 Tollitur

325 646 506 711 etiam
535 663 556 707 t
584 643 726 721 Quae
746 643 856 706 sub
875 643 1249 725 providentia
1270 641 1388 706 Dei
1430 641 1643 705 bonum
1665 643 1857 705 locum
1883 641 2100 706 habere
2136 660 2255 705 non
2283 650 2478 724 posset
2493 658 2523 718 ,·
2565 641 2716 706 alibi
2734 660 2757 706 ε

330 742 522 819 Quasi
543 742 766 804 malum
788 740 898 804 sub
917 741 1294 823 providencia
1321 738 1459 802 boni
1479 738 1598 804 Dei
1636 740 1828 803 locum
1852 738 2069 804 habere
2090 758 2209 800 non
2235 747 2452 820 posset.
2480 740 2757 803 Textus:

335 858 369 899 α
394 840 517 902 Per
543 838 668 902 hoc
685 837 1018 901 essentiam
1041 837 1289 902 tollitur
1307 836 1560 901 errandi
1576 836 1834 901 occasio
1853 834 2238 912 Manichoeis,
2265 835 2376 914 qui
2398 836 2526 898 duo
2554 835 2760 914 prima

328 934 638 1016 principia
662 934 918 1015 agentia
943 940 1314 1014 posuerunt,
1343 933 1587 996 bonum
1616 939 1685 998 et
1731 934 1998 1010 malum,
2029 949 2175 1011 quae
2215 920 2337 994 sub
2364 932 2760 1011 providentia

198 1078 207 1091 .
327 1032 444 1096 Dei
463 1031 705 1094 honum
731 1032 948 1095 locum
974 1030 1208 1094 habere
1232 1048 1364 1092 non
1395 1033 1691 1108 posset».
1720 1030 1796 1091 In
1823 1029 2296 1093 Commentario
2339 1028 2758 1093 Ferrariensis

328 1129 503 1191 idem
540 1128 631 1190 sic
683 1126 944 1192 effertur
995 1133 1253 1190 textus:
1289 1148 1322 1186 α
1352 1127 1470 1199 Qui
1518 1125 1898 1207 (Manichaei)
1928 1127 2056 1189 duo
2114 1126 2424 1207 principia
2480 1126 2755 1207 agentia,

327 1222 572 1289 bonum
596 1224 842 1293 scilicet
864 1228 935 1287 et
955 1224 1197 1286 malum
1222 1228 1575 1302 posuerunt
1603 1242 1623 1286 ε
1654 1209 1843 1301 quasi'
1858 1221 2156 1305 (malum)
2202 1223 2321 1286 sub
2362 1222 2759 1301 providentia

328 1320 444 1384 Dei
471 1320 716 1383 bonum
761 1320 978 1382 locum
1018 1318 1255 1383 hahere
1300 1336 1430 1382 non
1478 1324 1711 1397 posset.
1760 1320 1898 1386 Imo
1945 1320 2234 1399 ejusdem
2260 1320 2523 1384 Thomae
2566 1317 2758 1382 verba

328 1420 480 1480 sunt
504 1432 687 1479 num.
714 1420 756 1480 5
781 1416 1181 1496 praecedente
1212 1434 1229 1476 ε
1258 1436 1292 1471 «
1318 1417 1455 1476 Non
1496 1420 1661 1478 esset
1714 1417 1895 1479 locus
1938 1416 2205 1497 justitiae
2246 1416 2673 1492 vindicativae,
2703 1416 2756 1478 si

328 1513 561 1577 delicta
585 1530 719 1576 non
744 1516 956 1576 essent
983 1533 1043 1574 ι».
1076 1513 1158 1574 Et
1184 1529 1363 1575 num.
1394 1514 1435 1573 6
1465 1530 1485 1573 2
1519 1533 1551 1569 ιι
1594 1513 1687 1574 Ex
1736 1513 1920 1575 malis
1962 1515 2257 1594 quaedam
2311 1514 2482 1577 bona
2534 1531 2759 1577 conse·

331 1615 620 1690 quuntur
660 1627 740 1673 ex
791 1609 1186 1687 providentia
1244 1598 1652 1689 gubernantis
1680 1632 1742 1671 n.
1792 1610 1945 1683 Quae
1994 1611 2317 1674 verissima
2367 1598 2762 1673 documenta

327 1711 584 1787 sumpta
608 1711 762 1770 sunt
786 1724 865 1770 ex
889 1706 1225 1788 Augustini
1255 1706 1417 1769 libro
1443 1704 1536 1769 De
1565 1713 1787 1769 natura
1814 1705 1953 1768 boni
1987 1715 2194 1769 contra
2235 1705 2609 1773 Manichaeos.
2641 1708 2754 1769 Ca·

329 1802 462 1882 pite
487 1804 563 1865 81
591 1803 760 1867 circa
787 1804 979 1866 finem
1012 1822 1031 1867 ε
1059 1801 1342 1866 Divinam
1360 1802 1799 1885 providentiam
1822 1822 1940 1866 non
1959 1802 2241 1878 excludit,
2266 1803 2540 1886 provem't
2574 1820 2757 1886 neque

325 1916 439 1981 per
476 1898 829 1981 hujusmodi.
871 1901 1037 1980 Lege
1091 1899 1365 1980 provenit
1408 1899 1564 1961 enim
1602 1917 1680 1962 ex
1731 1900 2105 1980 permissione
2165 1900 2366 1963 divina
2409 1919 2486 1963 ex
2529 1898 2757 1980 defectu

330 1995 681 2077 inferiorum
707 1996 1030 2077 agentium,
1056 1996 1207 2059 siem
1231 1995 1303 2058 de
1326 1994 1461 2058 aliis
1482 1995 1656 2058 malis
1681 1994 1900 2058 dietum
1926 2005 2036 2073 est,
2063 1995 2169 2059 sed
2187 2015 2371 2079 neque
2400 2016 2515 2079 per
2545 1995 2754 2076 hujus-

330 2092 512 2156 modi.
544 2094 777 2158 Textus
808 2112 825 2154 ε
862 2114 895 2154 α
922 2092 1300 2173 Hujusmodi
1327 2095 1547 2156 autem
1574 2093 1961 2156 inordinatio
1987 2093 2264 2163 divinam
2295 2092 2756 2172 providentiam

331 2207 466 2254 non
491 2189 811 2263 exolutim
844 2188 1135 2270 provenit
1177 2207 1387 2270 neque
1413 2211 1476 2254 ι».
1522 2191 1779 2254 Lacuna
1829 2196 2027 2272 patet,
2058 2207 2253 2269 quam
2295 2189 2429 2270 typi
2474 2194 2756 2252 errantes

327 2288 562 2351 fecere.
591 2288 676 2350 At
698 2285 858 2349 nihil
882 2285 1172 2350 hiulcum
1200 2286 1268 2350 in
1295 2287 1523 2351 eodem
1552 2293 1754 2364 textu,
1784 2304 1977 2367 quem
2007 2286 2417 2352 Ferrariensis
2461 2285 2654 2350 affert
2680 2285 2751 2347 in

330 2383 801 2449 Commentario
830 2403 850 2444 ε
883 2383 1070 2446 «Ista
1095 2383 1413 2448 ordinatio
1439 2401 1570 2448 non
1597 2385 1877 2449 excludit
1913 2384 2192 2447 divinam
2239 2383 2700 2463 providentiam
2727 2401 2748 2455 ς

329 2479 620 2561 provenit
644 2479 817 2545 enim
862 2497 942 2544 ex
986 2479 1394 2561 permissione
1437 2481 1651 2544 divina
1699 2485 1960 2561 propter
2003 2481 2330 2545 derectum
2376 2479 2752 2544 inferiorum

339 2577 909 2658 agentium.Neque
920 2593 1032 2655 per
1041 2576 1408 2657 hujusmodi
1422 2577 1957 2643 inordinationem
1974 2577 2258 2642 totaliter
2272 2577 2578 2640 naturalis
2593 2576 2750 2639 ordo

331 2672 713 2751 pervertitur
737 2694 800 2736 ».
822 2673 1038 2751 Capite
1065 2675 1207 2749 ¹¹6,
1234 2674 1305 2736 in
1333 2675 1458 2737 tine
1488 2693 1508 2735 z
1538 2671 1658 2738 Hic
1677 2674 1864 2755 ἐρίων
1888 2683 1974 2738 est
1997 2674 2137 2756 finis
2171 2674 2346 2736 totius
2367 2673 2744 2755 legislatoris.

331 2771 597 2835 Videtur
637 2770 980 2851 legendum
1018 2768 1158 2850 finis
1194 2770 1369 2832 totius
1409 2770 1785 2852 legislatoris.
1812 2773 1951 2836 Imo
1989 2771 2320 2836 retinenda
2355 2771 2604 2833 videtur
2629 2787 2749 2833 vox

330 2866 528 2942 totius,
539 2866 606 2931 id
625 2872 746 2943 est,
758 2865 942 2928 omnis
955 2865 1329 2946 leqislatoris.
1344 2867 1761 2930 Ferrariensis
1774 2868 1843 2930 in
1857 2869 2323 2932 Commentario
2340 2868 2533 2933 habet
2551 2867 2749 2932 totius.

403 2962 597 3025 Plura
648 2967 1004 3040 sequuntur
1058 2963 1310 3040 menda,
1359 2980 1504 3041 quae
1554 2964 1929 3045 corrigenda
1973 2964 2327 3029 Lucarinus
2380 2964 2592 3045 jubet,
2639 2964 2753 3030 sed

324 3060 547 3123 eadem
576 3063 862 3121 correcta
891 3063 1179 3137 prostant
1199 3059 1269 3122 in
1314 3060 1371 3139 ej
1383 3062 1604 3148 usdem
1649 3061 2064 3125 Ferrariensis
2105 3061 2596 3126 Commentario.
2644 3061 2752 3130 Li-

324 3155 440 3220 bro
466 3172 556 3230 lv,
585 3155 792 3233 capite
818 3156 921 3231 30,
952 3171 1131 3218 num.
1158 3160 1202 3219 4
1232 3175 1250 3218 ε
1284 3154 1436 3219 Deus
1461 3157 1621 3219 misit
1642 3157 1860 3221 Filium
1884 3177 2054 3221 suum
2103 3167 2311 3222 italum
2358 3177 2438 3223 ea:
2480 3157 2751 3223 mutere.

323 3252 491 3333 Lege
513 3251 744 3333 factum
784 3270 863 3314 ιω
886 3252 1149 3316 muliere.
1180 3273 1212 3312 α
1235 3254 1385 3318 Haec
1413 3254 1586 3318 enim
1615 3255 1805 3319 lectio
1835 3257 2287 3335 correspondet
2311 3255 2751 3336 sequentibuS,

323 3353 400 3411 ut
424 3348 660 3429 legenti
687 3348 1000 3412 constabit
1028 3349 1352 3414 evidenter
1373 3374 1436 3413 u.
1465 3352 1563 3414 Ad
1588 3350 1775 3415 illum
1805 3369 2000 3416 sacrae
2025 3352 2372 3431 Scripturae
2393 3356 2644 3416 textum
2664 3351 2747 3415 ad

320 3443 598 3523 Galatas,
626 3445 833 3523 capite
858 3462 925 3508 v.
949 3450 1013 3523 4,
1044 3446 1291 3509 varians
1334 3447 1527 3511 lectio
1555 3448 1637 3512 ab
1681 3448 2133 3529 interpretibus
2187 3455 2495 3513 notatur:
2530 3472 2564 3507 α
2592 3451 2749 3512 Fac·

321 3544 463 3602 tum
492 3557 571 3603 ex
598 3541 887 3618 muliere,
915 3546 985 3606 et
1009 3550 1233 3605 natum
1260 3560 1338 3607 ex
1366 3545 1631 3609 muliere
1656 3566 1716 3610 υ.
1745 3545 2169 3611 Nihilominus
2217 3547 2428 3625 priore
2475 3546 2752 3612 lectione

321 3653 512 3700 usum
538 3636 921 3718 Aquinatem
948 3638 1198 3720 integer
1225 3641 1449 3703 suadet
1478 3641 1657 3705 locus
1687 3641 1825 3721 ejns
1862 3662 1879 3703 ε
1936 3642 2167 3707 «Idem
2213 3644 2552 3722 Apostolus
2595 3641 2751 3705 dicit

318 3733 402 3800 ad
428 3734 658 3811 Galat„
686 3750 777 3812 Π,
806 3736 981 3813 quod
1004 3734 1166 3799 Deus
1201 3737 1360 3799 misit
1385 3736 1608 3800 Filium
1631 3757 1800 3801 suum
1825 3747 2033 3803 natum
2059 3739 2334 3822 (factum)
2359 3760 2437 3803 esc
2457 3740 2697 3802 muliere
2721 3756 2748 3799 .·

319 3833 388 3895 et
405 3828 658 3907 Matth„
685 3846 732 3908 1,
763 3831 1018 3909 dicitur,
1046 3834 1220 3913 quod
1241 3832 1424 3897 Jacob
1447 3834 1650 3916 genuit
1669 3834 1885 3917 loseph
1911 3837 2106 3900 viaeaaem
2131 3835 2366 3916 Μανία,
2397 3837 2469 3900 de
2485 3853 2606 3919 qua
2630 3852 2742 3898 na·

321 3934 413 3987 tus
436 3934 525 3989 est
547 3927 736 4005 lesus,
762 3931 871 4010 qui
892 3937 1138 3993 vocatur
1166 3928 1460 3997 Christus.
1492 3934 1634 3996 Non
1660 3938 1879 3997 autem
1907 3935 2007 3998 vel
2033 3952 2110 3998 ex
2135 3953 2212 3997 ea
2258 3934 2478 4012 factus,
2524 3933 2624 3997 vel
2667 3949 2747 3997 ex

315 4038 397 4085 ea
419 4030 594 4086 natus
621 4024 962 4103 diceretur,
995 4025 1049 4090 si
1076 4026 1285 4092 solum
1313 4047 1427 4108 per
1453 4047 1624 4105 eam,
1674 4029 1840 4094 sicut
1886 4048 1998 4110 per
2042 4031 2323 4095 fistulam
2371 4030 2745 4109 transiisset,

314 4116 476 4181 nihil
504 4137 583 4183 ex
610 4138 687 4184 ea
713 4138 1035 4187 assumens
1064 4145 1084 4187 z
1113 4142 1193 4189 ex
1238 4143 1313 4189 ea
1359 4127 1560 4207 igitur
1607 4144 1840 4208 corpus
1886 4129 2311 4207 assumpsit».
2362 4130 2563 4192 Nemo
2616 4146 2746 4192 non

312 4213 511 4292 videt,
537 4215 769 4297 factum
793 4236 872 4282 ex
895 4221 1139 4285 maliem
1164 4222 1386 4305 legisse
1412 4224 1750 4289 Thomam.

394 4310 609 4391 Capito
634 4315 739 4393 38,
767 4332 946 4379 num.
977 4320 1015 4378 7
1047 4336 1064 4378 ε
1092 4321 1235 4381 «De
1261 4321 1645 4384 auctoritate
1671 4321 1937 4387 inducta
1957 4341 2036 4387 ex
2056 4323 2288 4403 Cyrillo
2310 4324 2452 4388 vide
2472 4342 2619 4404 quae
2641 4324 2748 4386 ad-

312 4414 611 4480 notamus
636 4411 704 4477 in
739 4411 822 4480 111
849 4430 944 4493 p„
990 4420 1214 4495 quaest.
1253 4433 1326 4496 11,
1371 4424 1497 4497 art,
1530 4420 1599 4496 3,
1629 4417 1911 4502 (nempe)
1938 4419 2231 4503 quasdam
2271 4439 2410 4487 vero
2436 4420 2595 4487 velut
2625 4419 2744 4483 Deo
