3076 5025
1107 300 1240 356 LIB.
1280 301 1324 368 Ι,
1366 300 1518 356 CAP.
1558 299 1713 355 xxn.
1757 368 1786 395 x
2552 302 2618 354 27

174 438 238 493 ut
264 426 640 490 ostendetur
658 423 733 496 (c.
760 424 875 496 42).
899 420 1108 480 Divina
1134 421 1319 496 igitur
1337 421 1605 480 essentia
1630 420 1984 495 praedicatur
2002 421 2074 481 de
2103 424 2247 493 Dec,
2272 426 2336 480 ut
2356 419 2617 479 dicatur:

168 507 317 564 Deus
345 505 434 557 est
457 515 566 555 sua
591 497 850 552 essentia.

238 576 542 632 praterea.
573 565 848 625 essentia
875 562 960 622 rei
1011 562 1105 621 vel
1133 567 1226 622 est
1263 576 1362 621 res
1388 562 1542 635 ipsa,
1586 562 1788 625 velse
1817 561 1995 621 habet
2039 563 2113 621 ad
2162 564 2374 635 ipsam,
2419 562 2495 622 ali
2543 579 2621 622 uo

175 642 389 711 modo,
422 648 495 698 ut
542 651 769 705 eausa3
800 648 981 706 quum
1013 646 1108 715 res
1144 648 1262 715 ρει·
1288 647 1461 692 suam
1512 632 1833 691 essentiam
1865 633 2126 705 speciem
2179 634 2482 692 sortiatur.
2551 635 2622 693 ed

174 714 351 774 nullo
374 710 561 769 modo
589 712 946 788 potestesse
975 704 1201 786 aliquid
1230 718 1414 763 causa
1444 704 1570 773 Dei,
1588 718 1770 776 quum
1792 703 2144 777 sitprimum
2167 718 2298 773 enS,
2324 710 2386 762 ut
2416 710 2620 763 osten-

176 799 314 845 sum
346 788 448 842 est
472 781 546 853 (c.
574 779 687 852 ¹3).
721 779 880 835 Deus
913 781 1093 849 igitur
1119 780 1212 833 est
1235 789 1346 833 sua
1369 774 1652 833 essentia.

241 857 404 923 Item,
437 850 603 926 quod
650 862 776 906 non
809 852 896 906 est
926 860 1037 903 sua
1089 846 1353 904 essentia
1378 860 1442 904 se
1492 845 1691 907 habet,
1725 845 2054 904 secundum
2110 845 2335 918 aliquid
2381 846 2498 909 sui,
2548 846 2624 904 ad

170 925 400 999 ipsam,
437 928 507 981 ut
560 918 837 992 potentia
882 916 955 974 ad
1002 920 1222 974 actum.
1252 916 1416 973 Unde
1460 921 1519 973 et
1547 931 1651 987 per
1705 916 1950 974 modum
2009 916 2211 974 sormae
2242 916 2622 989 significatur

176 994 477 1056 essentia,
512 997 724 1062 utputa
777 987 1138 1046 humanitaS.
1166 986 1281 1067 §ed
1328 987 1388 1043 in
1420 989 1542 1043 Deo
1575 986 1741 1044 nulla
1770 992 1861 1045 est
1887 987 2311 1060 potentialitas,
2349 992 2412 1046 ut
2440 1001 2624 1059 supra

174 1067 252 1141 (c.
282 1064 383 1141 16)
408 1069 735 1126 ostensum
765 1063 874 1119 est.
896 1060 1141 1132 Oportet
1160 1057 1348 1131 igitur
1374 1057 1535 1130 quod
1565 1057 1693 1129 ipse
1721 1057 1805 1117 sit
1834 1071 1948 1118 sua
1974 1057 2258 1118 essentia,

1160 1278 1417 1344 CAPUT
1455 1278 1653 1346 XXII.

759 1454 913 1516 QUOD
945 1459 1011 1508 IN
1030 1460 1150 1506 mto
1177 1460 1325 1505 mm(
1351 1458 1459 1505 28⁹1·
1482 1460 1625 1505 Bssn
1647 1458 1724 1504 ΕΤ
1749 1456 2055 1506 aestiflu-

259 1630 345 1689 ΕΙ
367 1624 469 1687 his
511 1629 739 1694 autem,
769 1637 903 1696 quae
930 1636 1117 1702 supra
1163 1626 1408 1702 ostensa
1436 1624 1597 1701 sunt,
1630 1620 1882 1680 ulterius
1927 1606 2438 1696 probari*potest‚
2461 1627 2622 1700 quod

199 1699 263 1759 in
282 1703 408 1758 Deo
432 1711 552 1755 non
582 1702 676 1753 est
701 1694 864 1753 aliud
897 1698 1160 1751 essentia
1187 1693 1279 1749 vel
1310 1691 1632 1764 quidditaS,
1663 1705 1841 1763 quam
1877 1707 2052 1751 suum
2086 1707 2241 1753 esse.

276 1772 585 1829 ostensum
619 1772 708 1823 est
740 1765 901 1822 enim
931 1778 1112 1835 supra
1142 1760 1215 1833 (c.
1243 1762 1328 1834 15)
1369 1761 1595 1834 aliquid
1637 1775 1794 1831 esse,
1833 1764 1990 1835 quod
2024 1779 2127 1836 per
2154 1778 2221 1823 se
2252 1779 2499 1825 necesse
2528 1774 2622 1829 est

211 1854 377 1920 esse3
397 1839 549 1912 quod
582 1840 742 1894 Deus
771 1842 880 1893 est.
912 1837 1033 1892 Boc
1063 1833 1245 1905 igitur
1273 1846 1429 1900 esse,
1461 1831 1620 1913 quod
1651 1845 1899 1891 necesse
1929 1839 2040 1904 est,
2064 1834 2114 1891 si
2138 1840 2227 1893 est
2250 1835 2430 1894 alicui
2458 1839 2629 1910 quid-

210 1910 367 1970 ditati
414 1910 824 1980 conjunctum,
856 1919 988 1977 quae
1037 1917 1157 1962 non
1187 1907 1278 1960 est
1325 1902 1484 1975 quod
1512 1916 1710 1973 ipsum
1759 1909 1869 1973 est,
1900 1911 2001 1962 aut
2050 1910 2142 1963 est
2172 1905 2485 1964 dissonum
2534 1909 2618 1968 illi

205 1980 510 2063 quidditati
543 1993 652 2036 seu
700 1988 1063 2048 repugnans,
1095 1975 1251 2055 sicut
1278 1987 1384 2044 per
1413 1987 1479 2031 se
1504 1973 1791 2031 exsistere
1822 1975 2134 2046 quidditati
2158 1976 2490 2047 albedinis;
2522 1985 2626 2037 aut

200 2066 254 2110 ει
305 2062 650 2109 consonum
676 2047 804 2105 sive
842 2045 1041 2126 affine,
1070 2050 1228 2102 sicut
1256 2044 1511 2101 albedini
1547 2057 1681 2100 esse
1730 2044 1791 2101 in
1823 2045 1964 2103 alio.
1992 2046 2052 2103 Si
2078 2047 2268 2117 primo
2297 2048 2500 2118 mode,
2530 2050 2621 2107 illi

197 2121 515 2195 quidditati
546 2133 671 2176 non
719 2121 1033 2175 conveniet
1061 2128 1195 2173 esse
1225 2114 1384 2187 quod
1442 2120 1534 2171 est
1586 2128 1690 2185 per
1725 2129 1793 2173 se
1831 2129 2078 2173 necesse
2135 2131 2292 2185 esse,
2326 2118 2484 2176 sicut
2515 2134 2624 2178 nec

197 2193 461 2251 albedini
495 2204 600 2262 per
621 2204 686 2246 se
716 2187 1022 2244 exsistere.
1051 2186 1111 2243 Si
1142 2190 1337 2265 autem
1369 2184 1634 2242 secundo
1665 2185 1864 2253 modo,
1896 2192 2129 2257 oportet
2164 2188 2323 2260 quod
2362 2189 2453 2246 vel
2493 2204 2627 2249 esse

200 2262 553 2335 hujusmodi
587 2258 916 2329 dependeat
945 2257 1018 2315 ab
1049 2261 1331 2325 essentia,
1362 2256 1452 2312 vel
1485 2261 1801 2326 utrumque
1833 2257 1907 2313 ab
1935 2257 2054 2314 alia
2083 2273 2284 2328 causa,
2307 2260 2396 2316 vel
2427 2274 2632 2318 essen-

198 2335 282 2392 tia
311 2333 391 2392 ab
418 2346 580 2390 esse.
598 2331 798 2388 Prima
827 2328 946 2386 duo
974 2331 1117 2385 sunt
1138 2331 1345 2384 contra
1372 2324 1664 2385 rationem
1688 2326 1839 2399 ejus,
1870 2327 2026 2400 quod
2049 2333 2141 2386 est
2165 2343 2270 2400 per
2296 2343 2361 2388 se
2382 2343 2631 2391 necesse

200 2418 376 2472 esse3
405 2403 569 2475 quia.
602 2401 655 2457 si
693 2400 766 2480 al>
794 2399 917 2457 alio
951 2398 1261 2478 dependet.
1284 2397 1408 2477 jam
1440 2411 1563 2477 non
1592 2403 1684 2454 est
1710 2411 1954 2455 necesse
1983 2412 2138 2456 esse.
2181 2402 2258 2456 Ex
2289 2402 2462 2458 tertio
2489 2416 2628 2460 vero

196 2473 499 2548 sequitur,
530 2470 690 2545 quod
736 2470 841 2528 illa
884 2469 1184 2543 quidditas
1216 2467 1659 2527 accidentahter
1713 2468 1950 2526 advenit
1976 2468 2050 2526 ad
2094 2483 2241 2538 rem,
2269 2485 2399 2544 quae
2429 2486 2533 2542 ρει·
2561 2485 2629 2530 εε

200 2559 459 2605 necesse
492 2549 585 2601 est
635 2555 803 2610 esse;
835 2541 983 2622 quia·
1008 2554 1184 2598 omne
1233 2538 1390 2611 quod
1422 2539 1693 2609 sequitur
1719 2539 1792 2596 ad
1847 2553 1983 2597 esse
2013 2540 2119 2603 rei.
2149 2546 2244 2598 est
2270 2541 2323 2598 ei
2356 2542 2628 2599 acciden-

197 2617 359 2684 tale;
389 2620 450 2672 et
501 2614 592 2694 sic
622 2626 744 2670 non
795 2616 907 2668 erit
935 2625 1064 2683 ejus
1113 2610 1435 2683 quidditas.
1469 2612 1627 2667 Deus
1657 2610 1840 2683 igitur
1892 2623 2017 2667 non
2070 2611 2248 2670 habet
2274 2613 2627 2682 essentiam,

198 2693 996 2836 qugedl‘cgristlnasgloffpegtsf'zes‘t
1026 2750 1167 2819 dici,
1193 2748 1526 2830 ‘13¹⁰d.i¹!⁰‘.1
1556 2760 1692 2805 esse
1735 2761 1855 2805 non
1906 2747 2177 2806 absolute
2225 2749 2516 2821 dependet
2545 2753 2621 2812 ab

198 2827 476 2887 essentia
505 2826 627 2886 illa.
661 2830 726 2881 ut
755 2835 1002 2880 omnino
1033 2834 1156 2878 non
1195 2826 1293 2900 sit,
1325 2833 1445 2875 nist
1494 2818 1601 2875 illa
1629 2823 1815 2898 esset3
1849 2817 1953 2875 sed
2001 2819 2293 2890 dependet
2335 2828 2628 2893 quantum

202 2899 283 2958 ad
307 2896 823 2960 con'unctionem,
855 2907 972 2965 qua
999 2891 1053 2949 ei
1084 2890 1504 2962 conjungitur:
1535 2894 1592 2945 et
1621 2902 1711 2946 sic
1742 2888 1889 2947 illud
1927 2901 2064 2948 esse
2111 2903 2216 2961 per
2259 2903 2328 2949 se
2379 2904 2629 2950 necesse

196 2982 272 3029 es
348 2982 418 3026 se
488 2966 687 3036 ipsum
711 2963 992 3036 conjungi
1025 2975 1147 3019 non
1173 2975 1277 3033 per
1306 2974 1370 3018 se
1400 2972 1649 3016 necesse
1673 2964 1781 3018 est.

385 3054 418 3095 c
467 3044 670 3094 autem
720 3033 1035 3106 responsio
1086 3031 1367 3113 praedicta
1410 3029 1892 3110 inconyenientia
1938 3043 2060 3088 non
2108 3032 2321 3096 evadit,
2376 3031 2540 3105 quia,
2574 3032 2628 3091 si

200 3108 360 3170 illud
391 3122 532 3165 esse
562 3111 756 3176 potest
782 3103 1033 3176 intelligi
1064 3116 1198 3161 sine
1243 3101 1348 3159 illa
1393 3107 1677 3169 essentia,
1712 3101 1983 3174 sequitur
2027 3102 2188 3173 quod
2217 3102 2321 3160 illa
2362 3103 2631 3162 essentia

200 3178 663 3240 accidentaliter
692 3189 759 3233 se
790 3174 966 3232 habet
994 3173 1068 3231 ad
1094 3171 1243 3229 illud
1268 3186 1438 3238 esse;
1471 3171 1578 3229 sed
1607 3171 1667 3228 id
1697 3171 1856 3243 quod
1886 3176 1979 3229 est
2006 3186 2111 3243 per
2138 3186 2225 3243 se,
2269 3187 2514 3231 necesse
2535 3178 2628 3232 est

203 3250 360 3309 illud
388 3262 548 3306 esse.
585 3249 737 3320 Ergo
764 3245 868 3302 illa
895 3244 1158 3302 essentia
1200 3257 1265 3301 se
1305 3242 1483 3300 habet
1511 3241 1954 3300 accidentaliter
1982 3242 2056 3299 ad
2100 3242 2181 3313 id,
2213 3245 2372 3316 quod
2401 3251 2495 3302 est
2522 3258 2628 3314 per

204 3334 277 3380 se
306 3332 565 3378 necesse
596 3331 731 3374 esse
758 3334 771 3372 ε
805 3329 923 3373 non
956 3328 1098 3387 ergo
1119 3320 1211 3372 est
1235 3312 1536 3394 quidditas
1589 3313 1739 3385 ejus.
1773 3315 1895 3371 Hoc
1931 3319 2149 3382 autem,
2184 3313 2344 3385 quod
2406 3319 2499 3370 est
2525 3327 2630 3384 ρει·

204 3404 276 3450 se
306 3403 562 3447 necesse
587 3401 743 3455 esse,
775 3392 867 3444 est
894 3387 1070 3442 DeuS.
1102 3387 1233 3441 Non
1263 3385 1446 3455 igitur
1467 3383 1571 3440 illa
1599 3389 1691 3440 est
1715 3382 1981 3441 essentia
2009 3384 2133 3452 Dei,
2165 3384 2272 3441 sed
2300 3383 2504 3464 aliqua
2530 3398 2629 3441 es-

211 3462 412 3520 sentia
438 3463 562 3516 Deo
595 3456 907 3528 posterior.
932 3455 989 3513 Si
1020 3460 1217 3513 autem
1247 3467 1369 3510 non
1421 3458 1619 3524 potest
1658 3453 1914 3526 intelligi
1963 3451 2114 3510 illud
2162 3467 2298 3511 esse
2354 3467 2487 3511 sine
2521 3453 2628 3513 illa

211 3534 503 3596 essentia,
534 3534 676 3586 tunc
704 3526 851 3583 illud
879 3539 1014 3583 esse
1048 3524 1319 3583 absolute
1358 3524 1650 3594 dependet
1675 3524 1748 3581 ab
1781 3537 1871 3592 en,
1904 3537 1940 3580 a
2035 3537 2112 3580 uo
2155 3522 2448 3594 dependet
2474 3537 2619 3582 con-

207 3602 442 3673 junctio
475 3614 586 3657 sua
615 3599 689 3655 ad
721 3596 1038 3654 essentiam
1073 3596 1265 3663 illam;
1298 3599 1357 3650 et
1383 3595 1471 3650 sic
1501 3593 1651 3650 redit
1681 3594 1837 3651 idem
1865 3538 2028 3673 quoa
2052 3594 2242 3664 prius.

282 3675 437 3740 item,
472 3667 940 3741 unumquodque
965 3672 1055 3724 est
1080 3680 1181 3736 per
1207 3679 1386 3724 suum
1418 3677 1573 3722 esse.
1597 3664 1766 3733 Quod
1798 3665 1979 3736 igitur
2005 3677 2127 3721 non
2167 3669 2258 3720 est
2286 3677 2462 3721 suum
2496 3676 2632 3721 esse

214 3755 337 3799 non
371 3745 465 3799 est
495 3755 600 3812 per
625 3753 690 3797 se
721 3750 969 3796 necesse
1002 3749 1155 3794 esse.
1191 3738 1348 3793 Deus
1377 3741 1575 3792 autem
1619 3739 1710 3792 est
1736 3749 1843 3806 per
1870 3748 1936 3792 se
1985 3746 2236 3791 necesse
2282 3748 2453 3803 esse;
2484 3746 2628 3806 ergo

216 3813 373 3870 Deus
402 3817 495 3869 est
523 3823 702 3868 suum
731 3822 899 3870 esse..

280 3883 562 3955 Amplius.
596 3881 648 3938 si
687 3892 821 3936 esse
853 3878 955 3935 Dei
986 3891 1109 3935 non
1133 3881 1226 3934 est
1271 3891 1383 3934 sua
1411 3874 1843 3946 essentia(non
1892 3879 2088 3932 autem
2136 3888 2274 3945 pars
2320 3876 2449 3948 ejus
2497 3888 2633 3932 esse

216 3962 433 4025 potest,
467 3965 651 4024 quum
682 3949 947 4007 essentia
973 3948 1172 4004 divina
1202 3947 1281 4004 sit
1305 3948 1580 4018 simplex,
1611 3951 1675 4003 ut
1724 3945 1798 4017 (c.
1834 3947 1920 4017 18)
1947 3951 2259 4003 ostensum
2289 3946 2399 4018 est)
2452 3959 2633 4016 opor-

216 4029 299 4081 tet
321 4025 484 4096 quod
513 4019 859 4093 huiusmodi
887 4031 1021 4077 esse
1051 4018 1131 4076 sit
1157 4018 1383 4090 aliquid
1464 4023 1634 4075 raeter
1659 4017 1983 4074 essentiam
2015 4015 2164 4087 ejus.
2196 4018 2383 4074 Omne
2432 4023 2634 4073 autem

219 4095 377 4167 quod
410 4092 698 4151 convenit
725 4090 906 4147 alicui
934 4088 1093 4163 quod
1123 4102 1245 4146 non
1282 4094 1371 4145 est
1441 4104 1472 4144 e
1500 4087 1764 4145 essentia
1790 4086 1941 4158 ejuS‚
1973 4087 2251 4143 convenit
2293 4087 2348 4143 ei
2400 4101 2505 4158 per
2531 4086 2637 4143 ali·

218 4177 393 4238 quam
424 4176 698 4222 causam.
736 4163 815 4218 Ea
841 4161 1023 4227 enim,
1064 4173 1195 4231 quae
1224 4172 1331 4230 per
1371 4172 1439 4215 se
1479 4171 1602 4215 non
1651 4163 1793 4215 sunt
1827 4170 2034 4225 unum,
2065 4158 2117 4213 si
2164 4156 2633 4238 conjunguntur²

219 4240 448 4306 oportet
496 4247 601 4306 per
645 4231 908 4303 aliquam
957 4243 1199 4288 causam
1252 4229 1428 4286 uniri.
1479 4229 1623 4286 Esse
1669 4228 1854 4299 igitur
1896 4226 2174 4283 convenit
2201 4226 2286 4283 illi
2319 4227 2634 4299 quidditatt

216 4317 318 4376 per
343 4307 611 4378 aliquam
642 4314 910 4359 causam.
938 4306 1052 4358 Aut
1097 4300 1281 4370 igitur
1318 4312 1422 4369 per
1456 4297 1681 4370 aliquid
1720 4297 1878 4368 quod
1918 4307 2011 4353 est
2049 4298 2122 4354 de
2160 4297 2423 4354 essentia
2466 4297 2635 4354 illius

218 4376 320 4445 rei,
354 4378 485 4433 sive
524 4388 633 4446 per
664 4373 985 4430 essentiam
1016 4374 1229 4441 ipsam,
1258 4376 1359 4426 aut
1385 4383 1489 4440 per
1512 4368 1737 4446 aliquid
1765 4365 1946 4424 aliud.
1978 4365 2039 4424 Si
2077 4367 2267 4447 primo
2304 4366 2482 4423 modo
2517 4365 2635 4443 (es-

218 4447 408 4505 sentia
430 4452 637 4505 autem
668 4448 762 4500 est
785 4441 1115 4500 secundum
1143 4440 1292 4498 illud
1320 4438 1500 4510 esse),
1527 4444 1798 4511 sequitur
1824 4435 1985 4511 quod
2017 4435 2242 4511 ahquid
2265 4436 2346 4495 sit
2367 4434 2486 4494 sihi
2513 4429 2634 4504 ipsi
