3076 5025
426 302 535 359 374
1249 290 1385 348 LIB.
1425 290 1524 358 111,
1565 288 1718 345 GAP.
1755 287 2018 348 LXXXVI.

427 419 764 481 secundum
792 414 954 489 quod
977 413 1330 486 imprimunt
1357 411 1423 470 in
1450 422 1705 481 corpora
1732 413 1960 478 nostra,
1982 406 2060 466 ad
2087 419 2342 479 quorum
2386 405 2875 467 immutationem

425 492 754 561 insurgunt
779 486 844 543 in
868 486 1046 544 nobis
1067 483 1254 565 aliqui
1283 485 1486 540 motus
1511 480 1893 561 passionum,
1921 478 2012 535 vel
2031 491 2143 605 Per
2170 490 2379 559 eorum
2405 476 2875 559 impressionem

426 560 724 619 efficimur
748 556 982 616 habiles
1010 555 1084 614 ab
1109 553 1345 626 aliquas
1373 555 1891 623 passioneS,Slcut
1911 549 2027 607 cho
2054 562 2197 606 erici
2215 552 2359 606 sunt
2383 546 2657 627 prom-ad
2680 559 2873 618 iram3

422 631 517 689 vel
547 627 878 688 secundum
948 625 1068 683 uod
1093 639 1169 682 ex
1192 636 1399 682 eorum
1429 621 1832 694 impressione
1863 624 2146 678 causatur
2170 618 2237 676 in
2287 617 2466 676 nobis
2496 617 2706 689 aliqua
2749 616 2876 676 dis·

421 700 650 783 positio
679 709 932 770 corpora
956 695 1010 754 is
1041 708 1176 768 quae
1205 699 1298 752 est
1322 693 1566 751 occasio
1615 690 1874 762 alicujus
1926 688 2262 757 electioniS,
2292 688 2451 770 sicut
2496 701 2636 747 cum
2692 687 2873 768 nobis

422 768 870 832 infirmantibus
900 765 1181 838 eligimus
1211 764 1479 836 accipere
1509 760 1891 822 medicinam.
1926 759 2227 817 Interdum
2256 764 2437 816 etiam
2483 772 2557 816 ex
2603 771 2877 838 corpori-

421 840 543 901 bus
571 837 918 900 coelestibus
947 840 1117 895 actus
1145 834 1394 892 humani
1436 836 1784 901 causantur,
1835 831 1902 888 in
1946 835 2235 911 quantum
2283 844 2357 888 ex
2401 828 2877 909 indispositlone

424 908 701 983 corporis
728 906 914 981 aliqui
939 909 1209 965 amentes
1242 903 1588 962 efficiuntur
1611 915 1728 961 usu
1758 901 2013 959 rationis
2040 899 2275 972 privati,
2303 900 2367 957 in
2388 898 2611 973 quibus
2630 911 2875 970 proprie

425 981 642 1041 electio
668 991 793 1036 non
823 981 934 1046 est,
969 975 1075 1034 sed
1104 979 1418 1034 moventur
1453 974 1660 1055 aliquo
1687 971 1945 1030 naturali
1971 971 2284 1040 instinctu,
2315 970 2473 1030 sicut
2499 973 2561 1028 et
2603 968 2806 1028 bruta.

497 1049 880 1109 Manifestum
909 1052 1106 1106 autem
1135 1049 1248 1127 est,
1276 1048 1337 1102 et
1363 1047 1768 1126 experimento
1789 1042 2119 1115 cognitum,
2137 1040 2299 1115 quod
2316 1040 2469 1099 tales
2490 1039 2877 1122 occasioneS,

425 1121 557 1180 sive
585 1121 709 1179 sint
737 1118 1085 1187 exteriores,
1117 1129 1245 1175 sive
1274 1115 1396 1173 sint
1424 1120 1766 1182 interioreS,
1798 1125 1921 1171 non
1952 1117 2096 1170 sunt
2121 1125 2307 1172 causa
2335 1123 2685 1169 necessaria
2725 1109 2878 1168 elec·

425 1191 638 1260 tionis,
669 1203 807 1248 cum
838 1189 1020 1247 homo
1049 1200 1156 1259 per
1182 1186 1477 1244 rationem
1504 1184 1704 1257 possit
1726 1183 1817 1243 eis
1849 1182 2132 1241 resistere
2158 1182 2253 1240 vel
2282 1181 2525 1240 obedire
2546 1198 2572 1262 3
2595 1179 2718 1261 ‚sed
2744 1178 2879 1260 plu-3

427 1274 528 1320 res
556 1264 699 1319 sunt
720 1259 824 1333 qui
851 1259 1112 1331 impetus
1140 1255 1443 1315 naturales
1473 1258 1828 1329 sequuntur,
1853 1253 2170 1325 pauciores
2223 1257 2443 1320 autem,
2474 1251 2712 1310 scilicet
2763 1249 2881 1308 soh

428 1332 757 1404 sapientes,
828 1329 890 1387 ui
916 1327 1236 1388 occasione
1264 1327 1418 1385 male
1439 1325 1657 1407 agendi
1678 1329 1739 1382 et
1764 1324 2068 1383 naturales
2090 1324 2349 1393 impetus
2369 1335 2493 1403 non
2512 1326 2876 1402 sequuntur.

429 1403 500 1462 Et
525 1407 764 1474 propter
834 1413 906 1457 oc
934 1399 1077 1457 dicit
1101 1398 1445 1455 Ptolomeus
1473 1410 1540 1453 in
1569 1396 1921 1466 Gentiloquio,
1995 1393 2114 1453 uod
2144 1394 2346 1451 anima
2365 1405 2611 1464 Sapiens
2633 1391 2883 1463 adjuvat

429 1485 586 1544 opus
611 1470 941 1540 stellarum,
967 1474 1027 1526 et
1050 1467 1210 1540 quod
1230 1481 1352 1526 non
1376 1471 1576 1539 potest
1598 1467 1940 1539 astrologus
2005 1478 2105 1522 are
2120 1463 2349 1536 judicia
2368 1461 2707 1521 secundum
2723 1461 2877 1543 'stel-

429 1542 546 1606 las,
578 1542 698 1601 nisi
751 1541 874 1598 vim
921 1540 1137 1598 animae
1192 1545 1252 1596 et
1294 1537 1770 1609 complexionem
1811 1535 2145 1594 naturalem
2200 1535 2353 1592 bene
2407 1537 2785 1613 cognoverit,
2824 1534 2885 1611 et

431 1612 595 1686 quod
624 1611 968 1684 astrologus
996 1622 1121 1668 non
1149 1608 1324 1666 debet
1346 1607 1544 1665 dicere
1572 1621 1698 1665 rem
1738 1606 2099 1678 specialiter,
2130 1604 2238 1664 sed
2262 1603 2712 1671 universaliter,
2736 1613 2884 1683 qula

430 1681 666 1741 scilicet
692 1680 1012 1753 impressio
1041 1679 1349 1739 stellarum
1380 1678 1444 1735 in
1471 1677 1747 1749 pluribus
1781 1677 2030 1736 sortitur
2056 1675 2356 1744 effectum,
2386 1674 2490 1747 qui
2520 1686 2666 1753 non,
2691 1684 2880 1730 rests·

431 1756 569 1809 tunt
603 1750 978 1809 inclinationi
1008 1763 1141 1822 quae
1166 1754 1259 1807 est
1285 1763 1360 1806 ex
1387 1760 1788 1819 corpore,non
1812 1750 2015 1805 autem
2041 1760 2169 1805 sem
2213 1759 2277 1803 er
2304 1746 2370 1802 in
2392 1744 2509 1804 hoc
2526 1743 2623 1801 vel
2649 1756 2719 1800 ιιι
2745 1741 2859 1800 illo

432 1821 537 1896 qui
568 1820 720 1879 forte
746 1835 852 1893 per
878 1821 1171 1879 rationem
1200 1819 1459 1878 naturali
1482 1817 1860 1878 inclinationi
1887 1816 2134 1876 resistit.
2187 1818 2212 1873 Ι
2240 1818 2415 1890 part„
2436 1826 2645 1889 (pen,
2668 1817 2784 1871 art.
2803 1782 2885 1884 §.5

1353 2037 1611 2102 CAPUT
1645 2036 1961 2100 LXXXVI.

552 2207 705 2264 QUOD
741 2205 1112 2254 CORPORALES
1146 2207 1437 2276 ltrchTus
1472 2205 1536 2251 IN
1564 2205 1712 2251 ISTIS
1733 2204 2139 2250 INFERIORIBUS
2176 2202 2296 2249 NON
2330 2201 2673 2256 SEQUUHTUR
2698 2200 2781 2248 Ex

1029 2283 1421 2331 NECESSITATE
1445 2283 1489 2329 A
1517 2281 1874 2329 GORPORIBUS
1901 2280 2293 2326 cms'rmus.

511 2450 647 2508 Non
674 2448 875 2507 solum
919 2452 1119 2505 autem
1161 2461 1416 2521 corpora
1459 2446 1731 2506 coelestia
1783 2446 2062 2504 humanae
2117 2444 2398 2504 electioni
2456 2445 2888 2503 necessitatem

443 2521 676 2579 inferre
707 2533 830 2577 non
855 2523 1131 2590 possunt,
1162 2518 1268 2577 sed
1297 2532 1409 2577 nec
1451 2520 1630 2576 etiam
1660 2518 2003 2589 corporales
2034 2515 2281 2575 effectus
2309 2517 2375 2574 in
2404 2515 2539 2574 istis
2581 2516 2891 2574 inferiori-

433 2589 556 2650 bus
584 2606 656 2648 ex
683 2590 1040 2648 necessitate
1068 2589 1141 2646 ab
1180 2589 1270 2647 eis
1340 2589 1648 2648 rocedunt.
1681 2588 2115 2660 impressiones
2144 2588 2305 2645 enim
2342 2599 2661 2644 causarum
2709 2593 2890 2647 natu-

437 2661 658 2721 ralium
687 2660 983 2733 recipiunt
1010 2660 1073 2717 in
1102 2604 1418 2741 effectibus
1437 2659 1772 2718 secundum
1794 2657 2209 2730 recipientium
2233 2657 2500 2717 modum.
2521 2659 2658 2737 Haec
2681 2663 2891 2716 autem

437 2731 728 2789 inferiora
755 2735 898 2789 sunt
923 2729 1238 2799 fluxibilia,
1270 2735 1328 2787 et
1355 2744 1479 2788 non
1509 2743 1637 2788 sem
1680 2744 1745 2787 er
1776 2728 1986 2787 eodem
2014 2728 2194 2787 modo
2226 2742 2292 2786 se
2332 2727 2615 2785 babentia
2644 2733 2892 2799 propter

437 2803 773 2864 materiam.
803 2814 938 2873 quae
966 2805 1059 2858 est
1090 2801 1153 2858 in
1184 2801 1453 2871 potentia
1480 2800 1554 2858 ad
1598 2815 1636 2871 p
1664 2813 1802 2858 ures
1829 2800 2074 2868 formaS,
2105 2803 2165 2857 et
2207 2802 2448 2869 propter
2494 2799 2890 2856 contrarieta-

436 2875 559 2930 tem
591 2871 916 2929 formarum
945 2875 1003 2951 et
1024 2870 1330 2951 virtutum.
1362 2873 1494 2929 Non
1524 2871 1709 2943 igitur
1731 2869 2167 2942 impressiones
2196 2882 2517 2941 corporum
2544 2868 2886 2927 coelestium

437 2942 740 3013 recipiunt
776 2940 839 2997 in
868 2941 1005 2999 istis
1033 2940 1422 2999 inferioribus
1449 2955 1555 3013 per
1584 2941 1828 2999 modum
1857 2938 2258 2998 necessitatis.

506 3012 716 3080 Item,a
743 3025 928 3068 causa
950 3016 1182 3069 remota
1210 3025 1333 3069 non
1361 3011 1634 3084 sequitur
1660 3008 1908 3069 effectus
1937 3010 2011 3069 de
2038 3009 2417 3077 necessitate,
2439 3008 2582 3077 nisi,
2603 3008 2788 3066 etiam
2806 3010 2891 3068 sit

437 3093 625 3141 causa
648 3080 846 3139 media
870 3082 1234 3149 necessaria,
1264 3081 1422 3140 sicut
1450 3081 1597 3138 etin
1631 3080 2004 3153 syllogismis
2032 3094 2107 3138 ex
2134 3079 2343 3151 maiori
2378 3079 2451 3136 de
2488 3079 2879 3150 necessitate,

439 3156 503 3210 et
529 3151 749 3210 minori
780 3150 852 3209 de
880 3151 1273 3232 contingenti,
1305 3165 1428 3210 non
1454 3151 1729 3224 sequitur
1756 3150 2069 3210 conclusio
2097 3150 2171 3208 de
2202 3149 2581 3209 necessitate.
2613 3150 2887 3220 Corpora

438 3227 639 3281 autem
668 3221 935 3279 coelesua
963 3228 1106 3280 sunt
1131 3235 1330 3280 causae
1382 3227 1646 3280 remotae.
1683 3222 1975 3280 Proximae
2025 3225 2224 3279 autem
2276 3233 2475 3280 causae
2518 3218 2883 3278 inferiorum

436 3292 760 3352 effectuum
786 3297 928 3351 sunt
958 3293 1206 3373 virtutes
1252 3292 1458 3350 activae
1501 3298 1561 3350 et
1587 3291 1842 3364 passivae
1879 3292 1942 3349 in
1971 3290 2109 3350 istis
2138 3290 2550 3372 inferioribuS,
2577 3304 2714 3363 quae
2760 3303 2887 3348 non

438 3369 585 3421 sunt
608 3376 807 3421 causae
835 3376 1214 3432 necessariae,
1256 3362 1364 3421 sed
1410 3363 1849 3435 contingentes.
1880 3364 2144 3421 Possunt
2183 3374 2345 3419 enlm
2396 3359 2652 3419 deficere
2700 3366 2770 3419 ut
2822 3361 2889 3419 in

435 3432 846 3504 paucioribus.
871 3435 1002 3491 Non
1031 3446 1173 3506 ergo
1204 3447 1277 3489 ex
1303 3446 1375 3490 co
1448 3433 1657 3492 oribus
1685 3431 2033 3491 coelestibus
2077 3436 2411 3504 sequuntur
2433 3431 2500 3488 in
2545 3430 2686 3489 istis
2729 3430 2886 3490 infe·

437 3501 705 3561 rioribus
732 3503 1086 3574 corporibus
1115 3501 1364 3561 effectus
1431 3519 1463 3560 e
1492 3502 1871 3561 necessitate.

507 3575 796 3636 Praeterea,
826 3578 1027 3631 motus
1051 3573 1386 3632 coelestium
1415 3586 1732 3645 corporum
1758 3585 1994 3643 semper
2017 3576 2111 3630 est
2137 3571 2347 3630 eodem
2374 3570 2577 3631 mod0.
2607 3570 2669 3629 Si
2694 3571 2889 3643 igitur

438 3641 692 3703 effectus
719 3643 1054 3724 coelestium
1103 3655 1421 3715 corporum
1450 3644 1514 3701 in
1542 3643 1678 3702 istis
1702 3640 2092 3701 inferioribus
2120 3641 2476 3714 corporibus
2503 3655 2575 3700 ex
2604 3641 2884 3701 necessi-

435 3718 558 3772 tate
585 3719 988 3786 provemrent,
1019 3728 1255 3785 semper
1298 3714 1506 3772 eodem
1566 3712 1745 3771 modo
1773 3727 1843 3773 se
1880 3713 2168 3772 haberent
2197 3727 2333 3786 quae
2376 3712 2439 3770 in
2488 3711 2886 3771 inferioribus

438 3790 603 3844 sunt.
633 3787 762 3843 Non
791 3789 988 3842 autem
1019 3798 1255 3857 semper
1276 3784 1486 3842 eodem
1513 3783 1694 3841 modo
1719 3797 1786 3842 se
1816 3782 2058 3850 babent,
2097 3782 2205 3843 sed
2230 3783 2388 3841 utin
2415 3782 2714 3854 pluribus.
2741 3784 2885 3845 Non

449 3867 597 3982 ergo
627 3868 701 3913 ex
727 3855 1083 3913 necessitate
1110 3854 1487 3935 proveniunt..

528 3926 721 4005 μῆνα,
753 3938 828 3983 ex
853 3925 1061 3983 multis
1102 3923 1591 3997 contingentibus
1620 3936 1745 3982 non
1792 3929 1989 3998 potest
2034 3923 2164 3983 fieri
2211 3937 2401 3983 unum
2434 3923 2878 3994 necessarium,

438 4007 585 4075 quia
610 3996 769 4054 sicut
814 3995 1121 4068 quodlibet
1145 3994 1625 4067 contingentium
1649 4008 1757 4067 per
1783 4010 1851 4054 se
1880 3994 2129 4054 deficere
2172 3998 2373 4067 potest
2414 3993 2489 4053 ab
2524 3993 2765 4064 effectu,
2796 3994 2888 4053 ita

437 4070 620 4124 etiam
650 4065 856 4124 omnia
880 4066 1082 4124 simul.
1113 4067 1356 4124 Constat
1385 4070 1585 4123 autem
1615 4065 1775 4139 quod
1805 4064 2046 4139 singula
2073 4079 2207 4138 quae
2235 4065 2459 4124 inistis
2484 4064 2885 4123 inferioribus

435 4132 593 4194 fiunt
618 4150 694 4218 ex.
718 4136 1115 4207 impressione
1141 4136 1474 4217 coelestium
1503 4149 1842 4208 corporum,
1873 4142 2015 4194 sunt
2041 4135 2474 4209 contingentia.
2504 4137 2636 4194 Non
2689 4135 2884 4215 igitur

437 4216 737 4265 connexlo
768 4220 975 4265 eorum
1022 4219 1157 4280 quae
1205 4220 1270 4264 1n
1318 4207 1454 4266 istis
1503 4206 1890 4266 inferioribus
1937 4207 2296 4279 contingunt
2344 4220 2418 4264 ex
2466 4205 2879 4277 impressione

439 4274 773 4335 coelestium
799 4290 1115 4350 corporum
1160 4282 1305 4335 sunt
1330 4277 1693 4337 necessaria.
1724 4275 2099 4335 Manifestum
2129 4281 2222 4336 est
2259 4276 2421 4335 enim
2449 4275 2609 4350 quod
2635 4274 2878 4348 quodli-

440 4342 544 4405 bet
577 4359 785 4405 eorum
810 4347 1085 4419 impediri
1115 4352 1330 4419 potest.

511 4416 788 4491 Amplius,
814 4429 1068 4491 corpora
1093 4418 1363 4480 coelestia
1387 4422 1529 4479 sunt
1556 4415 1797 4493 agentia
1822 4415 2140 4492 naturalia,
2172 4431 2304 4493 quae
2332 4416 2648 4491 requirunt
2682 4421 2875 4475 mate-
