3076 5025
1099 247 1231 302 Lm.
1270 247 1344 314 ΙΙ,
1377 247 1537 302 CAP.
1576 245 1822 307 Lxxxu.
2550 255 2659 311 223

223 372 369 428 sunt
409 367 913 428 individuationis
953 368 1265 440 principia,
1309 381 1435 426 non
1463 372 1662 426 autem
1692 380 1944 438 sensus;
1981 368 2140 441 quod
2164 369 2377 427 exinde
2412 379 2655 444 apparet

222 440 366 512 quia
394 453 620 498 sensus
651 446 743 497 est
764 440 1236 511 particularium,
1267 439 1611 499 intellectus
1637 452 1777 497 vero
1811 439 2264 497 universalium.
2301 442 2462 499 Unde
2496 450 2654 515 patet

225 510 384 582 quod
432 523 659 568 sensus
706 511 1012 581 patiuntur
1052 525 1086 566 a
1128 511 1308 566 rebus
1353 508 1683 567 secundum
1730 510 1887 581 qnod
1937 516 2080 567 sunt
2121 511 2182 567 in
2215 513 2481 581 materia,
2530 528 2652 572 non

225 587 421 638 autem
468 581 835 650 intellectus,
867 580 970 637 sed
1015 580 1346 637 secundum
1375 580 1535 653 quod
1565 584 1707 637 sunt
1738 580 2066 638 abstractae.
2098 583 2309 640 Passio
2351 582 2534 654 igitur
2560 585 2653 643 in-

224 650 502 710 tellectus
534 657 627 731 est
651 651 877 731 absque
904 651 1152 707 mate-ria
1178 651 1496 721 corporali,
1517 662 1645 731 non
1676 655 1870 730 autem
1900 652 2104 721 passio
2130 665 2370 710 sensuS.

293 722 513 784 Adhuc,
573 721 791 779 diversi
837 735 1057 778 sensus
1103 729 1245 779 sunt
1274 726 1591 792 percepttvt
1641 719 2008 777 diversorum
2063 723 2464 792 sensibilium,
2495 723 2655 782 sicut

224 792 394 850 visus
428 792 726 854 colorum,
750 791 991 849 auditus
1021 805 1331 849 sonorum.
1361 793 1496 848 Haec
1523 797 1723 848 autem
1752 790 2065 849 diversitas
2095 794 2408 851 manifeste
2437 809 2509 851 ex
2537 795 2658 853 dis-

224 862 532 944 positione
564 875 927 935 organorum
961 861 1195 919 diversa
1225 861 1518 933 contingit
1542 880 1556 929 ;
1584 875 1721 917 nam
1752 874 2045 932 organum
2072 863 2239 921 visus
2265 869 2495 935 oportet
2516 879 2652 924 esse

225 946 293 990 in
321 933 591 1004 potentia
619 933 695 989 ad
725 946 936 991 omnes
966 933 1221 1000 coloreS,
1252 944 1545 1005 organum
1584 931 1824 988 auditus
1870 932 1944 988 ad
1973 945 2183 989 omnes
2222 936 2428 992 sonos‘.
2457 936 2515 993 Si
2547 950 2652 994 au-

225 1008 351 1063 tem
382 1003 520 1083 ‚haec
568 1017 700 1060 rece
769 1004 828 1084 io
864 1002 1032 1064 fieret
1057 1003 1286 1084 absque
1329 1015 1561 1083 organo
1588 1001 1906 1073 corporali,
1953 1002 2154 1059 eadem
2199 1006 2464 1074 potentia
2493 1012 2655 1064 esset

226 1086 502 1132 omnium
540 1075 702 1131 sensi
749 1073 920 1133 ilium
941 1085 1083 1133 susc
1161 1079 1315 1141 tiva3
1345 1086 1484 1130 nam
1506 1077 1698 1130 vir-tus
1726 1072 2133 1131 immaterialis
2163 1087 2228 1131 se
2257 1075 2433 1132 babet
2454 1089 2505 1133 ae
2552 1090 2653 1134 ua·

225 1143 385 1212 liter,
418 1150 708 1216 quantum
737 1144 811 1201 de
835 1158 903 1201 se
932 1150 1044 1213 est,
1076 1158 1110 1201 a
1174 1157 1386 1201 omnes
1430 1143 1778 1214 hujusmodi
1810 1143 2166 1215 qualitates3
2196 1145 2352 1202 unde
2395 1147 2517 1202 inte
2544 1147 2657 1206 lec·

227 1219 352 1285 tue,
383 1215 483 1286 qui
517 1228 639 1272 non
674 1215 857 1272 utitur
892 1228 1117 1288 organo
1146 1214 1462 1286 corporali,
1494 1215 1699 1272 omnia
1724 1214 2040 1272 sensibilia
2069 1216 2401 1286 cognoscit.
2425 1216 2654 1276 sentire

228 1283 418 1359 igitur
437 1298 560 1342 non
593 1284 904 1357 malisque
931 1298 1159 1357 organo
1189 1298 1496 1356 corporeo.
2075 1354 2088 1366 ·

299 1357 591 1424 mea-ea,
639 1368 860 1414 sensus
905 1356 1303 1426 corrumpitur
1346 1355 1420 1413 ab
1466 1355 1821 1415 excellentia
1862 1354 2263 1425 sensibilium,
2304 1369 2426 1414 non
2453 1362 2652 1417 autem

225 1425 616 1494 intellectu83
665 1426 810 1499 qnia
833 1426 941 1499 qui
987 1427 1267 1497 intelligit
1293 1426 1506 1483 altiora
1538 1420 2007 1498 intelligibilium
2051 1438 2172 1483 non
2203 1426 2404 1485 minus
2438 1429 2655 1498 poterit

227 1495 351 1556 alia
375 1497 696 1569 speculari,
727 1496 834 1554 sed
863 1496 1079 1569 magis.
1106 1496 1361 1554 Alterius
1387 1497 1570 1569 igitur
1598 1496 1837 1568 generis
1868 1502 1959 1554 est
1989 1497 2195 1568 passio
2222 1510 2441 1555 sensus
2468 1512 2505 1555 a
2524 1511 2658 1558 sen-

231 1566 418 1635 sibili,
446 1573 507 1625 et
534 1567 874 1626 intellectus
903 1568 977 1625 ab
1005 1566 1368 1637 intelligibili
1393 1582 1407 1636 ;
1441 1567 1782 1624 intellectus
1807 1565 2047 1639 quidem
2080 1568 2282 1638 passio
2312 1567 2377 1624 tit
2425 1568 2651 1641 absque

232 1650 463 1710 organo
494 1638 791 1719 corporali
819 1656 835 1706 ;
865 1638 1071 1710 passio
1113 1649 1253 1694 vero
1279 1651 1502 1696 sensus
1547 1650 1679 1694 cum
1712 1650 1941 1710 organo
1966 1637 2282 1710 corporali,
2314 1638 2487 1710 cujus
2514 1638 2649 1698 har-

229 1709 444 1767 monia
469 1708 726 1767 solvitur
752 1721 858 1780 per
883 1706 1264 1766 sensibilium
1292 1707 1727 1765 excellentiam.

304 1779 478 1847 Quod
520 1786 719 1838 autem
768 1779 931 1837 Plato
959 1779 1107 1836 dixit
1135 1778 1233 1851 (De
1260 1779 1387 1849 lep„
1415 1778 1476 1851 x)
1507 1778 1770 1836 animam
1814 1791 1951 1836 esse
1978 1785 2312 1836 moventem
2368 1779 2652 1852 seipsam,

233 1854 462 1910 certum
494 1863 629 1908 esse
655 1848 887 1907 videtur
913 1863 985 1908 ex
1013 1850 1127 1906 hoc
1152 1849 1313 1921 quod
1341 1863 1483 1921 erga
1509 1862 1763 1922 corpora
1790 1850 2309 1920 apparet..Nullum
2334 1850 2496 1908 enim
2523 1865 2656 1910 cor·

227 1931 349 1992 pus
393 1920 629 1978 videtur
677 1933 937 1988 movere,
964 1919 1084 1977 nisi
1118 1921 1199 1977 sit
1236 1925 1462 1977 motum
1487 1938 1505 1987 ;
1535 1920 1696 1977 unde
1722 1920 1890 1978 Plato
1918 1920 2175 1990 ponebat
2196 1933 2375 1978 omne
2406 1934 2654 1982 movens

229 1992 461 2049 moveri
487 2008 504 2059 3
533 1996 611 2060 et,
662 1991 804 2064 quia
849 2004 971 2048 non
1001 1990 1120 2049 itur
1146 1991 1208 2047 in
1238 1989 1536 2047 infinitum
1570 1995 1634 2047 nt
1676 1990 2143 2062 unumquodque
2171 1998 2399 2049 motum
2428 1992 2502 2050 ab
2532 1992 2653 2052 alio

227 2068 564 2131 moveatur,
607 2061 867 2133 ponebat
901 2061 1162 2132 primum
1205 2074 1454 2119 movens
1497 2060 1561 2117 in
1593 2073 1954 2133 unoquoque
1982 2061 2193 2119 ordine
2230 2075 2468 2119 movere
2502 2063 2659 2144 seip-

232 2144 392 2190 sum.
441 2134 510 2188 Et
554 2146 629 2188 ex
675 2132 787 2189 boc
831 2131 1192 2204 sequebatur
1225 2131 1509 2200 animam,
1542 2143 1673 2212 quie
1703 2136 1798 2190 est
1824 2133 2082 2203 primu-m
2110 2145 2358 2191 movens
2386 2133 2451 2190 in
2476 2136 2655 2192 moti·

230 2201 351 2261 bus
378 2202 754 2271 animalium,
786 2214 921 2260 esse
949 2202 1032 2259 ali
1077 2201 1180 2260 uid
1209 2215 1458 2260 movens
1485 2215 1778 2273 seipsum.

305 2273 429 2331 Hoc
457 2278 658 2330 autem
687 2277 845 2343 patet
874 2284 1007 2330 esse
1061 2273 1255 2329 alsum
1284 2272 1618 2344 dupliciter.
1650 2273 1851 2330 Primo
1877 2272 2138 2345 quidem,
2169 2274 2312 2346 quia
2340 2274 2657 2346 probatum

232 2347 331 2403 est
356 2342 483 2415 (lib.
513 2356 558 2410 1,
588 2357 642 2400 c.
675 2342 761 2415 13)
792 2343 951 2415 quod
980 2356 1156 2400 omne
1186 2343 1343 2415 quod
1369 2348 1639 2400 movetur
1654 2356 1761 2413 per
1777 2355 1866 2412 se,
1885 2346 1977 2399 est
1995 2344 2449 2415 corpus5unde,
2514 2358 2658 2404 uum

230 2413 437 2472 anima
473 2426 599 2471 non
647 2413 729 2471 sit
768 2426 1008 2485 corpus,
1053 2413 1428 2483 impossibile
1457 2419 1549 2470 est
1580 2413 1773 2483 ipsam
1803 2413 2026 2470 moveri
2071 2413 2190 2470 nisi
2221 2427 2326 2484 per
2353 2416 2477 2472 acci
2524 2429 2654 2474 ens.

233 2484 534 2555 Secundo,
582 2484 744 2557 quia,
793 2498 974 2556 quum
1013 2497 1259 2542 movens
1305 2485 1368 2541 in
1412 2488 1700 2565 quantum
1746 2481 2088 2556 hujusmodi
2120 2482 2201 2541 sit
2237 2490 2394 2554 actu,
2426 2490 2657 2545 motum

227 2560 434 2615 autem
483 2556 545 2612 in
592 2561 879 2635 quantum
931 2554 1273 2626 hujusmodi
1317 2555 1401 2612 sit
1438 2568 1502 2610 in
1543 2554 1830 2625 potentia,
1860 2554 2012 2610 nihil
2051 2559 2250 2611 autem
2294 2561 2655 2626 potestesse

227 2626 571 2686 secundum
620 2626 776 2683 idem
810 2631 946 2683 actu
971 2631 1028 2682 et
1071 2625 1357 2697 potentia,
1401 2624 1779 2705 impossibile
1806 2625 1922 2705 erit
1948 2623 2109 2704 quod
2136 2624 2293 2682 idem
2323 2627 2657 2687 secundum

221 2696 393 2756 idem
436 2697 520 2755 sit
555 2709 800 2754 movens
845 2700 907 2753 et
930 2701 1155 2753 motum
1187 2713 1201 2763 ;
1240 2696 1343 2753 sed
1374 2699 1625 2765 oportet,
1657 2708 1711 2752 st
1740 2693 1964 2766 aliquid
1994 2695 2212 2751 dicitur
2240 2696 2325 2752 sei
2372 2709 2506 2753 sum
2534 2711 2658 2756 mo—

219 2779 404 2836 vens,
452 2766 610 2840 quod
647 2781 770 2824 una
799 2779 936 2839 pars
967 2765 1096 2838 ejus
1127 2766 1206 2823 sit
1247 2778 1495 2824 movens
1525 2769 1583 2822 et
1611 2764 1727 2821 alia
1754 2778 1892 2836 pars
1917 2764 1997 2821 sit
2023 2769 2220 2834 mota3
2252 2771 2313 2822 et
2379 2780 2451 2823 oc
2477 2768 2657 2827 modo

226 2838 455 2897 dicitur
483 2837 707 2894 animal
731 2851 967 2894 movere
999 2837 1286 2907 seipsum,
1316 2836 1461 2908 quia
1483 2836 1685 2892 anima
1715 2840 1805 2892 est
1831 2848 2079 2893 movens
2100 2841 2162 2892 et
2189 2849 2409 2908 corpus
2430 2842 2523 2895 est
2537 2851 2659 2896 rno-

221 2915 383 2967 tum.
414 2908 524 2966 Sed
555 2908 699 2979 quia
727 2908 892 2966 Plato
919 2907 1181 2964 animam
1211 2919 1332 2964 non
1359 2906 1619 2977 ponebat
1642 2918 1777 2963 esse
1805 2919 2046 2976 corpus,
2078 2905 2215 2963 licet
2241 2913 2507 2965 uteretur
2549 2922 2658 2967 no·-

219 2979 397 3038 mine
446 2983 647 3036 motus
696 2979 799 3050 qui
827 2979 1064 3105 pffrie
1093 2991 1409 3058 corporum
1439 2981 1553 3043 est,
1590 2989 1712 3034 non
1740 2980 1939 3056 tamen
1982 2977 2097 3034 hoc
2124 2976 2197 3033 de
2225 2984 2389 3057 motu
2421 2977 2658 3050 proprie

225 3049 395 3110 dicto
421 3049 813 3120 intelligebat,
844 3062 875 3106 s
1000 3046 1330 3119 accipiebat
1358 3052 1585 3104 motum
1614 3059 1995 3105 communius
2023 3061 2131 3118 pro
2159 3049 2421 3120 qualibet
2450 3063 2660 3121 opera·

221 3120 422 3188 tione,
471 3126 650 3191 prout
694 3120 872 3176 etiam
914 3119 1263 3176 Aristoteles
1307 3118 1454 3175 dicit
1482 3120 1580 3188 (De
1603 3120 1808 3179 annua,
1838 3130 1928 3187 111,
1956 3123 2098 3174 text.
2126 3133 2344 3176 comm.
2374 3120 2465 3191 28)
2495 3119 2658 3192 quod

225 3191 460 3252 sentire
489 3196 548 3247 et
575 3190 908 3262 intelligere
940 3195 1082 3247 sunt
1109 3195 1308 3246 motus
1336 3188 1575 3261 quidam
1603 3206 1618 3257 ;
1648 3188 1737 3246 sic
1765 3193 1963 3246 autem
1991 3193 2192 3246 motus
2218 3203 2339 3247 non
2370 3197 2461 3247 est
2488 3197 2658 3249 actus

228 3260 550 3320 existentis
599 3260 660 3316 in
708 3260 993 3330 potentia,
1041 3260 1150 3318 sed
1195 3266 1366 3317 actus
1434 3258 1660 3339 erseqti.
1706 3259 1891 3328 Unde,
1921 3272 2105 3339 quum
2134 3259 2368 3316 dicebat
2395 3260 2658 3321 animam

226 3345 476 3391 movere
524 3329 807 3400 seipsam,
855 3330 1200 3387 intendebat
1249 3343 1350 3400 per
1397 3274 1511 3385 goe
1541 3328 1748 3409 dicere·
1808 3328 1925 3386 uod
1953 3343 2086 3400 ipsa
2125 3337 2404 3400 operatur
2432 3331 2659 3403 absque

223 3401 606 3461 adminiculo
633 3400 926 3481 corporis,
957 3414 989 3457 e
1019 3400 1319 3480 contrari-o
1348 3399 1402 3456 ei
1432 3399 1590 3526 quod
1626 3343 1840 3480 acctgtt
1863 3399 1927 3455 in
1957 3400 2092 3457 aliis
2111 3400 2343 3467 formiS,
2376 3414 2507 3472 quae
2535 3413 2659 3460 non

229 3479 425 3546 agunt
461 3473 689 3543 absque
713 3477 966 3528 materia
989 3488 1004 3540 3
1037 3483 1162 3528 non
1191 3484 1352 3527 emm
1377 3484 1450 3527 ca
1473 3482 1544 3526 or
1572 3468 1845 3525 calefacit
1864 3471 2207 3540 separatim,
2239 3471 2343 3528 sed
2364 3471 2650 3541 calidum3

230 3558 312 3602 ex
357 3554 480 3616 quo
524 3542 758 3600 volebat
806 3540 1162 3599 concludere
1192 3554 1428 3599 omnem
1459 3540 1720 3596 animam
1749 3540 2031 3597 motivam
2058 3553 2193 3599 esse
2219 3540 2657 3613 immortalem;

229 3626 376 3672 nam
425 3613 587 3685 quod
625 3626 732 3683 per
773 3625 841 3669 se
889 3611 1068 3668 habet
1105 3612 1536 3682 operationem,
1580 3614 1642 3666 et
1664 3623 1775 3680 per
1798 3621 1867 3668 se
1898 3610 2274 3669 existentiam
2308 3610 2525 3669 habere
2554 3623 2659 3685 po·

304 3754 414 3812 Sed
454 3753 580 3825 jam
626 3758 941 3811 ostensum
987 3755 1084 3810 est
1103 3751 1264 3823 quod
1291 3751 1562 3822 operatio
1586 3750 1804 3808 animae
1831 3749 2101 3831 brutaliS,
2130 3764 2266 3823 quae
2294 3756 2387 3809 est
2414 3752 2660 3825 sentire,
2738 3787 2744 3794 -

229 3838 360 3883 non
407 3830 600 3896 potest
648 3837 782 3880 esse
814 3823 945 3880 sine
990 3835 1257 3892 corpore.
1291 3823 1472 3879 Multo
1500 3826 1699 3878 autem
1727 3833 1922 3892 magis
1951 3821 2067 3878 hoc
2091 3826 2332 3892 apparet
2362 3822 2423 3878 in
2452 3834 2662 3894 opera·

229 3895 401 3952 tione
451 3895 601 3966 ejus,
651 3893 810 3966 quod
858 3898 949 3950 est
990 3899 1303 3964 appetere3
1336 3906 1472 3948 nam
1504 3892 1709 3949 omnia
1735 3905 1867 3964 quae
1896 3891 1970 3949 ad
1996 3893 2323 3963 appetitum
2359 3893 2665 3956 sensitiva

227 3965 422 4039 partis
471 3964 789 4036 pertinent,
823 3962 1138 4021 manifeste
1185 3976 1322 4020 cum
1367 3962 1863 4021 transmutatione
1909 3962 2112 4034 aliqua
2146 3962 2422 4034 corporis
2467 3962 2661 4035 fluum

223 4036 393 4094 unde
425 4042 484 4092 et
550 4034 828 4094 essiones
856 4034 1072 4091 animes
1099 4033 1400 4090 dicuntur.

307 4108 386 4163 Ex
460 4121 520 4164 ut
567 4119 641 4163 us
672 4105 945 4177 sequitur
1013 4105 1132 4162 uod
1164 4117 1273 4161 nec
1307 4103 1507 4174 ipsum
1537 4115 1774 4160 movere
1817 4101 1898 4161 sit
1923 4103 2191 4184 operatio
2216 4103 2434 4161 animae
2465 4104 2663 4165 sensi·

227 4175 370 4235 tivae
399 4121 627 4248 absque
659 4189 906 4248 organo.
1005 4187 1082 4233 on
1114 4176 1273 4231 enim
1304 4179 1498 4231 movet
1529 4174 1732 4231 anima
1763 4172 2012 4231 brutahs
2046 4173 2171 4255 nisi
2198 4187 2303 4246 per
2328 4189 2574 4233 sensum
2604 4178 2664 4233 et

231 4260 270 4308 a
313 4249 566 4318 petitum
595 4264 611 4313 ;
646 4259 783 4303 nam
825 4245 1014 4303 virtus
1041 4259 1176 4327 qnae
1217 4245 1436 4302 dicitur
1475 4257 1779 4317 exequens
1806 4249 2032 4302 motum
2060 4244 2202 4302 facit
2232 4246 2498 4304 membra
2525 4258 2663 4304 esse

230 4329 272 4377 o
350 4317 579 4376 dientia
612 4315 860 4387 imperio
887 4321 1221 4388 appetitus,
1263 4315 1420 4372 unde
1449 4315 1643 4387 magis
1679 4321 1822 4373 sunt
1846 4315 2096 4374 virtutes
2123 4315 2498 4388 pefficientes
2528 4329 2659 4372 cor-

228 4400 348 4461 pus
374 4389 452 4448 ad
499 4386 728 4446 moveri
764 4399 943 4459 quam
967 4387 1216 4444 virtutes
1245 4392 1575 4444 moventes.
1604 4384 1700 4443 Sic
1743 4385 1928 4458 igitur
1950 4392 2116 4458 patet
2141 4386 2302 4459 quod
2330 4387 2498 4444 nulla
2522 4397 2663 4453 ope-
