3076 5025
1104 368 1239 423 LIB.
1276 367 1350 433 ΙΙ,
1386 366 1543 423 CAP.
1582 365 1896 423 Lxxxvlti.
2599 373 2707 426 235

273 494 380 548 -tur
404 488 569 564 quod
599 488 801 547 anima
856 488 1147 546 sensitiva
1189 487 1456 546 hominis
1506 487 1587 546 sit
1613 486 1881 559 ejusdem
1927 486 2168 559 generis
2210 499 2347 545 cum
2390 486 2709 549 animabus

273 560 541 620 aliorum
592 557 965 617 animalium.
1016 560 1158 628 Quae
1195 565 1393 616 autem
1435 564 1580 616 sunt
1616 558 1814 639 unius·
1845 558 2084 638 generis
2116 557 2408 638 ‚eumdem
2456 558 2707 620 modum

279 631 508 691 habent
535 629 898 703 procedendi
928 629 994 686 in
1021 640 1177 688 esse.
1204 629 1418 687 Anima
1443 628 1629 702 igitur
1652 630 1941 686 sensitiva
1966 628 2252 696 hominiS,
2286 628 2444 687 sicut
2471 635 2529 684 et
2557 629 2707 690 alio-

280 714 410 761 rum
477 701 856 770 animalium,
884 714 990 771 per
1033 701 1310 758 virtutem
1355 713 1489 772 quae
1534 704 1627 756 est
1654 699 1714 755 in
1753 698 1984 756 semine
2031 698 2095 756 in
2129 711 2265 757 esse
2291 698 2576 771 procedit.
2608 703 2708 762 Est

284 778 486 832 autem
534 772 694 830 idem
754 771 1084 829 secundum
1136 769 1532 828 substantiam
1575 770 1776 827 anima
1813 768 2175 847 inteliectiva
2198 775 2262 827 et
2309 770 2597 829 sensitiva
2643 771 2708 831 in

280 843 551 912 homine,
581 846 651 900 ut
680 855 863 913 supra
893 841 968 912 (6.
1000 841 1090 913 58)
1117 847 1427 899 ostensum
1474 845 1584 898 est.
1614 840 1858 898 Videtur
1880 839 2065 912 igitur
2089 839 2252 913 quod
2295 840 2477 900 etiam
2505 842 2709 901 anima

281 913 652 973 intellectiva
675 926 782 984 per
807 913 1085 970 virtutem
1106 911 1356 970 seminis
1385 910 1767 982 producatur.

350 987 642 1052 Praeterea,
674 983 833 1041 sicut
872 984 1047 1041 docet
1090 980 1436 1041 Aristoteles
1479 981 1578 1054 (De
1624 982 1867 1051 uenerat.
1907 982 2102 1049 anim„
2132 979 2174 1039 l.
2217 994 2285 1053 11,
2317 997 2370 1042 c.
2415 983 2490 1057 3),
2538 984 2707 1055 prius

279 1059 552 1127 tempore
580 1059 673 1112 est
691 1054 870 1112 soetus
892 1051 1115 1112 animal
1136 1065 1313 1125 quam
1337 1053 1542 1111 homo,
1565 1052 1677 1109 Sed
1696 1063 1879 1124 quum
1906 1057 1996 1108 est
2015 1050 2236 1110 animal
2266 1059 2323 1111 et
2350 1067 2472 1113 non
2501 1052 2706 1125 homo,

280 1125 464 1185 habet
494 1127 757 1205 animam
788 1125 1136 1183 sensitivam
1167 1129 1225 1181 et
1246 1136 1368 1204 666
1392 1121 1810 1203 16161166111616
1839 1139 1853 1191 ;
1886 1136 2063 1250 guam
2085 1122 2322 1204 quidem
2351 1125 2707 1205 sensitivam

282 1209 409 1256 non
462 1201 558 1254 est
610 1196 855 1254 dubium
886 1209 960 1252 ex
985 1195 1202 1253 virtute
1255 1198 1446 1252 activa
1472 1206 1726 1251 seminis
1777 1204 1885 1264 pro
1926 1207 2047 1262 1161,
2074 1198 2229 1251 31661
2273 1200 2418 1252 etin
2476 1195 2709 1254 caeteris

280 1266 649 1326 animalibus
678 1266 1007 1347 contingit3
1041 1265 1146 1322 illa
1182 1270 1380 1323 autem
1419 1268 1541 1322 met
1570 1265 1772 1321 anima
1803 1262 2092 1322 sensitiva
2120 1264 2303 1321 estin
2374 1265 2599 1324 otentia
2643 1269 2710 1323 ut

280 1337 361 1397 sit
389 1337 772 1405 intellectiva,
801 1338 960 1395 sieut
988 1335 1134 1393 illud
1166 1334 1390 1394 animal
1420 1335 1603 1392 estin
1633 1334 1899 1406 potentia
1926 1338 1992 1391 ut
2018 1334 2099 1392 sit
2131 1334 2334 1393 anima
2384 1334 2705 1406 rationale3

281 1408 403 1466 nisi
433 1407 588 1467 forte
612 1408 841 1466 dicatur
862 1407 1021 1479 quod
1047 1407 1249 1465 anima
1272 1404 1636 1465 intellectiva
1656 1405 2086 1476 superveniens
2105 1405 2185 1463 sit
2208 1406 2327 1463 alia
2349 1406 2706 1477 substantia,

282 1479 447 1552 quod
475 1491 660 1560 supra
688 1480 760 1548 (6.
794 1478 882 1550 58)
916 1477 1313 1558 improbatum
1344 1480 1455 1557 631..
1484 1475 1728 1534 videtui·
1767 1487 1912 1549 ergo
1940 1476 2102 1549 quod
2130 1476 2468 1535 substantia
2492 1476 2708 1536 animoe

282 1550 664 1611 intellectivae
693 1549 774 1606 sit
800 1564 873 1606 ex
900 1552 1116 1605 virtute
1145 1560 1277 1620 quae
1306 1552 1400 1605 est
1428 1560 1490 1604 16
1519 1548 1770 1605 36111166.

351 1622 506 1684 Item,
544 1620 767 1690 anima,
796 1633 980 1692 quum
1014 1618 1094 1677 sit
1123 1618 1314 1677 forma
1337 1617 1630 1691 corporis,
1662 1617 1862 1677 unitur
1890 1617 2129 1690 corpori
2166 1616 2496 1677 seeundum
2530 1627 2708 1675 suum

282 1691 579 1749 esse.Sed
633 1690 709 1749 ad
753 1703 824 1748 ea
869 1703 1002 1763 quae
1030 1693 1172 1749 sunt
1229 1700 1415 1747 unum
1468 1688 1801 1749 secundum
1831 1690 2366 1747 esse-terminatur
2392 1701 2516 1753 una
2550 1687 2708 1745 actio

283 1762 470 1821 unius
495 1761 762 1835 agentis3
797 1760 850 1818 si
880 1761 1040 1817 enim
1096 1764 1238 1820 sunt
1261 1759 1498 1818 diversa
1533 1760 1775 1831 agentia
1797 1766 1856 1817 et
1914 1772 2021 1833 per
2046 1772 2426 1833 consequens
2459 1757 2708 1816 diversae

286 1833 583 1900 actiones,
609 1835 892 1912 sequetur
931 1829 1092 1912 quod
1147 1831 1268 1889 sint
1296 1828 1714 1913 facta-diversa
1750 1829 2081 1890 secundum
2112 1843 2266 1889 esse.
2299 1831 2539 1901 Oportet
2566 1840 2709 1900 ergo

283 1903 473 1962 unius
498 1906 736 1975 agentis
761 1914 943 1961 unam
972 1907 1270 1961 actionem
1298 1906 1604 1959 terminari
1635 1900 1708 1959 ad
1734 1915 1871 1961 esse
1894 1901 2109 1959 animae
2140 1906 2200 1958 et
2224 1901 2513 1972 66166113.
2531 1901 2712 1958 Cons-

283 1978 370 2031 tat
397 1979 598 2037 autem
626 1971 787 2046 quod
832 1986 1051 2044 corpus
1079 1970 1145 2030 fit
1171 1984 1276 2044 per
1304 1972 1599 2031 actionem
1642 1972 1879 2033 virtutis
1910 1986 2042 2044 quae
2070 1972 2251 2030 estin
2274 1972 2522 2030 semine.
2556 1973 2711 2048 Ergo

287 2050 346 2103 et
364 2046 440 2103 ab
467 2043 676 2102 eadem
699 2047 791 2101 est
817 2045 1019 2101 anima
1038 2057 1170 2115 quae
1201 2047 1293 2101 est
1319 2042 1450 2115 ejus
1479 2043 1672 2101 forma
1700 2049 1759 2100 et
1781 2056 1903 2101 non
1931 2043 2004 2100 ab
2034 2049 2247 2115 agente
2284 2047 2579 2113 separato.

356 2116 632 2188 Amplius,
663 2114 847 2173 homo
871 2119 1116 2189 generat
1138 2113 1254 2171 sibi
1283 2114 1481 2172 simile
1501 2113 1830 2173 secundum
1854 2113 2115 2185 speciem
2144 2128 2250 2186 per
2277 2112 2551 2170 virtutem
2580 2123 2711 2185 quae

287 2190 382 2245 est
425 2186 492 2244 in
540 2185 771 2243 semine
803 2184 1028 2244 deciso.
1051 2188 1238 2244 Omne
1281 2191 1479 2243 autem
1524 2198 1712 2259 agens
1738 2185 2064 2242 univocum
2092 2188 2340 2257 generat
2366 2184 2482 2242 sibi
2513 2182 2712 2241 simile

287 2257 351 2315 in
380 2255 584 2328 specie
602 2269 713 2338 per
745 2256 860 2314 1166
893 2255 1053 2328 quod
1095 2260 1304 2314 causat
1330 2255 1584 2314 formam
1610 2256 1897 2328 generati,
1922 2268 1960 2312 a
1987 2268 2104 2328 qua
2155 2260 2248 2314 est
2293 2254 2424 2326 ejus
2454 2252 2710 2326 species·

286 2328 503 2391 Anima
523 2327 717 2454 tigitur
757 2327 1041 2408 humana,
1070 2341 1108 2384 a
1134 2333 1254 2399 qua
1281 2332 1373 2385 est
1418 2327 1653 2398 species
1705 2325 1993 2391 hominis,
2023 2324 2372 2398 producitur
2400 2340 2474 2384 ex
2496 2326 2713 2383 virtute

375 2412 426 2456 ae
456 2411 542 2456 es
577 2411 640 2454 in
666 2411 919 2465 semine,

289 2413 512 2540 quitem,
542 2468 943 2542 Appollinaris
987 2468 1077 2529 sic
1120 2472 1612 2542 argumentatur:
1646 2466 2018 2540 Quicumque
2065 2464 2167 2525 dat
2211 2465 2711 2536 complementum

291 2540 458 2613 operi
488 2544 842 2612 cooperatur
871 2539 1070 2613 agenti
1094 2558 1109 2610 ;
1142 2540 1247 2598 sed
1275 2541 1328 2598 si
1359 2534 1575 2598 anima}
1617 2542 1895 2596 creantur
1921 2553 1957 2596 a
1985 2541 2127 2606 Deo,
2154 2537 2284 2617 ipse
2313 2537 2414 2593 dat
2458 2537 2714 2608 comple-

289 2616 562 2670 mentum
606 2612 978 2683 generationi
1059 2623 1334 2668 uerorum
1391 2610 1491 2682 qui
1580 2608 1895 2680 nandoque
1925 2623 1998 2666 ex
2032 2607 2319 2666 adulteris
2349 2613 2710 2677 nascuntur3

288 2697 357 2742 er
398 2697 437 2739 o
468 2684 625 2739 Deus
659 2687 942 2754 coeperat
969 2696 1005 2738 a
1049 2680 1295 2749 ulteris3
1323 2679 1482 2752 quod
1511 2693 1563 2736 31
1612 2679 2082 2737 116666ν661663
2106 2677 2356 2736 videtur.

390 2754 755 2811 nveniuntur
801 2758 1022 2832 autem,
1052 2752 1114 2807 in
1154 2750 1305 2808 libro
1358 2750 1461 2822 qui
1493 2750 1778 2822 Gregorio
1830 2751 2102 2822 Nysseno
2149 2747 2529 2828 adscribitur,
2550 2761 2710 2820 quae·

291 2822 429 2882 dam
459 2824 726 2882 rationes
753 2824 827 2882 ad
856 2825 971 2882 hoc
1001 2822 1156 2880 idem
1179 2821 1571 2893 probandum.
1600 2824 2062 2892 Argumentatur
2082 2824 2278 2878 autem
2308 2832 2397 2876 316
2424 2836 2440 2875 :

363 2897 446 2951 Ex
474 2894 678 2952 anima
730 2900 785 2952 et
815 2906 1063 2965 corpore
1099 2891 1165 2949 fit
1206 2905 1414 2961 unum,
1446 2892 1604 2964 quod
1636 2896 1728 2949 631
1758 2891 1939 2948 1161116
1974 2904 2161 2958 unus;
2196 2890 2247 2948 si
2302 2889 2486 2962 igitur
2513 2889 2716 2949 anima

292 2963 403 3023 fiat
430 2965 600 3037 prius
628 2978 807 3038 quam
846 2977 1065 3036 corpus
1091 2967 1195 3021 aut
1219 2976 1439 3035 6616113
1467 2963 1635 3033 prius
1661 2975 1839 3034 quam
1887 2962 2109 3028 anima,
2137 2961 2292 3019 idem
2320 2960 2429 3018 erit
2460 2962 2627 3033 prius
2655 2968 2717 3022 et

289 3035 596 3107 posterius
649 3035 873 3107 seipSO,
907 3034 1068 3108 quod
1114 3033 1348 3091 videtur
1395 3031 1802 3104 impossibile3
1832 3032 2013 3090 simul
2064 3032 2247 3105 igitur
2291 3032 2360 3089 fit
2408 3048 2627 3105 6616113
2657 3040 2717 3092 61

293 3107 518 3187 anima.
546 3106 660 3165 Sed
694 3120 942 3187 corpus.
966 3104 1176 3176 incipit
1203 3103 1329 3161 fieri
1376 3103 1441 3161 in
1492 3104 1801 3163 decisione
1829 3104 2101 3164 seminis,
2131 3105 2284 3177 Ergo
2333 3109 2393 3164 et
2418 3119 2524 3177 per
2556 3102 2715 3164 deci-

294 3190 534 3236 sionem
568 3176 821 3236 seminis
845 3189 1047 3234 anima
1073 3175 1138 3232 16
1167 3188 1302 3234 6336
1333 3174 1699 3245 producitur.

364 3247 582 3311 Adhuc,
608 3246 954 3330 imperfecta
996 3244 1229 3304 videtur
1273 3259 1408 3306 esse
1439 3245 1706 3316 operatio
1736 3245 1970 3326 agentis
2007 3245 2109 3327 qui
2140 3258 2263 3303 non
2288 3249 2472 3304 totam
2496 3260 2621 3305 rem
2649 3248 2716 3307 in

294 3330 430 3376 esse
452 3319 748 3391 producit,
769 3317 873 3375 sed
924 3316 1123 3375 solum
1154 3317 1283 3390 ejus
1312 3316 1556 3375 alteram
1585 3320 1832 3387 partem.
1857 3316 1916 3374 Si
1964 3315 2147 3388 igitur
2175 3318 2334 3375 Deus
2362 3319 2621 3376 animam
2651 3319 2717 3378 in

294 3402 432 3447 esse
458 3390 831 3461 produceret,
862 3402 1081 3460 corpus
1136 3402 1276 3447 vero
1314 3387 1529 3445 virtute
1564 3387 1816 3445 seminis
1864 3388 2237 3457 formaretur,
2263 3400 2394 3459 quae
2424 3389 2544 3446 duo
2570 3396 2718 3448 sunt

293 3464 495 3532 partes
537 3461 739 3530 66163,
775 3459 1006 3518 36111661
1056 3459 1341 3528 1161111613,
1375 3458 1685 3531 utriusque
1716 3457 2003 3529 operati0,
2035 3458 2266 3517 scilicet
2322 3459 2425 3516 Dei
2454 3465 2512 3516 et
2540 3462 2719 3519 semi·

293 3530 510 3589 nativae
558 3530 816 3598 virtutis,
848 3528 1195 3601 imperfecta
1235 3530 1562 3599 videretur;
1593 3529 1756 3602 quod
1794 3533 1953 3600 patet
1981 3542 2116 3586 esse
2146 3529 2597 3588 inconveniens.
2630 3531 2716 3591 Ab

294 3614 419 3658 una
459 3601 645 3673 igitur
672 3607 732 3659 et
759 3601 964 3659 eadem
996 3615 1178 3659 causa
1243 3601 1553 3659 rodueitur
1575 3599 1780 3657 anima
1815 3605 1872 3657 et
1901 3612 2119 3670 corpus
2151 3598 2438 3659 hominis.
2471 3601 2719 3661 Constat

295 3678 494 3729 autem
523 3686 743 3745 corpus
773 3671 1038 3729 hominis
1066 3684 1174 3742 pro
1220 3671 1313 3729 661
1345 3671 1559 3729 virtute
1584 3668 1857 3730 seminis.
1886 3672 2040 3743 Ergo
2066 3675 2124 3727 et
2154 3670 2376 3729 anima.

364 3743 517 3806 Item,
559 3744 625 3801 in
662 3743 946 3801 omnibus
988 3756 1121 3815 quae
1162 3746 1525 3814 generantur
1555 3756 1630 3799 ex
1664 3742 1916 3808 semine,
1947 3753 2160 3799 omnes
2186 3746 2385 3812 partes
2421 3742 2508 3801 rei
2536 3756 2718 3816 gene·
2818 3795 2822 3802 .

296 3818 438 3872 ratae
465 3813 649 3872 simul
671 3812 1259 3895 comprehenduntur
1283 3812 1498 3870 virtute
1523 3813 1585 3869 in
1610 3813 1861 3880 semine,
1885 3812 2024 3869 licet
2052 3818 2186 3870 actu
2218 3825 2337 3870 666
2362 3821 2715 3886 appareant;

296 3884 456 3942 31661
482 3885 775 3954 videmus,
806 3898 867 3941 in
900 3883 1099 3943 tritico
1124 3883 1313 3942 autin
1344 3883 1613 3956 quolibet
1643 3883 1763 3941 alio
1791 3883 2045 3953 semine,
2076 3883 2234 3955 quod
2269 3884 2469 3953 herba,
2507 3890 2565 3941 et
2590 3886 2717 3945 cul-

294 3967 456 4024 11163,
509 3961 570 4014 61
613 3953 972 4023 internodia,
1021 3959 1082 4012 et
1129 3955 1378 4017 fructus,
1429 3960 1489 4011 et
1516 3954 1734 4021 aristae,
1780 3954 1996 4012 virtute
2034 3954 2617 4026 comprehenduntur
2649 3956 2711 4017 in

294 4026 492 4098 primo
540 4026 791 4094 semine,
840 4031 897 4082 et
927 4030 1134 4097 postea
1167 4024 1542 4096 protenditur
1578 4038 1784 4082 semen
1826 4030 1884 4082 et
1911 4024 2192 4083 dilatatur
2259 4025 2470 4082 uadam
2504 4039 2718 4085 conse-

296 4095 545 4189 quentia
586 4095 846 4155 naturali
891 4095 967 4154 ad
1010 4095 1455 4167 perfectionem,
1499 4109 1622 4152 non
1670 4109 1990 4154 assumens
2035 4096 2218 4168 aliqui
2292 4096 2714 4156 extrinsecum.

297 4169 545 4225 constat
590 4172 787 4226 autem
837 4167 1096 4224 animam
1131 4179 1265 4226 esse
1289 4171 1514 4237 partem
1549 4166 1834 4224 hominis.
1864 4169 1929 4225 ln
1958 4168 2187 4224 semine
2216 4166 2402 4237 igitur
2430 4167 2715 4238 hominis,

295 4236 514 4320 virtute
540 4239 889 4363 ‚continetutr
927 4237 1128 4295 anima
1163 4236 1427 4296 humana
1451 4254 1472 4305 ;
1500 4249 1625 4294 non
1667 4242 1867 4295 autem
1894 4251 1967 4294 ex
2000 4236 2203 4310 aliqua
2227 4237 2505 4296 exteriori
2534 4251 2720 4298 causa

294 4319 660 4379 principium
681 4321 837 4366 sumi
870 4350 884 4365 .
2070 4345 2081 4358 ,

368 4378 624 4449 Amplius
687 4391 894 4437 eorum
932 4390 1187 4451 quorum
1220 4378 1520 4436 invenitur
1560 4378 1717 4435 idem
1746 4390 2069 4449 processus
2099 4383 2159 4436 et
2188 4379 2506 4447 terminus,
2540 4392 2716 4449 opor-

297 4452 387 4505 tet
415 4463 551 4507 esse
580 4420 737 4505 id’em
768 4449 1024 4521 originis
1053 4450 1434 4530 principium.
1467 4448 1578 4506 Sed
1610 4449 1670 4505 in
1700 4449 2084 4520 generatione
2115 4449 2379 4507 hominis
2411 4450 2566 4506 idem
2592 4461 2720 4516 pro·

298 4530 514 4584 cessus
554 4519 827 4593 corporis
873 4525 935 4579 et
977 4526 1280 4586 amminet
1305 4520 1462 4580 idem
1496 4519 1790 4578 terminus
1819 4519 2160 4593 invenitur;
2192 4521 2526 4581 secundum
2556 4518 2715 4577 enim

1433 4607 1611 4644 f,-
1654 4611 1661 4616 .
