3076 5025
1094 293 1230 351 uu.
1270 293 1369 362 in,
1404 293 1562 352 CAP.
1598 291 1827 353 Lxxm.
2572 300 2680 359 333

223 413 456 475 »tudine
479 414 677 488 ipsius
709 412 1012 473 deficiunt.
1037 413 1148 473 illa
1187 419 1386 473 autem
1431 428 1569 489 quae
1611 419 1756 474 sunt
1800 417 1925 475 Deo
1969 415 2483 491 propinquissimi»
2528 427 2677 483 sunt

233 485 496 544 'mnnino
540 484 896 555 immobilia,
923 484 1160 544 scilicet
1203 486 1558 545 substantiae
1603 491 1914 558 separatae,
2004 501 2096 546 uae
2138 489 2400 548 maxime
2445 488 2522 550 ad
2564 491 2672 554 Dei

237 555 703 617 similitudinem
730 555 1041 625 accedunt,
1067 556 1169 630 qui
1200 562 1297 614 est
1321 556 1572 615 omnino
1596 557 1947 616 immobilis,
2035 571 2124 617 uae
2154 564 2354 618 autem
2380 565 2524 621 sunt
2564 559 2670 624 his

234 626 534 756 proxima,
565 631 625 684 et
653 631 966 686 moventur
993 626 1336 685 immediate
1375 627 1451 686 ab
1496 627 1597 685 his
1642 642 1777 702 quie
1823 641 2060 710 semper
2107 628 2320 688 eodem
2371 632 2553 692 modo
2601 647 2674 694 se

287 696 488 763 abent,
511 696 830 772 quamdam
855 697 1291 756 immobilitatis
1336 697 1599 772 speciem
1648 699 1909 756 retinent
1956 712 2020 757 in
2065 697 2181 758 hoc
2221 700 2382 774 quod
2437 715 2678 777 semper

229 766 1035 838 eodem-modomoventun
1063 768 1223 827 sicut
1249 782 1503 841 corpora
1548 768 1838 834 caelestia.
1870 770 2270 842 Consequitur
2316 786 2463 845 ergo
2593 775 2674 837 od

217 838 1061 913 *eaquae-consequunturad
1087 839 1229 908 ista,
1256 845 1318 897 et
1339 839 1413 898 ab
1441 839 1532 897 eis
1561 845 1706 899 sunt
1732 845 1916 909 mota,
1947 840 2191 913 longius
2228 839 2304 900 ab
2347 843 2533 904 immo
2577 845 2675 907 ili·

213 911 363 968 'state
390 908 497 968 Dei
526 909 769 980 distent,
796 914 864 968 ut
891 907 1290 969 scilicetsnon
1332 923 1572 981 semper
1617 908 1828 969 eodem
1869 910 2050 969 modo
2096 919 2465 974 moveantur.
2497 917 2567 974 Et
2604 917 2673 976 in

179 1005 182 1014 *
223 979 363 1038 =hoc
387 978 622 1039 ordinis
647 979 1033 1056 pulchritudo
1075 987 1338 1054 apparet.
1372 981 1562 1040 Omne
1590 985 1791 1040 autem
1831 982 2261 1054 necessarium,
2291 984 2353 1040 in
2380 991 2672 1059 quantum

169 1066 180 1074 ·
220 1049 614 1122 'hujusmodh
659 1063 900 1124 semper
942 1050 1152 1110 eodem
1198 1050 1380 1110 modo
1423 1065 1491 1110 se
1535 1051 1735 1110 habet.
1783 1052 2161 1126 Repugnaret
2205 1053 2390 1126 igitur
2452 1054 2671 1119 divinae

223 1120 651 1202 providentiae,
681 1122 758 1181 ad
785 1129 966 1196 quam
994 1122 1250 1195 pertinet
1276 1121 1546 1181 ordinem
1578 1122 1643 1181 in
1670 1119 1852 1182 rebus
1880 1126 2142 1181 statuere
2184 1129 2245 1182 et
2291 1137 2671 1203 conservare,

201 1191 302 1250 a-si
331 1203 538 1252 omnia
558 1205 634 1250 ex
658 1193 1016 1252 necessitate
1040 1193 1365 1251 evenirent.
2586 1261 2591 1268 ,

309 1263 597 1327 Praeterea,
623 1264 785 1336 quod
810 1264 883 1322 de
928 1263 1288 1324 necessitate
1334 1269 1448 1334 est,
1473 1276 1712 1336 semper
1754 1267 1868 1334 est,
1899 1263 2132 1323 nullum
2180 1269 2380 1323 autem
2423 1271 2674 1351 corrup-

217 1330 410 1392 =tihile
434 1345 674 1405 semper
692 1339 806 1393 est.
835 1334 898 1393 Si
922 1333 1108 1410 igitur
1131 1333 1337 1394 divina
1380 1333 1756 1416 providentia
1794 1334 1910 1392 hoc
1954 1334 2224 1409 requirit,
2299 1337 2419 1395 uod
2460 1352 2675 1400 omma

219 1403 368 1462 ’sint
411 1403 777 1475 necessaria,
819 1405 1097 1479 sequitur
1140 1404 1301 1478 quod
1350 1404 1503 1463 nihil
1546 1404 1627 1463 sit
1675 1416 1741 1462 in
1770 1405 1958 1464 'rebus
2003 1406 2263 1478 corrupti
2310 1408 2410 1480 ile,
2452 1416 2511 1467 et
2565 1424 2676 1483 per

221 1483 624 1548 consequens
643 1487 760 1534 riec
788 1475 1152 1548 generabile.
1183 1473 1645 1534 subtraheretur
1665 1488 1810 1548 ergo
1836 1490 1876 1533 a
1901 1475 2083 1535 rebus
2132 1482 2257 1536 tota
2302 1491 2443 1551 pars
2486 1493 2672 1554 gene-

219 1543 615 1604 &altilium-et
639 1545 1142 1619 corruptibilium,
1174 1546 1334 1620 quod
1363 1545 1715 1618 perfectioni
1744 1547 1992 1620 derogat
2016 1546 2306 1607 universi.

309 1614 531 1682 Adime,
553 1616 629 1674 in
657 1616 825 1675 omni
855 1623 1022 1675 motu
1057 1624 1146 1675 est
1175 1615 1448 1691 quaedam
1476 1615 1785 1698 generatio
1831 1623 1892 1675 et
1935 1619 2260 1691 corruptio.
2292 1619 2440 1678 Nam
2484 1619 2553 1679 in
2588 1630 2673 1683 ²eo

225 1685 408 1760 quod
445 1690 747 1757 movetur,
774 1686 1004 1761 aliquid
1048 1687 1280 1759 incipit,
1311 1692 1370 1746 et
1418 1686 1646 1762 aliquid
1682 1686 1907 1746 desinit
1947 1701 2105 1747 esse.
2145 1689 2202 1747 Si
2245 1689 2431 1762 igitur
2459 1692 2674 1751 ’omnis

223 1757 554 1829 generatio
602 1763 664 1816 et
710 1757 1017 1831 corruptio
1083 1758 1552 1829 subtraheretur,
1609 1756 1915 1817 subtracta
1983 1759 2398 1834 contingentia
2468 1767 2672 1821 rerum

227 1826 535 1899 emnium,
559 1831 631 1887 ut
654 1833 969 1888 ostensum
1001 1834 1115 1900 est,
1143 1839 1528 1902 consequens
1552 1834 1648 1888 est
1676 1828 1839 1902 quod
1865 1833 1928 1888 et
1971 1834 2174 1889 motus
2220 1830 2676 1892 subtraheretur

217 1905 279 1955 να
300 1897 595 1969 τεὺιιε,’θι
620 1900 826 1958 omnia
850 1897 1119 1958 mobilia.
1143 1965 1148 1974 ,
2430 1977 2433 1978 ⁷

309 1967 464 2034 item,
494 1965 828 2030 debilitatio
851 1969 1090 2029 virtutis
1115 1970 1372 2043 alicujus
1409 1968 1765 2030 substantiae
1805 1975 1867 2029 et
1892 1969 2027 2043 ejus
2058 1971 2555 2044 impedimentum
2596 1977 2677 2040 ex

243 2037 448 2112 aliquo
480 2039 783 2099 contrario
821 2046 1035 2113 agente
1079 2045 1275 2099 estex
1301 2041 1504 2115 aliqua
1523 2040 1656 2113 ejus
1704 2041 2142 2100 immutatione.
2173 2042 2235 2100 Si
2282 2055 2427 2117 ergo
2469 2044 2678 2116 divina

175 2137 186 2142 -
223 2110 618 2238 &evidentia
642 2123 769 2169 non
794 2110 1044 2184 impedit
1067 2117 1296 2170 motum
1324 2125 1362 2171 a
1386 2111 1589 2181 rebuS,
1621 2124 1816 2185 neque
1843 2112 2024 2171 etiam
2066 2112 2424 2194 impedietur
2466 2114 2676 2176 debili-

302 2179 389 2238 tio
433 2179 673 2239 virtutis
719 2182 738 2239 i
785 2194 1010 2251 sarum,
1057 2187 1158 2240 aut
1203 2181 1697 2254 impedimentum
1753 2196 1828 2242 ex
1867 2183 2212 2242 resistentia
2263 2183 2540 2257 alicujus.
2594 2181 2680 2245 Ex

231 2250 481 2332 *virtutis
508 2255 708 2310 autem
737 2195 1043 2310 debilitate
1071 2256 1131 2310 et
1152 2252 1284 2325 ejus
1312 2252 1740 2324 impedimento
1786 2253 2086 2327 contingit
2122 2254 2285 2335 quo-d
2313 2268 2411 2314 res
2440 2261 2681 2334 natura-

229 2317 321 2380 lilis
347 2329 473 2380 non
502 2333 743 2404 semper
767 2322 979 2381 eodem
1013 2321 1197 2381 modo
1225 2329 1524 2394 operatur,
1551 2322 1660 2383 sed
1688 2323 2050 2404 quandoque
2080 2323 2281 2382 delicit
2304 2325 2380 2383 ab
2408 2338 2481 2383 eo
2510 2325 2676 2400 quod

231 2391 527 2465 competit
550 2391 668 2452 sibi
694 2393 1025 2452 secundum
1053 2406 1228 2451 suam
1255 2399 1550 2463 naturam,
1578 2399 1646 2451 ut
1674 2406 1763 2451 sic
1792 2393 2098 2451 naturales
2129 2393 2383 2455 effectus
2428 2407 2555 2454 non
2600 2410 2677 2455 ex

233 2462 604 2524 necessitate
648 2464 1022 2538 proveniant.
1068 2465 1200 2522 Non
1241 2463 1428 2537 igitur
1467 2464 1727 2537 pertinet
1781 2463 1859 2523 ad
1918 2463 2353 2538 providentiam
2411 2464 2679 2527 divinam

223 2533 403 2607 ·t1uod
429 2534 612 2594 rebus
633 2535 899 2617 provisis
927 2534 1350 2594 necessitatem
1379 2535 1671 2608 imponat.

309 2606 589 2687 Amplius,
635 2619 703 2664 in
749 2606 851 2665 his
896 2620 1030 2679 quae
1073 2603 1451 2677 providentia
1494 2605 1694 2665 debite
1750 2610 2064 2679 reguntur,
2110 2618 2235 2665 non
2298 2604 2478 2669 debet
2538 2618 2677 2670 esse

242 2674 472 2749 aliquid
501 2676 745 2736 frustra.
771 2677 967 2745 Quum
991 2676 1177 2750 igitur
1203 2675 1588 2735 manifestum
1616 2676 1697 2735 sit
1722 2688 1940 2736 causas
1975 2676 2210 2749 aliquas
2249 2690 2394 2737 esse
2439 2678 2679 2739 contin-

242 2750 458 2819 gentes
486 2760 561 2805 ex
587 2759 661 2807 eo
705 2746 869 2820 quod
912 2746 1189 2819 impediri
1235 2751 1493 2818 possunt
1538 2752 1606 2804 nt
1648 2759 1773 2805 non
1819 2747 2155 2819 producant
2196 2760 2347 2807 suos
2400 2744 2680 2820 effectuS‚

238 2822 405 2888 patet
426 2814 588 2890 quod
615 2824 826 2876 contra
855 2817 1147 2876 rationem
1172 2816 1562 2898 providentiae
1588 2822 1751 2876 esset
1773 2818 1932 2890 quod
1964 2817 2169 2878 omnia
2195 2831 2271 2876 ex
2316 2819 2678 2882 necessitate

238 2889 680 2960 contingerent.
709 2891 840 2947 Non
864 2887 1050 2961 igitur
1076 2887 1279 2946 divina
1305 2886 1681 2959 providentia
1704 2888 2125 2950 necessitatem
2171 2888 2354 2951 rebus
2395 2889 2677 2965 imponit,

238 2957 714 3035 contingentiam
740 2973 780 3018 a
802 2958 986 3020 rebus
1012 2957 1432 3019 universaliter
1456 2958 1803 3019 excludens.

1175 3177 1431 3244 CAPUT
1477 3177 1745 3246 LXXIII.

431 3358 584 3437 011οξ
618 3354 835 3406 mva
869 3355 1271 3425 Puovmsstma
1303 3355 1428 3417 NON
1460 3356 1759 3415 nxmrr
1790 3357 2055 3406 ARBITRII
2088 3357 2481 3409 multum.

311 3525 395 3581 Ex
418 3536 543 3595 quo
566 3521 749 3583 etiam
787 3525 953 3593 patet
990 3520 1155 3595 quod
1203 3520 1581 3594 providentia
1624 3520 1832 3582 divina
1875 3521 2203 3583 voluntatis
2246 3522 2508 3584 libertati
2551 3536 2679 3584 non

238 3599 642 3736 Υθὲιιιιῗιῗέιῑὶὶεῐ
678 3662 840 3721 enim
882 3660 1278 3743 gubernantis
1324 3661 1640 3744 prudentis
1681 3661 2042 3736 gubernatio
2108 3663 2184 3723 ad
2286 3663 2677 3725 erfectionem

237 3740 439 3792 rerum
592 3738 935 3793 ernatarum
959 3732 1273 3792 ordinatur
1295 3731 1387 3791 vel
1417 3731 1871 3806 adipiscendam
1897 3733 1992 3792 vel
2016 3746 2214 3807 angen
2259 3746 2355 3792 am
2392 3733 2491 3793 vel
2531 3746 2678 3795 con·

227 3812 415 3863 ‘serva
499 3810 617 3862 am.
660 3802 833 3873 Quod
871 3803 1059 3878 igitur
1101 3802 1490 3877 perfectionis
1541 3809 1636 3862 est
1660 3804 1858 3877 magis
1909 3804 2388 3863 conservandum
2436 3810 2531 3865 est
2569 3816 2680 3879 per

233 3872 696 3956 providentiam,
726 3886 906 3950 quam
935 3872 1097 3948 quod
1123 3878 1219 3931 est
1247 3873 1718 3945 imperfectionis
1748 3880 1808 3933 et
1834 3870 2125 3934 defectus,
2156 3878 2222 3932 ln
2252 3874 2433 3935 rebus
2475 3878 2679 3937 autem

235 3942 611 4013 mammam,
643 3952 964 4004 causarum
993 3944 1405 4017 contingentia
1432 3958 1507 4002 ex
1547 3944 1998 4027 imperfectione
2041 3950 2100 4004 et
2147 3945 2383 4005 defectu
2429 3951 2552 4018 est3
2579 3946 2678 4006 se·

233 4010 509 4072 curidum
533 4014 697 4071 enim
723 4026 899 4074 suam
923 4021 1198 4074 naturam
1228 4019 1371 4072 sunt
1395 4015 1800 4079 determinatae
1830 4017 1904 4075 ad
1933 4029 2123 4077 unum
2163 4015 2466 4099 effectum,
2496 4028 2680 4092 quem

235 4090 484 4156 semper
507 4090 979 4167 consequuntur,
1006 4086 1124 4143 nisi
1155 4085 1235 4144 sit
1273 4084 1788 4156 impedimentum,
1816 4084 1912 4145 vel
1956 4100 2029 4146 ex
2072 4086 2374 4146 debilitate
2410 4087 2677 4161 virtutis,

233 4153 336 4213 vel
360 4164 436 4212 ex
461 4154 666 4227 aliquo
694 4156 972 4214 exteriori
998 4161 1234 4228 agente,
1263 4155 1359 4213 vel
1389 4169 1462 4213 ex
1491 4157 1757 4215 materiae
1784 4156 2288 4229 indispositione3
2330 4162 2391 4216 et
2434 4163 2680 4233 propter
2768 4166 2771 4169 ’

233 4222 361 4286 hoc
389 4230 591 4284 causae
619 4226 923 4283 naturales
1029 4231 1198 4285 entes
1227 4238 1351 4284 non
1374 4226 1617 4285 suntad
1659 4232 2000 4299 utrumque,
2033 4228 2141 4285 sed
2185 4232 2255 4287 ut
2297 4228 2676 4305 trequentius

238 4296 455 4357 eodem
502 4295 684 4355 modo
727 4309 905 4355 suum
949 4308 983 4353 e
1031 4302 1225 4355 ectum
1272 4295 1632 4368 producunt,
1675 4296 1963 4356 deficiunt
2025 4302 2227 4377 autem
2289 4312 2449 4360 raro.
2501 4296 2678 4369 Quod

201 4371 441 4426 'autem
469 4365 754 4425 voluntas
781 4365 863 4425 sit
886 4376 1071 4424 cansa
1093 4366 1300 4426 contin
1346 4378 1455 4425 ens
1483 4380 1559 4426 ex
1584 4367 1781 4439 ipsius
1852 4366 2177 4426 effectione
2201 4370 2502 4441 provenit,
2529 4367 2677 4441 quia

237 4442 368 4498 non
391 4432 577 4500 habet
600 4436 882 4497 virtutem
905 4434 1219 4498 limitatam
1249 4451 1286 4498 a
1352 4450 1567 4509 unum,
1584 4437 1696 4499 sed
1724 4437 1764 4495 h
1844 4436 1990 4497 etin
2015 4441 2313 4510 potestate
2340 4438 2674 4512 producere
