3076 5025
1170 275 1302 334 un.
1342 276 1388 347 1,
1431 274 1582 332 cAP.
1621 275 1762 332 xm.
2614 283 2683 343 η

286 398 364 480 ‚E‘
402 396 509 455 sic
536 401 708 469 patet
753 395 1029 480 probatio
1064 396 1386 479 ,utriusque
1426 397 1881 527 gropositionis,
1932 410 2066 471 quoe
2115 399 2561 472 supponebatur
2615 402 2682 466 in

217 468 1002 595 primabdfmonstratioms
1021 481 1137 533 vla,
1169 484 1287 542 qua
1316 483 1423 540 pro
1465 474 1527 527 at
1562 470 1908 528 Anstoteles
1936 483 2074 529 esse
2106 471 2367 543 primum
2385 480 2682 537 motorem

221 552 416 599 immo
468 553 640 596 iem.

291 609 591 667 Secunda
616 609 717 667 via
741 609 883 668 talis
910 616 1001 670 est
1051 630 1066 669 z
1098 612 1157 670 Si
1188 624 1370 669 omne
1398 624 1647 669 movens
1675 615 1965 679 movetur,
1997 616 2101 669 aut
2146 612 2275 671 haec
2313 614 2539 685 positio
2588 621 2684 677 est

222 681 1438 822 &wilsatiltssfazssii‘lffsstssssuffif
1452 681 1589 809 3335
1598 682 2146 810 {238303223213331
2169 688 2684 829 flantffigzzt‘ttt

338 836 377 879 o
410 822 660 878 nullum
692 836 940 880 movens
969 824 1214 880 moveri.
1242 821 1354 881 Sed
1379 822 1432 879 si
1460 834 1711 879 movens
1741 835 1863 880 non
1888 829 2182 893 movetur,
2207 839 2331 883 non
2357 833 2579 896 movet,
2611 833 2679 886 ut

312 893 629 950 versarius
646 893 813 950 dicit.
844 895 994 966 Ergo
1023 893 1228 952 contin
1273 905 1383 951 ens
1408 892 1675 951 estnihil
1707 894 1951 951 moveri.
1996 897 2142 951 Nam
2187 896 2241 953 si
2289 897 2441 954 nibil
2479 903 2683 958 movet

232 962 384 1020 nihil
421 969 734 1020 movetur.
775 965 896 1022 Boc
924 969 1120 1022 autem
1157 965 1231 1021 ha
1275 969 1333 1021 et
1359 963 1711 1022 Aristoteles
1761 977 1868 1034 pro
1897 964 1977 1021 im
2024 966 2284 1035 ossibili,
2315 968 2475 1040 quod
2517 970 2681 1027 scili-

237 1040 333 1091 eet
351 1028 700 1114 aliquando
732 1034 933 1115 nullu-s
959 1042 1160 1094 motus
1190 1034 1291 1091 sit.
1320 1036 1471 1160 Er‘go
1506 1034 1769 1106 primum
1796 1047 1918 1091 non
1994 1036 2080 1093 uit
2106 1039 2492 1108 contingens,
2534 1040 2683 1111 quia

236 1118 310 1161 ex
336 1104 501 1161 falso
538 1110 911 1176 contingenti
939 1119 1058 1163 non
1084 1104 1355 1178 sequitur
1406 1106 1604 1162 alsum
1655 1104 2050 1174 impossibile.
2100 1110 2166 1163 Et
2195 1107 2282 1165 sic
2311 1111 2434 1167 lnaec
2463 1122 2682 1183 propo-

234 1174 382 1233 sitio
413 1192 428 1231 ε
472 1189 663 1256 omne
692 1189 941 1234 movens
970 1177 1045 1234 ab
1068 1177 1189 1235 alio
1220 1181 1510 1244 movetur,
1542 1188 1665 1233 non
1698 1175 1810 1255 suit
1839 1189 1944 1247 per
1969 1175 2248 1235 accidens
2275 1192 2433 1237 vera.

309 1246 465 1309 ium,
508 1259 565 1303 s1
587 1245 792 1318 aliqua
815 1245 934 1305 duo
959 1252 1098 1305 sunt
1126 1247 1451 1318 conjuncta
1469 1260 1575 1317 per
1602 1245 1882 1304 accidens
1913 1246 1978 1301 in
1997 1246 2222 1318 aliquo,
2252 1253 2310 1304 et
2334 1263 2522 1307 unum
2551 1249 2684 1311 illo-

240 1329 372 1397 ¹'¹.¹¹¹.¹
401 1317 716 1397 invenitur
746 1317 888 1398 sine·
926 1318 1133 1381 altero,
1157 1317 1464 1389 probabile
1496 1322 1587 1374 est
1615 1316 1774 1398 quo-d
1808 1317 2059 1374 alterum
2105 1317 2331 1390 absque
2360 1320 2467 1377 illo
2512 1321 2680 1379 inve-

242 1398 357 1443 mn
386 1393 614 1458 possut,
647 1388 808 1445 siout
838 1401 892 1445 si
918 1389 1101 1444 album
1130 1395 1187 1445 et
1231 1390 1498 1444 musicam
1544 1387 1933 1445 inveniuntur
1973 1389 2036 1444 in
2073 1388 2292 1444 Socrate
2334 1393 2393 1446 et
2438 1390 2505 1446 in
2549 1392 2681 1448 Pla-

242 1460 381 1524 tute,
435 1457 749 1516 invenitur
789 1461 1056 1514 musicum
1105 1459 1333 1532 absque
1363 1459 1502 1520 albo,
1530 1457 1844 1528 probabile
1873 1464 1965 1517 est
1992 1458 2153 1535 quod
2203 1459 2265 1515 in
2309 1460 2516 1534 aliquo
2561 1461 2685 1522 alio

248 1528 725 1599 possitinveniri
756 1529 941 1585 album
969 1530 1077 1587 abs
1122 1544 1195 1586 ue
1221 1531 1443 1585 musico.
1478 1529 1540 1584 Si
1574 1528 1757 1599 igitur
1799 1542 2049 1589 movens
2096 1534 2155 1586 et
2179 1535 2408 1588 motum
2437 1531 2688 1602 conjun-

252 1604 478 1671 guntur
501 1599 564 1657 in
585 1600 795 1671 aliquo
826 1615 929 1671 per
949 1545 1250 1681 acciaens,
1281 1604 1513 1657 motum
1543 1605 1744 1656 autem
1773 1599 2080 1658 invenitur
2104 1600 2168 1657 in
2197 1601 2403 1673 aliquo
2452 1604 2683 1675 absque

256 1682 323 1726 eo
351 1670 513 1741 quod
547 1676 806 1738 moveat,
834 1671 1136 1740 probabile
1166 1675 1260 1729 est
1288 1669 1454 1743 quod
1496 1671 2124 1750 movenstinveniatur
2159 1672 2388 1744 absque
2417 1686 2489 1731 eo
2521 1673 2685 1745 quod

260 1746 579 1797 moveatur.
614 1744 735 1798 Nec
765 1748 973 1799 contra
991 1742 1104 1799 boc
1134 1747 1330 1812 potest
1358 1740 1488 1799 fieri
1521 1746 1812 1798 instantia
1827 1741 1898 1799 de
1931 1741 2171 1800 duobus
2200 1757 2457 1814 quorum
2488 1756 2678 1802 uuum

266 1809 339 1869 ab
362 1809 540 1869 altero
571 1811 886 1882 dependet,
916 1812 1059 1885 quia
1088 1812 1214 1870 haec
1244 1825 1368 1870 non
1398 1810 1848 1883 conjunguntur
1867 1826 1974 1882 per
2001 1813 2212 1881 se‚sed
2232 1827 2338 1884 per
2370 1814 2679 1873 accidens.

301 1880 389 1962 ,Si
413 1889 609 1939 autem
638 1882 919 1954 praedicta
950 1883 1279 1954 propositio
1310 1886 1403 1941 est
1426 1896 1566 1939 vera
1597 1896 1700 1953 per
1728 1895 1815 1950 se,
1845 1883 2124 1940 similiter
2151 1883 2423 1956 sequitur
2453 1885 2680 1957 impos·

262 1951 411 2033 sible
438 1953 533 2009 vel
558 1953 1015 2022 inconvenienS,
1045 1955 1189 2026 quia
1222 1953 1317 2034 vel
1352 1958 1588 2081 οὲρηεῑ
1626 1952 1788 2024 quod
1832 1966 2081 2011 movens
2125 1960 2433 2012 moveatur
2470 1957 2682 2015 eadem

258 2035 287 2080 s
360 2038 450 2079 cie
480 2030 684 2081 motus
733 2039 851 2097 qua
874 2029 1069 2081 movet
1113 2025 1201 2081 vel
1224 2025 1360 2081 3113.
1431 2023 1707 2090 ι33ᾱθω,
1736 2037 1880 2095 ergo
1907 2024 2203 2095 oportebit
2242 2025 2402 2097 quod
2439 2028 2684 2084 alterans

337 2099 540 2158 eretur,
572 2100 628 2151 et
654 2094 907 2152 ulterius
934 2066 1097 2166 quod
1130 2110 1335 2151 sanans
1374 2098 1621 2162 senemr,
1661 2099 1720 2150 et
1751 2094 1908 2166 quod
1944 2094 2135 2151 docens
2181 2094 2458 2160 doceatur,
2503 2099 2685 2156 etiam

250 2165 587 2223 secundum
628 2164 836 2223 eadem
865 2165 1175 2223 scientiam
1217 2165 1334 2222 hoc
1371 2169 1570 2222 autem
1616 2168 1708 2221 est
1747 2164 2143 2235 impossibile.
2175 2167 2325 2223 Nam
2370 2166 2684 2228 docentem

253 2247 505 2293 neeesse
536 2240 627 2293 est
655 2236 1237 2305 haberetscientiam,
1267 2235 1676 2293 addiscentem
1705 2248 1844 2292 vero
1875 2249 2125 2293 necesse
2157 2241 2250 2294 est
2285 2250 2407 2294 non
2439 2238 2681 2308 babere,

250 2311 309 2365 et
336 2306 427 2364 sic
456 2306 617 2363 idem
649 2306 964 2364 habebitur
992 2307 1066 2364 ab
1089 2306 1299 2365 eodem
1329 2310 1386 2363 et
1424 2318 1549 2363 non
1579 2305 1910 2369 habebitur.
1951 2306 2112 2378 quod
2151 2312 2245 2364 est
2281 2307 2682 2388 impossibile.

322 2377 385 2434 Si
417 2381 619 2434 autem
643 2377 971 2435 secundum
1004 2377 1183 2434 aliam
1210 2391 1239 2434 s
1284 2377 1469 2434 eciem
1516 2381 1720 2433 motus
1759 2382 2087 2444 moveatur,
2134 2376 2219 2434 ita
2247 2379 2476 2436 scillcet
2522 2377 2688 2451 quod

251 2445 518 2505 alterans
550 2454 857 2507 moveatur
884 2448 1213 2506 secundum
1267 2460 1465 2516 ocum,
1490 2452 1548 2504 et
1565 2460 1813 2504 movens
1834 2447 2167 2506 secundum
2182 2448 2382 2506 locum
2396 2454 2688 2524 augeatur

254 2523 315 2575 et
341 2519 434 2577 sic
461 2520 537 2576 de
565 2520 723 2588 aliis,
755 2533 891 2577 cum
926 2520 1049 2576 sint
1088 2518 1260 2577 finita
1296 2532 1518 2591 genera
1555 2522 1615 2598 et
1651 2519 1885 2588 species
1927 2525 2147 2587 motuS‚
2196 2524 2480 2592 sequetur
2525 2520 2689 2593 quod

252 2602 377 2647 non
406 2590 488 2647 sit
515 2589 681 2648 abire
709 2591 772 2647 in
801 2589 1122 2648 infinitum.
1154 2593 1223 2647 Et
1249 2589 1337 2648 sic
1375 2589 1489 2646 erit
1515 2588 1760 2661 ahquod
1787 2590 2042 2659 primum
2072 2603 2322 2647 movens
2358 2590 2519 2662 quod
2562 2602 2689 2650 non

252 2669 529 2718 movetur
557 2661 631 2717 ab
649 2661 803 2729 alio;
834 2661 953 2718 nisi
976 2662 1125 2718 forte
1140 2659 1361 2732 aliquis
1381 2659 1560 2726 dicat,
1575 2660 1734 2736 quod
1757 2658 1859 2715 flat
1877 2660 2121 2717 reflexio
2142 2661 2256 2717 hoc
2276 2661 2481 2730 modo,
2503 2662 2687 2733 quod,

254 2731 573 2802 eompletis
602 2731 885 2789 omnibus
912 2731 1235 2803 generibus
1265 2735 1324 2787 et
1352 2729 1670 2799 speciebus
1700 2735 1921 2795 motus,
1954 2730 2167 2786 iterum
2198 2735 2467 2799 oporteat
2493 2732 2689 2790 redire

168 2845 183 2860 .
256 2802 325 2860 ad
356 2802 619 2874 primum
646 2820 658 2857 :
684 2803 832 2872 ut,si
855 2815 1104 2860 movens
1122 2798 1451 2858 secundum
1472 2799 1673 2855 locum
1695 2798 1995 2866 alteretur,
2018 2804 2077 2855 et
2095 2799 2355 2856 alterans
2375 2807 2667 2871 augeatur

256 2872 472 2954 iterum
503 2886 734 2954 augens
763 2879 1070 2954 moveatur
1094 2870 1424 2930 secundum
1453 2868 1680 2926 locum.
1704 2867 1815 2926 Sed
1835 2869 2038 2949 exboc
2063 2869 2335 2950 sequitur
2354 2869 2509 2927 idem
2527 2843 2688 2942 quod

255 2956 445 3014 prius,
477 2944 712 3000 scillcet
781 2943 897 3000 uod
928 2943 987 2999 ld
1017 2942 1176 3014 quod
1222 2945 1418 2999 movet
1462 2939 1794 2997 secundum
1842 2940 2102 3011 aliquam
2155 2953 2416 3021 spec1em
2463 2946 2688 3011 motus,

252 3013 591 3071 secundum
613 3028 742 3071 eam
790 3028 881 3071 em
900 3019 1226 3081 moveatur,
1246 3012 1384 3069 licet
1402 3023 1525 3068 non
1541 3009 1900 3079 immediate,
1923 3010 2029 3068 sed
2050 3010 2325 3068 mediate.
2346 3014 2386 3068 E
2460 3024 2497 3068 o
2515 3011 2691 3069 relin-

257 3085 462 3158 quitur
487 3084 651 3156 quod
693 3089 925 3156 oportet
951 3097 1174 3156 ponere
1190 3083 1432 3154 aliquod
1450 3080 1708 3161 primum
1731 3081 1892 3153 quod
1918 3094 2039 3138 non
2064 3088 2423 3140 moveatura
2483 3083 2688 3155 aliquo

256 3155 561 3214 exteriori.
595 3155 748 3223 Quia
775 3168 935 3225 vero,
970 3155 1083 3212 boc
1112 3154 1339 3222 habit0,
1370 3151 1530 3225 quod
1557 3151 1788 3232 scincet
1825 3153 1905 3210 sit
1931 3152 2189 3224 primum
2226 3166 2478 3211 movens
2568 3152 2689 3212 uod

258 3236 378 3284 non
410 3233 691 3283 movetur
718 3225 791 3283 ab
816 3225 937 3283 alio
967 3224 1268 3292 exteriori,
1298 3236 1422 3281 non
1448 3229 1722 3294 sequitur
1751 3222 1910 3295 quod
1948 3223 2030 3281 sit
2075 3224 2313 3295 penitus
2354 3224 2541 3280 immo
2586 3225 2684 3293 ile,

256 3295 393 3354 ideo
429 3295 689 3354 ulterius
717 3295 983 3368 procedit
1001 3295 1349 3354 Aristoteles
1375 3292 1629 3351 dicendo
1650 3295 1810 3364 qnod
1836 3293 1949 3350 boc
1979 3299 2173 3364 potest
2192 3308 2329 3351 esse
2348 3294 2686 3364 dupliciter.

260 3368 387 3425 Uno
416 3367 600 3425 modo
636 3368 739 3435 ita,
768 3366 930 3439 quod
960 3367 1111 3424 illud
1154 3365 1413 3437 primum
1445 3363 1525 3421 sit
1563 3364 1804 3435 penitus
1832 3363 2159 3422 immobile.
2187 3365 2317 3432 Quo
2346 3365 2546 3436 posito
2579 3364 2686 3423 ha·

258 3435 433 3495 betur
458 3437 835 3509 propositum
864 3437 1096 3495 scilicet
1122 3436 1282 3509 quod
1324 3436 1403 3494 sit
1447 3434 1690 3506 aliquod
1737 3434 1994 3505 primum
2038 3448 2287 3493 movens
2327 3434 2684 3492 immobile:

262 3508 380 3568 alio
410 3507 596 3566 modo
625 3508 784 3581 quod
814 3508 963 3565 illud
991 3508 1245 3578 primum
1291 3511 1601 3563 moveatur
1632 3519 1669 3562 a
1695 3505 1899 3576 seipso
1931 3520 1945 3559 :
1974 3511 2033 3563 et
2067 3507 2184 3564 hoc
2215 3504 2450 3562 videtur
2475 3505 2689 3576 proba·

258 3576 398 3649 bile,
432 3579 576 3652 quia
607 3579 767 3650 quod
798 3584 887 3635 est
917 3593 1022 3649 per
1039 3592 1126 3648 se,
1158 3591 1394 3648 semper
1416 3581 1508 3633 est
1531 3575 1700 3646 prius
1744 3590 1817 3632 eo
1845 3576 2005 3648 quod
2032 3582 2126 3634 est
2147 3590 2255 3647 per
2295 3575 2480 3633 aliud.
2523 3577 2688 3634 Unde

258 3649 435 3708 etiam
472 3649 537 3705 in
568 3650 752 3706 motis
778 3649 1035 3721 primum
1065 3654 1293 3706 motum
1330 3646 1684 3705 rationabile
1713 3651 1807 3704 est
1833 3661 1937 3717 per
1973 3648 2238 3717 seipsum
2288 3646 2534 3715 moveri,
2566 3659 2688 3704 non

258 3718 332 3778 ab
361 3719 508 3777 alio.
541 3721 653 3777 Sed
684 3719 799 3776 boc
823 3719 961 3777 dato
991 3720 1204 3777 iterum
1234 3718 1391 3775 idern
1416 3723 1718 3789 sequetur,
1743 3730 1886 3799 ‘non’
1925 3717 2085 3774 enim
2129 3722 2327 3787 potest
2366 3715 2484 3775 dici
2568 3716 2689 3798 uod

260 3801 514 3848 movens
543 3790 835 3860 seipsum,
865 3795 1055 3847 totum
1086 3795 1394 3847 moveatur
1418 3803 1453 3845 a
1483 3794 1628 3855 tote,
1655 3802 1798 3859 qma
1837 3800 1926 3845 sic
1969 3794 2363 3860 sequerentur
2405 3801 2527 3858 prae
2572 3792 2691 3846 icta

261 3859 771 3929 inconvenientia,
802 3860 1035 3918 scilicet
1060 3860 1218 3942 quod
1239 3858 1459 3932 aliquis
1488 3858 1671 3918 simul
1701 3857 1941 3917 doceret
1981 3863 2040 3916 et
2069 3857 2398 3928 doceretur,
2429 3863 2489 3916 et
2529 3858 2693 3916 simi·

260 3928 397 3990 liter
420 3933 484 3988 in
513 3932 655 3989 aliis
682 3931 964 3990 motibus.
998 3933 1065 3989 Et
1088 3935 1297 3988 lterum
1328 3930 1489 4005 quod
1533 3929 1761 4002 aliquid
1806 3930 1989 3988 simul
2018 3935 2180 3988 esset
2219 3930 2284 3987 in
2321 3929 2589 4003 potentia
2626 3932 2694 4012 et

256 4007 414 4060 actu.
440 4005 590 4059 Nam
629 4015 901 4072 movens,
943 4001 1009 4060 in
1055 4008 1341 4074 quantum
1381 4000 1750 4073 hujusmodi,
1795 4006 1888 4059 est
1928 4004 2111 4057 actu:
2162 4006 2392 4058 motum
2436 4012 2578 4057 vero
2620 4012 2689 4058 m

260 4073 549 4142 potentia.
607 4073 983 4147 Relinquitur
1034 4072 1237 4145 igitur,
1284 4073 1444 4143 quod
1495 4084 1618 4128 una
1649 4084 1790 4141 pars
1834 4071 1966 4142 ejus
2012 4074 2104 4128 est
2145 4084 2396 4129 movens
2431 4075 2686 4140 tantum,

258 4147 316 4199 et
336 4145 529 4201 altera
569 4149 761 4212 mota;
793 4148 853 4200 et
878 4143 970 4201 sic
1000 4142 1250 4201 habetur
1277 4142 1435 4199 idem
1464 4141 1625 4215 quod
1654 4142 1840 4212 prius,
1873 4139 2033 4212 quod
2061 4141 2286 4214 aliquid
2318 4141 2399 4200 sit
2435 4152 2686 4200 movens

258 4211 571 4272 immobile
594 4229 607 4267 :
633 4215 828 4285 ipsum
849 4213 1007 4271 enim
1027 4213 1242 4271 babere
1263 4219 1487 4285 partem
1514 4211 1921 4270 necessarium
1947 4215 2058 4282 est,
2080 4226 2215 4270 cum
2234 4226 2411 4271 omne
2437 4224 2687 4271 movens

260 4282 341 4342 sit
368 4284 697 4343 divisibile.
726 4286 855 4342 Non
893 4289 1090 4342 autem
1140 4288 1340 4357 potest
1385 4282 1502 4341 diei
1552 4283 1714 4355 quod
1759 4286 2011 4354 utraque
2048 4296 2189 4354 pars
2232 4288 2559 4351 moveatur,
2603 4280 2690 4340 ita

257 4355 418 4426 quod
479 4368 605 4413 una
644 4354 719 4413 ab
760 4356 963 4418 altera,
1006 4369 1204 4428 neque
1244 4353 1407 4427 quod
1453 4367 1574 4412 una
1615 4367 1755 4425 pars
1799 4357 2034 4411 moveat
2060 4354 2323 4425 seipsam
2367 4359 2427 4411 et
2450 4352 2688 4410 moveat

256 4423 531 4497 atteram,
584 4437 778 4501 neque
825 4425 985 4502 quod
1024 4430 1232 4492 ⁸totum
1270 4429 1506 4486 moveat
1544 4429 1796 4498 partem,
1826 4436 2021 4500 neque
2067 4425 2225 4500 quod
2266 4434 2409 4498 pars
2452 4422 2698 4529 m⁰vfff⁸²·
