3076 5025
338 360 440 414 140
1202 351 1333 407 LIB.
1377 350 1445 416 ΙΙ,
1489 348 1638 403 ΕΑΡ.
1680 346 1905 401 xxxin.

339 481 606 546 tituatur,
637 490 821 548 quum
843 477 1046 546 >pateat
1069 478 1372 531 creaturas
1402 469 1703 527 voluntate
1730 468 1859 539 ejus
1879 480 2013 525 esse
2035 466 2362 524 institutas,
2386 463 2767 536 Relinquitur

339 550 524 624 igitur
548 549 618 604 de
651 546 1030 613 necessitate,
1062 550 1123 600 ut
1150 543 1401 610 videtur,
1432 539 1589 612 quod
1624 545 1893 596 creatura
1922 551 2156 609 semper
2186 537 2316 593 suit.
2556 605 2567 615 ι
2706 604 2718 615 ι

408 619 625 681 Adhuc,
658 631 729 675 ea
757 630 889 691 quae
918 619 1058 674 sunt
1085 613 1159 672 ad
1182 612 1364 669 finem
1396 610 1812 668 necessitatem
1842 608 2062 665 habent
2080 623 2153 666 ex
2175 606 2315 674 fine,
2335 610 2392 663 et
2413 619 2670 663 maxime
2702 618 2767 661 in

340 689 439 748 his
470 704 600 761 quae
645 688 948 745 voluntate
994 689 1271 757 aguntur.
1304 684 1547 753 Oportet
1584 680 1765 752 igitur
1811 682 1991 751 quod,
2022 677 2140 735 fine
2191 677 2400 734 eodem
2458 674 2639 733 modo
2698 689 2764 732 se

340 760 618 829 habente,
654 773 725 816 ea
752 771 884 830 quae
913 760 1052 814 sunt
1083 754 1155 810 ad
1184 752 1362 810 finem
1394 752 1602 809 eodem
1631 749 1810 808 modo
1834 762 1900 807 88
1931 749 2187 806 habeant
2217 748 2308 803 vel
2338 746 2767 818 producantur,

341 831 460 887 nisi
494 829 766 887 adveniat
792 840 947 884 nova
972 824 1257 882 habitudo
1287 835 1493 880 eorum
1511 822 1586 878 ad
1620 820 1821 878 finem.
1856 819 2018 877 Finis
2038 823 2238 876 autem
2258 821 2667 876 creaturarum
2693 830 2766 872 cx

343 901 546 958 divina
569 900 870 956 voluntate
903 894 1349 968 procedentium
1373 897 1467 951 est
1491 892 1702 950 divina
1736 890 2004 969 bonitaS,
2028 903 2160 969 quae
2206 888 2339 946 sola
2387 893 2585 959 potest
2621 900 2768 968 ‘esse

344 971 559 1029 divinae
590 967 912 1027 voluntatis
946 966 1108 1023 finis.
1152 965 1342 1033 Quum
1389 963 1573 1035 igitur
1620 961 1820 1018 divina
1867 960 2103 1018 bonitas
2123 973 2205 1041 ,πῃ
2255 963 2380 1017 tota
2433 961 2765 1015 aetcrnitate

343 1041 555 1099 eodem
585 1039 762 1097 modo
786 1053 852 1097 se
876 1037 1089 1095 habeat
1118 1034 1179 1090 in
1210 1049 1275 1092 se
1305 1040 1363 1091 et
1389 1033 1451 1090 in
1483 1032 1927 1104 comparatione
1965 1030 2038 1087 ad
2079 1030 2340 1088 divinam
2367 1028 2759 1097 voluntatem,

344 1111 576 1168 videtur
602 1108 761 1182 quod
788 1108 996 1165 eodem
1027 1106 1205 1164 modo
1234 1109 1517 1162 creaturae
1547 1104 1608 1160 in
1637 1116 1773 1160 esse
1803 1101 2212 1173 producuntur
2257 1115 2292 1156 a
2319 1098 2519 1156 divina
2553 1099 2765 1180 volun·

343 1187 464 1238 tate
494 1181 554 1237 in
582 1185 705 1238 tota
723 1178 1086 1246 aeternitate3
1118 1189 1240 1233 non
1269 1175 1428 1232 enim
1464 1178 1662 1245 potest
1686 1172 1802 1231 dici
1831 1171 1987 1244 quod
2016 1171 2218 1243 aliqua
2245 1183 2400 1251 nova
2432 1169 2645 1226 relatio
2675 1181 2770 1250 eis

346 1251 649 1310 advenerit
679 1249 751 1307 ad
783 1247 981 1316 finem,
1014 1246 1063 1304 si
1096 1246 1333 1317 penitus
1358 1249 1613 1316 ponatur
1642 1256 1764 1301 non
1792 1242 1984 1301 fuisse
2012 1248 2150 1300 ante
2194 1239 2435 1313 aliquod
2485 1239 2769 1296 determi-

347 1328 550 1380 natum
585 1328 818 1392 tempus
839 1333 876 1377 a
906 1332 1026 1392 quo
1056 1316 1357 1397 incepisse
1385 1320 1710 1386 ponuntur.
1898 1383 1909 1393 ι
2592 1379 2604 1390 ·
2651 1380 2665 1391 ·

415 1392 634 1455 Adhuc,
669 1404 852 1471 quum
881 1389 1120 1447 bonitas
1151 1387 1353 1444 divina
1378 1384 1960 1465 perfectissima-sit,
2003 1396 2125 1464 non
2166 1383 2283 1440 lioc
2319 1379 2504 1462 inodq
2547 1379 2774 1461 dicitur

348 1462 508 1536 quod
538 1475 740 1520 omnia
769 1475 804 1518 a
832 1462 949 1517 Deo
974 1462 1396 1530 processerunt
1428 1462 1669 1528 propter
1704 1453 2030 1513 bonitatem
2061 1468 2190 1526 eJus
2229 1457 2295 1509 ut
2330 1466 2383 1509 ei
2429 1449 2655 1523 aliquid
2701 1464 2776 1507 cx

348 1533 638 1592 creaturis
664 1533 1047 1597 accresceret,
1073 1527 1178 1586 sed
1200 1528 1339 1600 quia
1359 1526 1647 1584 bonitatis
1668 1530 1758 1584 est
1789 1531 1854 1582 ut
1867 1524 2128 1595 seipsam
2148 1522 2568 1590 communicet,
2591 1524 2774 1591 prout

346 1602 637 1675 possibile
664 1601 840 1659 estin
869 1613 989 1681 quo
1015 1598 1251 1656 bonitas
1278 1596 1712 1654 manifestatur.
1748 1596 1943 1665 Quum
1972 1600 2168 1652 autem
2199 1593 2403 1651 omnia
2442 1591 2769 1672 bonitatem

349 1673 454 1731 Dei
495 1671 848 1744 participent
887 1684 950 1727 in
993 1673 1276 1742 quantum
1321 1667 1541 1724 habent
1587 1680 1743 1734 esse,
1795 1665 2124 1723 secundum
2186 1663 2344 1737 quod
2390 1662 2767 1721 diuturniora

349 1748 513 1812 sunt,
544 1741 737 1822 magis
764 1740 1089 1798 bonitatem
1118 1738 1220 1796 Dei
1246 1739 1637 1809 participant3
1677 1737 1833 1793 unde
1874 1741 1932 1792 et
1974 1749 2108 1794 esse
2146 1740 2497 1815 perpetuum
2549 1731 2775 1803 speciei

351 1813 569 1873 dicitur
597 1812 864 1869 divinum
895 1824 1050 1868 esse.
1084 1809 1327 1867 Bonitas
1356 1814 1553 1866 autern
1585 1807 1786 1864 divina
1809 1805 2045 1864 infinita
2068 1813 2178 1863 est.
2212 1808 2350 1877 Ejus
2377 1804 2561 1877 igitur
2586 1806 2679 1860 est
2708 1807 2778 1859 ut

350 1898 418 1942 se
445 1883 508 1939 in
538 1881 835 1939 infinitum
863 1880 1283 1949 communicet,
1307 1892 1426 1936 non
1457 1879 1659 1951 aliquo
1677 1877 2066 1935 determinato
2082 1882 2347 1948 tempore
2371 1879 2624 1932 tantum.
2648 1874 2777 1930 Hoc

349 1955 382 2081 if
376 1954 534 2025 gitur
555 1953 786 2010 videtur
810 1951 882 2010 ad
905 1950 1165 2009 divinam
1183 1949 1508 2010 bonitatem
1528 1949 1823 2021 pertinere
1839 1953 1901 2004 ut
1921 1953 2205 2005 creaturae
2224 1945 2438 2019 aliquae
2456 1943 2531 2003 ab
2550 1948 2777 2001 aeterno

379 2025 593 2082 uerint.

352 2093 938 2236 segaggrifflgignsunt
966 2105 1039 2149 ex
1065 2096 1229 2163 parte
1254 2090 1361 2148 Dei
1386 2094 1647 2162 accepta,
1686 2103 1794 2161 per
1828 2103 1962 2164 quae
2008 2086 2241 2148 videtur
2282 2085 2444 2159 quod
2487 2091 2779 2144 creaturae

1266 2329 1519 2392 CAPUT
1578 2329 1851 2392 XXXIII.

871 2499 1157 2545 RATIONES
1188 2499 1269 2544 Ex
1302 2498 1493 2545 PARTE
1528 2498 1964 2546 cnssATURAle
1994 2499 2257 2545 SUMPTAE..

415 2658 572 2784 ἓιιηῑ
600 2659 797 2713 autem
821 2662 878 2712 et
905 2654 1024 2712 alia
1053 2667 1125 2712 ex
1152 2659 1315 2726 parte
1344 2657 1747 2710 creaturarum
1773 2657 2035 2724 accepta,
2065 2667 2198 2726 quae
2246 2653 2409 2710 idem
2455 2652 2774 2711 ostendere

351 2726 408 2784 vi
454 2732 648 2784 entur.

424 2798 566 2865 Quae
616 2796 771 2853 enim
821 2810 939 2854 non
984 2795 1204 2853 babent
1230 2793 1555 2865 potentiam
1581 2794 1655 2851 ad
1684 2807 1808 2850 non
1836 2806 1994 2863 esse,
2025 2793 2400 2866 impossibile
2429 2799 2521 2851 est
2545 2808 2617 2851 ea
2643 2807 2771 2853 non

353 2881 511 2925 esse.
542 2867 819 2934 Quaedam
851 2871 1046 2922 autem
1078 2865 1302 2923 suntin
1334 2864 1623 2922 creaturis
1651 2864 1717 2921 in
1744 2863 1966 2936 quibus
1995 2878 2118 2921 non
2147 2870 2238 2923 est
2303 2865 2524 2922 otentia
2552 2864 2623 2921 ad
2646 2878 2774 2923 non

353 2951 509 3006 esse,
541 2950 662 3017 non
692 2937 850 2994 enim
883 2943 1092 3015 potest·
1112 2949 1256 3015 esse·
1276 2935 1543 3005 potentia
1578 2934 1650 2991 ad
1678 2947 1800 2990 non
1832 2948 1968 2992 esse
1996 2934 2115 2994 nisi
2144 2935 2208 2991 in
2235 2879 2356 2992 ifiis
2384 2948 2517 3006 quae
2549 2933 2778 2993 habent

352 3014 660 3080 materiam
694 3011 1095 3063 contrarietati
1125 3005 1451 3074 subjectam
1478 3024 1491 3073 ;
1525 3005 1791 3078 potentia
1813 3006 1973 3062 enim
2008 3004 2080 3062 ad
2116 3019 2249 3063 esse
2279 3010 2337 3060 et
2363 3017 2484 3061 non
2513 3017 2649 3061 8888
2676 3012 2776 3063 est

347 3077 612 3149 potentia
631 3077 703 3133 ad
727 3075 1115 3147 privationem
1137 3081 1194 3132 ct
1224 3078 1494 3145 foi-mam,
1518 3089 1773 3147 quoi-um
1807 3076 2138 3147 subjectum
2159 3081 2246 3132 cst
2270 3074 2511 3133 materia
2536 3091 2549 3142 ;
2576 3072 2768 3143 priva-

349 3148 435 3205 tio
468 3160 608 3203 vero
626 3160 867 3217 semper
894 3146 1236 3226 adjungitur
1264 3146 1468 3203 formae
1497 3146 1832 3215 contrariae,
1863 3160 2044 3218 quum
2075 3144 2445 3216 impossibile
2476 3143 2556 3200 sit
2583 3149 2773 3201 mate·

351 3218 500 3275 riam
531 3231 666 3274 esse
696 3217 920 3289 absque
949 3230 1112 3273 omni
1146 3217 1335 3274 forma
1370 3216 1482 3273 Sed
1513 3216 1782 3288 quiedam
1811 3223 2095 3274 creaturae
2123 3221 2282 3283 sunt,
2313 3214 2376 3270 in
2397 3213 2618 3286 quibus
2641 3228 2769 3272 non

351 3294 445 3357 est
482 3288 728 3345 materia
754 3286 1154 3344 contrarietati
1180 3286 1465 3355 subacta,
1491 3288 1584 3344 vel
1614 3286 1754 3358 quia
1783 3288 2031 3344 omnino
2053 3299 2173 3342 non
2196 3284 2412 3342 liabent
2433 3284 2767 3354 materiam,

352 3360 509 3415 sicut
554 3356 901 3415 substantiae
947 3357 1289 3415 intellectua
1314 3370 1401 3426 88,
1433 3362 1496 3415 ut
1543 3357 1700 3414 insi-a
1738 3356 1812 3430 (c.
1839 3357 1926 3429 50)
1958 3357 2322 3424 ostendetur,
2353 3355 2444 3412 vel
2473 3355 2617 3427 quia
2642 3368 2769 3413 non

266 3440 271 3447 ·
350 3428 573 3486 liabent
617 3427 1002 3496 contrarium,
1052 3426 1210 3484 sicut
1244 3441 1492 3498 corpora
1517 3428 1805 3497 coelestia,
1833 3425 1993 3500 quod
2023 3440 2225 3484 eorum
2260 3432 2458 3484 motus
2483 3425 2766 3493 ostendit,

356 3499 450 3571 qui
483 3498 844 3556 contrarium
877 3511 998 3555 non
1032 3497 1226 3555 habet.
1259 3498 1557 3566 Quasdam
1581 3498 1767 3570 igitur
1792 3503 2094 3556 creaturas
2118 3496 2495 3570 impossibile
2522 3502 2616 3554 est
2642 3509 2768 3556 non

350 3582 487 3627 esse
512 3588 526 3638 ;
557 3583 698 3640 ergo
728 3583 832 3626 eas
861 3580 1109 3625 necesse
1138 3573 1228 3626 est
1257 3582 1383 3626 sem
1431 3583 1494 3626 er
1524 3582 1681 3626 esse.

419 3642 572 3707 new,
602 3653 973 3720 unaquaeque
999 3652 1094 3696 res
1119 3643 1348 3697 tantum
1417 3643 1545 3697 urat
1567 3639 1628 3694 in
1652 3652 1788 3697 esse
1813 3642 2035 3711 quanta
2055 3642 2145 3697 est
2166 3651 2277 3696 sua
2293 3637 2484 3696 virtus
2503 3638 2765 3707 essendi,

353 3710 473 3767 nisi
501 3724 606 3781 per
623 3710 924 3779 accidenS,
955 3709 1113 3767 sicut
1138 3709 1200 3766 in
1230 3709 1326 3767 his
1363 3723 1495 3782 quae
1523 3708 1817 3767 violenter
1844 3714 2325 3780 corrumpuntur.
2352 3709 2463 3767 Sed
2493 3708 2764 3781 quaedam

347 3786 632 3837 creaturae
661 3786 820 3847 sunt,
851 3779 1071 3853 quibus
1103 3779 1261 3837 inest
1287 3778 1475 3837 virtus
1502 3779 1742 3836 essendi
1775 3793 1896 3837 non
1926 3779 2001 3838 ad
2030 3779 2272 3853 aliquod
2301 3778 2761 3838 determinatum

350 3856 603 3920 tempus»,
625 3851 729 3907 sed
750 3850 822 3908 ad
843 3864 1077 3922 semper
1104 3849 1448 3918 essendum,
1480 3849 1639 3907 sicut
1664 3862 1916 3921 corpora
1944 3850 2212 3908 coelestia
2239 3855 2298 3906 et
2323 3849 2761 3907 intellectuales

349 3920 697 3999 substantiae
724 3938 739 3989 3
787 3919 1263 3992 incorruptibilia
1308 3920 1465 3977 enim
1515 3927 1676 3983 sunt,
1708 3934 1893 3993 quum
1940 3919 2304 3977 contrarium
2333 3931 2457 3977 non
2485 3919 2766 3979 habeant.

347 3989 724 4061 Relinquitur
770 3991 954 4063 igitur
996 3990 1154 4064 quod
1200 3991 1288 4049 eis
1335 3989 1618 4061 competit
1662 4004 1898 4062 semper
1921 4004 2077 4048 esse.
2111 3989 2279 4059 Quod
2308 3996 2510 4048 autem
2556 3990 2770 4063 incipit

349 4072 485 4117 esse
513 4073 633 4116 non
663 4075 899 4132 semper
922 4067 1032 4119 est.
1066 4061 1163 4118 Eis
1191 4075 1255 4119 er
1296 4075 1333 4117 o
1362 4074 1483 4118 non
1515 4063 1797 4132 competit
1824 4065 1890 4117 ut
1919 4074 2054 4119 esse
2079 4060 2391 4132 incipiant.

413 4129 631 4194 Adhuc,
722 4132 1176 4204 uandocumque
1222 4146 1258 4189 a
1283 4131 1447 4203 iquid
1485 4130 1558 4188 ile
1605 4145 1760 4189 novo
1796 4130 2003 4202 incipit
2047 4132 2289 4202 moveri,
2329 4136 2566 4204 oportet
2604 4130 2765 4204 quod

342 4213 592 4258 movens
620 4214 689 4280 ye
741 4207 966 4259 motum
990 4202 1082 4259 vel
1109 4208 1418 4274 utrumque
1440 4201 1611 4259 aliter
1639 4216 1703 4259 se
1725 4200 1936 4259 habeat
1966 4215 2126 4259 nunc
2154 4202 2394 4274 quando
2423 4208 2518 4260 est
2543 4209 2766 4271 motuS,

345 4283 524 4343 quam
555 4283 723 4350 prius
750 4272 989 4343 quando
1019 4285 1141 4330 non
1168 4279 1294 4329 erat
1321 4277 1519 4330 motus
1543 4291 1558 4342 ;
1588 4280 1681 4331 est
1707 4272 1866 4329 enim
1889 4271 2176 4330 habitudo
2196 4273 2288 4330 vel
2320 4272 2471 4330 ratio
2493 4273 2766 4345 quaedam

345 4347 642 4422 moventi—s
661 4340 735 4421 ad
765 4347 1013 4422 motum,
1035 4342 1362 4401 secundum
1381 4341 1542 4412 quod
1567 4349 1655 4401 est
1685 4355 1934 4400 movens
1955 4348 2090 4401 actu
2113 4361 2128 4412 ;
2161 4343 2369 4401 relatio
2393 4349 2591 4400 autem
2614 4356 2769 4399 nova

346 4425 466 4469 non
499 4416 710 4481 incipit
738 4424 870 4469 sine
900 4414 1226 4471 mutatione
1257 4413 1567 4486 utriusque
1599 4414 1691 4470 vel
1722 4412 1968 4471 alterius
1997 4413 2207 4471 saltem
2238 4420 2654 4470 extremorum.

417 4482 586 4550 Quod
611 4488 805 4540 autem
840 4482 1011 4541 aliter
1038 4497 1105 4543 se
1133 4484 1312 4542 habet
1338 4498 1498 4545 nunc
1524 4490 1584 4543 et
1605 4485 1794 4557 priuS,
1828 4490 2117 4544 movetur.
2163 4487 2314 4556 Ergo
2344 4489 2594 4555 oportet,
2626 4489 2766 4541 ante
