3076 5025
2619 23 3057 127 “¹¹¹¹-

488 340 560 393 94
1423 326 1556 381 LIB.
1596 326 1642 388 1,
1681 324 1835 381 CAP.
1873 323 1979 380 XC.

561 460 713 524 Item,
746 452 1091 526 poenitentia
1119 448 1506 507 mutationem
1540 444 1789 502 affectus
1818 446 2115 516 importat.
2144 442 2333 516 Igitur
2360 448 2418 500 et
2440 441 2923 523 ratiopoeniten-

498 528 590 583 lise
626 529 744 582 Deo
776 527 1084 595 repugnat,
1117 533 1236 577 non
1269 519 1463 577 solum
1496 517 1639 588 quia
1666 516 1900 587 species
1930 514 2185 571 tristitiae
2232 518 2344 584 est,
2392 514 2497 572 sed
2543 519 2725 570 ettam
2781 526 2930 585 quta

493 597 882 654 mutationem
915 590 1237 649 voluntatis
1272 589 1554 660 importat
1965 653 1976 665 ·
2780 652 2792 662 ·

563 670 851 733 Praeterea,
892 662 1116 733 absque
1168 673 1367 717 errore
1412 657 1727 729 cognitivae
1778 655 2015 713 virtutis
2066 668 2201 713 esse
2251 667 2375 712 non
2418 657 2635 725 potest.
2667 658 2737 709 ut
2776 651 2930 732 illud

495 737 653 810 quod
684 742 775 793 est
802 736 1024 791 bonum
1056 729 1531 803 apprehendatur
1567 733 1625 783 ut
1659 727 1902 807 malum,
1936 739 2042 782 nec
2068 732 2159 783 est
2189 724 2414 806 nisi-in
2461 722 2928 804 particularibus

492 807 691 874 bonis,
723 811 784 863 ut
811 803 1056 862 alterius
1088 801 1308 857 malum
1339 799 1530 870 possit
1559 797 1780 854 bonum
1810 801 2062 853 existere
2094 796 2283 863 alteri,
2316 808 2379 851 1n
2425 795 2646 867 quibus
2682 807 2930 864 corrup·

494 879 578 935 tio
611 876 790 933 unius
820 881 912 931 est
940 872 1247 945 generatio
1277 869 1522 927 alterius
1553 887 1566 923 :
1598 867 1917 924 universali
1939 861 2134 923 autem
2183 865 2343 922 hono
2372 880 2445 921 ex
2475 865 2641 921 nullo
2671 864 2931 933 particu-

494 947 603 1005 lari
632 946 788 1003 bono
818 942 1044 1015 aliquid
1072 940 1319 1012 deperit,
1348 939 1453 997 sed
1484 953 1588 1009 per
1614 936 2081 1008 unumquodque
2111 941 2588 1006 repraesentatur.
2623 937 2786 1014 Deus
2819 948 2928 1014 au-

492 1023 613 1074 tem
645 1021 737 1073 est
764 1012 1100 1072 universale
1133 1011 1378 1078 honum,
1424 1022 1597 1079 cujus
1643 1007 2096 1067 similitudinem
2141 1006 2552 1078 participando
2602 1017 2815 1062 omnia
2843 1004 2928 1061 dt·

490 1092 710 1146 cuntur
734 1086 936 1143 bona:
974 1082 1202 1140 nullius
1231 1081 1415 1152 igitur
1441 1080 1664 1136 malum
1695 1078 1808 1136 sihi
1861 1082 2055 1148 potest
2081 1090 2218 1134 esse
2255 1077 2514 1157 honum3
2564 1089 2675 1132 nec
2727 1079 2932 1144 potest

486 1171 629 1216 esse
659 1157 836 1213 etiam
875 1160 935 1211 ut
963 1152 1020 1209 id
1052 1152 1211 1224 quod
1234 1156 1326 1208 est
1355 1151 1707 1221 simpliciter
1735 1150 1982 1216 bonum,
2015 1153 2074 1205 et
2115 1161 2237 1205 non
2265 1154 2360 1205 est
2397 1147 2512 1205 sibi
2544 1146 2796 1214 malum,
2826 1159 2931 1216 ap-

486 1227 822 1300 prehendat
852 1230 915 1283 ut
940 1223 1187 1291 malum,
1216 1221 1356 1294 quia
1385 1235 1496 1278 sua
1534 1220 1792 1278 scientia
1818 1225 1910 1276 est
1938 1219 2162 1291 absque
2192 1231 2414 1286 errore,
2448 1222 2512 1275 ut
2551 1231 2745 1296 supra
2773 1215 2930 1287 (cap.

493 1297 584 1370 61)
615 1303 923 1354 ostensum
955 1300 1066 1351 est.
1116 1293 1402 1350 Invidiam
1448 1291 1630 1363 igitur
1659 1291 1719 1347 in
1745 1292 1865 1346 Deo
1896 1289 2272 1359 impossibile
2301 1294 2394 1346 est
2441 1300 2598 1354 esse,
2626 1294 2822 1368 etiam·
2843 1301 2936 1367 se-

490 1367 754 1427 cundum
787 1380 912 1424 suoe
955 1363 1173 1434 speciei
1201 1363 1515 1430 rationem,
1548 1374 1672 1418 non
1702 1361 1900 1418 solum
1947 1360 2091 1432 quia
2134 1358 2359 1416 invidia
2388 1359 2624 1429 species
2661 1362 2932 1416 tristitiae

488 1444 605 1507 est,
635 1437 740 1495 sed
765 1437 941 1493 etiam
974 1435 1114 1507 quia
1138 1434 1406 1490 tristatur
1432 1433 1505 1489 de
1533 1432 1695 1489 bono
1721 1432 1989 1499 alterius,
2021 1436 2081 1487 et
2121 1430 2212 1488 sic
2255 1430 2474 1501 accipit
2515 1429 2751 1487 bonum
2782 1428 2933 1486 alte·

491 1508 622 1567 rius
650 1514 933 1579 tanquam
964 1505 1078 1562 sibi
1110 1504 1355 1561 malum.

561 1579 782 1640 Adhuc,
815 1575 1081 1648 ejnsdem
1113 1574 1366 1631 rationis
1414 1577 1507 1630 est
1536 1572 1757 1630 tristari
1789 1572 1861 1628 de
1902 1572 2088 1638 bono,
2113 1576 2172 1628 et
2200 1576 2471 1643 appetere
2492 1569 2755 1637 malum3
2785 1582 2936 1627 nam

491 1648 751 1719 primum
782 1653 872 1703 est
901 1661 971 1702 ex
998 1646 1131 1713 hoc,
1163 1658 1318 1715 quoc
1360 1643 1588 1700 bonum
1641 1643 1970 1704 aestimatur
2015 1643 2258 1711 malum,
2290 1641 2623 1699 secundum
2657 1653 2800 1697 vero
2835 1645 2938 1697 est

488 1732 567 1776 cx
610 1717 770 1788 quod
826 1717 1049 1773 malum
1097 1717 1423 1772 aestimatur
1465 1714 1711 1771 honum.
1759 1716 1848 1770 lra
1892 1719 2088 1771 autem
2136 1719 2229 1770 est
2272 1712 2570 1783 appetitus
2624 1710 2761 1767 mali
2815 1710 2936 1767 ali·

492 1787 667 1859 cujus
693 1788 766 1845 ad
794 1787 1137 1855 vindictam,
1163 1785 1254 1842 ira
1285 1786 1469 1856 igitur
1494 1799 1533 1841 a
1568 1786 1688 1841 Deo
1719 1783 1898 1855 longe
1934 1790 2027 1842 est
2078 1783 2408 1841 secundum
2452 1784 2746 1840 rationem
2796 1793 2934 1839 suae

492 1858 739 1929 speciei,
772 1870 894 1915 non
921 1858 1117 1914 solum
1148 1855 1289 1928 quia
1319 1854 1570 1911 effectus
1593 1854 1849 1910 tristitiae
1879 1858 1992 1922 est,
2019 1854 2128 1911 sed
2175 1853 2353 1910 etiam
2381 1853 2522 1925 quia
2568 1857 2664 1911 est
2707 1851 2934 1923 appeti·

494 1934 595 1987 tus
625 1927 920 1996 vindictis,
948 1933 1188 1998 propter
1214 1926 1517 1982 tristitiam
1549 1939 1623 1982 ex
1649 1924 1869 1995 injuria
1891 1925 1996 1982 illa
2023 1929 2392 1994 conceptam.

562 2000 792 2065 Rursus,
824 2011 1213 2078 quaecumque
1240 1997 1372 2053 aliae
1403 1996 1721 2067 passiones
1751 1996 1963 2052 harum
1995 1995 2329 2067 specierum
2358 1997 2521 2064 sunt,
2567 1991 2665 2051 vel
2709 1990 2785 2051 ab
2835 1991 2928 2052 cis

492 2075 843 2132 causantur,
872 2068 1001 2140 pari
1022 2074 1254 2126 ratione
1282 2081 1319 2124 a
1347 2069 1468 2124 Deo
1489 2066 1908 2126 excluduntur.

1504 2282 1759 2348 CAPUT
1797 2282 1922 2348 XC.

1025 2463 1175 2519 QUOD
1213 2463 1278 2509 m
1310 2463 1426 2509 mlo
1470 2462 1566 2509 sn·
1607 2460 1966 2509 putemne
2001 2461 2079 2510 m·
2126 2461 2409 2511 anunm.

564 2630 713 2687 Sunt
740 2632 936 2685 autem
971 2626 1243 2699 quaedam
1269 2626 1610 2707 passiones,
1643 2625 1943 2698 quaelicet
1975 2629 2098 2684 Deo
2127 2639 2250 2684 non
2279 2624 2664 2695 conveniant,
2711 2640 2919 2686 secun-

494 2697 639 2759 dum
669 2698 826 2771 quod
859 2699 1194 2769 passiones,
1224 2698 1374 2755 nihil
1403 2703 1602 2753 tamen
1625 2712 1704 2754 ex
1727 2698 1956 2755 ratione
1985 2710 2111 2755 suae
2138 2711 2169 2753 s
2212 2697 2361 2754 eciei
2391 2697 2728 2768 important
2753 2711 2918 2769 repn-

497 2782 692 2843 gnans
729 2769 943 2826 divinae
990 2769 1360 2840 perfectioni.
1394 2770 1610 2824 Harum
1656 2774 1853 2824 autem
1895 2773 1988 2826 est
2029 2781 2145 2837 gau
2193 2769 2314 2825 ium
2345 2774 2404 2824 et
2448 2768 2789 2826 delectatio.
2834 2771 2931 2826 Est

496 2842 656 2898 enim
689 2840 971 2911 gaudium
1005 2839 1317 2918 praesentis
1342 2839 1507 2894 honi.
1530 2841 1732 2909 Neque
1760 2839 1776 2894 i
1823 2841 1940 2895 itur
1971 2840 2200 2896 ratione
2231 2837 2476 2907 objecti,
2504 2838 2668 2910 quod
2702 2846 2798 2897 est
2823 2839 2930 2896 bo-

496 2923 663 2976 num,
696 2924 887 2981 neque
916 2914 1144 2965 ratione
1174 2907 1332 2965 modi
1362 2922 1427 2965 se
1458 2908 1714 2965 habendi
1737 2923 1774 2965 a
1835 2909 2151 2970 ob'ecturn,
2173 2908 2334 2980 quod
2351 2914 2445 2966 est
2463 2915 2600 2966 actu
2631 2908 2930 2977 habitum,

486 2981 781 3052 gaudium
811 2979 1141 3036 secundum
1166 2992 1293 3035 suae
1328 2979 1547 3047 speciei
1581 2979 1871 3036 rationem
1936 2980 2109 3036 ivinae
2139 2979 2491 3049 perfectioni
2535 2985 2856 3049 repugnat.

568 3052 647 3104 Ex
677 3049 790 3106 hoc
810 3054 1004 3105 autem
1040 3048 1418 3105 manifestum
1449 3055 1561 3116 est,
1591 3049 1750 3119 quod
1781 3050 2061 3119 gaudium
2095 3051 2188 3107 vel
2233 3049 2550 3107 delectatio
2580 3049 2824 3119 proprie
2863 3050 2937 3108 in

497 3121 618 3175 Deo
643 3119 740 3175 sit.
769 3118 935 3176 Sicut
961 3118 1119 3174 enim
1150 3119 1373 3175 bonum
1401 3124 1457 3174 et
1487 3118 1714 3175 malum
1741 3122 2178 3190 apprehensum
2225 3127 2368 3177 sunt
2411 3120 2702 3192 objectum
2735 3133 2935 3190 appe·

494 3189 642 3246 titus
665 3188 995 3256 sensibilis,
1015 3189 1098 3245 ita
1123 3189 1420 3259 appetitus
1472 3188 1818 3247 intellectivi
1857 3190 2189 3262 (utriusque
2217 3192 2379 3247 enim
2409 3198 2501 3249 est
2547 3203 2647 3261 per
2675 3201 2744 3246 se
2837 3203 2940 3249 ro-

495 3259 665 3331 sequi
701 3260 920 3317 bonum
953 3264 1011 3314 et
1036 3259 1238 3329 sugere
1280 3259 1523 3327 malum,
1575 3264 1666 3315 vel
1712 3262 2041 3318 secundum
2094 3262 2419 3332 veritatem,
2451 3260 2541 3318 vel
2584 3274 2776 3318 secun
2825 3274 2933 3321 um

496 3328 997 3400 aestimationem),
1029 3329 1145 3385 nisi
1177 3330 1334 3401 quod
1364 3329 1663 3401 objectum
1702 3331 2042 3389 intellectivi
2071 3332 2369 3403 appetitus
2397 3337 2490 3389 est
2534 3331 2935 3389 communius

495 3415 675 3471 quam
705 3399 1167 3471 sensitivi‚quia
1216 3400 1616 3458 intellectivus
1651 3402 1948 3472 appetitus
1990 3403 2232 3472 respicit
2280 3402 2505 3460 bonum
2553 3403 2646 3458 vel
2698 3402 2936 3460 malum

496 3470 866 3541 simpliciter,
896 3470 1192 3541 appetitus
1221 3476 1417 3527 autem
1448 3472 1774 3530 sensitivus
1806 3473 2026 3531 bonum
2053 3473 2144 3529 vel
2171 3473 2396 3531 malum
2424 3472 2763 3531 secundum
2796 3486 2935 3530 sen·

495 3553 654 3608 sum,
682 3540 839 3620 sicut
867 3540 1042 3596 etiam
1067 3546 1125 3620 et
1153 3541 1489 3600 intellectus
1519 3542 1814 3612 objectum
1830 3549 1925 3600 est
1950 3543 2331 3602 communius
2351 3558 2526 3615 quam
2552 3556 2798 3601 sensus.
2817 3542 2936 3601 Sed

486 3617 874 3681 operationes
902 3615 1197 3680 appetitus
1228 3613 1487 3682 speciem
1516 3627 1589 3668 ex
1619 3613 1870 3683 objectis
1924 3614 2276 3672 sortiuntur.
2322 3614 2719 3670 Inveniuntur
2745 3614 2937 3685 igitur

493 3682 559 3738 in
590 3681 851 3759 appetitu
881 3680 1262 3762 intellectivo,
1295 3683 1393 3756 qui
1426 3689 1519 3741 est
1554 3685 1853 3744 voluntas.
1886 3685 2117 3742 similes
2153 3685 2556 3765 operationes,
2587 3683 2932 3741 secundum

493 3758 786 3830 rationem
817 3764 1062 3831 speciei,
1092 3754 1543 3822 operationibus
1583 3755 1878 3823 appetitus
1929 3756 2226 3822 sensitixn,
2274 3754 2337 3812 in
2384 3756 2501 3812 hoc
2549 3753 2929 3817 differentes,

494 3822 652 3893 quod
684 3834 747 3877 in
776 3829 1036 3893 appetitu
1060 3824 1350 3881 sensitivo
1374 3831 1518 3881 sunt
1547 3825 1864 3894 passiones
1893 3832 2132 3896 propter
2149 3825 2766 3883 communicationem
2794 3825 2932 3896 ejus

493 3891 566 3970 ad
597 3905 886 3962 organum
918 3894 1245 3964 corporale,
1273 3894 1335 3950 in
1366 3894 1726 3952 intellectivo
1754 3902 1952 3953 autem
1978 3902 2120 3954 sunt
2157 3895 2539 3967 operationes
2587 3896 2926 3967 simplices.

494 3962 657 4039 Sicut
685 3963 843 4019 enim
874 3978 979 4034 per
1003 3965 1347 4035 passionem
1369 3964 1625 4031 timoris,
1662 3980 1796 4038 quae
1825 3974 1914 4024 est
1945 3967 2008 4023 in
2036 3967 2300 4038 appetitu
2353 3966 2673 4034 sensitivo,
2707 3966 2928 4039 refugit
3033 3990 3034 3993 ¹

492 4045 631 4103 quis
661 4033 1191 4114 malumj'uturum,
1224 4035 1307 4091 ita
1336 4035 1467 4092 sine
1505 4036 1788 4106 passione
1819 4037 2218 4096 intellectivus
2257 4038 2558 4108 appetitus
2588 4036 2756 4094 idem
2789 4050 2925 4108 ope-

492 4109 678 4159 ratur.
710 4105 856 4184 Cum
884 4105 1068 4175 igitur
1130 4104 1373 4162 audium
1398 4111 1454 4161 et
1505 4106 1820 4165 delectatio
1868 4110 1988 4164 Deo
2041 4121 2164 4165 non
2207 4112 2543 4180 repugnent
2583 4107 2921 4165 secundum
3031 4148 3032 4161 ,

494 4183 980 4253 suamspeciem,
1020 4188 1050 4232 s
1150 4175 1346 4233 solum
1386 4176 1451 4232 in
1489 4184 1776 4248 quantum
1826 4178 2144 4248 passiones
2190 4183 2352 4247 sunt,
2384 4179 2446 4233 in
2467 4177 2782 4235 voluntate
2831 4189 2922 4234 au·

493 4245 611 4300 tem
640 4249 764 4325 sint
790 4245 1118 4325 secundum
1149 4260 1320 4304 suam
1350 4247 1633 4317 speciem,
1668 4261 1789 4305 non
1819 4253 2015 4304 autem
2067 4254 2130 4306 ut
2175 4249 2513 4319 passiones,
2558 4247 2923 4320 relinquitur

482 4314 652 4385 quod
683 4321 860 4372 ettam
891 4315 1105 4374 divinae
1132 4318 1426 4375 voluntati
1461 4330 1581 4375 non
1613 4318 1828 4375 desint.

561 4384 716 4456 Rem,
758 4385 1043 4455 gaudium
1098 4392 1156 4444 et
1200 4387 1511 4445 delectatio
1558 4394 1650 4446 est
1693 4387 1963 4460 quaedam
2007 4388 2294 4459 quietatio
2339 4386 2669 4453 voluntatis
2700 4387 2772 4445 in
2815 4398 2929 4447 suo

488 4454 697 4514 volit0.
742 4457 898 4515 Deus
947 4461 1142 4515 autem
1188 4457 1253 4515 in
1281 4459 1504 4530 seipSO,
1533 4459 1635 4532 qui
1664 4464 1755 4516 est
1783 4471 1961 4516 suum
1994 4458 2324 4533 principale
2361 4457 2634 4528 volitum,
2658 4458 2931 4517 maxime
