3076 5025
1078 283 1210 339 LIB.
1253 283 1349 350 111,
1391 282 1544 338 CAP.
1585 282 1824 338 Lxxxll.
2559 286 2664 342 367

294 406 413 464 Sed
434 419 509 464 ne
553 419 629 464 ue
655 419 760 479 per
787 404 1135 478 hujusmodi
1160 403 1666 462 inordinationem
1706 402 1967 461 totaliter
2010 403 2302 463 naturalis
2344 404 2491 463 ordo
2537 420 2671 477 per-

222 477 496 535 vertitur.
583 490 680 535 am
708 475 1027 534 stultorum
1058 474 1392 533 dominium
1420 473 1722 531 infirmum
1747 479 1857 542 est,
1886 473 2005 531 nisi
2027 474 2387 544 sapientium
2404 477 2666 536 consilio

220 546 564 606 roboretur.
600 546 764 605 Unde
794 546 1030 616 dicitur,
1063 548 1259 614 prov„
1286 557 1389 614 xx,
1425 548 1489 602 18
1517 545 1926 615 (capitationes
1969 547 2213 601 consiliis
2240 546 2666 618 roborabuntur,
2696 554 2761 631 με

220 622 277 675 et
301 618 687 688 quoernaczclis
715 617 1011 674 tractanda
1036 621 1164 672 sunt
1193 616 1350 674 bella.
1382 618 1449 672 Et
1475 627 1647 685 XXIV,
1678 620 1733 684 5,
1765 619 1796 673 6
1828 634 1841 672 :
1879 616 1982 672 Vir
2007 631 2073 672 sa
2112 617 2227 672 iens
2265 617 2429 683 tortis
2472 621 2570 682 est,
2613 621 2672 675 et
2732 630 2750 663 ³

220 691 317 746 vir
338 688 531 745 doctus
550 688 772 744 validus
800 691 853 744 et
875 688 1148 749 robustus,
1182 688 1314 757 quia
1341 701 1462 741 cum
1483 685 1840 767 dispositione
1868 687 2046 742 initur
2108 688 2287 757 ellum,
2315 692 2367 742 et
2390 690 2495 743 erit
2513 671 2711 744 salu-3⁴⁸

222 759 328 816 ubi
348 760 526 815 multa
548 759 797 816 consilia.
831 760 899 816 Et
925 758 1069 839 quia
1104 757 1437 838 consilians
1466 761 1619 829 regit
1643 771 1781 815 eum
1810 756 1914 829 qui
1944 757 2265 816 consilium
2321 757 2557 830 accipit,
2606 743 2749 845 et‘{÷

314 828 757 971 ouamssodglei
786 828 1148 956 ᾱῗῐιῐιιψεηιη,
1197 827 1434 896 dicum,
1482 829 1679 897 Prov„
1728 839 1880 898 xvn,
1930 832 1987 899 2,
2036 828 2198 902 quod
2235 843 2422 886 servus
2447 820 2743 931 sapientali-

357 915 456 956 vla
489 917 511 955 2
573 916 605 955 ²·
689 915 759 956 ης
787 915 812 956 S
839 916 875 955 u
921 914 989 955 ts.
2724 947 2729 954 .

304 971 472 1030 Patet
499 983 642 1044 ergo
667 970 828 1044 quod
849 970 1052 1029 divina
1076 968 1450 1041 providentia
1478 969 1751 1027 ordinem
1774 967 2055 1028 omnibus
2085 969 2266 1029 rebus
2293 970 2569 1042 imponit,
2601 976 2674 1031 ut
2732 945 2749 984 ²

228 1041 575 1169 sici-verum
620 1040 702 1168 {it
727 1041 887 1115 quod
934 1041 1080 1099 dicit
1103 1040 1447 1113 Apostolus
1479 1041 1674 1109 Rom„
1707 1051 1839 1109 xm,
1873 1044 1896 1097 1
1934 1057 1949 1098 ε
1976 1041 2104 1109 Quae
2128 1045 2306 1098 autem
2324 1046 2474 1113 sunt,
2504 1046 2671 1100 aDeo

338 1127 434 1168 ma
460 1127 496 1169 a
520 1126 621 1169 sun
645 1152 663 1172 .

1151 1330 1405 1396 CAPUT
1458 1330 1750 1396 LXXXII.

363 1513 517 1569 QUOD
553 1512 872 1561 nmmum
910 1513 1174 1560 CORPORA
1208 1512 1520 1559 REGUNTUR
1552 1513 1599 1558 A
1628 1513 1747 1560 ΠΕΟ
1780 1513 1895 1559 PER
1928 1512 2195 1560 commta
2231 1514 2554 1562 omem.

308 1677 479 1736 Sicut
508 1680 706 1736 autem
734 1675 798 1733 in
827 1674 1183 1734 substantiis
1213 1673 1722 1733 intellectualibus
1751 1679 1845 1732 est
1870 1688 1942 1732 su
1986 1674 2149 1733 erius
2180 1680 2239 1732 et
2282 1675 2557 1748 inferiuS,
2586 1677 2679 1738 ita

236 1749 308 1808 in
335 1746 695 1806 substantiis
719 1760 825 1805 cor
866 1745 1154 1804 oralibus.
1185 1745 1544 1803 Substantiae
1587 1750 1784 1803 autem
1826 1688 2261 1804 intefiectuales
2307 1761 2370 1804 re
2416 1752 2599 1806 untur
2635 1762 2678 1808 a

238 1817 679 1891 superioribus
707 1823 775 1875 ut
844 1816 1121 1888 ispositio
1148 1816 1362 1873 divinae
1391 1816 1780 1888 providentiae
1801 1816 2326 1887 proportionaliter
2391 1817 2679 1877 escendat

238 1903 317 1948 us
362 1903 436 1947 ue
458 1888 533 1952 ad
561 1886 787 1956 intima,
819 1888 977 1945 sicut
989 1887 1109 1960 jam
1141 1886 1364 1944 dictum
1395 1893 1488 1944 est
1516 1886 1668 1959 (cap.
1696 1892 1765 1944 77
1799 1894 1855 1944 et
1884 1885 2033 1960 seq.)
2073 1889 2227 1960 Ergo
2273 1887 2402 1959 pari
2440 1888 2678 1948 ratione

239 1960 308 2019 in
334 1959 531 2018 eriora
551 1971 805 2031 corpora
832 1972 938 2029 per
964 1957 1276 2029 superiora
1300 1957 1722 2028 disponuntur.

315 2031 591 2102 Amplius,
623 2034 848 2101 quanto
879 2028 955 2085 ali
1003 2028 1122 2085 uod
1148 2042 1367 2098 corpus
1397 2032 1488 2085 est
1513 2041 1585 2085 su
1631 2028 1793 2086 erius
1822 2027 1980 2097 1000,
2008 2032 2175 2086 tanto
2205 2029 2509 2088 invenitur
2537 2044 2682 2090 esse

241 2100 562 2182 formalius
586 2118 602 2131 ·
634 2105 692 2156 et
714 2043 1098 2179 propterqloc·
1122 2098 1557 2179 rationabiliter
1579 2043 1755 2178 focus
1794 2098 2070 2180 superior
2095 2104 2186 2156 est
2222 2099 2396 2181 locus
2435 2100 2683 2159 inferio·

243 2185 355 2230 ns.
381 2173 530 2230 Nam
579 2143 903 2250 formae-est
940 2175 1267 2239 continere,
1292 2173 1449 2226 slcut
1475 2167 1616 2226 locl.
1644 2174 1813 2249 Aqua
1835 2182 1996 2226 enlm
2043 2169 2475 2250 est-formatior
2494 2176 2681 2242 terra,

242 2255 350 2300 aer
388 2254 565 2314 aqua,
596 2245 655 2296 et
680 2239 843 2312 igms
888 2253 1060 2307 aere;
1110 2238 1216 2296 sed
1238 2253 1491 2309 corpora
1521 2238 1792 2296 coelestla
1820 2244 1964 2296 sunt
1992 2239 2274 2298 omnlbus
2320 2240 2453 2299 loca
2499 2256 2685 2315 supe-

240 2313 428 2371 riora.
459 2314 597 2383 Ipsa
620 2309 806 2391 igitur
833 2315 975 2366 sunt
1001 2309 1197 2381 magis
1226 2307 1500 2366 formalia
1527 2309 1812 2367 omnibus
1842 2308 1980 2366 aliis
2012 2327 2027 2364 :
2063 2322 2207 2381 ergo
2228 2311 2424 2383 magis
2459 2313 2681 2372 activa.

241 2386 445 2457 Agunt
471 2392 617 2454 ergo
643 2394 709 2437 m
735 2379 1022 2438 inferiora
1045 2393 1317 2450 corpora,
1347 2384 1407 2436 et
1427 2379 1518 2436 sic
1542 2393 1649 2451 per
1666 2394 1736 2437 ea
1766 2378 2053 2436 inferiora
2079 2379 2499 2460 disponuntur.

317 2455 473 2533 Rem,
503 2450 665 2526 quod
691 2455 780 2508 est
815 2451 875 2507 in
916 2463 1027 2508 sua
1060 2457 1275 2507 natura
1300 2449 1629 2523 perfectum
1667 2448 1892 2522 absque
1941 2453 2359 2507 contrarletate
2408 2457 2502 2509 est
2545 2452 2685 2509 uni-

245 2523 598 2585 versaltoris
623 2520 881 2590 virtutis,
914 2535 1092 2594 quam
1139 2521 1288 2578 illud
1330 2521 1491 2593 quod
1528 2521 1595 2578 in
1639 2534 1752 2579 sua
1791 2524 2004 2600 natura
2051 2533 2173 2577 non
2223 2521 2529 2592 perficitur
2559 2523 2682 2581 nisi

246 2596 313 2654 in
337 2593 777 2654 contrarietate.
805 2591 1203 2650 contrarietas
1232 2591 1390 2648 enim
1414 2593 1609 2648 estex
1649 2589 2004 2649 differentiis
2048 2589 2585 2650 determinantibus
2618 2597 2683 2651 et

246 2661 742 2726 contrahentibus
766 2675 960 2736 genus
992 2681 1006 2719 ε
1034 2661 1193 2719 unde
1221 2661 1285 2719 in
1318 2660 1663 2733 acceptione
1693 2660 2053 2729 intellectuS,
2085 2661 2227 2732 quia
2256 2667 2344 2719 est
2366 2662 2684 2722 universa.-

243 2736 351 2806 liS,
380 2734 616 2808 species
643 2733 1079 2791 contrariorum
1109 2744 1232 2790 non
1271 2736 1413 2789 sunt
1440 2731 1775 2800 contrariae,
1816 2745 1951 2789 cum
1998 2731 2121 2788 sint
2165 2731 2367 2789 simul.
2417 2735 2685 2805 Corpora

247 2812 452 2865 autem
482 2805 753 2863 coelestia
770 2809 913 2862 sunt
940 2805 1003 2860 in
1033 2802 1162 2861 suis
1192 2802 1424 2860 naturis
1453 2802 1680 2875 absque
1721 2801 1885 2859 omni
1929 2802 2346 2860 contrarietate
2394 2804 2682 2875 perfecta.

248 2880 387 2937 Non
413 2876 580 2934 enim
605 2879 748 2933 sunt
773 2874 947 2944 levia,
978 2886 1172 2954 neque
1198 2873 1422 2946 gravia,
1452 2886 1647 2945 neque
1672 2872 1887 2955 calida,
1915 2885 2110 2945 neque
2135 2872 2353 2945 frigida
2381 2890 2398 2929 z
2430 2887 2689 2946 corpora

248 2961 394 3008 vero
420 2945 709 3005 inferiora
728 2957 851 3003 non
875 2942 1266 3016 perficluntur
1292 2944 1358 3000 in
1387 2944 1517 3002 suis
1545 2948 1777 3001 naturis
1806 2942 1924 3000 n1si
1946 2957 2083 3000 cum
2118 2942 2320 3016 aliqua
2356 2945 2686 3004 contrarie·

249 3023 396 3087 tate,
428 3023 488 3075 et
514 3016 630 3075 hoc
654 3015 834 3074 etiam
856 3020 1058 3074 motus
1087 3028 1295 3072 eorum
1325 3014 1714 3073 demonstrat.
1742 3016 1893 3071 Nam
1929 3014 2119 3072 motui
2163 3013 2440 3072 circulari
2469 3028 2688 3087 corpo-

250 3102 390 3149 rum
419 3086 752 3146 coelestium
775 3099 898 3143 non
927 3090 1019 3143 est
1041 3085 1267 3167 aliquid
1288 3083 1858 3143 contrariumzunde
1887 3084 2081 3143 necin
2104 3083 2194 3143 eis
2231 3085 2518 3144 violentia
2545 3098 2693 3144 esse

335 3163 455 3216 test
477 3176 493 3227 ;
519 3162 720 3216 motus
749 3161 947 3214 autem
975 3155 1326 3215 insertorum
1353 3169 1670 3228 corporum
1701 3155 1983 3213 contrarii
2014 3160 2176 3236 sunt,
2207 3156 2439 3214 scilicet
2481 3160 2687 3215 motus

296 3241 539 3288 eorsum
573 3227 762 3285 motui
792 3240 1054 3284 sursum.
1088 3228 1350 3297 Corpora
1372 3239 1516 3299 ergo
1546 3227 1815 3285 coelestia
1841 3232 1982 3283 sunt
2018 3226 2473 3286 universalioris
2505 3226 2691 3285 virtu·

247 3301 337 3360 tis
401 3312 541 3358 uam
564 3311 817 3379 corpora
842 3297 1148 3354 inferiora.
1181 3297 1563 3355 Universales
1587 3302 1783 3356 autem
1809 3296 2059 3354 virtutes
2089 3302 2233 3354 sunt
2259 3297 2502 3355 motivae
2547 3310 2688 3369 par·

248 3372 299 3431 ti
405 3370 619 3440 arium,
645 3374 805 3427 sicut
830 3382 905 3425 ex
931 3367 1105 3425 dictis
1136 3366 1288 3439 (cap.
1316 3367 1409 3439 78)
1442 3372 1619 3438 patet.
1651 3370 1914 3441 Corpora
1930 3367 2117 3440 igitur
2143 3368 2413 3427 coelestia
2440 3371 2690 3428 movent

253 3447 317 3501 et
342 3441 673 3512 disponunt
691 3451 943 3511 corpora
965 3437 1271 3496 inferiora.

325 3512 540 3577 Adhuc,
572 3514 884 3569 ostensum
916 3515 1007 3566 est
1045 3522 1226 3579 supra
1246 3509 1397 3581 (cap.
1421 3507 1513 3581 78)
1563 3507 1725 3581 quod
1752 3522 1858 3578 per
1900 3507 2270 3567 substautias
2314 3508 2688 3568 intellectua-

253 3583 350 3643 les
380 3583 587 3640 omnia
607 3581 726 3640 alia
755 3585 1063 3652 reguntur.
1091 3580 1351 3650 Corpora
1379 3583 1579 3637 autem
1607 3578 1873 3637 coelestia
1903 3583 2047 3637 sunt
2083 3579 2377 3638 similiora
2405 3579 2689 3638 substan·
2772 3582 2795 3650 ’ζ

252 3653 362 3712 tiis
389 3649 897 3712 intellectualibus
927 3662 1107 3729 quam
1129 3649 1247 3707 alia
1272 3663 1545 3722 corpora,
1575 3648 1638 3707 in
1667 3656 1957 3723 quantum
1997 3656 2141 3707 sunt
2169 3649 2649 3722 incorruptibilia
2667 3665 2690 3709 ε
2786 3702 2790 3707 ,

253 3727 403 3783 sunt
416 3723 597 3782 etiam
618 3722 707 3781 eis
774 3720 1184 3793 ropinqmora‚
1205 3720 1268 3776 in
1296 3726 1583 3793 quantum
1606 3718 1681 3777 ab
1697 3720 1786 3777 eis
1812 3719 2153 3778 immediate
2169 3727 2504 3790 moventur,
2528 3718 2695 3779 sicut

257 3800 575 3922 osltensum
603 3796 697 3851 est
769 3790 850 3850 ib.
881 3804 947 3860 11,
973 3804 1104 3862 cap.
1131 3794 1224 3859 70,
1255 3796 1313 3848 et
1340 3789 1445 3848 lib.
1475 3803 1567 3860 111,
1588 3803 1722 3862 cap.
1741 3790 1856 3863 80).
1882 3792 1993 3849 Per
2027 3791 2162 3863 ipsa
2185 3791 2371 3864 igitur
2397 3796 2693 3864 reguntur
2790 3796 2793 3803 “

327 3937 618 4004 Praeterea,
649 3876 894 4005 1opportet
944 3932 1205 4003 primum
1250 3931 1442 4012 princi
1487 3932 1612 3989 ium
1660 3936 1863 3990 motus
1909 3944 2044 3990 esse
2087 3931 2166 3990 ali
2214 3931 2316 3991 uid
2357 3930 2690 3992 immobile.
2761 3940 2764 3943 ’

258 4005 405 4074 Quae
436 4016 581 4076 ergo
609 4004 807 4077 magis
830 4002 1121 4061 accedunt
1149 4001 1223 4060 ad
1249 4015 1437 4060 1mmo
1482 4002 1729 4060 ilitatem
1751 4001 1969 4060 debent
1986 4014 2121 4060 esse
2150 4016 2187 4060 a
2210 4002 2407 4061 iorum
2432 4002 2688 4084 motiva3
2776 4017 2800 4026 ··

256 4087 520 4147 corpora
545 4078 744 4132 autem
774 4073 1042 4131 coelestia
1060 4073 1255 4146 magis
1283 4072 1574 4132 accedunt
1598 4072 1673 4131 ad
1700 4071 2177 4130 immobilitatem
2202 4072 2377 4144 primi
2407 4073 2692 4146 principit

255 4157 445 4219 quam
470 4142 779 4213 inferiora,
808 4144 949 4217 quia
979 4156 1104 4202 non
1129 4148 1447 4201 moventur
1471 4142 1593 4202 nisi
1621 4156 1745 4201 una
1768 4142 1968 4215 specie
1994 4147 2218 4212 motuS,
2260 4143 2494 4203 scilicet
2518 4147 2693 4202 motu

257 4213 469 4274 locali.
508 4213 641 4272 Alia
678 4226 820 4272 vero
860 4227 1108 4285 corpora
1136 4220 1453 4273 moventur
1479 4212 1761 4272 omnibus
1805 4211 2120 4284 speciebus
2160 4218 2384 4272 motus.
2429 4217 2694 4286 Corpora

258 4285 454 4359 igitur
478 4283 749 4343 coelestia
776 4289 918 4342 sunt
942 4285 1161 4343 motiva
1185 4290 1247 4342 et
1270 4283 1516 4357 regitiva
1534 4285 1804 4342 omnium
1825 4282 2175 4341 inferiorum
2205 4297 2544 4357 corporum.

333 4356 613 4429 Amplius,
639 4354 898 4428 primum
926 4354 990 4411 in
1016 4355 1283 4428 quolibet
1307 4367 1527 4427 genere
1555 4358 1652 4413 est
1697 4365 1883 4412 causa
1917 4365 2126 4411 eorum
2210 4368 2302 4412 uae
2343 4359 2486 4413 sunt
2529 4354 2691 4423 post.

262 4425 425 4486 Inter
446 4438 662 4488 omnes
690 4430 889 4487 autem
916 4425 1070 4485 alios
1111 4431 1314 4486 motus
1337 4424 1570 4500 primus
1606 4429 1700 4485 est
1725 4429 1930 4483 motus
1973 4422 2131 4484 coeli.
2227 4425 2381 4484 rimo
2424 4421 2688 4495 quidem,
