3076 5025
984 242 1117 299 ΠΒ.
1155 242 1257 312 111,
1293 242 1448 299 CAP.
1486 243 1713 302 exuit.
2455 248 2555 305 461

158 370 264 490 tem
287 362 578 443 bonorum
606 376 853 435 operum
884 361 978 421 vel
1005 362 1324 433 malorum,
1355 369 1592 435 oportet
1618 363 1780 438 quod
1807 364 1890 425 sit
1914 365 2228 427 diversitas
2248 380 2560 437 poenarum

158 449 186 492 e
267 446 616 490 raemiorum.

242 508 355 566 tem,
383 502 680 576 contingit
729 518 1040 562 excessum
1085 519 1220 563 esse
1252 506 1315 563 in
1357 505 1640 577 operibus
1672 506 1853 565 bonis
1900 511 1959 565 et
1993 507 2172 567 malis
2195 507 2509 578 dupl·citer
2540 527 2560 567 z

158 585 269 631 uno
292 574 487 642 modo,
518 574 852 632 secundum
883 588 1218 646 numerum,
1239 583 1416 647 prout
1448 591 1606 636 unus
1627 576 1749 635 alio
1776 576 1954 635 habet
1979 591 2161 648 opera
2187 582 2322 649 plur
2362 622 2375 646 ,
2403 579 2565 639 bona

158 645 239 702 vel
265 644 445 712 mala3
476 644 596 703 alio
627 644 828 714 modo,
849 645 1179 704 secundum
1222 647 1567 719 qualitatem
1615 661 1883 720 operum,
1913 654 2090 719 prout
2133 662 2291 706 unus
2322 650 2441 707 alio
2469 649 2562 708 vel

158 714 354 773 melius
379 714 469 771 vel
500 714 674 787 pejus
703 729 855 786 opus
884 716 1080 775 habet.
1115 718 1356 788 Oportet
1383 723 1581 774 autem
1608 719 1768 790 quod
1794 719 2070 776 excessui
2096 721 2199 790 qui
2230 725 2324 777 est
2349 733 2560 780 secun·

158 785 284 843 dum
315 798 626 844 numerum
677 800 922 858 operum
954 786 1309 858 respondeat
1335 801 1622 846 excessus
1668 789 2050 870 praemiorum
2077 789 2170 846 vel
2217 803 2558 860 poenarum;

158 854 312 926 alias,
330 868 448 914 non
500 855 671 915 fieret
715 858 1188 928 recompensatio
1234 858 1299 916 in
1324 857 1528 916 divino
1551 856 1781 931 judicio
1809 872 1917 930 pro
1946 859 2229 917 omnibus
2262 875 2393 932 quae
2424 861 2561 933 quis

158 925 285 997 agit,
309 926 360 983 si
412 926 616 999 aliqua
661 928 821 987 mala
845 932 1218 1000 remanerent
1271 929 1567 1001 impunita
1604 934 1665 986 et
1691 929 1894 1010 aliqua
1917 928 2072 1009 bona
2103 930 2556 989 irremunerata.

158 996 274 1053 Pari
300 1010 361 1053 er
400 1009 437 1055 o
481 998 738 1080 ratione,
767 999 1041 1057 excessui
1099 998 1201 1071 qui
1250 1005 1343 1058 est
1395 999 1728 1059 secundum
1780 1000 2245 1073 inaequalitatem
2308 1013 2557 1072 operum

158 1065 372 1138 inaequa
394 1066 506 1127 itas
527 1083 910 1139 praemiorum
932 1074 993 1128 et
1015 1081 1324 1141 poenarum
1344 1069 1683 1141 respondet.

219 1136 354 1195 Hinc
376 1143 466 1195 est
494 1139 655 1212 quod
678 1139 937 1199 dicitur:
965 1141 1072 1197 Pro
1097 1155 1354 1197 mensura
1371 1144 1586 1213 peccati
1601 1144 1707 1197 erit
1727 1144 1782 1197 et
1806 1141 2104 1214 ptaqarum
2137 1143 2328 1198 modus
2355 1140 2560 1213 (Μαι,

158 1216 281 1347 gx,
307 1208 392 1279 2);
419 1212 489 1266 In
522 1225 784 1351 ηέωἷεανα
826 1213 1017 1268 eontra
1052 1226 1379 1277 mensuram,
1421 1226 1547 1269 cum
1593 1211 1806 1282 abjecta
1842 1213 2045 1281 tuerit,
2089 1212 2369 1282 ,iudicabis
2421 1227 2558 1269 eam.

256 1291 529 1349 i.,xxvii,
599 1321 613 1335 .

221 1348 457 1429 Perlioc
484 1356 690 1409 autem
719 1351 1055 1411 excluditur
1081 1365 1249 1433 error
1272 1351 1667 1425 quorumdam
1692 1352 2016 1412 dicentium
2035 1352 2101 1410 in
2129 1352 2330 1413 futuro
2357 1351 2563 1414 omnia

161 1428 380 1488 praemta
405 1426 464 1478 et
483 1434 702 1493 poenas
731 1435 868 1481 esse
891 1422 1168 1496 aequalia.

1075 1632 1329 1698 CAPUT
1376 1632 1638 1697 CXLIII.

457 1805 536 1852 DE
569 1805 753 1853 POENA
789 1806 921 1858 011AE
954 1804 1224 1851 mummi
1257 1804 1515 1851 monuo
1557 1803 1819 1851 uoltum
1851 1804 1930 1851 m·
1961 1804 2224 1864 mmm,

786 1894 898 1941 PER
929 1893 1267 1940 RBSPEGTUH
1296 1892 1379 1940 AD
1414 1892 1678 1941 nummu
1709 1893 1908 1942 rium.

220 2054 311 2111 Est
334 2061 525 2114 autem
560 2072 636 2115 ex
658 2055 962 2128 praediciis
990 2056 1375 2114 manifestum
1419 2054 1584 2129 quod
1613 2055 1930 2128 dupliciter
1951 2055 2249 2138 contingit
2273 2069 2558 2129 peccaret

161 2135 267 2181 uno
293 2127 463 2184 modo
491 2127 582 2185 sic
611 2127 778 2200 quod
801 2127 1061 2185 totaliter
1083 2128 1335 2184 intentio
1358 2128 1578 2185 mentis
1596 2131 1895 2185 avertatur
1918 2127 1993 2185 ab
2013 2127 2222 2185 ordine
2247 2129 2322 2186 ad
2344 2131 2554 2201 Deum,

161 2193 250 2272 qui
274 2201 360 2253 est
409 2197 659 2256 ultimus
691 2197 830 2255 finis
857 2198 1175 2267 bonorum,
1206 2203 1262 2255 et
1307 2197 1420 2254 lioc
1449 2203 1543 2254 est
1567 2203 1873 2269 peccatum
1904 2198 2192 2267 mortale3
2224 2200 2345 2257 alio
2382 2200 2561 2259 inodo

163 2275 240 2320 sic
263 2268 433 2338 quod,
456 2274 736 2326 manente
766 2268 973 2325 ordine
1003 2269 1281 2326 humanae
1303 2268 1523 2326 mentis
1547 2267 1625 2324 ad
1652 2268 1928 2326 ultimum
1957 2267 2135 2326 tinem
2177 2269 2563 2339 impedimen-

161 2337 268 2391 tum
315 2338 551 2410 aliquod
601 2337 888 2397 afferatur
955 2351 1032 2396 uo
1062 2337 1391 2395 retardatur
1437 2351 1513 2394 ne
1569 2337 1754 2395 libere
1802 2336 2006 2395 tendat
2033 2339 2092 2394 in
2168 2352 2326 2407 nem,
2358 2346 2412 2396 et
2443 2341 2560 2400 lioo

165 2401 354 2464 dicitur
398 2415 704 2480 peccatum
748 2353 1000 2466 veniale.
1049 2408 1109 2465 Si
1155 2421 1299 2479 ergo
1353 2405 1681 2465 secundum
1738 2405 2133 2488 differentiam
2178 2414 2559 2490 peccatorum

166 2483 372 2544 oportet
397 2493 530 2539 esse
555 2479 955 2539 differentiam
986 2491 1318 2550 poenarum,
1348 2490 1730 2550 consequeus
1774 2481 1868 2535 est
1891 2477 2050 2550 quod
2079 2478 2181 2534 ille
2208 2492 2308 2551 qui
2335 2486 2557 2540 morta·

166 2542 283 2603 liter
320 2559 518 2620 peccat
573 2553 654 2609 sit
684 2549 1024 2622 puniendus
1075 2548 1165 2607 sic
1192 2547 1352 2621 quod
1378 2548 1611 2606 excidat
1635 2548 1711 2606 ab
1749 2547 2012 2605 hominis
2037 2546 2196 2617 fine;
2226 2549 2327 2621 qui
2359 2556 2560 2610 autem

166 2625 345 2683 peccat
385 2622 701 2679 venialiter
726 2633 848 2678 non
907 2621 991 2677 ita
1026 2618 1185 2691 quod
1212 2618 1465 2687 excidat,
1494 2620 1601 2676 sed
1628 2618 1710 2698 ita
1734 2616 1893 2698 quod
1924 2618 2252 2698 retardetur
2278 2625 2380 2676 aut
2405 2620 2559 2678 diffi-

169 2686 414 2748 cultatem
451 2694 714 2764 patiatur
741 2690 805 2747 in
829 2689 1214 2762 adipiscendo
1239 2688 1413 2746 finem
1440 2706 1456 2758 ;
1486 2689 1577 2746 sic
1609 2701 1770 2745 enim
1793 2692 2043 2759 Justitiae
2070 2693 2338 2746 servatur
2360 2704 2560 2761 aequa-

169 2751 285 2835 litas
310 2766 389 2830 ut,
418 2762 725 2835 quomodo
752 2761 935 2819 homo
963 2759 1264 2832 peccando
1293 2758 1624 2816 voluntarie
1650 2772 1688 2817 a
1710 2757 1830 2816 fine
1853 2771 1920 2817 se
1934 2758 2198 2839 divertit,
2226 2758 2312 2817 ita
2353 2773 2559 2832 poena·

169 2822 286 2885 liter
302 2837 502 2891 conti-a
529 2847 704 2892 suam
732 2832 1095 2890 voluntatem
1126 2830 1189 2887 in
1218 2828 1359 2888 finis
1388 2829 1704 2900 adeptione
1728 2827 2105 2901 impediatur.
2416 2898 2421 2903 ,

225 2900 426 2974 Adhuc,
456 2904 613 2961 sicut
665 2908 758 2961 est
783 2902 1062 2960 voluntas
1092 2900 1156 2958 in
1194 2899 1565 2968 hominibuS,
1588 2901 1673 2958 ita
1709 2906 1803 2981 est
1826 2899 2139 2982 inclinatio
2182 2901 2559 2982 naturalisin

169 2967 325 3028 rebus
352 2974 746 3032 naturalibus.
777 2972 838 3031 Si
868 2977 1065 3030 autem
1091 2972 1166 3030 ab
1196 2972 1396 3044 aliqua
1423 2984 1486 3028 re
1518 2970 1774 3028 naturali
1816 2970 2063 3028 tollatur
2089 2972 2401 3030 inclinatio
2428 2972 2560 3043 ejus

173 3036 235 3093 ad
254 3038 713 3113 finem,omnino
750 3042 929 3101 finem
976 3043 1144 3100 illum
1170 3042 1457 3114 consequi
1488 3054 1612 3098 non
1654 3045 1889 3113 potest3
1915 3042 2072 3099 sicut
2110 3056 2330 3115 corpus
2358 3056 2555 3114 grave,

171 3119 328 3176 quum
357 3117 702 3194 gravitatem
747 3113 1014 3173 amiserit
1049 3126 1152 3185 per
1178 3113 1621 3183 corruptionem
1647 3116 1707 3169 et
1752 3112 1972 3193 factum
2026 3111 2204 3194 fuerit
2256 3113 2403 3194 leve,
2436 3126 2558 3194 non

171 3188 441 3255 pelvemet
486 3186 563 3244 ad
603 3184 906 3252 medium;
936 3183 988 3242 si
1030 3190 1227 3241 autem
1259 3183 1526 3241 fueritin
1574 3195 1687 3241 suo
1715 3189 1883 3240 motu
1910 3182 2284 3255 impeditum,
2314 3184 2563 3242 inclina-

171 3250 313 3309 tione
338 3255 410 3312 ad
447 3255 627 3314 finem
677 3261 973 3324 manente,
996 3260 1225 3313 remoto
1279 3252 1652 3335 prohibente,
1682 3252 1986 3333 perveni-et
2032 3252 2106 3310 ad
2142 3252 2343 3311 finem.
2377 3256 2440 3310 ln
2485 3267 2558 3312 eo

172 3326 344 3379 autem
382 3327 480 3397 qui
505 3332 710 3399 peccat
751 3326 1099 3394 mortaliter,
1130 3337 1376 3383 omnino
1406 3324 1688 3381 avertitur
1721 3325 1975 3381 intentio
2005 3324 2331 3382 voluntatis
2361 3338 2397 3381 a
2439 3322 2559 3382 fine

173 3386 389 3463 ultim03
418 3397 478 3453 in
521 3399 629 3455 illo
659 3403 855 3454 autem
885 3396 987 3469 qui
1030 3394 1341 3453 venialiter
1367 3400 1590 3464 peccat,
1617 3400 1819 3452 manet
1856 3394 2110 3451 intentio
2165 3407 2456 3451 conversa
2483 3394 2557 3452 ad

172 3454 350 3534 finem,
379 3468 480 3525 sed
510 3467 847 3541 aliqualiter
871 3465 1190 3538 impeditur
1216 3479 1290 3522 ex
1318 3465 1431 3523 hoc
1462 3464 1623 3538 quod
1650 3465 1788 3536 plus
1814 3463 2014 3522 debito
2034 3463 2282 3522 inhaeret
2310 3464 2405 3522 his
2425 3478 2558 3537 quae

173 3537 297 3587 sunt
346 3536 415 3593 ad
443 3538 642 3596 finem.
670 3537 856 3610 Igitur
907 3538 962 3594 ei
1015 3537 1119 3609 qui
1167 3542 1374 3608 peccat
1416 3536 1747 3594 mortaliter
1799 3535 1928 3593 haec
1954 3548 2150 3615 ‚poena
2192 3534 2439 3616 debetur
2491 3540 2558 3593 ut

175 3603 396 3662 omnino
433 3610 778 3667 excludatur
817 3623 854 3666 a
890 3607 1315 3666 consecutione
1342 3605 1485 3664 finis
1508 3624 1524 3674 ;
1550 3605 1605 3663 ei
1637 3609 1836 3663 autem
1866 3619 1969 3678 qui
1993 3610 2198 3677 peccat
2223 3606 2553 3676 venialiter,

174 3672 308 3737 quod
339 3676 737 3738 difficultatem
769 3678 1029 3751 aliquam
1059 3678 1316 3750 patiatur
1342 3684 1659 3749 antequam
1686 3676 1759 3734 ad
1789 3674 1969 3734 finem
1995 3676 2316 3748 perveniat.

232 3741 486 3813 Amplius,
516 3765 698 3822 quum
744 3749 964 3823 aliquis
992 3749 1378 3820 consequitur
1414 3747 1656 3821 aliquod
1692 3745 1916 3805 honum
1946 3747 2107 3818 quod
2136 3759 2257 3804 non
2287 3746 2556 3805 intende·

173 3804 278 3890 hai,
305 3823 391 3872 est
437 3834 473 3876 a
504 3821 737 3879 foi-tuna
778 3825 838 3876 et
871 3833 1036 3878 casu.
1064 3819 1125 3876 Si
1160 3819 1342 3890 igitur
1385 3817 1486 3875 ille
1527 3818 1702 3890 cujus
1729 3817 1983 3875 intentio
2019 3823 2111 3874 est
2138 3829 2347 3875 aversa
2373 3832 2407 3875 a
2436 3818 2553 3876 fine

174 3876 363 3955 ultimo
389 3887 562 3948 finem
596 3892 868 3950 ultimum
897 3894 1270 3962 assequatur,
1298 3889 1409 3945 erit
1437 3889 1552 3946 hoc
1576 3903 1614 3948 a
1642 3888 1881 3946 fortuna
1913 3893 1973 3945 et
2015 3901 2180 3945 casu.
2209 3889 2330 3945 Hoc
2358 3894 2553 3946 autem

178 3958 576 4021 inconveniens
631 3968 740 4031 est,
790 3961 933 4033 quia
982 3961 1229 4018 ultimus
1285 3959 1425 4017 finis
1472 3965 1565 4018 est
1626 3957 1852 4016 bonum
1905 3958 2277 4026 intellectus;
2320 3959 2558 4017 fortuna

178 4024 350 4081 autem
383 4028 701 4090 intellectui
742 4037 1050 4105 repugnat,
1081 4031 1222 4104 quia
1249 4030 1489 4087 fortuita
1519 4030 1743 4102 absque
1780 4027 2155 4087 ordinatione
2208 4029 2545 4088 intellectus

177 4097 533 4171 proveniunt3
559 4103 987 4161 inconveniens
1028 4108 1222 4159 autem
1252 4107 1341 4158 est
1370 4102 1528 4173 quod
1569 4101 1909 4158 intellectus
1929 4113 2104 4157 suum
2146 4096 2324 4157 finem
2349 4114 2556 4158 conse-

180 4168 370 4241 <luatur
398 4182 509 4228 non
537 4187 639 4244 per
666 4174 822 4230 viam
843 4171 1301 4244 intelligibilem.
1320 4174 1446 4228 Non
1471 4184 1614 4244 ergo
1642 4173 2044 4242 consequetur
2067 4169 2246 4227 finem
2278 4171 2551 4229 ultimum

178 4239 268 4298 ¹1⁰1
295 4248 534 4304 peccans
568 4244 894 4302 mortaliter
916 4244 1093 4302 habet
1120 4242 1511 4299 intentionem
1542 4254 1807 4298 aversam
1839 4240 1913 4299 ab
1937 4241 2148 4299 ultimo
2175 4239 2312 4298 fine.

221 4302 380 4377 dcem,
405 4315 642 4372 materia
666 4327 785 4372 non
812 4314 1199 4386 consequitur
1227 4313 1476 4370 sormam
1507 4312 1581 4369 ab
1613 4316 1848 4384 agente,
1867 4311 1982 4369 nisi
2012 4312 2189 4369 suerit
2206 4313 2276 4370 ad
2302 4313 2551 4391 formam

182 4364 447 4444 dlsposiia
488 4385 922 4446 convenienter.
953 4383 1118 4446 Finis
1169 4390 1369 4445 autem
1393 4389 1449 4441 et
1476 4382 1702 4443 honuni
1745 4386 1838 4443 est
1870 4381 2154 4457 perfectio
2203 4383 2551 4448 voluntatiS,
