3076 5025
1128 291 1272 349 Lm.
1308 293 1359 359 1,
1396 290 1814 350 (ursitum.
2179 262 2184 269 ’
2620 300 2692 358 ne

308 412 603 484 Amplius,
644 425 829 492 omne
855 411 1015 485 quod
1043 412 1115 470 de
1145 413 1417 484 pluribus
1449 415 1803 485 praedicatur
1831 416 2082 475 univoce
2127 417 2456 476 secundum
2505 420 2693 491 parti·

248 482 640 556 dpationem‚
673 483 924 541 cuilibet
950 496 1153 541 eorum
1185 486 1461 542 convenit
1492 486 1562 541 de
1586 499 1707 557 quo
1739 487 2108 557 praedicatur.
2131 492 2274 546 Nam
2298 489 2531 561 species
2595 504 2692 550 ar-

247 555 501 626 ticipare
524 554 751 634 dicitur
779 567 990 634 genus,
1022 560 1077 611 et
1104 555 1474 613 individuum
1504 558 1782 625 speeiem.
1820 560 1897 615 De
1931 562 2049 616 Deo
2091 564 2290 617 autem
2339 560 2488 617 nibil
2582 561 2692 619 ici·

250 631 342 684 tur
421 640 488 682 er
524 626 1063 696 participationem,
1114 639 1247 683 nam
1298 640 1475 683 omne
1566 626 1680 683 uod
1731 629 2111 700 participatur
2153 630 2580 689 determinatur
2616 632 2693 691 ad

245 641 499 754 mocfum
554 694 916 776 participati,
947 700 1005 751 et
1031 696 1120 753 sic
1206 697 1495 754 artialiter
1583 698 1872 768 aberetur‚
1916 705 1973 755 et
2013 713 2133 757 non
2178 701 2508 759 secundum
2560 716 2692 760 om·
2755 754 2764 763 .

246 781 389 825 nem
420 765 818 893 persgctionts
854 765 1117 824 modum.
1196 772 1388 838 portet
1413 767 1599 841 igitur
1625 768 1774 825 nihil
1803 769 1874 826 de
1903 772 2025 829 Deo
2059 780 2118 827 et
2142 770 2322 829 rebus
2365 772 2503 830 aliis
2552 772 2693 830 uni·

244 852 397 896 voce
473 851 551 894 rae
600 851 771 892 icari.

308 909 374 965 Α
460 923 548 971 uc,
581 905 874 987 quicquid
909 907 1264 979 praedicatur
1291 908 1362 965 de
1393 907 1697 980 aliquibus
1727 909 2253 982 secundum-prius
2280 916 2340 970 et
2362 911 2691 984 posteriue,

244 985 484 1036 certum
515 983 608 1035 est
638 989 893 1033 univoce
922 990 1040 1035 non
1074 978 1401 1048 praedicari.
1434 981 1577 1035 Nam
1620 979 1785 1049 prius
1829 980 1888 1035 in
1940 980 2283 1038 definitione
2333 982 2688 1053 posterioris

245 1049 606 1115 includitur,
631 1048 793 1105 sicut
825 1047 1158 1109 substantia
1187 1049 1247 1104 in
1276 1048 1622 1106 definitione
1664 1049 2010 1120 accidentis,
2042 1052 2372 1110 secundum
2404 1053 2563 1125 quod
2592 1058 2688 1112 est

243 1132 382 1180 ens.
409 1120 470 1177 Si
508 1119 525 1175 i
576 1119 692 1175 ‘tur
718 1118 1015 1176 diceretur
1038 1119 1289 1177 univoce
1319 1133 1429 1177 ens
1459 1119 1530 1176 de
1561 1118 1898 1177 substantia
1927 1126 1986 1177 et
2008 1122 2334 1192 accidente,
2383 1128 2688 1194 oporteret

245 1189 411 1264 quod
448 1204 524 1246 su
572 1188 797 1247 stantia
823 1190 1001 1247 etiam
1030 1196 1350 1261 poneretur
1393 1190 1457 1246 in
1500 1190 1848 1247 definitione
1876 1190 2033 1249 entis
2061 1192 2390 1249 secundum
2421 1194 2580 1265 quod
2614 1193 2689 1252 de

248 1259 599 1320 substantia
628 1258 1002 1330 praedicatur,
1032 1261 1191 1333 quod
1226 1265 1383 1331 patet
1424 1274 1559 1318 esse
1605 1260 2001 1331 impossibile.
2033 1262 2191 1318 Nihil
2234 1269 2431 1319 autem
2463 1263 2534 1319 de
2567 1264 2687 1321 Deo

249 1336 305 1389 et
327 1333 521 1388 rebus
549 1331 689 1387 aliis
719 1330 1075 1402 praedicatur
1102 1330 1310 1389 eodem
1332 1330 1563 1399 ordine,
1587 1331 1690 1388 sed
1719 1331 2048 1389 secundum
2076 1331 2245 1403 prius
2275 1339 2333 1389 et
2360 1333 2691 1404 posteriue,

251 1415 441 1475 quum
466 1401 538 1459 de
564 1404 685 1458 Deo
708 1402 918 1459 omnia
944 1402 1340 1472 praedicentur
1355 1401 1775 1459 essentialiter.
1801 1402 2029 1459 Dicitur
2045 1402 2205 1460 enim
2233 1403 2536 1477 ensquasi
2560 1405 2694 1474 ipsa

252 1473 544 1539 essentia,
575 1477 632 1528 et
662 1472 862 1530 honus
889 1471 1062 1543 quasi
1093 1473 1226 1543 ipsa
1252 1472 1510 1530 bonitas.
1545 1474 1625 1528 De
1654 1471 1791 1529 aliis
1822 1479 2019 1530 autem
2049 1472 2505 1545 praedicationes
2534 1472 2688 1532 fiunt

250 1556 359 1615 per
380 1543 920 1613 participationem,
953 1542 1110 1599 sicut
1134 1545 1403 1601 Socrates
1431 1542 1649 1600 dicitur
1680 1543 1879 1614 bomo,
1911 1557 2034 1601 non
2081 1543 2241 1617 quod
2280 1543 2360 1601 sit
2407 1543 2542 1616 ipsa
2574 1544 2683 1603 hu·

255 1614 534 1682 manitas»,
570 1612 678 1670 sed
713 1612 1140 1670 humanitatem
1184 1613 1429 1671 babens.
1464 1614 1841 1685 impossibile
1869 1619 1961 1672 est
1993 1613 2180 1688 igitur
2205 1613 2436 1689 aliquid
2461 1613 2535 1672 de
2562 1617 2685 1673 Deo

262 1690 325 1744 et
349 1683 525 1743 rebus
549 1683 693 1743 aliis
721 1685 979 1743 univoce
1005 1682 1147 1742 dici.
1176 1682 1221 1756 (1
1249 1689 1424 1755 part„
1454 1699 1514 1757 q.
1543 1696 1673 1754 xm,
1702 1689 1812 1741 art.
1843 1683 1919 1755 5.)

1196 1884 1448 1948 CAPUT
1486 1884 1761 1949 xxxln.

314 2053 465 2109 ΟΠὉῙ)
484 2055 608 2102 NON
633 2055 827 2102 om
851 2054 1081 2103 Nonum
1101 2055 1395 2102 luctuum
1421 2057 1500 2102 ΒΕ
1526 2055 1643 2102 1)Εο
1667 2056 1746 2101 ΕΤ
1768 2056 2089 2103 ommis
2114 2056 2267 2103 lm
2292 2056 2630 2113 AEomvonl.

322 2245 407 2304 Ex
430 2240 769 2315 proemissis
785 2240 966 2301 etiam
991 2244 1155 2314 patet
1173 2241 1332 2316 quod
1361 2255 1484 2301 non
1514 2243 1798 2317 quicquid
1827 2245 1903 2303 de
1935 2246 2060 2304 Deo
2080 2249 2142 2304 et
2165 2244 2348 2306 rebus
2368 2245 2509 2306 aliis
2526 2259 2678 2319 prm-

251 2313 507 2382 dicatur,
538 2312 874 2396 secundum
906 2326 1115 2395 puram
1142 2314 1674 2385 aequivocationem
1702 2315 1939 2398 dicitur,
1970 2316 2127 2375 sicut
2172 2331 2242 2377 ea
2280 2330 2414 2390 quae
2459 2322 2602 2375 sunt
2641 2331 2679 2375 a

249 2397 400 2446 casu
430 2398 760 2456 aeqmvoca.
790 2385 937 2441 Nam
963 2396 1024 2440 tn
1057 2383 1153 2442 his
1223 2398 1312 2441 uae
1338 2390 1544 2442 sunta
1593 2399 1739 2443 casu
1779 2399 2106 2458 oequtvoca‚
2136 2386 2343 2445 nullus
2385 2387 2534 2445 ordo
2575 2391 2680 2445 aut

249 2461 564 2527 respectus
592 2453 918 2514 attenditur
944 2453 1128 2514 unius
1150 2469 1185 2512 a
1254 2455 1529 2524 alterum,
1561 2455 1667 2515 sed
1693 2457 1942 2514 omnino
1969 2471 2078 2529 par
2105 2457 2385 2515 accidens
2406 2456 2678 2530 estquod

250 2540 440 2588 unum
468 2540 689 2583 nomen
714 2524 968 2583 diversis
997 2524 1175 2584 rebus
1199 2527 1575 2583 attribuatur.
1603 2529 1730 2583 Non
1760 2529 1919 2584 enim
1951 2527 2528 2599 nomenimpositum
2549 2527 2674 2600 uni,

252 2596 457 2670 signat
482 2596 683 2667 ipsum
714 2596 931 2653 babere
958 2595 1229 2653 ordinem
1257 2595 1329 2653 ad
1358 2596 1544 2653 aliud.
1577 2597 1672 2653 Sic
1698 2604 1893 2654 autem
1922 2611 2042 2654 non
2071 2604 2163 2655 est
2204 2598 2280 2655 de
2330 2598 2679 2658 nominibus

252 2668 451 2741 quide
480 2670 605 2725 Deo
623 2667 906 2724 dicuntur
923 2670 981 2724 et
1008 2666 1318 2723 creaturis.
1348 2666 1773 2724 consideratur
1796 2667 1956 2722 enim
1993 2668 2057 2723 in
2094 2667 2441 2739 hujusmodi
2484 2668 2679 2726 nomi-

250 2751 399 2798 num
425 2737 859 2796 communitate
885 2736 1036 2794 ordo
1064 2749 1263 2793 causae
1295 2741 1352 2792 et
1381 2736 1634 2803 causati,
1667 2741 1732 2792 ut
1759 2750 1830 2793 ex
1858 2736 2037 2792 dictis
2072 2734 2222 2808 (cap.
2248 2741 2322 2793 29
2347 2743 2406 2793 et
2443 2738 2532 2809 32)
2616 2752 2680 2796 a-

250 2812 359 2941 ggi
385 2810 523 2866 Non
539 2808 738 2936 t{gitur
767 2806 1101 2865 secundum
1125 2819 1336 2878 puram
1364 2805 1896 2878 aequivocationem
1925 2805 2155 2881 aliquid
2180 2805 2396 2876 debeo
2424 2812 2483 2864 et
2498 2753 2681 2868 reique

361 2893 395 2938 s
456 2893 537 2937 rae
583 2892 675 2936 ica
703 2891 794 2936 ur.

320 2893 605 3019 Avarius,
630 2949 729 3007 ubi
760 2953 853 3007 est
873 2962 1025 3020 pura
1050 2948 1445 3021 aequivocatio
1473 2947 1641 3006 nulla
1669 2947 2001 3006 similitudo
2030 2947 2094 3005 in
2124 2946 2306 3007 rebus
2332 2947 2680 3021 attenditur,

252 3019 363 3081 sed
391 3022 594 3078 solum
628 3020 828 3078 unitas
873 3020 1139 3077 nominis
1170 3038 1185 3077 ε
1217 3033 1414 3077 rerum
1454 3024 1650 3076 autern
1700 3019 1774 3077 ad
1823 3022 2006 3077 Deum
2052 3025 2146 3078 est
2194 3020 2413 3093 aliquis
2460 3020 2678 3079 modus

253 3091 700 3157 similitudinis,
730 3095 798 3148 ut
823 3104 895 3147 ex
921 3090 1223 3161 praedictis
1247 3090 1397 3162 (cap.
1428 3091 1520 3160 29)
1547 3096 1723 3161 patet.
1754 3089 2132 3165 Relinquitur
2156 3091 2343 3166 igitur
2365 3091 2529 3164 quod
2552 3102 2679 3151 nou

252 3160 536 3222 dicantur
555 3160 630 3218 de
655 3164 776 3219 Deo
794 3160 1018 3218 secund
1029 3175 1126 3217 um
1154 3175 1359 3231 puram
1391 3161 1946 3232 aequivocationem.

322 3233 482 3301 uem,
504 3231 744 3302 quando
774 3245 960 3289 uuum
990 3232 1066 3288 de
1090 3230 1363 3302 pluribus
1392 3231 1722 3289 secundum
1746 3245 1956 3303 puram
1985 3230 2519 3305 oequivoeationem
2536 3244 2682 3304 prm·

254 3301 514 3371 dicatur,
546 3317 621 3359 ex
651 3315 772 3359 uno
801 3315 1009 3359 eorum
1040 3315 1160 3359 non
1187 3315 1514 3373 possumus
1541 3302 1675 3360 duci
1711 3302 1771 3358 in
1820 3302 2190 3374 agnitionem
2236 3301 2503 3360 alterius.
2531 3304 2679 3364 Nam

254 3373 530 3446 cognitio
558 3385 754 3430 rerum
788 3385 909 3429 nou
939 3372 1232 3442 dependet
1258 3386 1327 3429 ex
1370 3371 1640 3437 vocibus,
1674 3371 1779 3429 sed
1835 3387 1907 3429 ex
1955 3374 2264 3430 nominum
2313 3372 2564 3429 ratione.
2597 3374 2680 3429 Ex

256 3442 357 3502 his
400 3449 599 3499 autem
639 3456 773 3515 quae
823 3442 886 3498 in
933 3441 1112 3499 rebus
1155 3443 1293 3499 aliis
1339 3444 1725 3500 inveniuntur
1787 3442 1849 3499 in
1898 3442 2236 3501 divinorum
2271 3442 2678 3512 cognitionem

255 3514 664 3586 pervenimus,
690 3519 750 3569 ut
782 3526 852 3569 ex
880 3511 1056 3569 dictis
1087 3511 1238 3583 (cap.
1269 3516 1340 3570 30
1358 3520 1412 3570 et
1435 3512 1523 3583 31)
1557 3519 1732 3585 patet.
1751 3514 1877 3571 Non
1909 3513 2094 3580 igitur
2121 3512 2452 3572 secundum
2467 3525 2677 3584 puram

261 3584 801 3657 equivocationem
831 3582 1110 3640 dicuntur
1141 3582 1482 3653 hujusmodi
1510 3583 1582 3639 de
1614 3586 1733 3640 Deo
1766 3589 1824 3639 et
1852 3583 1990 3640 aliis
2021 3584 2219 3641 rebuS.

327 3654 550 3720 Adhuc,
591 3654 982 3726 aequivocatio
1037 3654 1303 3712 nominis
1353 3667 1702 3726 processum
1759 3652 2299 3734 argumentationis
2339 3652 2584 3724 inpedit.
2614 3652 2677 3712 Si

253 3721 446 3797 igitur
499 3724 651 3780 nibil
681 3724 975 3781 diceretur
1018 3722 1091 3779 de
1132 3727 1276 3790 De0‚
1324 3730 1381 3780 et
1417 3725 1728 3790 creaturis,
1781 3724 1896 3780 nisi
1941 3737 2089 3794 pure
2132 3723 2454 3795 aequivoce,
2511 3722 2682 3785 nulla

254 3794 701 3867 argumentatio
753 3793 877 3850 fleri
935 3797 1140 3864 posset
1186 3794 1562 3864 procedendo
1612 3793 1684 3851 de
1743 3794 2031 3852 creaturis
2087 3792 2168 3852 ad
2225 3795 2450 3866 Deum;
2505 3794 2679 3868 cujus

256 3866 629 3926 eontrarium
663 3869 825 3935 patet
850 3877 923 3920 ex
949 3864 1233 3921 omnibus
1262 3865 1646 3935 loquentibus
1673 3864 1745 3922 de
1772 3865 2015 3926 divinis.
2600 3927 2603 3931 Α

324 3936 613 4006 Amplius,
638 3935 857 3993 frustra
884 3934 1130 4007 aliquod
1157 3947 1373 3993 nomen
1402 3935 1473 3992 de
1504 3936 1706 4007 aliquo
1732 3935 2105 4016 praedicatur,
2123 3932 2242 3992 nisi
2267 3949 2374 4007 per
2397 3935 2548 3994 illud
2576 3949 2681 3996 no-

252 4017 394 4066 men
422 4005 653 4078 aliquid
696 4004 769 4061 de
796 4017 870 4062 eo
898 4004 1328 4078 intelligamus.
1370 4005 1481 4065 Sed
1507 4007 1557 4065 si
1591 4011 1837 4064 nomina
1882 4006 2163 4063 dicuntur
2186 4005 2259 4063 de
2287 4007 2407 4065 Deo
2434 4011 2491 4064 et
2515 4021 2680 4066 crea·

252 4076 410 4136 turis
464 4075 722 4134 omnino
750 4075 1071 4156 aequivoce,
1094 4076 1244 4134 nihil
1274 4076 1510 4146 peritia
1540 4077 1783 4134 nomina
1825 4074 2074 4134 omnino
2100 4074 2173 4134 de
2225 4078 2347 4134 Deo
2397 4076 2681 4151 intelligi-

252 4157 428 4216 mus;
496 4160 642 4204 uum
674 4144 1153 4216 significationes
1207 4146 1447 4204 illorum
1503 4148 1815 4204 nominum
1869 4152 2026 4204 notae
2077 4146 2200 4204 sint
2249 4147 2426 4205 nobis
2480 4149 2682 4210 solum

252 4164 593 4279 secunaum
634 4215 798 4287 quod
835 4216 911 4274 de
936 4218 1153 4275 creatis
1181 4216 1478 4274 dicuntur.
1514 4220 1750 4298 Frustra
1786 4217 1968 4298 igitur
1993 4216 2306 4286 diceretur,
2338 4223 2439 4274 aut
2469 4219 2681 4288 proba·

250 4295 417 4349 retur
442 4289 519 4347 de
543 4291 665 4345 Deo
693 4286 851 4360 quod
882 4289 1037 4346 Deus
1080 4293 1172 4344 est
1199 4301 1308 4345 ens
1340 4287 1554 4354 bonus,
1576 4289 1663 4344 vet
1689 4301 1739 4345 si
1767 4287 1909 4366 quid
1933 4286 2094 4345 aliud
2120 4288 2460 4360 hujusmodi
2495 4294 2606 4345 est.

317 4361 380 4420 Si
405 4366 613 4420 autem
644 4358 881 4416 dicatur
924 4357 1083 4431 quod
1108 4372 1213 4429 per
1240 4357 1581 4432 hujusmodi
1638 4371 1884 4413 nomina
1914 4358 2110 4415 solum
2153 4356 2226 4415 de
2255 4360 2376 4415 Deo
2422 4367 2682 4428 eognos-

242 4429 450 4494 eimue
478 4429 652 4505 quod
674 4441 803 4487 non
826 4433 940 4500 est,
970 4433 1043 4487 ut
1056 4429 1295 4488 scilicet
1318 4442 1392 4488 ea
1416 4428 1650 4486 ratione
1675 4429 1908 4486 dicatur
1930 4427 2161 4499 vivens,
2189 4429 2333 4501 quia
2349 4431 2578 4486 nonest
2604 4422 2684 4480 de
