3076 5025
351 328 360 334 .
423 290 524 346 164
1363 283 1498 341 LIB.
1537 284 1611 346 11,
1652 280 1807 338 CAP.
1846 280 1908 339 L.

417 408 666 469 materia
689 406 991 488 dividitur,
1019 419 1130 464 nec
1157 405 1333 464 aliter
1351 419 1529 478 quam
1563 403 1859 485 divis-ione
1883 401 2232 484 quantitatis
2262 402 2395 460 sine
2419 416 2537 484 qua
2564 402 2853 484 substan-

415 481 504 538 tia
552 484 643 537 est
687 476 1097 535 indivisibilis.
1146 476 1318 545 Quod
1365 480 1567 533 autem
1607 480 1890 545 reetpttur
1941 486 2004 529 tn
2043 486 2312 543 corpore,
2352 478 2633 544 recipitur
2678 487 2743 531 in
2774 487 2853 532 eo

421 549 750 608 secundum
806 547 1154 629 quantitatis
1195 546 1576 604 divisionem.
1625 547 1776 616 Ergo
1815 544 2008 602 forma
2046 556 2165 601 non
2198 544 2480 615 recipitur
2509 544 2568 600 in
2598 556 2854 624 corpore

418 621 537 680 nisi
572 625 634 677 ut
663 618 1051 677 indivtduata.
1078 618 1136 675 Si
1170 618 1355 689 igitur
1378 615 1717 674 intellectus
1740 619 1901 672 esset
1927 627 2167 685 corpuS,
2198 614 2404 671 formae
2444 628 2637 671 rerum
2671 616 2852 673 intel-

417 691 458 749 li
507 691 684 747 ibiles
729 701 849 747 non
894 688 1296 759 reciperentur
1323 686 1385 744 in
1418 699 1489 744 eo
1518 686 1637 743 nisi
1684 692 1749 743 ut
1786 684 2188 743 individuatae.
2218 684 2504 759 Intelligit
2530 690 2728 742 autem
2756 685 2854 743 in-

417 705 695 819 teqlectus
725 773 824 818 res
847 773 952 830 per
978 759 1200 817 formas
1229 771 1456 827 earum,
1479 769 1631 830 quas
1654 769 1839 836 penes
1867 769 1933 837 se
1961 754 2157 812 habet.
2185 757 2314 813 Non
2339 762 2483 828 ergo
2507 755 2855 814 intellectus

417 831 700 903 intelligit
746 830 1131 898 universalia,
1174 827 1279 887 sed
1325 828 1523 887 solum
1570 826 1973 899 parttcularta,
2019 824 2179 898 quod
2226 831 2387 897 patet
2431 838 2566 884 esse
2605 825 2849 884 falsum.

417 903 631 961 Nullus
660 901 844 972 igitur
869 900 1208 958 intellectus
1230 903 1322 957 est
1348 911 1591 970 corpus.

487 975 640 1040 Item,
673 972 824 1029 nihil
863 970 985 1044 agit
1011 970 1131 1028 nisi
1179 970 1507 1028 secundum
1540 981 1710 1027 suam
1741 966 2023 1037 speciem,
2056 981 2128 1024 eo
2152 966 2311 1039 quod
2342 965 2530 1024 forma
2561 972 2653 1025 est
2684 968 2856 1040 prin-

419 1043 642 1115 cipium
676 1042 889 1114 agendi
921 1041 986 1098 in
1016 1053 1378 1113 unoquoque
1429 1040 1481 1098 si
1517 1039 1702 1112 igitur
1746 1038 2085 1095 intellectus
2112 1037 2194 1095 sit
2234 1050 2476 1108 corpus»,
2514 1038 2671 1095 actio
2717 1039 2852 1111 ejus

420 1113 695 1171 ordinem
725 1125 1042 1184 corporum
1073 1125 1194 1173 non
1224 1083 1554 1168 excederet.
1585 1110 1715 1167 Non
1743 1107 1925 1189 igitur
1954 1107 2245 1179 intelliget
2276 1108 2390 1165 nisi
2422 1121 2702 1178 corpora;
2733 1109 2853 1167 hoc

420 1188 618 1241 autem
653 1189 812 1254 patet
838 1195 974 1240 esse
1004 1182 1245 1240 falsum.
1276 1180 1676 1253 Intelligimus
1696 1192 1855 1237 enim
1884 1179 2074 1237 multa
2099 1192 2232 1251 quae
2257 1191 2376 1236 non
2408 1185 2548 1236 sunt
2573 1192 2850 1251 corpora.

419 1253 760 1311 Intellectus
791 1253 973 1325 igitur
1000 1266 1119 1310 non
1151 1258 1239 1311 est
1268 1265 1507 1322 corpus,
1966 1282 1971 1285 -

488 1324 708 1392 Adhuc,
752 1323 802 1381 si
847 1322 1180 1381 substantia
1207 1322 1395 1379 intelli
1444 1334 1554 1378 ens
1580 1326 1674 1379 est
1701 1333 1939 1391 corpus,
1986 1327 2085 1378 aut
2113 1324 2205 1379 est
2230 1319 2485 1389 finitum,
2516 1325 2619 1378 aut
2645 1318 2852 1378 infini-

420 1402 566 1451 tum.
614 1397 841 1465 Corpus
886 1400 1083 1451 autem
1135 1406 1270 1452 esse
1316 1393 1379 1449 in
1431 1393 1619 1449 nitum
1670 1396 1804 1448 actu
1853 1395 1945 1449 est
1986 1391 2383 1462 impossibile,
2416 1391 2564 1448 utin
2594 1392 2852 1460 Physicis

423 1464 546 1533 (lib.
594 1477 684 1535 111,
732 1468 872 1521 text.
922 1477 1141 1521 comm.
1169 1467 1240 1519 24
1283 1467 1342 1520 et
1380 1462 1558 1534 infra)
1589 1461 1888 1533 probatur.
1923 1462 2022 1519 Est
2050 1461 2232 1534 igitur
2258 1460 2490 1517 finitum
2520 1475 2762 1532 corpus,
2795 1462 2853 1520 si
2930 1472 2939 1483 “

421 1547 640 1605 corpus
682 1547 817 1591 esse
862 1535 1121 1604 ponitur.
1167 1536 1289 1590 Boc
1316 1540 1510 1590 autem
1555 1538 1645 1590 est
1673 1531 2085 1601 impossihile:
2121 1532 2181 1588 in
2213 1532 2379 1588 nullo
2409 1532 2566 1589 enim
2596 1546 2853 1604 corpore

420 1603 591 1661 finito
638 1608 840 1685 potest
887 1617 1021 1662 esse
1061 1603 1326 1674 potentia
1353 1602 1609 1670 infinita,
1641 1607 1705 1659 ut
1732 1615 1914 1673 supra
1942 1601 2005 1674 (l.
2035 1615 2076 1671 1,
2117 1617 2245 1674 cap.
2279 1601 2367 1674 13)
2399 1603 2703 1673 probatum
2731 1607 2851 1661 est.

420 1677 694 1732 Potentia
740 1679 936 1731 autem
977 1674 1319 1731 intellectus
1363 1679 1456 1731 est
1481 1671 1923 1745 quodammodo
1967 1671 2201 1730 infinita
2230 1673 2291 1730 in
2322 1672 2747 1744 intelligendo:
2781 1673 2853 1730 in

421 1744 720 1801 infinitum
765 1744 925 1801 enim
968 1744 1252 1816 intelligit
1282 1744 1517 1825 species
1550 1755 1931 1800 numerorum
1980 1743 2277 1814 augendo,
2309 1749 2364 1799 et
2412 1743 2688 1801 similiter
2710 1757 2854 1815 spe-

421 1815 547 1872 cies
595 1813 920 1894 figurarum
968 1821 1028 1871 et
1073 1821 1564 1887 proportionum;
1605 1813 1921 1894 cognoscit
1952 1814 2129 1871 etiam
2182 1814 2539 1895 universate,
2570 1813 2732 1885 quod
2756 1818 2853 1873 est

421 1885 634 1941 virtute
682 1883 980 1942 infimtum
1027 1885 1356 1942 secundum
1405 1897 1584 1941 suum
1630 1882 1940 1940 ambitum.
1998 1884 2270 1942 Continet
2318 1884 2477 1941 enim
2516 1884 2848 1951 individua,

421 1969 555 2027 quae
581 1959 722 2012 sunt
749 1954 1013 2026 potentia
1041 1954 1295 2013 infinita.
1328 1954 1671 2012 Intellectus
1701 1954 1885 2026 igitur
1913 1967 2034 2011 non
2060 1959 2154 2013 est
2184 1968 2424 2035 corpus.

490 2025 767 2096 Amplius,
798 2024 1171 2097 impossibile
1199 2024 1437 2083 est‘duo
1467 2037 1720 2104 corpora
1747 2037 1813 2081 se
1842 2023 2095 2082 invicem
2134 2032 2461 2093 continere,
2491 2039 2627 2083 cum
2656 2025 2850 2084 conti·

419 2109 576 2153 nens
623 2095 867 2152 excedat
895 2100 1261 2154 contentum.
1300 2097 1426 2152 Duo
1475 2101 1671 2152 autem
1703 2094 2042 2152 intellectus
2070 2109 2136 2152 se
2164 2095 2420 2153 invicem
2448 2096 2762 2153 continent
2787 2101 2847 2154 et

420 2165 952 2236 comprehendunt,
996 2165 1136 2224 dum
1182 2178 1341 2224 unus
1393 2165 1577 2223 alium
1624 2164 1924 2238 intelligit.
1967 2167 2097 2222 Non
2143 2171 2237 2223 est
2283 2165 2469 2239 igitur
2503 2166 2843 2225 intellectus

421 2249 660 2307 corpus,

488 2308 643 2373 Item,
689 2306 918 2364 nullius
946 2318 1050 2364 cor
1091 2306 1215 2365 oris
1261 2306 1416 2364 actio
1458 2304 1780 2363 reflectitur
1825 2319 2006 2376 super
2042 2313 2336 2378 agentem.
2386 2308 2708 2365 ostensum
2756 2311 2849 2365 est

422 2377 578 2433 enim
628 2377 691 2433 in
719 2378 969 2458 Pltysicis
1020 2378 1037 2447 (
1066 2378 1148 2435 ib.
1192 2389 1301 2445 vn,
1330 2380 1472 2434 text.
1504 2389 1721 2457 comm.
1754 2375 1827 2500 12,
1858 2375 2019 2447 quod
2049 2376 2280 2435 nullum
2327 2390 2547 2459 corpus
2577 2391 2613 2434 a
2640 2377 2844 2458 seipso

417 2452 692 2504 movetur
735 2460 854 2504 ntst
895 2447 1223 2505 secundum
1305 2454 1487 2505 artem
1518 2465 1533 2516 ;
1562 2451 1644 2502 ita
1690 2459 1773 2504 set
1805 2453 1919 2502 icet
1947 2447 2105 2519 quod
2138 2460 2256 2504 una
2286 2461 2422 2518 pars
2449 2461 2580 2521 ejus
2609 2455 2688 2505 stt
2717 2461 2846 2506 mo-

422 2532 591 2585 vens,
641 2523 697 2575 et
725 2520 844 2576 alia
884 2525 1065 2577 mota.
1112 2519 1260 2577 Intel
1287 2523 1455 2576 ectus
1483 2523 1678 2574 autem
1711 2530 1893 2588 supra
1919 2517 2182 2589 seipsum
2223 2519 2458 2591 agendo
2487 2519 2846 2589 reflectitur;

427 2588 708 2662 intelligit
757 2589 914 2646 enim
966 2590 1230 2662 seipsum
1280 2602 1402 2646 non
1445 2589 1643 2646 solum
1692 2586 2023 2646 secundum
2073 2594 2320 2661 partem,
2360 2589 2468 2647 sed
2506 2589 2840 2648 secundum

419 2663 632 2716 totum.
664 2662 793 2717 Non
826 2665 918 2718 est
944 2659 1128 2732 igitur
1154 2672 1392 2731 corpus.

488 2730 706 2793 Adhuc.
749 2736 917 2788 actus
947 2731 1215 2801 corporis
1263 2730 1339 2788 ad
1366 2729 1663 2787 actionem
1692 2741 1814 2787 non
1842 2729 2213 2800 terminatur,
2239 2744 2347 2788 nec
2376 2736 2577 2789 motus
2604 2730 2680 2789 ad
2716 2744 2846 2790 mo·

419 2804 567 2867 tum,
620 2806 679 2857 ut
714 2801 775 2856 in
808 2801 1053 2868 Physicis
1096 2800 1221 2873 (lib.
1258 2813 1323 2868 v,
1375 2805 1512 2856 text.
1552 2812 1770 2856 comm.
1805 2803 1872 2857 10
1899 2806 1958 2857 et
1990 2800 2164 2871 infra)
2196 2805 2288 2858 est
2316 2800 2648 2870 probatum.
2676 2800 2847 2860 Actio

419 2876 617 2927 autem
651 2870 1002 2928 substantiae
1033 2871 1422 2943 intelligentis
1451 2868 1522 2926 ad
1551 2869 1845 2926 actionem
1891 2870 2262 2928 terminatur.
2295 2871 2636 2928 Intellectus
2682 2871 2847 2930 enim

419 2939 598 3020 sicut·
621 2939 902 3020 intelligit
938 2953 1082 3007 rem,
1127 2940 1210 2997 ita
1256 2940 1536 3011 intelligit
1564 2952 1630 2997 se
1660 2939 2012 3014 intelligere,
2043 2946 2102 2999 et
2129 2940 2217 3000 sic
2244 2940 2310 2998 in
2338 2940 2657 2999 infinitum.
2690 2941 2846 3001 Sub·

420 3014 639 3065 stantia
670 3015 853 3080 igitur
881 3010 1245 3082 intelligenS,
1276 3023 1395 3067 non
1426 3015 1518 3066 est
1547 3022 1788 3079 corpus·

490 3079 640 3135 Hinc
664 3084 755 3136 est
782 3080 941 3151 quod
969 3093 1140 3138 sacra
1182 3081 1479 3150 Scriptura
1508 3080 1878 3138 substantias
1908 3081 2342 3141 intellectuales
2369 3082 2611 3163 spiritus
2641 3082 2847 3141 nomi·

418 3153 542 3205 nat.
595 3151 706 3205 Per
752 3163 926 3221 quem
973 3150 1216 3207 modum
1253 3150 1566 3208 consuevit
1591 3152 1773 3206 Deum
1805 3152 2222 3232 incorporeum
2256 3165 2581 3220 nominare,
2617 3164 2848 3210 secun-

418 3219 558 3275 dum
608 3218 753 3276 illud
802 3221 1071 3287 loannis,
1117 3234 1203 3288 tv,
1227 3224 1334 3277 24:
1366 3224 1506 3276 Deus
1531 3222 1761 3290 spiritus
1795 3225 1893 3278 est.
1927 3222 2153 3280 Dtcitur
2180 3229 2374 3279 autem
2402 3222 2684 3292 sapient„
2716 3235 2836 3293 vn,

415 3293 488 3346 22
519 3307 546 3369 :-
575 3291 673 3345 Est
711 3294 886 3344 autem
931 3292 994 3371 ip
1013 3290 1175 3372 filla„
1197 3291 1426 3372 scillcet
1462 3290 1674 3371 ‚divina
1700 3292 2013 3364 sapientia,
2057 3294 2287 3363 spiritus
2319 3294 2710 3362 intelliqentiae,
2738 3292 2847 3366 qui

418 3365 614 3486 “aggi-t
642 3373 782 3511 (1)]ᾜὲ
787 3361 1608 3512 θέυῗὲῌιῑὲξοιιῗιῗίιῑιιιιξὼὲᾇῗὲὶ·
1649 3434 2030 3506 antiquorum
2072 3433 2455 3514 naturalium,
2483 3433 2846 3514 quintillam

418 3499 814 3557 substanttam
854 3513 971 3558 nisi
1021 3514 1366 3571 corpoream
1414 3515 1551 3560 esse
1598 3503 1933 3576 ponebant;
1984 3504 2141 3562 unde
2189 3509 2248 3561 et
2281 3517 2538 3561 animam
2568 3503 2849 3562 dicebant

417 3582 554 3628 esse
600 3584 839 3641 cot-puS,
880 3570 971 3628 vel
1019 3570 1242 3642 ignem,
1272 3572 1363 3629 vel
1393 3587 1614 3641 aerem,
1646 3576 1736 3630 vel
1768 3587 2006 3655 aquam,
2043 3573 2136 3630 vel
2183 3573 2407 3646 aliquid
2459 3573 2843 3645 huJ'usmodi3

417 3653 618 3722 quam·
645 3640 880 3722 quidem
917 3641 1266 3712 opinionem
1312 3642 1373 3699 in
1419 3642 1594 3700 fidem
1634 3644 2023 3702 christianam
2073 3643 2314 3717 quidam
2364 3642 2648 3701 inducere
2702 3649 2849 3703 sunt

419 3716 642 3779 conati,
692 3711 958 3769 dicentes
1002 3712 1258 3770 animam
1300 3725 1434 3770 esse
1475 3726 1695 3785 corpus
1740 3712 2092 3787 effigiatum,
2132 3714 2291 3773 sicut
2327 3727 2548 3785 corpus
2576 3715 2843 3775 exterius

415 3777 754 3853 figuratum.
787 3781 830 3853 (l
855 3787 1029 3853 part„
1058 3796 1119 3856 q.
1148 3786 1202 3851 1,
1229 3787 1339 3841 art.
1366 3782 1441 3855 1.)

1438 4001 1692 4067 CAPUT
1753 4004 1825 4067 L.

765 4177 919 4231 QUOD
946 4177 1319 4229 sumnum
1343 4179 1845 4228 mmcmAms
1870 4179 2019 4229 sum·
2044 4181 2503 4233 mamimus·

485 4340 567 4398 Ex
612 4339 726 4399 hoc
754 4346 951 4399 autem
1000 4349 1243 4415 apparet
1286 4344 1447 4419 quod
1495 4343 1846 4404 substantiae
1890 4343 2326 4404 intellectuales
2375 4348 2519 4403 sunt
2570 4344 2843 4403 immate-

411 4410 614 4472 riales.
645 4412 1113 4489 Unumquodque
1139 4415 1301 4475 enim
1328 4430 1402 4474 ex
1433 4416 1681 4499 materia
1705 4421 1767 4474 et
1791 4416 1986 4476 forma
2025 4415 2423 4491 compositum
2461 4419 2557 4474 est
2586 4425 2840 4490 corpuS.
