3076 5025
1114 321 1248 377 LIB.
1289 321 1377 389 IV,
1416 321 1570 377 CAP.
1607 321 1882 378 Lxxvlll.
2609 324 2711 379 ⁶17

1199 572 1449 637 CAPUT
1499 573 1819 636 LXXVIII.

1050 761 1128 807 DE
1167 762 1547 807 SAGRAMENTO
1584 761 1961 808 mmmmm.

361 931 644 1001 Quamvis
672 938 871 991 autem
899 933 1178 992 homines
1206 948 1313 1005 per
1341 939 1717 991 sacramenta
1741 937 2151 993 restaurentur
2177 932 2253 993 ad
2281 934 2558 1008 gratiam,
2588 950 2715 997 non

286 1006 490 1062 tamen
537 1016 672 1060 mox
719 1008 1128 1062 restaurantur
1171 1004 1246 1062 ad
1274 1003 1782 1062 immortalitatem
1809 1023 1824 1061 ε
1852 1004 2023 1076 cujus
2052 1004 2316 1064 rationes
2345 1019 2527 1076 supra
2560 1006 2711 1080 (cap.

291 1078 361 1132 52
388 1078 449 1131 et
487 1072 576 1145 53)
616 1074 1010 1132 ostendimus.
1059 1076 1458 1146 Quaecumque
1503 1080 1700 1132 autem
1738 1073 2148 1145 corruptibilia
2187 1082 2349 1142 sunt,
2381 1080 2716 1147 perpetuari

289 1157 415 1203 non
448 1152 706 1215 possunt
734 1145 848 1202 nisi
880 1160 984 1216 per
1003 1145 1468 1218 generationem.
1497 1145 1648 1213 Quia
1678 1145 1860 1217 igitur
1886 1145 2169 1217 populum
2202 1145 2466 1203 fidelium
2509 1162 2716 1220 perpe-

286 1214 444 1273 tuari
476 1214 825 1284 opportebat
852 1230 1042 1288 usque
1087 1215 1162 1273 ad
1201 1216 1406 1273 mundi
1447 1214 1649 1284 finem,
1696 1215 2098 1273 necessarium
2129 1216 2239 1273 fuit
2266 1215 2381 1273 hoc
2408 1231 2514 1288 per
2540 1232 2715 1290 gene·

287 1285 580 1343 rationem
611 1283 758 1349 fieri,
792 1299 895 1356 per
921 1299 1100 1358 quam
1130 1286 1307 1343 etiam
1330 1285 1595 1344 humana
1613 1287 1847 1357 species
1874 1291 2273 1357 perpetuatur.

364 1354 873 1414 Considerandum
904 1362 996 1414 est
1020 1359 1215 1414 autem
1244 1356 1423 1429 quod,
1455 1356 1698 1428 quando
1727 1356 1953 1429 aliquid
1982 1356 2054 1413 ad
2088 1356 2356 1414 diversos
2383 1356 2535 1415 fines
2564 1357 2718 1417 ordi—

289 1430 489 1494 natur,
521 1425 746 1497 indiget
774 1426 991 1484 habere
1036 1427 1268 1485 diversa
1299 1427 1616 1500 dirigentia
1643 1426 1708 1483 in
1751 1425 1953 1495 finem,
1999 1426 2141 1498 quia
2168 1425 2309 1485 finis
2340 1432 2432 1485 est
2475 1442 2582 1500 pro
2625 1441 2717 1488 or-

287 1496 559 1554 tionatus
610 1495 830 1576 agenti.
874 1498 1185 1555 Generatio
1230 1502 1430 1555 autem
1475 1496 1740 1554 humana
1786 1497 1862 1555 ad
1906 1498 2094 1554 multa
2126 1497 2455 1563 ordinatur,
2487 1500 2573 1556 sci
2602 1499 2717 1557 icet

288 1566 367 1625 ad
398 1570 851 1639 perpetuitatem
881 1568 1123 1638 speciei,
1151 1572 1209 1625 et
1247 1568 1319 1624 ad
1351 1567 1797 1638 perpetuitatem
1828 1567 2084 1639 alicujus
2122 1567 2265 1625 boni
2336 1567 2542 1635 olitici,
2574 1575 2716 1640 puta

286 1637 498 1718 populi
527 1637 589 1693 in
619 1637 816 1709 aliqua
845 1638 1076 1695 civitate
1101 1656 1115 1706 ;
1149 1637 1456 1696 ordinatur
1483 1638 1658 1695 etiam
1689 1638 1761 1696 ad
1789 1639 2235 1710 perpetuitatem
2312 1638 2560 1707 cclesiae,
2582 1651 2715 1712 quae

288 1720 355 1766 in
385 1706 650 1765 fidelium
685 1707 1038 1766 collectione
1066 1708 1362 1766 consistit.
1397 1707 1560 1765 Unde
1589 1713 1822 1779 oportet
1851 1708 2009 1781 quod
2037 1708 2379 1780 huJusmodi
2409 1710 2713 1782 generatio

288 1792 329 1836 a
355 1777 609 1835 diversis
641 1777 951 1848 dirigatur.
989 1781 1341 1851 inquantum
1368 1778 1551 1849 igitur
1579 1777 1889 1836 ordinatur
1921 1778 1995 1836 ad
2022 1778 2248 1837 bonum
2279 1783 2526 1850 naturae,
2557 1780 2717 1852 quod

289 1853 386 1907 est
437 1848 797 1929 perpetuitas
826 1848 1089 1928 speciei,
1135 1848 1411 1920 dirigitur
1447 1848 1510 1905 in
1561 1846 1740 1906 tinem
1783 1862 1821 1907 a
1859 1854 2073 1907 natura
2100 1849 2423 1907 inclinante
2455 1850 2517 1906 in
2557 1850 2719 1909 hunc

286 1919 494 1988 finem,
523 1924 580 1976 et
607 1932 693 1975 sic
722 1918 940 1975 dicitur
980 1930 1116 1976 esse
1144 1925 1372 1976 naturae
1410 1916 1697 1976 officium.
1728 1921 1795 1976 In
1842 1923 2085 1977 uantum
2112 1933 2254 1977 vero
2294 1919 2603 1978 ordinatur
2642 1920 2717 1978 ad

287 1988 516 2047 bonum
556 1988 884 2058 politicum,
916 1988 1183 2060 subjacet
1214 1988 1574 2046 ordinationi
1600 1988 1795 2047 civilis
1848 1989 1998 2062 egis,
2022 1992 2381 2062 loquantum
2405 1995 2603 2047 autem
2628 2004 2720 2049 or-

291 2058 534 2117 dinatur
575 2059 651 2116 ad
689 2059 914 2116 bonum
959 2059 1260 2128 Ecclesiae,
1310 2064 1543 2130 oportet
1589 2059 1746 2131 quod
1791 2059 2099 2130 subjaceat
2141 2059 2414 2132 regimini
2443 2061 2722 2119 ecclesia-

292 2130 468 2188 stico.
505 2132 585 2186 Ea
613 2135 808 2187 autem
841 2143 973 2201 quae
1001 2130 1223 2211 populo
1252 2143 1358 2200 per
1402 2129 1715 2188 ministros
1739 2130 2017 2187 Ecclesiae
2048 2129 2474 2200 dispensantur
2521 2144 2719 2190 sacra-

290 2205 499 2258 menta
525 2199 822 2257 dicuntur.
849 2200 1286 2258 Matrimonium
1316 2200 1499 2271 igitur
1528 2199 1860 2257 secundum
1927 2199 2047 2257 uod
2077 2200 2354 2258 consistit
2379 2200 2442 2258 in
2469 2202 2720 2273 conjun-

292 2271 494 2329 ctione
551 2270 735 2327 maris
763 2275 822 2326 et
862 2270 1097 2327 feminae
1125 2270 1559 2327 intendentium
1593 2270 1820 2341 prolem
1848 2284 1885 2327 a
1955 2271 2180 2328 cultum
2216 2272 2318 2327 Dei
2352 2285 2635 2341 generare
2664 2277 2723 2329 et

292 2341 550 2398 educare
590 2345 683 2398 est
729 2339 1007 2398 Ecclesiae
1038 2346 1516 2398 sacramentum:
1555 2339 1714 2396 unde
1738 2346 1798 2397 et
1825 2339 2461 2419 quaedam—‚benedictio
2491 2341 2720 2401 nuben-

289 2410 464 2468 tibus
506 2425 613 2481 per
645 2409 957 2468 ministros
986 2410 1262 2467 Ecclesiae
1289 2409 1634 2467 adhibetur:
1667 2414 1726 2465 et
1754 2409 1912 2466 sicut
1936 2409 1999 2465 in
2027 2408 2165 2467 aliis
2196 2411 2584 2469 sacramentis
2616 2426 2719 2482 per

292 2495 367 2540 ca
402 2494 535 2554 quae
558 2481 819 2539 exterius
849 2483 1108 2553 aguntur
1133 2479 1440 2552 spirituale
1487 2478 1715 2551 aliquid
1743 2477 2052 2552 figuratur,
2086 2479 2173 2538 sic
2203 2485 2261 2537 et
2288 2479 2349 2537 in
2373 2478 2489 2538 hoc
2527 2494 2721 2542 sacra·

294 2557 501 2610 mento
532 2566 636 2623 per
660 2551 1143 2623 conjunctionem
1185 2551 1369 2614 maris
1397 2555 1456 2607 et
1497 2549 1732 2607 seminae
1755 2550 2096 2622 conjunctio
2125 2550 2336 2608 Christi
2361 2556 2420 2608 et
2444 2553 2721 2613 Ecclesiae

293 2623 608 2696 figuratur,
639 2621 968 2680 secundum
998 2621 1144 2678 illud
1171 2621 1438 2692 Apostoli
1471 2620 1545 2679 ad
1579 2623 1616 2677 E
1662 2621 1813 2690 bes.‚
1842 2633 1902 2691 v,
1931 2625 2000 2678 32
2023 2639 2038 2679 ε
2060 2622 2469 2678 Sacramentum
2496 2624 2592 2679 hoc
2607 2639 2724 2682 ma-

293 2708 466 2764 gnum
490 2697 569 2749 est
593 2711 611 2748 ε
642 2708 736 2761 eqo
759 2697 938 2748 autem
954 2691 1075 2748 dico
1102 2694 1164 2748 in
1192 2692 1402 2750 Christo
1431 2695 1482 2747 et
1507 2694 1612 2748 Ecc
1662 2693 1766 2749 sia.
1801 2692 1868 2747 Et
1887 2691 2030 2763 quia
2056 2698 2430 2749 sacramenta
2457 2692 2723 2753 efficiunt

294 2764 460 2838 quod
504 2762 781 2835 figurant,
831 2761 1190 2821 credendum
1233 2768 1326 2820 est
1365 2761 1524 2835 quod
1574 2762 1937 2819 nubentibus
1983 2775 2091 2832 per
2137 2762 2255 2843 boc
2280 2770 2719 2825 sacramentum

295 2834 493 2907 gratia
536 2835 896 2898 conseratur,
926 2847 1033 2905 per
1058 2846 1236 2905 quam
1262 2833 1336 2891 ad
1366 2833 1651 2913 unionem
1680 2832 1897 2890 Christi
1938 2837 1998 2889 et
2034 2832 2312 2890 Ecclesiae
2340 2836 2674 2904 pertineant
2702 2851 2719 2891 t

296 2904 461 2978 quod
489 2904 579 2962 eis
609 2903 862 2961 maxime
892 2904 1298 2962 necessarium
1320 2907 1430 2973 est,
1452 2909 1517 2960 ut
1542 2917 1628 2961 sic
1657 2903 1998 2961 carnalibus
2026 2908 2085 2960 et
2110 2903 2365 2962 terrenis
2388 2904 2719 2976 intendant,

296 2975 458 3049 quod
490 2989 525 3031 a
555 2974 784 3032 Christo
806 2980 865 3030 et
891 2973 1158 3032 Ecclesia
1185 2987 1308 3031 non
1335 2974 1784 3045 disjunguntur.

371 3044 526 3114 Quia
548 3045 564 3100 i
612 3044 729 3102 itur
751 3057 857 3114 per
877 3045 1358 3117 conjunctionem
1390 3044 1573 3101 maris
1602 3050 1659 3101 et
1682 3044 1918 3101 feminae
1939 3042 2154 3101 Christi
2181 3048 2242 3101 et
2283 3045 2560 3104 Ecclesiae
2583 3060 2724 3104 con-

288 3116 529 3189 junctio
599 3115 927 3189 esignatur,
983 3119 1215 3187 oportet
1245 3115 1405 3196 quod
1451 3114 1647 3195 figura
1693 3113 2032 3243 significato
2061 3115 2436 3186 respondeat.
2471 3117 2723 3188 conjun-

297 3187 420 3245 ctio
467 3190 665 3243 autem
714 3185 926 3244 Christi
971 3192 1030 3242 et
1061 3186 1339 3244 Ecclesiae
1368 3189 1460 3244 est
1502 3197 1685 3242 unius
1713 3199 1746 3242 a
1818 3198 1999 3242 unam
2029 3189 2310 3256 perpetuo
2339 3185 2671 3246 habendam
2704 3205 2720 3257 ;

295 3262 395 3315 est
421 3257 579 3313 enim
614 3270 732 3315 una
759 3255 1044 3325 Ecclesia,
1076 3257 1406 3315 secundum
1435 3255 1581 3313 illud
1606 3257 1794 3324 Cant„
1820 3267 1910 3324 vi,
1940 3259 2010 3312 8:
2044 3257 2164 3311 Una
2190 3260 2269 3311 est
2299 3257 2543 3311 columba
2580 3273 2719 3328 mea,

285 3328 542 3409 perfecta
567 3343 724 3394 mea3
757 3339 864 3383 nec
893 3341 1156 3397 unquam
1179 3327 1448 3386 Christus
1470 3341 1506 3383 a
1535 3340 1648 3383 sua
1674 3326 1940 3383 Ecclesia
1959 3326 2368 3396 separabitur:
2401 3326 2543 3383 dicit
2563 3328 2722 3387 enim

293 3411 452 3469 ipse,
477 3399 699 3454 matth..
735 3409 947 3465 xxviii,
964 3402 1036 3455 20
1066 3415 1081 3453 ι
1109 3400 1244 3453 Ecce
1265 3412 1359 3466 eqo
1404 3398 1675 3452 vobiscum
1700 3411 1888 3452 sum...
1915 3410 2086 3466 usque
2121 3396 2196 3451 ad
2222 3400 2723 3454 consummationem

293 3469 520 3535 saeciili3
543 3473 600 3524 et
630 3467 877 3525 ulterius
902 3468 1058 3525 :Sem
1099 3484 1157 3523 er
1182 3483 1303 3523 cum
1327 3470 1552 3523 Domino
1576 3469 1797 3536 erimus,
1824 3465 2503 3533 utdicitur,1Thessal.,
2525 3471 2720 3536 Π,16.

295 3541 559 3596 Necesse
597 3544 689 3596 est
719 3537 903 3618 igitur
926 3551 1047 3610 quo
1113 3538 1577 3607 Matrimonium,
1608 3536 1939 3596 secundum
1983 3537 2145 3609 quod
2193 3540 2286 3593 est
2322 3537 2722 3618 Ecclesiaesa-
2763 3595 2781 3610 ,

296 3614 693 3676 oramentum‚
723 3614 804 3666 sit
833 3609 1016 3667 unius
1044 3608 1118 3666 ad
1150 3622 1327 3667 unam
1357 3608 1800 3666 indivisibiliter
1824 3607 2156 3665 habendam
2190 3624 2205 3664 ε
2237 3610 2295 3663 et
2320 3606 2434 3664 hoc
2470 3612 2723 3678 pertinet

296 3679 373 3737 ad
402 3678 602 3747 fidem,
634 3694 751 3752 qua
779 3678 895 3736 sibi
928 3678 1182 3738 invicem
1217 3680 1306 3736 vir
1334 3683 1392 3736 et
1420 3692 1570 3736 uxor
1600 3679 1957 3750 obligantur.

370 3750 466 3808 Sic
495 3750 678 3821 igitur
704 3749 818 3807 tria
849 3755 994 3807 sunt
1040 3748 1198 3809 bona
1227 3748 1614 3817 matrimonii,
1646 3748 1977 3807 secundum
2055 3748 2175 3807 uod
2202 3752 2295 3806 est
2322 3747 2599 3805 Ecclesia}
2624 3761 2721 3806 sa-

295 3827 667 3880 cramentum
693 3839 706 3877 :
739 3820 968 3878 scilicet
986 3821 1186 3892 proles
1215 3821 1289 3878 ad
1308 3820 1531 3878 cultum
1564 3821 1665 3877 Dei
1696 3819 1997 3890 suscipien
2044 3833 2080 3877 a
2106 3823 2165 3876 et
2192 3818 2537 3886 educanda;
2571 3818 2721 3878 fides

292 3896 477 3965 prout
499 3904 658 3948 unus
685 3890 773 3947 vir
800 3891 903 3947 uni
936 3891 1107 3949 uxori
1137 3891 1436 3963 obligatur
1465 3909 1480 3961 ;
1516 3895 1574 3947 et
1603 3896 2064 3959 sacramentum,
2091 3888 2416 3947 secundum
2448 3889 2608 3956 quod
2636 3890 2724 3947 in-

293 3961 766 4020 divisibilitatem
811 3960 991 4018 habet
1033 3961 1496 4025 matrimonialis
1542 3961 1909 4032 conjunctio,
1958 3961 2311 4032 inquantum
2343 3964 2435 4016 est
2470 3959 2719 4040 conjun-

295 4032 521 4090 ctionis
551 4031 760 4088 Christi
793 4036 851 4088 et
883 4032 1164 4091 Ecclesiae
1194 4035 1655 4090 sacramentum.
1687 4032 1907 4089 Caetera
1937 4035 2134 4089 autem
2161 4043 2293 4103 quae
2325 4030 2386 4085 in
2422 4035 2721 4087 matrimo-

293 4102 399 4183 nio
441 4100 878 4161 consideranda
912 4107 1076 4173 sunt,
1121 4116 1304 4176 supra
1343 4102 1406 4160 in
1457 4102 1629 4160 tertio
1658 4101 1760 4160 lib.
1805 4100 1954 4174 (cap.
1994 4104 2061 4159 12
2104 4103 2164 4158 et
2209 4099 2362 4173 seq.)
2398 4104 2721 4170 pertracta-
