<?xml version="1.0" encoding="UTF-8"?>
<!DOCTYPE html PUBLIC "-//W3C//DTD XHTML 1.0 Transitional//EN"
    "http://www.w3.org/TR/xhtml1/DTD/xhtml1-transitional.dtd">
<html xmlns="http://www.w3.org/1999/xhtml" xml:lang="en" lang="en">
 <head>
  <title>
</title>
<meta http-equiv="Content-Type" content="text/html;charset=utf-8" />
  <meta name='ocr-system' content='tesseract 3.04.00' />
  <meta name='ocr-capabilities' content='ocr_page ocr_carea ocr_par ocr_line ocrx_word'/>
</head>
<body>
  <div class='ocr_page' id='page_1' title='image "./deveritatecatho00rubegoog_0505.png"; bbox 0 0 3076 5025; ppageno 0'>
   <div class='ocr_carea' id='block_1_1' title="bbox 1137 317 2659 384">
    <p class='ocr_par' dir='ltr' id='par_1_1' title="bbox 1137 317 2659 384">
     <span class='ocr_line' id='line_1_1' title="bbox 1137 317 2659 384; baseline 0.002 -12"><span class='ocrx_word' id='word_1_1' title='bbox 1137 317 1269 374; x_wconf 89' lang='lat' dir='ltr'><strong>LIB.</strong></span> <span class='ocrx_word' id='word_1_2' title='bbox 1312 319 1406 384; x_wconf 87' lang='lat'><strong>111,</strong></span> <span class='ocrx_word' id='word_1_3' title='bbox 1448 317 1599 372; x_wconf 77' lang='lat' dir='ltr'>CAP.</span> <span class='ocrx_word' id='word_1_4' title='bbox 1642 317 1798 373; x_wconf 90' lang='lat' dir='ltr'>CLII.</span> <span class='ocrx_word' id='word_1_5' title='bbox 2559 322 2659 375; x_wconf 78' lang='lat'><strong>47¹</strong></span> 
     </span>
    </p>
   </div>
   <div class='ocr_carea' id='block_1_2' title="bbox 231 437 2671 3104">
    <p class='ocr_par' dir='ltr' id='par_1_2' title="bbox 231 437 2666 1131">
     <span class='ocr_line' id='line_1_2' title="bbox 238 437 2659 518; baseline -0.001 -20"><span class='ocrx_word' id='word_1_6' title='bbox 238 439 469 498; x_wconf 84' lang='lat' dir='ltr'>milites</span> <span class='ocrx_word' id='word_1_7' title='bbox 500 437 560 495; x_wconf 96' lang='lat' dir='ltr'><strong>in</strong></span> <span class='ocrx_word' id='word_1_8' title='bbox 587 437 715 497; x_wconf 91' lang='lat' dir='ltr'><strong>acie</strong></span> <span class='ocrx_word' id='word_1_9' title='bbox 743 442 979 511; x_wconf 86' lang='lat' dir='ltr'>oportet</span> <span class='ocrx_word' id='word_1_10' title='bbox 1003 438 1161 496; x_wconf 88' lang='lat' dir='ltr'><strong>uniri</strong></span> <span class='ocrx_word' id='word_1_11' title='bbox 1193 445 1251 497; x_wconf 92' lang='lat' dir='ltr'><strong>et</strong></span> <span class='ocrx_word' id='word_1_12' title='bbox 1269 439 1646 497; x_wconf 90' lang='lat' dir='ltr'><strong>concorditer</strong></span> <span class='ocrx_word' id='word_1_13' title='bbox 1674 453 1869 512; x_wconf 88' lang='lat' dir='ltr'><strong>agere,</strong></span> <span class='ocrx_word' id='word_1_14' title='bbox 1892 438 1965 496; x_wconf 89' lang='lat' dir='ltr'><strong>ad</strong></span> <span class='ocrx_word' id='word_1_15' title='bbox 1994 439 2111 497; x_wconf 89' lang='lat' dir='ltr'><strong>hoc</strong></span> <span class='ocrx_word' id='word_1_16' title='bbox 2137 438 2298 518; x_wconf 88' lang='lat' dir='ltr'><strong>quod</strong></span> <span class='ocrx_word' id='word_1_17' title='bbox 2322 438 2659 508; x_wconf 84' lang='lat' dir='ltr'><strong>victoriam,</strong></span> 
     </span>
     <span class='ocr_line' id='line_1_3' title="bbox 233 507 2663 583; baseline 0 -16"><span class='ocrx_word' id='word_1_18' title='bbox 233 524 373 583; x_wconf 81' lang='lat' dir='ltr'><strong>quae</strong></span> <span class='ocrx_word' id='word_1_19' title='bbox 425 514 516 566; x_wconf 88' lang='lat' dir='ltr'><strong>est</strong></span> <span class='ocrx_word' id='word_1_20' title='bbox 555 509 898 566; x_wconf 86' lang='lat' dir='ltr'><strong>communis</strong></span> <span class='ocrx_word' id='word_1_21' title='bbox 942 508 1102 578; x_wconf 78' lang='lat' dir='ltr'><strong>finiS,</strong></span> <span class='ocrx_word' id='word_1_22' title='bbox 1130 516 1596 583; x_wconf 89' lang='lat' dir='ltr'><strong>consequantur.</strong></span> <span class='ocrx_word' id='word_1_23' title='bbox 1622 510 1785 567; x_wconf 85' lang='lat' dir='ltr'><strong>Finis</strong></span> <span class='ocrx_word' id='word_1_24' title='bbox 1827 515 2024 567; x_wconf 89' lang='lat' dir='ltr'><strong>autem</strong></span> <span class='ocrx_word' id='word_1_25' title='bbox 2070 507 2341 578; x_wconf 76' lang='lat' dir='ltr'><strong>ultimus,</strong></span> <span class='ocrx_word' id='word_1_26' title='bbox 2370 509 2446 567; x_wconf 89' lang='lat' dir='ltr'><strong>ad</strong></span> <span class='ocrx_word' id='word_1_27' title='bbox 2484 523 2663 580; x_wconf 89' lang='lat' dir='ltr'><strong>quem</strong></span> 
     </span>
     <span class='ocr_line' id='line_1_4' title="bbox 237 579 2661 652; baseline -0 -14"><span class='ocrx_word' id='word_1_28' title='bbox 237 581 426 638; x_wconf 89' lang='lat' dir='ltr'><strong>homo</strong></span> <span class='ocrx_word' id='word_1_29' title='bbox 457 593 564 651; x_wconf 89' lang='lat' dir='ltr'><strong>per</strong></span> <span class='ocrx_word' id='word_1_30' title='bbox 590 579 880 637; x_wconf 81' lang='lat' dir='ltr'><strong>auxilium</strong></span> <span class='ocrx_word' id='word_1_31' title='bbox 910 579 1125 637; x_wconf 78' lang='lat' dir='ltr'><strong>divinae</strong></span> <span class='ocrx_word' id='word_1_32' title='bbox 1150 581 1353 651; x_wconf 83' lang='lat' dir='ltr'><strong>gratiae</strong></span> <span class='ocrx_word' id='word_1_33' title='bbox 1386 580 1726 652; x_wconf 80' lang='lat' dir='ltr'><strong>perducitur</strong></span> <span class='ocrx_word' id='word_1_34' title='bbox 1777 585 1868 636; x_wconf 90' lang='lat' dir='ltr'><strong>est</strong></span> <span class='ocrx_word' id='word_1_35' title='bbox 1892 580 2048 637; x_wconf 81' lang='lat' dir='ltr'><strong>visio</strong></span> <span class='ocrx_word' id='word_1_36' title='bbox 2070 579 2175 636; x_wconf 89' lang='lat' dir='ltr'><strong>Dei</strong></span> <span class='ocrx_word' id='word_1_37' title='bbox 2192 593 2299 649; x_wconf 82' lang='lat' dir='ltr'><strong>per</strong></span> <span class='ocrx_word' id='word_1_38' title='bbox 2316 579 2661 650; x_wconf 76' lang='lat' dir='ltr'><strong>essentiam,</strong></span> 
     </span>
     <span class='ocr_line' id='line_1_5' title="bbox 231 648 2666 723; baseline -0 -15"><span class='ocrx_word' id='word_1_39' title='bbox 231 665 373 723; x_wconf 80' lang='lat' dir='ltr'><strong>quae</strong></span> <span class='ocrx_word' id='word_1_40' title='bbox 424 650 665 721; x_wconf 88' lang='lat' dir='ltr'><strong>propria</strong></span> <span class='ocrx_word' id='word_1_41' title='bbox 708 656 800 708; x_wconf 90' lang='lat' dir='ltr'><strong>est</strong></span> <span class='ocrx_word' id='word_1_42' title='bbox 849 649 1042 721; x_wconf 87' lang='lat' dir='ltr'><strong>ipsius</strong></span> <span class='ocrx_word' id='word_1_43' title='bbox 1089 650 1221 719; x_wconf 90' lang='lat' dir='ltr'><strong>Dei;</strong></span> <span class='ocrx_word' id='word_1_44' title='bbox 1267 655 1324 708; x_wconf 92' lang='lat' dir='ltr'><strong>et</strong></span> <span class='ocrx_word' id='word_1_45' title='bbox 1373 651 1463 708; x_wconf 90' lang='lat' dir='ltr'><strong>sic</strong></span> <span class='ocrx_word' id='word_1_46' title='bbox 1515 650 1628 707; x_wconf 89' lang='lat' dir='ltr'><strong>hoc</strong></span> <span class='ocrx_word' id='word_1_47' title='bbox 1676 648 1855 707; x_wconf 86' lang='lat' dir='ltr'><strong>finale</strong></span> <span class='ocrx_word' id='word_1_48' title='bbox 1908 649 2133 708; x_wconf 90' lang='lat' dir='ltr'><strong>bonum</strong></span> <span class='ocrx_word' id='word_1_49' title='bbox 2190 650 2666 708; x_wconf 90' lang='lat' dir='ltr'><strong>communicatur</strong></span> 
     </span>
     <span class='ocr_line' id='line_1_6' title="bbox 235 719 2665 792; baseline -0.001 -12"><span class='ocrx_word' id='word_1_50' title='bbox 235 719 477 780; x_wconf 85' lang='lat' dir='ltr'><strong>homini</strong></span> <span class='ocrx_word' id='word_1_51' title='bbox 518 735 554 776; x_wconf 88' lang='lat' dir='ltr'><strong>a</strong></span> <span class='ocrx_word' id='word_1_52' title='bbox 601 722 742 777; x_wconf 90' lang='lat' dir='ltr'><strong>Deo.</strong></span> <span class='ocrx_word' id='word_1_53' title='bbox 801 723 930 778; x_wconf 89' lang='lat' dir='ltr'><strong>Non</strong></span> <span class='ocrx_word' id='word_1_54' title='bbox 988 725 1184 790; x_wconf 88' lang='lat' dir='ltr'><strong>potest</strong></span> <span class='ocrx_word' id='word_1_55' title='bbox 1225 721 1408 792; x_wconf 87' lang='lat' dir='ltr'><strong>igitur</strong></span> <span class='ocrx_word' id='word_1_56' title='bbox 1451 721 1635 777; x_wconf 84' lang='lat' dir='ltr'><strong>homo</strong></span> <span class='ocrx_word' id='word_1_57' title='bbox 1675 720 1748 777; x_wconf 89' lang='lat' dir='ltr'><strong>ad</strong></span> <span class='ocrx_word' id='word_1_58' title='bbox 1797 721 1955 778; x_wconf 89' lang='lat' dir='ltr'><strong>hunc</strong></span> <span class='ocrx_word' id='word_1_59' title='bbox 1986 719 2165 777; x_wconf 84' lang='lat' dir='ltr'><strong>finem</strong></span> <span class='ocrx_word' id='word_1_60' title='bbox 2231 720 2498 791; x_wconf 87' lang='lat' dir='ltr'><strong>perduci,</strong></span> <span class='ocrx_word' id='word_1_61' title='bbox 2546 720 2665 778; x_wconf 89' lang='lat' dir='ltr'><strong>nisi</strong></span> 
     </span>
     <span class='ocr_line' id='line_1_7' title="bbox 232 789 2665 862; baseline 0 -14"><span class='ocrx_word' id='word_1_62' title='bbox 232 791 488 848; x_wconf 87' lang='lat' dir='ltr'><strong>uniatur</strong></span> <span class='ocrx_word' id='word_1_63' title='bbox 540 792 661 848; x_wconf 90' lang='lat' dir='ltr'><strong>Deo</strong></span> <span class='ocrx_word' id='word_1_64' title='bbox 722 804 827 861; x_wconf 90' lang='lat' dir='ltr'><strong>per</strong></span> <span class='ocrx_word' id='word_1_65' title='bbox 879 791 1353 848; x_wconf 75' lang='lat' dir='ltr'><strong>conformitatem</strong></span> <span class='ocrx_word' id='word_1_66' title='bbox 1400 791 1746 860; x_wconf 84' lang='lat' dir='ltr'><strong>voluntatis,</strong></span> <span class='ocrx_word' id='word_1_67' title='bbox 1786 791 1894 862; x_wconf 86' lang='lat' dir='ltr'><strong>qui</strong></span> <span class='ocrx_word' id='word_1_68' title='bbox 1938 796 2032 848; x_wconf 87' lang='lat' dir='ltr'><strong>est</strong></span> <span class='ocrx_word' id='word_1_69' title='bbox 2085 790 2365 861; x_wconf 87' lang='lat' dir='ltr'><strong>proprius</strong></span> <span class='ocrx_word' id='word_1_70' title='bbox 2412 789 2665 849; x_wconf 78' lang='lat' dir='ltr'><strong>effectus</strong></span> 
     </span>
     <span class='ocr_line' id='line_1_8' title="bbox 233 859 2656 932; baseline -0 -13"><span class='ocrx_word' id='word_1_71' title='bbox 233 860 583 919; x_wconf 83' lang='lat' dir='ltr'><strong>dilectionis</strong></span> <span class='ocrx_word' id='word_1_72' title='bbox 612 877 627 929; x_wconf 90' lang='lat'>;</span> <span class='ocrx_word' id='word_1_73' title='bbox 658 875 796 918; x_wconf 89' lang='lat' dir='ltr'><strong>nam</strong></span> <span class='ocrx_word' id='word_1_74' title='bbox 856 860 1183 919; x_wconf 88' lang='lat' dir='ltr'><strong>amicorum</strong></span> <span class='ocrx_word' id='word_1_75' title='bbox 1240 862 1541 932; x_wconf 88' lang='lat' dir='ltr'><strong>proprium</strong></span> <span class='ocrx_word' id='word_1_76' title='bbox 1588 866 1680 919; x_wconf 89' lang='lat' dir='ltr'><strong>est</strong></span> <span class='ocrx_word' id='word_1_77' title='bbox 1734 860 1892 918; x_wconf 88' lang='lat' dir='ltr'><strong>idem</strong></span> <span class='ocrx_word' id='word_1_78' title='bbox 1947 859 2098 918; x_wconf 85' lang='lat' dir='ltr'><strong>velle</strong></span> <span class='ocrx_word' id='word_1_79' title='bbox 2152 866 2213 918; x_wconf 89' lang='lat' dir='ltr'><strong>et</strong></span> <span class='ocrx_word' id='word_1_80' title='bbox 2259 860 2442 930; x_wconf 91' lang='lat' dir='ltr'><strong>nolle,</strong></span> <span class='ocrx_word' id='word_1_81' title='bbox 2467 865 2525 917; x_wconf 88' lang='lat' dir='ltr'><strong>et</strong></span> <span class='ocrx_word' id='word_1_82' title='bbox 2581 861 2656 918; x_wconf 88' lang='lat' dir='ltr'><strong>de</strong></span> 
     </span>
     <span class='ocr_line' id='line_1_9' title="bbox 234 930 2654 1011; baseline 0 -22"><span class='ocrx_word' id='word_1_83' title='bbox 234 931 467 1011; x_wconf 78' lang='lat' dir='ltr'><strong>eisdem</strong></span> <span class='ocrx_word' id='word_1_84' title='bbox 519 931 779 1002; x_wconf 89' lang='lat' dir='ltr'><strong>gaudere</strong></span> <span class='ocrx_word' id='word_1_85' title='bbox 821 936 880 987; x_wconf 87' lang='lat' dir='ltr'><strong>et</strong></span> <span class='ocrx_word' id='word_1_86' title='bbox 931 930 1153 989; x_wconf 89' lang='lat' dir='ltr'><strong>dolere.</strong></span> <span class='ocrx_word' id='word_1_87' title='bbox 1187 934 1296 988; x_wconf 87' lang='lat' dir='ltr'><strong>Per</strong></span> <span class='ocrx_word' id='word_1_88' title='bbox 1337 932 1587 1003; x_wconf 89' lang='lat' dir='ltr'><strong>gratiam</strong></span> <span class='ocrx_word' id='word_1_89' title='bbox 1639 944 1781 999; x_wconf 84' lang='lat' dir='ltr'><strong>ergo</strong></span> <span class='ocrx_word' id='word_1_90' title='bbox 1827 936 2061 1002; x_wconf 89' lang='lat' dir='ltr'><strong>gratum</strong></span> <span class='ocrx_word' id='word_1_91' title='bbox 2109 930 2424 988; x_wconf 77' lang='lat' dir='ltr'><strong>facientem</strong></span> <span class='ocrx_word' id='word_1_92' title='bbox 2472 931 2654 989; x_wconf 89' lang='lat' dir='ltr'><strong>homo</strong></span> 
     </span>
     <span class='ocr_line' id='line_1_10' title="bbox 234 1000 2649 1073; baseline -0.002 -12"><span class='ocrx_word' id='word_1_93' title='bbox 234 1002 627 1061; x_wconf 74' lang='lat' dir='ltr'><strong>constituitur</strong></span> <span class='ocrx_word' id='word_1_94' title='bbox 671 1001 774 1058; x_wconf 85' lang='lat' dir='ltr'><strong>Dei</strong></span> <span class='ocrx_word' id='word_1_95' title='bbox 837 1000 1108 1071; x_wconf 89' lang='lat' dir='ltr'><strong>dilector,</strong></span> <span class='ocrx_word' id='word_1_96' title='bbox 1135 1016 1272 1059; x_wconf 87' lang='lat' dir='ltr'><strong>cum</strong></span> <span class='ocrx_word' id='word_1_97' title='bbox 1316 1016 1423 1072; x_wconf 81' lang='lat' dir='ltr'><strong>per</strong></span> <span class='ocrx_word' id='word_1_98' title='bbox 1493 1015 1623 1059; x_wconf 85' lang='lat' dir='ltr'><strong>eam</strong></span> <span class='ocrx_word' id='word_1_99' title='bbox 1679 1002 1859 1058; x_wconf 89' lang='lat' dir='ltr'><strong>homo</strong></span> <span class='ocrx_word' id='word_1_100' title='bbox 1915 1000 2206 1073; x_wconf 79' lang='lat' dir='ltr'><strong>dirigatur</strong></span> <span class='ocrx_word' id='word_1_101' title='bbox 2254 1002 2320 1059; x_wconf 90' lang='lat' dir='ltr'><strong>in</strong></span> <span class='ocrx_word' id='word_1_102' title='bbox 2371 1000 2551 1059; x_wconf 88' lang='lat' dir='ltr'><strong>finem</strong></span> <span class='ocrx_word' id='word_1_103' title='bbox 2591 1000 2649 1058; x_wconf 92' lang='lat' dir='ltr'><strong>ei</strong></span> 
     </span>
     <span class='ocr_line' id='line_1_11' title="bbox 231 1072 980 1131; baseline -0.003 0"><span class='ocrx_word' id='word_1_104' title='bbox 231 1072 748 1131; x_wconf 86' lang='lat' dir='ltr'><strong>communicatum</strong></span> <span class='ocrx_word' id='word_1_105' title='bbox 777 1086 812 1128; x_wconf 92' lang='lat' dir='ltr'><strong>a</strong></span> <span class='ocrx_word' id='word_1_106' title='bbox 839 1074 980 1129; x_wconf 89' lang='lat' dir='ltr'><strong>Deo.</strong></span> 
     </span>
    </p>

    <p class='ocr_par' dir='ltr' id='par_1_3' title="bbox 231 1141 2667 1777">
     <span class='ocr_line' id='line_1_12' title="bbox 307 1141 2663 1214; baseline 0.001 -16"><span class='ocrx_word' id='word_1_107' title='bbox 307 1144 590 1211; x_wconf 79' lang='lat' dir='ltr'><strong>Amplius,</strong></span> <span class='ocrx_word' id='word_1_108' title='bbox 621 1156 755 1199; x_wconf 90' lang='lat' dir='ltr'><strong>cum</strong></span> <span class='ocrx_word' id='word_1_109' title='bbox 804 1141 940 1199; x_wconf 87' lang='lat' dir='ltr'><strong>finis</strong></span> <span class='ocrx_word' id='word_1_110' title='bbox 986 1146 1044 1198; x_wconf 81' lang='lat' dir='ltr'><strong>et</strong></span> <span class='ocrx_word' id='word_1_111' title='bbox 1083 1141 1310 1199; x_wconf 86' lang='lat' dir='ltr'><strong>bonum</strong></span> <span class='ocrx_word' id='word_1_112' title='bbox 1353 1143 1434 1199; x_wconf 89' lang='lat' dir='ltr'><strong>sit</strong></span> <span class='ocrx_word' id='word_1_113' title='bbox 1483 1142 1790 1214; x_wconf 86' lang='lat' dir='ltr'><strong>proprium</strong></span> <span class='ocrx_word' id='word_1_114' title='bbox 1837 1141 2135 1213; x_wconf 74' lang='lat' dir='ltr'><strong>obJectum</strong></span> <span class='ocrx_word' id='word_1_115' title='bbox 2184 1142 2482 1213; x_wconf 86' lang='lat' dir='ltr'><strong>appetitus</strong></span> <span class='ocrx_word' id='word_1_116' title='bbox 2535 1142 2663 1200; x_wconf 85' lang='lat' dir='ltr'><strong>sive</strong></span> 
     </span>
     <span class='ocr_line' id='line_1_13' title="bbox 231 1210 2666 1293; baseline 0 -23"><span class='ocrx_word' id='word_1_117' title='bbox 231 1210 516 1279; x_wconf 84' lang='lat' dir='ltr'><strong>affectus,</strong></span> <span class='ocrx_word' id='word_1_118' title='bbox 567 1226 604 1269; x_wconf 95' lang='lat' dir='ltr'><strong>o</strong></span> <span class='ocrx_word' id='word_1_119' title='bbox 648 1217 800 1269; x_wconf 88' lang='lat' dir='ltr'><strong>ortet</strong></span> <span class='ocrx_word' id='word_1_120' title='bbox 847 1211 1008 1284; x_wconf 93' lang='lat' dir='ltr'><strong>quod</strong></span> <span class='ocrx_word' id='word_1_121' title='bbox 1059 1227 1166 1283; x_wconf 89' lang='lat' dir='ltr'><strong>per</strong></span> <span class='ocrx_word' id='word_1_122' title='bbox 1209 1213 1460 1284; x_wconf 85' lang='lat' dir='ltr'><strong>gratiam</strong></span> <span class='ocrx_word' id='word_1_123' title='bbox 1517 1219 1752 1293; x_wconf 85' lang='lat' dir='ltr'><strong>gratum</strong></span> <span class='ocrx_word' id='word_1_124' title='bbox 1800 1213 2143 1281; x_wconf 78' lang='lat' dir='ltr'><strong>facientem,</strong></span> <span class='ocrx_word' id='word_1_125' title='bbox 2182 1227 2313 1285; x_wconf 84' lang='lat' dir='ltr'><strong>quae</strong></span> <span class='ocrx_word' id='word_1_126' title='bbox 2361 1212 2666 1270; x_wconf 89' lang='lat' dir='ltr'><strong>hominem</strong></span> 
     </span>
     <span class='ocr_line' id='line_1_14' title="bbox 234 1227 2666 1364; baseline 0 -25"><span class='ocrx_word' id='word_1_127' title='bbox 234 1282 351 1363; x_wconf 79' lang='lat' dir='ltr'><strong>diri</strong></span> <span class='ocrx_word' id='word_1_128' title='bbox 401 1284 448 1363; x_wconf 78' lang='lat' dir='ltr'><strong>it</strong></span> <span class='ocrx_word' id='word_1_129' title='bbox 476 1284 538 1338; x_wconf 91' lang='lat' dir='ltr'><strong>in</strong></span> <span class='ocrx_word' id='word_1_130' title='bbox 571 1227 847 1339; x_wconf 54' lang='lat' dir='ltr'><strong>uPtimum</strong></span> <span class='ocrx_word' id='word_1_131' title='bbox 875 1281 1052 1363; x_wconf 83' lang='lat' dir='ltr'><strong>finem</strong></span> <span class='ocrx_word' id='word_1_132' title='bbox 1104 1281 1354 1359; x_wconf 81' lang='lat' dir='ltr'><strong>affectus</strong></span> <span class='ocrx_word' id='word_1_133' title='bbox 1376 1284 1642 1364; x_wconf 77' lang='lat' dir='ltr'><strong>hominis</strong></span> <span class='ocrx_word' id='word_1_134' title='bbox 1676 1282 2081 1363; x_wconf 76' lang='lat' dir='ltr'><strong>principaliter</strong></span> <span class='ocrx_word' id='word_1_135' title='bbox 2107 1282 2471 1353; x_wconf 82' lang='lat' dir='ltr'><strong>perficiatur.</strong></span> <span class='ocrx_word' id='word_1_136' title='bbox 2495 1283 2666 1364; x_wconf 77' lang='lat' dir='ltr'><strong>Prin-</strong></span> 
     </span>
     <span class='ocr_line' id='line_1_15' title="bbox 239 1353 2665 1425; baseline 0 -14"><span class='ocrx_word' id='word_1_137' title='bbox 239 1367 373 1424; x_wconf 76' lang='lat' dir='ltr'><strong>cipa</strong></span> <span class='ocrx_word' id='word_1_138' title='bbox 402 1366 455 1411; x_wconf 75' lang='lat' dir='ltr'><strong>is</strong></span> <span class='ocrx_word' id='word_1_139' title='bbox 488 1358 684 1409; x_wconf 90' lang='lat' dir='ltr'><strong>autem</strong></span> <span class='ocrx_word' id='word_1_140' title='bbox 705 1354 992 1423; x_wconf 77' lang='lat' dir='ltr'><strong>perfectio</strong></span> <span class='ocrx_word' id='word_1_141' title='bbox 1009 1367 1048 1410; x_wconf 88' lang='lat' dir='ltr'><strong>a</strong></span> <span class='ocrx_word' id='word_1_142' title='bbox 1094 1359 1263 1410; x_wconf 89' lang='lat' dir='ltr'><strong>ectus</strong></span> <span class='ocrx_word' id='word_1_143' title='bbox 1284 1359 1375 1410; x_wconf 88' lang='lat' dir='ltr'><strong>est</strong></span> <span class='ocrx_word' id='word_1_144' title='bbox 1401 1353 1643 1411; x_wconf 80' lang='lat' dir='ltr'><strong>dilecno</strong></span> <span class='ocrx_word' id='word_1_145' title='bbox 1668 1372 1682 1422; x_wconf 85' lang='lat'>;</span> <span class='ocrx_word' id='word_1_146' title='bbox 1713 1367 1885 1424; x_wconf 64' lang='lat' dir='ltr'><strong>cujus</strong></span> <span class='ocrx_word' id='word_1_147' title='bbox 1906 1366 2146 1425; x_wconf 77' lang='lat' dir='ltr'><strong>signum</strong></span> <span class='ocrx_word' id='word_1_148' title='bbox 2168 1359 2258 1411; x_wconf 91' lang='lat' dir='ltr'><strong>est</strong></span> <span class='ocrx_word' id='word_1_149' title='bbox 2284 1354 2442 1425; x_wconf 91' lang='lat' dir='ltr'><strong>quod</strong></span> <span class='ocrx_word' id='word_1_150' title='bbox 2466 1365 2665 1411; x_wconf 78' lang='lat' dir='ltr'><strong>omnis</strong></span> 
     </span>
     <span class='ocr_line' id='line_1_16' title="bbox 243 1421 2667 1505; baseline -0.001 -23"><span class='ocrx_word' id='word_1_151' title='bbox 243 1429 446 1482; x_wconf 86' lang='lat' dir='ltr'><strong>motus</strong></span> <span class='ocrx_word' id='word_1_152' title='bbox 483 1421 736 1481; x_wconf 81' lang='lat' dir='ltr'><strong>affectus</strong></span> <span class='ocrx_word' id='word_1_153' title='bbox 784 1423 857 1481; x_wconf 89' lang='lat' dir='ltr'><strong>ab</strong></span> <span class='ocrx_word' id='word_1_154' title='bbox 911 1436 1113 1480; x_wconf 89' lang='lat' dir='ltr'><strong>amore</strong></span> <span class='ocrx_word' id='word_1_155' title='bbox 1160 1423 1493 1492; x_wconf 81' lang='lat' dir='ltr'><strong>derivatur3</strong></span> <span class='ocrx_word' id='word_1_156' title='bbox 1526 1423 1731 1481; x_wconf 91' lang='lat' dir='ltr'><strong>nullus</strong></span> <span class='ocrx_word' id='word_1_157' title='bbox 1771 1424 1929 1480; x_wconf 89' lang='lat' dir='ltr'><strong>enim</strong></span> <span class='ocrx_word' id='word_1_158' title='bbox 1978 1422 2276 1481; x_wconf 83' lang='lat' dir='ltr'><strong>desiderat</strong></span> <span class='ocrx_word' id='word_1_159' title='bbox 2319 1429 2422 1481; x_wconf 87' lang='lat' dir='ltr'><strong>aut</strong></span> <span class='ocrx_word' id='word_1_160' title='bbox 2468 1427 2667 1505; x_wconf 79' lang='lat' dir='ltr'><strong>sperat</strong></span> 
     </span>
     <span class='ocr_line' id='line_1_17' title="bbox 243 1492 2665 1566; baseline -0 -15"><span class='ocrx_word' id='word_1_161' title='bbox 243 1498 351 1551; x_wconf 87' lang='lat' dir='ltr'><strong>aut</strong></span> <span class='ocrx_word' id='word_1_162' title='bbox 374 1493 615 1566; x_wconf 88' lang='lat' dir='ltr'><strong>gaudet,</strong></span> <span class='ocrx_word' id='word_1_163' title='bbox 648 1494 765 1550; x_wconf 92' lang='lat' dir='ltr'><strong>nisi</strong></span> <span class='ocrx_word' id='word_1_164' title='bbox 794 1499 1035 1565; x_wconf 83' lang='lat' dir='ltr'><strong>propter</strong></span> <span class='ocrx_word' id='word_1_165' title='bbox 1084 1493 1309 1551; x_wconf 87' lang='lat' dir='ltr'><strong>bonum</strong></span> <span class='ocrx_word' id='word_1_166' title='bbox 1364 1501 1623 1552; x_wconf 87' lang='lat' dir='ltr'><strong>amatum</strong></span> <span class='ocrx_word' id='word_1_167' title='bbox 1647 1513 1661 1563; x_wconf 78' lang='lat'><em>3</em></span> <span class='ocrx_word' id='word_1_168' title='bbox 1684 1494 1961 1553; x_wconf 88' lang='lat' dir='ltr'><strong>similiter</strong></span> <span class='ocrx_word' id='word_1_169' title='bbox 1999 1499 2196 1551; x_wconf 90' lang='lat' dir='ltr'><strong>autem</strong></span> <span class='ocrx_word' id='word_1_170' title='bbox 2222 1508 2414 1566; x_wconf 89' lang='lat' dir='ltr'><strong>neque</strong></span> <span class='ocrx_word' id='word_1_171' title='bbox 2445 1492 2665 1565; x_wconf 78' lang='lat' dir='ltr'><strong>aliquis</strong></span> 
     </span>
     <span class='ocr_line' id='line_1_18' title="bbox 242 1562 2666 1637; baseline -0 -16"><span class='ocrx_word' id='word_1_172' title='bbox 242 1562 470 1635; x_wconf 83' lang='lat' dir='ltr'><strong>refugit</strong></span> <span class='ocrx_word' id='word_1_173' title='bbox 498 1568 600 1620; x_wconf 87' lang='lat' dir='ltr'><strong>aut</strong></span> <span class='ocrx_word' id='word_1_174' title='bbox 639 1564 806 1621; x_wconf 90' lang='lat' dir='ltr'><strong>timet</strong></span> <span class='ocrx_word' id='word_1_175' title='bbox 852 1568 954 1621; x_wconf 89' lang='lat' dir='ltr'><strong>aut</strong></span> <span class='ocrx_word' id='word_1_176' title='bbox 980 1564 1250 1622; x_wconf 84' lang='lat' dir='ltr'><strong>tristatur</strong></span> <span class='ocrx_word' id='word_1_177' title='bbox 1277 1570 1379 1623; x_wconf 85' lang='lat' dir='ltr'><strong>aut</strong></span> <span class='ocrx_word' id='word_1_178' title='bbox 1413 1566 1712 1634; x_wconf 79' lang='lat' dir='ltr'><strong>irascitur,</strong></span> <span class='ocrx_word' id='word_1_179' title='bbox 1740 1565 1857 1622; x_wconf 91' lang='lat' dir='ltr'><strong>nisi</strong></span> <span class='ocrx_word' id='word_1_180' title='bbox 1887 1570 2125 1635; x_wconf 88' lang='lat' dir='ltr'><strong>propter</strong></span> <span class='ocrx_word' id='word_1_181' title='bbox 2152 1565 2212 1621; x_wconf 93' lang='lat' dir='ltr'><strong>id</strong></span> <span class='ocrx_word' id='word_1_182' title='bbox 2245 1564 2401 1637; x_wconf 91' lang='lat' dir='ltr'><strong>quod</strong></span> <span class='ocrx_word' id='word_1_183' title='bbox 2433 1570 2666 1621; x_wconf 88' lang='lat' dir='ltr'><strong>contra-</strong></span> 
     </span>
     <span class='ocr_line' id='line_1_19' title="bbox 243 1633 2667 1708; baseline -0.001 -15"><span class='ocrx_word' id='word_1_184' title='bbox 243 1634 434 1693; x_wconf 87' lang='lat' dir='ltr'><strong>riatur</strong></span> <span class='ocrx_word' id='word_1_185' title='bbox 469 1633 632 1692; x_wconf 87' lang='lat' dir='ltr'><strong>bono</strong></span> <span class='ocrx_word' id='word_1_186' title='bbox 680 1639 899 1692; x_wconf 90' lang='lat' dir='ltr'><strong>amat0.</strong></span> <span class='ocrx_word' id='word_1_187' title='bbox 923 1634 1278 1705; x_wconf 87' lang='lat' dir='ltr'><strong>Principalis</strong></span> <span class='ocrx_word' id='word_1_188' title='bbox 1308 1650 1450 1708; x_wconf 89' lang='lat' dir='ltr'><strong>ergo</strong></span> <span class='ocrx_word' id='word_1_189' title='bbox 1475 1634 1721 1692; x_wconf 83' lang='lat' dir='ltr'><strong>effectus</strong></span> <span class='ocrx_word' id='word_1_190' title='bbox 1763 1636 1968 1707; x_wconf 71' lang='lat' dir='ltr'><strong>gratiae</strong></span> <span class='ocrx_word' id='word_1_191' title='bbox 2001 1640 2236 1707; x_wconf 84' lang='lat' dir='ltr'><strong>gratum</strong></span> <span class='ocrx_word' id='word_1_192' title='bbox 2273 1635 2548 1692; x_wconf 89' lang='lat' dir='ltr'><strong>facientis</strong></span> <span class='ocrx_word' id='word_1_193' title='bbox 2574 1640 2667 1692; x_wconf 89' lang='lat' dir='ltr'><strong>est</strong></span> 
     </span>
     <span class='ocr_line' id='line_1_20' title="bbox 249 1704 1012 1777; baseline -0.003 -15"><span class='ocrx_word' id='word_1_194' title='bbox 249 1710 319 1762; x_wconf 86' lang='lat' dir='ltr'><strong>ut</strong></span> <span class='ocrx_word' id='word_1_195' title='bbox 349 1704 529 1761; x_wconf 88' lang='lat' dir='ltr'><strong>homo</strong></span> <span class='ocrx_word' id='word_1_196' title='bbox 565 1706 750 1762; x_wconf 91' lang='lat' dir='ltr'><strong>Deum</strong></span> <span class='ocrx_word' id='word_1_197' title='bbox 784 1704 1012 1777; x_wconf 87' lang='lat' dir='ltr'><strong>diligat.</strong></span> 
     </span>
    </p>

    <p class='ocr_par' dir='ltr' id='par_1_4' title="bbox 237 1773 2671 2325">
     <span class='ocr_line' id='line_1_21' title="bbox 316 1773 2671 1848; baseline 0.001 -18"><span class='ocrx_word' id='word_1_198' title='bbox 316 1776 471 1842; x_wconf 69' lang='lat' dir='ltr'><strong>Itevn,</strong></span> <span class='ocrx_word' id='word_1_199' title='bbox 505 1774 696 1833; x_wconf 86' lang='lat' dir='ltr'><strong>forma</strong></span> <span class='ocrx_word' id='word_1_200' title='bbox 738 1789 843 1847; x_wconf 89' lang='lat' dir='ltr'><strong>per</strong></span> <span class='ocrx_word' id='word_1_201' title='bbox 870 1789 1046 1846; x_wconf 88' lang='lat' dir='ltr'><strong>quam</strong></span> <span class='ocrx_word' id='word_1_202' title='bbox 1091 1789 1189 1833; x_wconf 88' lang='lat' dir='ltr'><strong>res</strong></span> <span class='ocrx_word' id='word_1_203' title='bbox 1221 1776 1535 1833; x_wconf 88' lang='lat' dir='ltr'><strong>ordinatur</strong></span> <span class='ocrx_word' id='word_1_204' title='bbox 1583 1777 1645 1833; x_wconf 91' lang='lat' dir='ltr'><strong>in</strong></span> <span class='ocrx_word' id='word_1_205' title='bbox 1673 1775 1750 1832; x_wconf 87' lang='lat' dir='ltr'><strong>ali</strong></span> <span class='ocrx_word' id='word_1_206' title='bbox 1802 1789 1937 1832; x_wconf 89' lang='lat' dir='ltr'><strong>uem</strong></span> <span class='ocrx_word' id='word_1_207' title='bbox 1977 1773 2157 1832; x_wconf 87' lang='lat' dir='ltr'><strong>finem</strong></span> <span class='ocrx_word' id='word_1_208' title='bbox 2205 1776 2500 1833; x_wconf 84' lang='lat' dir='ltr'><strong>assimilat</strong></span> <span class='ocrx_word' id='word_1_209' title='bbox 2526 1788 2671 1848; x_wconf 88' lang='lat' dir='ltr'><strong>quo-</strong></span> 
     </span>
     <span class='ocr_line' id='line_1_22' title="bbox 241 1844 2669 1917; baseline -0.001 -14"><span class='ocrx_word' id='word_1_210' title='bbox 241 1844 572 1903; x_wconf 89' lang='lat' dir='ltr'><strong>dammodo</strong></span> <span class='ocrx_word' id='word_1_211' title='bbox 619 1859 744 1904; x_wconf 89' lang='lat' dir='ltr'><strong>rem</strong></span> <span class='ocrx_word' id='word_1_212' title='bbox 773 1845 936 1902; x_wconf 89' lang='lat' dir='ltr'><strong>illam</strong></span> <span class='ocrx_word' id='word_1_213' title='bbox 984 1845 1126 1914; x_wconf 83' lang='lat' dir='ltr'><strong>fini3</strong></span> <span class='ocrx_word' id='word_1_214' title='bbox 1159 1846 1316 1903; x_wconf 90' lang='lat' dir='ltr'><strong>sicut</strong></span> <span class='ocrx_word' id='word_1_215' title='bbox 1355 1861 1461 1904; x_wconf 90' lang='lat' dir='ltr'><strong>cor</strong></span> <span class='ocrx_word' id='word_1_216' title='bbox 1503 1860 1575 1903; x_wconf 88' lang='lat' dir='ltr'><strong>us</strong></span> <span class='ocrx_word' id='word_1_217' title='bbox 1616 1860 1720 1916; x_wconf 89' lang='lat' dir='ltr'><strong>per</strong></span> <span class='ocrx_word' id='word_1_218' title='bbox 1789 1859 2016 1903; x_wconf 86' lang='lat' dir='ltr'><strong>ormam</strong></span> <span class='ocrx_word' id='word_1_219' title='bbox 2067 1845 2374 1917; x_wconf 88' lang='lat' dir='ltr'><strong>gravitatis</strong></span> <span class='ocrx_word' id='word_1_220' title='bbox 2414 1845 2669 1917; x_wconf 81' lang='lat' dir='ltr'><strong>acquirit</strong></span> 
     </span>
     <span class='ocr_line' id='line_1_23' title="bbox 247 1915 2663 1988; baseline -0 -16"><span class='ocrx_word' id='word_1_221' title='bbox 247 1915 709 1973; x_wconf 89' lang='lat' dir='ltr'><strong>similitudinem</strong></span> <span class='ocrx_word' id='word_1_222' title='bbox 742 1922 799 1972; x_wconf 92' lang='lat' dir='ltr'><strong>et</strong></span> <span class='ocrx_word' id='word_1_223' title='bbox 827 1916 1302 1974; x_wconf 87' lang='lat' dir='ltr'><strong>conformitatem</strong></span> <span class='ocrx_word' id='word_1_224' title='bbox 1331 1917 1405 1974; x_wconf 89' lang='lat' dir='ltr'><strong>ad</strong></span> <span class='ocrx_word' id='word_1_225' title='bbox 1477 1931 1649 1974; x_wconf 89' lang='lat' dir='ltr'><strong>ocum</strong></span> <span class='ocrx_word' id='word_1_226' title='bbox 1684 1916 1757 1974; x_wconf 90' lang='lat' dir='ltr'><strong>ad</strong></span> <span class='ocrx_word' id='word_1_227' title='bbox 1797 1929 1972 1988; x_wconf 92' lang='lat' dir='ltr'><strong>quem</strong></span> <span class='ocrx_word' id='word_1_228' title='bbox 2004 1917 2350 1973; x_wconf 86' lang='lat' dir='ltr'><strong>naturaliter</strong></span> <span class='ocrx_word' id='word_1_229' title='bbox 2374 1922 2663 1973; x_wconf 84' lang='lat' dir='ltr'><strong>movetur.</strong></span> 
     </span>
     <span class='ocr_line' id='line_1_24' title="bbox 245 1986 2668 2067; baseline -0 -24"><span class='ocrx_word' id='word_1_230' title='bbox 245 1987 575 2043; x_wconf 82' lang='lat' dir='ltr'><strong>ostensum</strong></span> <span class='ocrx_word' id='word_1_231' title='bbox 615 1992 707 2044; x_wconf 91' lang='lat' dir='ltr'><strong>est</strong></span> <span class='ocrx_word' id='word_1_232' title='bbox 735 1992 930 2044; x_wconf 90' lang='lat' dir='ltr'><strong>autem</strong></span> <span class='ocrx_word' id='word_1_233' title='bbox 976 1986 1135 2058; x_wconf 89' lang='lat' dir='ltr'><strong>quod</strong></span> <span class='ocrx_word' id='word_1_234' title='bbox 1174 1987 1364 2058; x_wconf 85' lang='lat' dir='ltr'><strong>gratia</strong></span> <span class='ocrx_word' id='word_1_235' title='bbox 1396 1993 1628 2067; x_wconf 83' lang='lat' dir='ltr'><strong>gratum</strong></span> <span class='ocrx_word' id='word_1_236' title='bbox 1669 1987 1897 2044; x_wconf 80' lang='lat' dir='ltr'><strong>faciens</strong></span> <span class='ocrx_word' id='word_1_237' title='bbox 1936 1991 2028 2043; x_wconf 87' lang='lat' dir='ltr'><strong>est</strong></span> <span class='ocrx_word' id='word_1_238' title='bbox 2072 1988 2341 2057; x_wconf 81' lang='lat' dir='ltr'><strong>quaedam</strong></span> <span class='ocrx_word' id='word_1_239' title='bbox 2385 1988 2574 2044; x_wconf 83' lang='lat' dir='ltr'><strong>forma</strong></span> <span class='ocrx_word' id='word_1_240' title='bbox 2605 1987 2668 2042; x_wconf 90' lang='lat' dir='ltr'><strong>in</strong></span> 
     </span>
     <span class='ocr_line' id='line_1_25' title="bbox 237 2055 2664 2138; baseline -0 -24"><span class='ocrx_word' id='word_1_241' title='bbox 237 2055 514 2123; x_wconf 86' lang='lat' dir='ltr'><strong>homine,</strong></span> <span class='ocrx_word' id='word_1_242' title='bbox 541 2070 645 2127; x_wconf 88' lang='lat' dir='ltr'><strong>per</strong></span> <span class='ocrx_word' id='word_1_243' title='bbox 672 2071 849 2136; x_wconf 79' lang='lat' dir='ltr'><strong>quam</strong></span> <span class='ocrx_word' id='word_1_244' title='bbox 870 2057 1179 2114; x_wconf 86' lang='lat' dir='ltr'><strong>ordinatur</strong></span> <span class='ocrx_word' id='word_1_245' title='bbox 1202 2058 1275 2114; x_wconf 90' lang='lat' dir='ltr'><strong>ad</strong></span> <span class='ocrx_word' id='word_1_246' title='bbox 1307 2057 1581 2114; x_wconf 79' lang='lat' dir='ltr'><strong>ultimum</strong></span> <span class='ocrx_word' id='word_1_247' title='bbox 1612 2058 1813 2124; x_wconf 82' lang='lat' dir='ltr'><strong>tinem,</strong></span> <span class='ocrx_word' id='word_1_248' title='bbox 1841 2057 1941 2138; x_wconf 84' lang='lat' dir='ltr'><strong>qui</strong></span> <span class='ocrx_word' id='word_1_249' title='bbox 1968 2058 2127 2113; x_wconf 90' lang='lat' dir='ltr'><strong>Deus</strong></span> <span class='ocrx_word' id='word_1_250' title='bbox 2155 2063 2264 2114; x_wconf 90' lang='lat' dir='ltr'><strong>est.</strong></span> <span class='ocrx_word' id='word_1_251' title='bbox 2286 2060 2397 2114; x_wconf 81' lang='lat' dir='ltr'><strong>Per</strong></span> <span class='ocrx_word' id='word_1_252' title='bbox 2415 2057 2664 2128; x_wconf 86' lang='lat' dir='ltr'><strong>gratiam</strong></span> 
     </span>
     <span class='ocr_line' id='line_1_26' title="bbox 247 2126 2670 2200; baseline -0 -16"><span class='ocrx_word' id='word_1_253' title='bbox 247 2140 397 2198; x_wconf 90' lang='lat' dir='ltr'><strong>ergo</strong></span> <span class='ocrx_word' id='word_1_254' title='bbox 429 2126 612 2183; x_wconf 89' lang='lat' dir='ltr'><strong>homo</strong></span> <span class='ocrx_word' id='word_1_255' title='bbox 640 2129 744 2183; x_wconf 77' lang='lat' dir='ltr'><strong>Dei</strong></span> <span class='ocrx_word' id='word_1_256' title='bbox 794 2127 1247 2184; x_wconf 88' lang='lat' dir='ltr'><strong>similitudinem</strong></span> <span class='ocrx_word' id='word_1_257' title='bbox 1291 2129 1698 2200; x_wconf 86' lang='lat' dir='ltr'><strong>consequitur.</strong></span> <span class='ocrx_word' id='word_1_258' title='bbox 1732 2126 2071 2184; x_wconf 77' lang='lat' dir='ltr'><strong>Similitudo</strong></span> <span class='ocrx_word' id='word_1_259' title='bbox 2112 2134 2309 2184; x_wconf 91' lang='lat' dir='ltr'><strong>autem</strong></span> <span class='ocrx_word' id='word_1_260' title='bbox 2358 2134 2447 2184; x_wconf 87' lang='lat' dir='ltr'><strong>est</strong></span> <span class='ocrx_word' id='word_1_261' title='bbox 2494 2128 2670 2184; x_wconf 92' lang='lat' dir='ltr'><strong>dilec-</strong></span> 
     </span>
     <span class='ocr_line' id='line_1_27' title="bbox 247 2196 2665 2270; baseline 0.001 -18"><span class='ocrx_word' id='word_1_262' title='bbox 247 2196 438 2254; x_wconf 90' lang='lat' dir='ltr'><strong>tionis</strong></span> <span class='ocrx_word' id='word_1_263' title='bbox 464 2209 690 2268; x_wconf 68' lang='lat' dir='ltr'><strong>causa3</strong></span> <span class='ocrx_word' id='word_1_264' title='bbox 715 2211 891 2254; x_wconf 90' lang='lat' dir='ltr'><strong>omne</strong></span> <span class='ocrx_word' id='word_1_265' title='bbox 920 2197 1080 2256; x_wconf 87' lang='lat' dir='ltr'><strong>enim</strong></span> <span class='ocrx_word' id='word_1_266' title='bbox 1122 2197 1318 2254; x_wconf 87' lang='lat' dir='ltr'><strong>simile</strong></span> <span class='ocrx_word' id='word_1_267' title='bbox 1352 2198 1548 2270; x_wconf 84' lang='lat' dir='ltr'><strong>diligit</strong></span> <span class='ocrx_word' id='word_1_268' title='bbox 1572 2199 1691 2255; x_wconf 85' lang='lat' dir='ltr'><strong>sihi</strong></span> <span class='ocrx_word' id='word_1_269' title='bbox 1721 2197 1938 2255; x_wconf 86' lang='lat' dir='ltr'><strong>simile.</strong></span> <span class='ocrx_word' id='word_1_270' title='bbox 1963 2199 2072 2254; x_wconf 89' lang='lat' dir='ltr'><strong>Per</strong></span> <span class='ocrx_word' id='word_1_271' title='bbox 2103 2199 2353 2270; x_wconf 83' lang='lat' dir='ltr'><strong>gratiam</strong></span> <span class='ocrx_word' id='word_1_272' title='bbox 2382 2211 2528 2270; x_wconf 88' lang='lat' dir='ltr'><strong>ergo</strong></span> <span class='ocrx_word' id='word_1_273' title='bbox 2560 2198 2665 2254; x_wconf 80' lang='lat' dir='ltr'><strong>ho·</strong></span> 
     </span>
     <span class='ocr_line' id='line_1_28' title="bbox 244 2266 1058 2325; baseline -0.001 0"><span class='ocrx_word' id='word_1_274' title='bbox 244 2280 349 2325; x_wconf 91' lang='lat' dir='ltr'><strong>mo</strong></span> <span class='ocrx_word' id='word_1_275' title='bbox 371 2266 628 2324; x_wconf 89' lang='lat' dir='ltr'><strong>efficitur</strong></span> <span class='ocrx_word' id='word_1_276' title='bbox 658 2268 758 2323; x_wconf 91' lang='lat' dir='ltr'><strong>Dei</strong></span> <span class='ocrx_word' id='word_1_277' title='bbox 793 2268 1058 2325; x_wconf 88' lang='lat' dir='ltr'><strong>dilector.</strong></span> 
     </span>
    </p>

    <p class='ocr_par' dir='ltr' id='par_1_5' title="bbox 240 2338 2668 2692">
     <span class='ocr_line' id='line_1_29' title="bbox 313 2338 2668 2410; baseline -0.001 -16"><span class='ocrx_word' id='word_1_278' title='bbox 313 2341 599 2400; x_wconf 79' lang='lat' dir='ltr'><strong>Praeterea,</strong></span> <span class='ocrx_word' id='word_1_279' title='bbox 624 2338 696 2395; x_wconf 87' lang='lat' dir='ltr'><strong>ad</strong></span> <span class='ocrx_word' id='word_1_280' title='bbox 723 2339 1142 2409; x_wconf 84' lang='lat' dir='ltr'><strong>perfectionem</strong></span> <span class='ocrx_word' id='word_1_281' title='bbox 1168 2339 1534 2409; x_wconf 89' lang='lat' dir='ltr'><strong>operationis</strong></span> <span class='ocrx_word' id='word_1_282' title='bbox 1560 2354 1618 2396; x_wconf 90' lang='lat' dir='ltr'><strong>re</strong></span> <span class='ocrx_word' id='word_1_283' title='bbox 1666 2338 1878 2395; x_wconf 88' lang='lat' dir='ltr'><strong>uiritur</strong></span> <span class='ocrx_word' id='word_1_284' title='bbox 1901 2338 2060 2410; x_wconf 89' lang='lat' dir='ltr'><strong>quod</strong></span> <span class='ocrx_word' id='word_1_285' title='bbox 2080 2338 2300 2410; x_wconf 87' lang='lat' dir='ltr'><strong>aliquis</strong></span> <span class='ocrx_word' id='word_1_286' title='bbox 2323 2342 2668 2395; x_wconf 89' lang='lat' dir='ltr'><strong>constanter</strong></span> 
     </span>
     <span class='ocr_line' id='line_1_30' title="bbox 240 2408 2666 2480; baseline -0 -15"><span class='ocrx_word' id='word_1_287' title='bbox 240 2412 304 2465; x_wconf 87' lang='lat' dir='ltr'><strong>et</strong></span> <span class='ocrx_word' id='word_1_288' title='bbox 330 2412 602 2479; x_wconf 88' lang='lat' dir='ltr'><strong>prompte</strong></span> <span class='ocrx_word' id='word_1_289' title='bbox 630 2413 924 2478; x_wconf 86' lang='lat' dir='ltr'><strong>operetur.</strong></span> <span class='ocrx_word' id='word_1_290' title='bbox 948 2411 1068 2465; x_wconf 83' lang='lat' dir='ltr'><strong>Hoc</strong></span> <span class='ocrx_word' id='word_1_291' title='bbox 1098 2414 1292 2465; x_wconf 89' lang='lat' dir='ltr'><strong>autem</strong></span> <span class='ocrx_word' id='word_1_292' title='bbox 1316 2409 1610 2480; x_wconf 75' lang='lat' dir='ltr'><strong>praecipue</strong></span> <span class='ocrx_word' id='word_1_293' title='bbox 1662 2409 1780 2464; x_wconf 88' lang='lat' dir='ltr'><strong>acit</strong></span> <span class='ocrx_word' id='word_1_294' title='bbox 1808 2422 1995 2477; x_wconf 89' lang='lat' dir='ltr'><strong>amor,</strong></span> <span class='ocrx_word' id='word_1_295' title='bbox 2019 2415 2256 2479; x_wconf 89' lang='lat' dir='ltr'><strong>propter</strong></span> <span class='ocrx_word' id='word_1_296' title='bbox 2284 2422 2458 2479; x_wconf 87' lang='lat' dir='ltr'><strong>quem</strong></span> <span class='ocrx_word' id='word_1_297' title='bbox 2488 2408 2666 2464; x_wconf 87' lang='lat' dir='ltr'><strong>etiam</strong></span> 
     </span>
     <span class='ocr_line' id='line_1_31' title="bbox 243 2477 2666 2551; baseline -0.001 -14"><span class='ocrx_word' id='word_1_298' title='bbox 243 2477 518 2537; x_wconf 85' lang='lat' dir='ltr'><strong>difficilia</strong></span> <span class='ocrx_word' id='word_1_299' title='bbox 548 2484 606 2535; x_wconf 89' lang='lat' dir='ltr'><strong>et</strong></span> <span class='ocrx_word' id='word_1_300' title='bbox 633 2480 836 2551; x_wconf 85' lang='lat' dir='ltr'><strong>gravia</strong></span> <span class='ocrx_word' id='word_1_301' title='bbox 879 2478 1030 2537; x_wconf 88' lang='lat' dir='ltr'><strong>levia</strong></span> <span class='ocrx_word' id='word_1_302' title='bbox 1057 2479 1349 2536; x_wconf 85' lang='lat' dir='ltr'><strong>videntur.</strong></span> <span class='ocrx_word' id='word_1_303' title='bbox 1379 2480 1572 2547; x_wconf 89' lang='lat' dir='ltr'><strong>Quum</strong></span> <span class='ocrx_word' id='word_1_304' title='bbox 1616 2478 1797 2550; x_wconf 89' lang='lat' dir='ltr'><strong>igitur</strong></span> <span class='ocrx_word' id='word_1_305' title='bbox 1825 2492 1897 2535; x_wconf 78' lang='lat' dir='ltr'><strong>ex</strong></span> <span class='ocrx_word' id='word_1_306' title='bbox 1930 2479 2122 2551; x_wconf 89' lang='lat' dir='ltr'><strong>gratia</strong></span> <span class='ocrx_word' id='word_1_307' title='bbox 2149 2483 2381 2551; x_wconf 89' lang='lat' dir='ltr'><strong>gratum</strong></span> <span class='ocrx_word' id='word_1_308' title='bbox 2414 2478 2666 2535; x_wconf 84' lang='lat' dir='ltr'><strong>faciente</strong></span> 
     </span>
     <span class='ocr_line' id='line_1_32' title="bbox 244 2548 2667 2621; baseline -0.001 -14"><span class='ocrx_word' id='word_1_309' title='bbox 244 2554 523 2620; x_wconf 87' lang='lat' dir='ltr'><strong>oporteat</strong></span> <span class='ocrx_word' id='word_1_310' title='bbox 551 2549 816 2607; x_wconf 89' lang='lat' dir='ltr'><strong>hominis</strong></span> <span class='ocrx_word' id='word_1_311' title='bbox 850 2550 1227 2620; x_wconf 87' lang='lat' dir='ltr'><strong>operationes</strong></span> <span class='ocrx_word' id='word_1_312' title='bbox 1269 2550 1567 2621; x_wconf 88' lang='lat' dir='ltr'><strong>perfectus</strong></span> <span class='ocrx_word' id='word_1_313' title='bbox 1606 2548 1754 2617; x_wconf 87' lang='lat' dir='ltr'><strong>fieri,</strong></span> <span class='ocrx_word' id='word_1_314' title='bbox 1786 2553 1851 2604; x_wconf 88' lang='lat' dir='ltr'><strong>ut</strong></span> <span class='ocrx_word' id='word_1_315' title='bbox 1880 2564 1949 2605; x_wconf 83' lang='lat' dir='ltr'><strong>ex</strong></span> <span class='ocrx_word' id='word_1_316' title='bbox 1977 2550 2153 2606; x_wconf 88' lang='lat' dir='ltr'><strong>dictis</strong></span> <span class='ocrx_word' id='word_1_317' title='bbox 2183 2553 2361 2620; x_wconf 86' lang='lat' dir='ltr'><strong>patet,</strong></span> <span class='ocrx_word' id='word_1_318' title='bbox 2395 2562 2667 2606; x_wconf 89' lang='lat' dir='ltr'><strong>necessa-</strong></span> 
     </span>
     <span class='ocr_line' id='line_1_33' title="bbox 242 2618 2553 2692; baseline -0.001 -15"><span class='ocrx_word' id='word_1_319' title='bbox 242 2620 404 2678; x_wconf 88' lang='lat' dir='ltr'><strong>rium</strong></span> <span class='ocrx_word' id='word_1_320' title='bbox 434 2619 708 2691; x_wconf 88' lang='lat' dir='ltr'><strong>estquod</strong></span> <span class='ocrx_word' id='word_1_321' title='bbox 737 2634 843 2690; x_wconf 89' lang='lat' dir='ltr'><strong>per</strong></span> <span class='ocrx_word' id='word_1_322' title='bbox 865 2620 1133 2677; x_wconf 90' lang='lat' dir='ltr'><strong>eamdem</strong></span> <span class='ocrx_word' id='word_1_323' title='bbox 1162 2620 1412 2692; x_wconf 84' lang='lat' dir='ltr'><strong>gratiam</strong></span> <span class='ocrx_word' id='word_1_324' title='bbox 1443 2620 1544 2676; x_wconf 92' lang='lat' dir='ltr'><strong>Dei</strong></span> <span class='ocrx_word' id='word_1_325' title='bbox 1573 2619 1812 2676; x_wconf 85' lang='lat' dir='ltr'><strong>dilectio</strong></span> <span class='ocrx_word' id='word_1_326' title='bbox 1841 2619 2238 2676; x_wconf 89' lang='lat' dir='ltr'><strong>constituatur</strong></span> <span class='ocrx_word' id='word_1_327' title='bbox 2264 2618 2328 2674; x_wconf 92' lang='lat' dir='ltr'><strong>in</strong></span> <span class='ocrx_word' id='word_1_328' title='bbox 2358 2618 2553 2676; x_wconf 91' lang='lat' dir='ltr'><strong>nobis.</strong></span> 
     </span>
    </p>

    <p class='ocr_par' dir='ltr' id='par_1_6' title="bbox 237 2689 2668 3104">
     <span class='ocr_line' id='line_1_34' title="bbox 317 2689 2668 2761; baseline -0.001 -14"><span class='ocrx_word' id='word_1_329' title='bbox 317 2691 466 2747; x_wconf 88' lang='lat' dir='ltr'><strong>Hinc</strong></span> <span class='ocrx_word' id='word_1_330' title='bbox 516 2696 607 2747; x_wconf 91' lang='lat' dir='ltr'><strong>est</strong></span> <span class='ocrx_word' id='word_1_331' title='bbox 650 2690 809 2761; x_wconf 86' lang='lat' dir='ltr'><strong>quod</strong></span> <span class='ocrx_word' id='word_1_332' title='bbox 856 2690 999 2747; x_wconf 91' lang='lat' dir='ltr'><strong>dicit</strong></span> <span class='ocrx_word' id='word_1_333' title='bbox 1040 2690 1360 2761; x_wconf 81' lang='lat' dir='ltr'><strong>Apostolus</strong></span> <span class='ocrx_word' id='word_1_334' title='bbox 1390 2709 1405 2747; x_wconf 75' lang='grc' dir='ltr'><strong><em>ε</em></strong></span> <span class='ocrx_word' id='word_1_335' title='bbox 1438 2691 1689 2748; x_wconf 78' lang='lat' dir='ltr'><strong>Charitas</strong></span> <span class='ocrx_word' id='word_1_336' title='bbox 1725 2692 1823 2745; x_wconf 82' lang='lat' dir='ltr'><strong>Dei</strong></span> <span class='ocrx_word' id='word_1_337' title='bbox 1851 2690 2059 2759; x_wconf 79' lang='lat' dir='ltr'><strong>diffusa</strong></span> <span class='ocrx_word' id='word_1_338' title='bbox 2086 2694 2164 2745; x_wconf 80' lang='lat' dir='ltr'><strong>est</strong></span> <span class='ocrx_word' id='word_1_339' title='bbox 2188 2692 2247 2744; x_wconf 73' lang='lat' dir='ltr'><strong>in</strong></span> <span class='ocrx_word' id='word_1_340' title='bbox 2274 2689 2523 2743; x_wconf 75' lang='lat' dir='ltr'><strong>cordibus</strong></span> <span class='ocrx_word' id='word_1_341' title='bbox 2550 2704 2668 2745; x_wconf 80' lang='lat' dir='ltr'><strong>nos-</strong></span> 
     </span>
     <span class='ocr_line' id='line_1_35' title="bbox 242 2759 2664 2832; baseline 0 -16"><span class='ocrx_word' id='word_1_342' title='bbox 242 2763 350 2816; x_wconf 69' lang='lat' dir='ltr'><strong>tris</strong></span> <span class='ocrx_word' id='word_1_343' title='bbox 371 2776 477 2831; x_wconf 80' lang='lat' dir='ltr'><strong>per</strong></span> <span class='ocrx_word' id='word_1_344' title='bbox 507 2761 776 2830; x_wconf 78' lang='lat' dir='ltr'><strong>Spiritum</strong></span> <span class='ocrx_word' id='word_1_345' title='bbox 800 2765 1069 2829; x_wconf 77' lang='lat' dir='ltr'><strong>sanctum,</strong></span> <span class='ocrx_word' id='word_1_346' title='bbox 1101 2762 1197 2831; x_wconf 76' lang='lat' dir='ltr'><strong>qui</strong></span> <span class='ocrx_word' id='word_1_347' title='bbox 1232 2761 1393 2816; x_wconf 81' lang='lat' dir='ltr'><strong>datus</strong></span> <span class='ocrx_word' id='word_1_348' title='bbox 1424 2766 1502 2816; x_wconf 81' lang='lat' dir='ltr'><strong>est</strong></span> <span class='ocrx_word' id='word_1_349' title='bbox 1528 2761 1700 2816; x_wconf 81' lang='lat' dir='ltr'><strong>nobis.</strong></span> <span class='ocrx_word' id='word_1_350' title='bbox 1731 2760 1924 2830; x_wconf 64' lang='lat' dir='ltr'><strong>(Rom,</strong></span> <span class='ocrx_word' id='word_1_351' title='bbox 1952 2774 2014 2829; x_wconf 80' lang='lat' dir='ltr'><strong>v,</strong></span> <span class='ocrx_word' id='word_1_352' title='bbox 2036 2760 2115 2832; x_wconf 76' lang='lat'><strong>5.)</strong></span> <span class='ocrx_word' id='word_1_353' title='bbox 2146 2759 2436 2816; x_wconf 90' lang='lat' dir='ltr'><strong>Dominus</strong></span> <span class='ocrx_word' id='word_1_354' title='bbox 2465 2764 2664 2816; x_wconf 87' lang='lat' dir='ltr'><strong>autem</strong></span> 
     </span>
     <span class='ocr_line' id='line_1_36' title="bbox 241 2829 2667 2902; baseline -0.002 -14"><span class='ocrx_word' id='word_1_355' title='bbox 241 2829 636 2888; x_wconf 87' lang='lat' dir='ltr'><strong>dilectoribus</strong></span> <span class='ocrx_word' id='word_1_356' title='bbox 685 2831 814 2888; x_wconf 90' lang='lat' dir='ltr'><strong>suis</strong></span> <span class='ocrx_word' id='word_1_357' title='bbox 860 2831 1152 2889; x_wconf 87' lang='lat' dir='ltr'><strong>visionem</strong></span> <span class='ocrx_word' id='word_1_358' title='bbox 1185 2845 1353 2888; x_wconf 90' lang='lat' dir='ltr'><strong>suam</strong></span> <span class='ocrx_word' id='word_1_359' title='bbox 1404 2830 1777 2902; x_wconf 87' lang='lat' dir='ltr'><strong>repromittit,</strong></span> <span class='ocrx_word' id='word_1_360' title='bbox 1808 2830 2013 2887; x_wconf 91' lang='lat' dir='ltr'><strong>dicens</strong></span> <span class='ocrx_word' id='word_1_361' title='bbox 2045 2847 2059 2885; x_wconf 90' lang='lat'>:</span> <span class='ocrx_word' id='word_1_362' title='bbox 2091 2830 2197 2897; x_wconf 78' lang='lat' dir='ltr'><strong>Qui</strong></span> <span class='ocrx_word' id='word_1_363' title='bbox 2223 2830 2410 2898; x_wconf 64' lang='lat' dir='ltr'><strong>diligit</strong></span> <span class='ocrx_word' id='word_1_364' title='bbox 2431 2845 2514 2884; x_wconf 83' lang='lat' dir='ltr'><strong>me</strong></span> <span class='ocrx_word' id='word_1_365' title='bbox 2542 2830 2667 2885; x_wconf 73' lang='lat' dir='ltr'><strong>dili-</strong></span> 
     </span>
     <span class='ocr_line' id='line_1_37' title="bbox 237 2900 2665 2971; baseline -0 -15"><span class='ocrx_word' id='word_1_366' title='bbox 237 2905 403 2970; x_wconf 67' lang='lat' dir='ltr'><strong>getur</strong></span> <span class='ocrx_word' id='word_1_367' title='bbox 430 2904 645 2958; x_wconf 81' lang='lat' dir='ltr'><strong>aPatre</strong></span> <span class='ocrx_word' id='word_1_368' title='bbox 687 2917 800 2957; x_wconf 83' lang='lat' dir='ltr'><strong>meo</strong></span> <span class='ocrx_word' id='word_1_369' title='bbox 825 2920 844 2955; x_wconf 72' lang='grc' dir='ltr'><strong><em>ε</em></strong></span> <span class='ocrx_word' id='word_1_370' title='bbox 873 2906 924 2956; x_wconf 82' lang='lat' dir='ltr'><strong>et</strong></span> <span class='ocrx_word' id='word_1_371' title='bbox 967 2917 1061 2970; x_wconf 72' lang='lat' dir='ltr'><strong>eqo</strong></span> <span class='ocrx_word' id='word_1_372' title='bbox 1106 2903 1335 2969; x_wconf 67' lang='lat' dir='ltr'><strong>diligam</strong></span> <span class='ocrx_word' id='word_1_373' title='bbox 1371 2917 1508 2965; x_wconf 66' lang='lat' dir='ltr'><strong>eim,</strong></span> <span class='ocrx_word' id='word_1_374' title='bbox 1541 2906 1592 2956; x_wconf 77' lang='lat' dir='ltr'><strong>et</strong></span> <span class='ocrx_word' id='word_1_375' title='bbox 1634 2901 1995 2967; x_wconf 79' lang='lat' dir='ltr'><strong>manifestabo</strong></span> <span class='ocrx_word' id='word_1_376' title='bbox 2024 2901 2073 2956; x_wconf 78' lang='lat' dir='ltr'><strong>ei</strong></span> <span class='ocrx_word' id='word_1_377' title='bbox 2114 2902 2395 2970; x_wconf 79' lang='lat' dir='ltr'><strong>meipsum.</strong></span> <span class='ocrx_word' id='word_1_378' title='bbox 2429 2900 2665 2971; x_wconf 63' lang='lat' dir='ltr'><strong>(suanm,</strong></span> 
     </span>
     <span class='ocr_line' id='line_1_38' title="bbox 238 2970 2664 3052; baseline -0 -25"><span class='ocrx_word' id='word_1_379' title='bbox 238 2983 373 3052; x_wconf 72' lang='lat' dir='ltr'><strong>xiv,</strong></span> <span class='ocrx_word' id='word_1_380' title='bbox 399 2970 515 3043; x_wconf 79' lang='lat'>21.)</span> <span class='ocrx_word' id='word_1_381' title='bbox 547 2970 709 3029; x_wconf 91' lang='lat' dir='ltr'><strong>Unde</strong></span> <span class='ocrx_word' id='word_1_382' title='bbox 756 2976 913 3041; x_wconf 90' lang='lat' dir='ltr'><strong>patet</strong></span> <span class='ocrx_word' id='word_1_383' title='bbox 940 2971 1100 3044; x_wconf 91' lang='lat' dir='ltr'><strong>quod</strong></span> <span class='ocrx_word' id='word_1_384' title='bbox 1127 2970 1356 3043; x_wconf 68' lang='lat' dir='ltr'><strong>gratia,</strong></span> <span class='ocrx_word' id='word_1_385' title='bbox 1386 2986 1517 3045; x_wconf 84' lang='lat' dir='ltr'><strong>quae</strong></span> <span class='ocrx_word' id='word_1_386' title='bbox 1555 2970 1628 3028; x_wconf 90' lang='lat' dir='ltr'><strong>ad</strong></span> <span class='ocrx_word' id='word_1_387' title='bbox 1670 2970 1851 3028; x_wconf 84' lang='lat' dir='ltr'><strong>finem</strong></span> <span class='ocrx_word' id='word_1_388' title='bbox 1898 2970 2112 3030; x_wconf 86' lang='lat' dir='ltr'><strong>divinae</strong></span> <span class='ocrx_word' id='word_1_389' title='bbox 2154 2971 2410 3031; x_wconf 78' lang='lat' dir='ltr'><strong>visionis</strong></span> <span class='ocrx_word' id='word_1_390' title='bbox 2440 2970 2664 3043; x_wconf 82' lang='lat' dir='ltr'><strong>dirigit,</strong></span> 
     </span>
     <span class='ocr_line' id='line_1_39' title="bbox 239 3040 1310 3104; baseline 0.001 -5"><span class='ocrx_word' id='word_1_391' title='bbox 239 3040 628 3104; x_wconf 75' lang='lat' dir='ltr'><strong>dilectionem</strong></span> <span class='ocrx_word' id='word_1_392' title='bbox 661 3043 763 3099; x_wconf 87' lang='lat' dir='ltr'><strong>Dei</strong></span> <span class='ocrx_word' id='word_1_393' title='bbox 790 3049 998 3101; x_wconf 88' lang='lat' dir='ltr'><strong>causat</strong></span> <span class='ocrx_word' id='word_1_394' title='bbox 1025 3043 1090 3099; x_wconf 90' lang='lat' dir='ltr'><strong>in</strong></span> <span class='ocrx_word' id='word_1_395' title='bbox 1113 3042 1310 3100; x_wconf 77' lang='lat' dir='ltr'><strong>nobie.</strong></span> 
     </span>
    </p>
   </div>
   <div class='ocr_carea' id='block_1_3' title="bbox 1220 3234 1686 3298">
    <p class='ocr_par' dir='ltr' id='par_1_7' title="bbox 1220 3234 1686 3298">
     <span class='ocr_line' id='line_1_40' title="bbox 1220 3234 1686 3298; baseline -0.006 1"><span class='ocrx_word' id='word_1_396' title='bbox 1220 3234 1473 3298; x_wconf 81' lang='lat' dir='ltr'>CAPUT</span> <span class='ocrx_word' id='word_1_397' title='bbox 1512 3234 1686 3297; x_wconf 87' lang='lat' dir='ltr'>CLII.</span> 
     </span>
    </p>
   </div>
   <div class='ocr_carea' id='block_1_4' title="bbox 734 3395 2182 3451">
    <p class='ocr_par' dir='ltr' id='par_1_8' title="bbox 734 3395 2182 3451">
     <span class='ocr_line' id='line_1_41' title="bbox 734 3395 2182 3451; baseline -0.001 -8"><span class='ocrx_word' id='word_1_398' title='bbox 734 3398 885 3451; x_wconf 78' lang='lat' dir='ltr'>QUOD</span> <span class='ocrx_word' id='word_1_399' title='bbox 920 3396 1133 3443; x_wconf 70' lang='lat' dir='ltr'>DIWNA</span> <span class='ocrx_word' id='word_1_400' title='bbox 1167 3396 1387 3442; x_wconf 70' lang='lat' dir='ltr'><strong>onam</strong></span> <span class='ocrx_word' id='word_1_401' title='bbox 1421 3395 1649 3442; x_wconf 76' lang='lat' dir='ltr'>CAUSAT</span> <span class='ocrx_word' id='word_1_402' title='bbox 1678 3395 1743 3441; x_wconf 85' lang='lat' dir='ltr'><strong>IN</strong></span> <span class='ocrx_word' id='word_1_403' title='bbox 1777 3395 1947 3442; x_wconf 81' lang='lat' dir='ltr'>NOBIS</span> <span class='ocrx_word' id='word_1_404' title='bbox 1985 3396 2182 3444; x_wconf 69' lang='lat' dir='ltr'><strong>mum.</strong></span> 
     </span>
    </p>
   </div>
   <div class='ocr_carea' id='block_1_5' title="bbox 239 3532 2714 4525">
    <p class='ocr_par' dir='ltr' id='par_1_9' title="bbox 241 3532 2663 3677">
     <span class='ocr_line' id='line_1_42' title="bbox 316 3532 2663 3605; baseline 0 -14"><span class='ocrx_word' id='word_1_405' title='bbox 316 3535 399 3591; x_wconf 83' lang='lat' dir='ltr'><strong>Ex</strong></span> <span class='ocrx_word' id='word_1_406' title='bbox 427 3533 543 3591; x_wconf 85' lang='lat' dir='ltr'><strong>hoc</strong></span> <span class='ocrx_word' id='word_1_407' title='bbox 569 3539 767 3591; x_wconf 86' lang='lat' dir='ltr'><strong>autem</strong></span> <span class='ocrx_word' id='word_1_408' title='bbox 797 3533 956 3605; x_wconf 89' lang='lat' dir='ltr'><strong>quod</strong></span> <span class='ocrx_word' id='word_1_409' title='bbox 998 3533 1202 3591; x_wconf 88' lang='lat' dir='ltr'><strong>divina</strong></span> <span class='ocrx_word' id='word_1_410' title='bbox 1279 3532 1430 3590; x_wconf 87' lang='lat' dir='ltr'><strong>ratia</strong></span> <span class='ocrx_word' id='word_1_411' title='bbox 1451 3533 1795 3591; x_wconf 87' lang='lat' dir='ltr'><strong>charitatem</strong></span> <span class='ocrx_word' id='word_1_412' title='bbox 1828 3532 1891 3589; x_wconf 92' lang='lat' dir='ltr'><strong>in</strong></span> <span class='ocrx_word' id='word_1_413' title='bbox 1920 3532 2097 3592; x_wconf 88' lang='lat' dir='ltr'><strong>nobis</strong></span> <span class='ocrx_word' id='word_1_414' title='bbox 2126 3537 2354 3603; x_wconf 89' lang='lat' dir='ltr'><strong>causat,</strong></span> <span class='ocrx_word' id='word_1_415' title='bbox 2386 3546 2663 3593; x_wconf 88' lang='lat' dir='ltr'><strong>necessa-</strong></span> 
     </span>
     <span class='ocr_line' id='line_1_43' title="bbox 241 3603 2135 3677; baseline -0.001 -15"><span class='ocrx_word' id='word_1_416' title='bbox 241 3604 409 3662; x_wconf 90' lang='lat' dir='ltr'><strong>rium</strong></span> <span class='ocrx_word' id='word_1_417' title='bbox 437 3606 712 3677; x_wconf 87' lang='lat' dir='ltr'><strong>estquod</strong></span> <span class='ocrx_word' id='word_1_418' title='bbox 743 3606 919 3661; x_wconf 87' lang='lat' dir='ltr'><strong>etiam</strong></span> <span class='ocrx_word' id='word_1_419' title='bbox 951 3603 1015 3661; x_wconf 90' lang='lat' dir='ltr'><strong>in</strong></span> <span class='ocrx_word' id='word_1_420' title='bbox 1039 3603 1218 3661; x_wconf 89' lang='lat' dir='ltr'><strong>nobis</strong></span> <span class='ocrx_word' id='word_1_421' title='bbox 1290 3604 1396 3661; x_wconf 91' lang='lat' dir='ltr'><strong>des</strong></span> <span class='ocrx_word' id='word_1_422' title='bbox 1424 3618 1528 3674; x_wconf 88' lang='lat' dir='ltr'><strong>per</strong></span> <span class='ocrx_word' id='word_1_423' title='bbox 1556 3603 1808 3673; x_wconf 83' lang='lat' dir='ltr'><strong>gratiam</strong></span> <span class='ocrx_word' id='word_1_424' title='bbox 1839 3608 2135 3661; x_wconf 87' lang='lat' dir='ltr'><strong>causetur.</strong></span> 
     </span>
    </p>

    <p class='ocr_par' dir='ltr' id='par_1_10' title="bbox 240 3673 2668 4014">
     <span class='ocr_line' id='line_1_44' title="bbox 315 3673 2665 3747; baseline 0 -14"><span class='ocrx_word' id='word_1_425' title='bbox 315 3676 514 3734; x_wconf 77' lang='lat' dir='ltr'><strong>Motus</strong></span> <span class='ocrx_word' id='word_1_426' title='bbox 550 3676 710 3733; x_wconf 88' lang='lat' dir='ltr'><strong>enim</strong></span> <span class='ocrx_word' id='word_1_427' title='bbox 740 3689 861 3746; x_wconf 91' lang='lat' dir='ltr'><strong>quo</strong></span> <span class='ocrx_word' id='word_1_428' title='bbox 884 3688 988 3746; x_wconf 88' lang='lat' dir='ltr'><strong>per</strong></span> <span class='ocrx_word' id='word_1_429' title='bbox 1041 3675 1291 3747; x_wconf 86' lang='lat' dir='ltr'><strong>gratiam</strong></span> <span class='ocrx_word' id='word_1_430' title='bbox 1319 3675 1384 3731; x_wconf 93' lang='lat' dir='ltr'><strong>in</strong></span> <span class='ocrx_word' id='word_1_431' title='bbox 1411 3674 1688 3731; x_wconf 86' lang='lat' dir='ltr'><strong>ultimum</strong></span> <span class='ocrx_word' id='word_1_432' title='bbox 1723 3673 1902 3730; x_wconf 81' lang='lat' dir='ltr'><strong>finem</strong></span> <span class='ocrx_word' id='word_1_433' title='bbox 1930 3674 2244 3746; x_wconf 89' lang='lat' dir='ltr'><strong>dirigimur</strong></span> <span class='ocrx_word' id='word_1_434' title='bbox 2272 3681 2364 3733; x_wconf 86' lang='lat' dir='ltr'><strong>est</strong></span> <span class='ocrx_word' id='word_1_435' title='bbox 2394 3677 2665 3734; x_wconf 84' lang='lat' dir='ltr'><strong>volunta-</strong></span> 
     </span>
     <span class='ocr_line' id='line_1_45' title="bbox 240 3743 2665 3816; baseline -0 -12"><span class='ocrx_word' id='word_1_436' title='bbox 240 3744 396 3815; x_wconf 87' lang='lat' dir='ltr'><strong>rius,</strong></span> <span class='ocrx_word' id='word_1_437' title='bbox 426 3759 551 3802; x_wconf 91' lang='lat' dir='ltr'><strong>non</strong></span> <span class='ocrx_word' id='word_1_438' title='bbox 596 3747 929 3815; x_wconf 80' lang='lat' dir='ltr'><strong>violentuS‚</strong></span> <span class='ocrx_word' id='word_1_439' title='bbox 975 3749 1041 3802; x_wconf 88' lang='lat' dir='ltr'><strong>ut</strong></span> <span class='ocrx_word' id='word_1_440' title='bbox 1088 3743 1365 3816; x_wconf 88' lang='lat' dir='ltr'><strong>supra(c.</strong></span> <span class='ocrx_word' id='word_1_441' title='bbox 1390 3744 1512 3815; x_wconf 78' lang='lat'>¹48)</span> <span class='ocrx_word' id='word_1_442' title='bbox 1546 3750 1859 3802; x_wconf 88' lang='lat' dir='ltr'><strong>ostensum</strong></span> <span class='ocrx_word' id='word_1_443' title='bbox 1896 3750 2008 3802; x_wconf 89' lang='lat' dir='ltr'><strong>est.</strong></span> <span class='ocrx_word' id='word_1_444' title='bbox 2039 3745 2421 3803; x_wconf 84' lang='lat' dir='ltr'><strong>voluntarius</strong></span> <span class='ocrx_word' id='word_1_445' title='bbox 2468 3751 2665 3803; x_wconf 87' lang='lat' dir='ltr'><strong>autem</strong></span> 
     </span>
     <span class='ocr_line' id='line_1_46' title="bbox 240 3814 2668 3897; baseline 0 -24"><span class='ocrx_word' id='word_1_446' title='bbox 240 3822 448 3874; x_wconf 89' lang='lat' dir='ltr'><strong>motus</strong></span> <span class='ocrx_word' id='word_1_447' title='bbox 479 3817 542 3872; x_wconf 91' lang='lat' dir='ltr'><strong>in</strong></span> <span class='ocrx_word' id='word_1_448' title='bbox 570 3816 795 3897; x_wconf 89' lang='lat' dir='ltr'><strong>aliquid</strong></span> <span class='ocrx_word' id='word_1_449' title='bbox 825 3829 960 3873; x_wconf 90' lang='lat' dir='ltr'><strong>esse</strong></span> <span class='ocrx_word' id='word_1_450' title='bbox 1001 3829 1124 3873; x_wconf 90' lang='lat' dir='ltr'><strong>non</strong></span> <span class='ocrx_word' id='word_1_451' title='bbox 1160 3820 1374 3897; x_wconf 85' lang='lat' dir='ltr'><strong>potest,</strong></span> <span class='ocrx_word' id='word_1_452' title='bbox 1407 3815 1524 3872; x_wconf 89' lang='lat' dir='ltr'><strong>nisi</strong></span> <span class='ocrx_word' id='word_1_453' title='bbox 1556 3814 1636 3894; x_wconf 78' lang='lat' dir='ltr'><strong>sit</strong></span> <span class='ocrx_word' id='word_1_454' title='bbox 1681 3815 2008 3885; x_wconf 89' lang='lat' dir='ltr'><strong>cognitum.</strong></span> <span class='ocrx_word' id='word_1_455' title='bbox 2037 3818 2276 3888; x_wconf 88' lang='lat' dir='ltr'><strong>Oportet</strong></span> <span class='ocrx_word' id='word_1_456' title='bbox 2301 3816 2484 3887; x_wconf 88' lang='lat' dir='ltr'><strong>igitur</strong></span> <span class='ocrx_word' id='word_1_457' title='bbox 2548 3816 2668 3874; x_wconf 90' lang='lat' dir='ltr'><strong>uod</strong></span> 
     </span>
     <span class='ocr_line' id='line_1_47' title="bbox 241 3884 2667 4014; baseline -0 -70"><span class='ocrx_word' id='word_1_458' title='bbox 241 3900 353 4014; x_wconf 61' lang='lat' dir='ltr'><strong>Per</strong></span> <span class='ocrx_word' id='word_1_459' title='bbox 381 3887 631 3958; x_wconf 88' lang='lat' dir='ltr'><strong>gratiam</strong></span> <span class='ocrx_word' id='word_1_460' title='bbox 665 3900 726 3943; x_wconf 90' lang='lat' dir='ltr'><strong>1n</strong></span> <span class='ocrx_word' id='word_1_461' title='bbox 758 3887 934 3944; x_wconf 90' lang='lat' dir='ltr'><strong>nobis</strong></span> <span class='ocrx_word' id='word_1_462' title='bbox 962 3887 1228 3957; x_wconf 76' lang='lat' dir='ltr'><strong>cognitio</strong></span> <span class='ocrx_word' id='word_1_463' title='bbox 1260 3885 1453 3942; x_wconf 86' lang='lat' dir='ltr'><strong>ultimi</strong></span> <span class='ocrx_word' id='word_1_464' title='bbox 1501 3884 1641 3942; x_wconf 75' lang='lat' dir='ltr'><strong>finis</strong></span> <span class='ocrx_word' id='word_1_465' title='bbox 1670 3885 2071 3955; x_wconf 76' lang='lat' dir='ltr'><strong>praestituatur</strong></span> <span class='ocrx_word' id='word_1_466' title='bbox 2123 3887 2197 3945; x_wconf 90' lang='lat' dir='ltr'><strong>ad</strong></span> <span class='ocrx_word' id='word_1_467' title='bbox 2228 3887 2342 3943; x_wconf 91' lang='lat' dir='ltr'><strong>hoc</strong></span> <span class='ocrx_word' id='word_1_468' title='bbox 2381 3900 2499 3958; x_wconf 88' lang='lat' dir='ltr'><strong>quo</strong></span> <span class='ocrx_word' id='word_1_469' title='bbox 2567 3899 2667 3943; x_wconf 87' lang='lat' dir='ltr'><strong>vo-</strong></span> 
     </span>
    </p>

    <p class='ocr_par' dir='ltr' id='par_1_11' title="bbox 239 3956 2669 4170">
     <span class='ocr_line' id='line_1_48' title="bbox 270 3956 2667 4028; baseline -0 -13"><span class='ocrx_word' id='word_1_470' title='bbox 270 3958 508 4015; x_wconf 89' lang='lat' dir='ltr'><strong>untarie</strong></span> <span class='ocrx_word' id='word_1_471' title='bbox 537 3957 864 4028; x_wconf 88' lang='lat' dir='ltr'><strong>dirigamur</strong></span> <span class='ocrx_word' id='word_1_472' title='bbox 891 3957 954 4013; x_wconf 92' lang='lat' dir='ltr'><strong>in</strong></span> <span class='ocrx_word' id='word_1_473' title='bbox 983 3956 1202 4027; x_wconf 88' lang='lat' dir='ltr'><strong>ipsum.</strong></span> <span class='ocrx_word' id='word_1_474' title='bbox 1232 3958 1366 4013; x_wconf 85' lang='lat' dir='ltr'><strong>Haec</strong></span> <span class='ocrx_word' id='word_1_475' title='bbox 1404 3961 1601 4013; x_wconf 88' lang='lat' dir='ltr'><strong>autem</strong></span> <span class='ocrx_word' id='word_1_476' title='bbox 1630 3956 1896 4027; x_wconf 87' lang='lat' dir='ltr'><strong>cognitio</strong></span> <span class='ocrx_word' id='word_1_477' title='bbox 1923 3970 2045 4013; x_wconf 90' lang='lat' dir='ltr'><strong>non</strong></span> <span class='ocrx_word' id='word_1_478' title='bbox 2072 3962 2269 4028; x_wconf 89' lang='lat' dir='ltr'><strong>potest</strong></span> <span class='ocrx_word' id='word_1_479' title='bbox 2296 3971 2430 4015; x_wconf 91' lang='lat' dir='ltr'><strong>esse</strong></span> <span class='ocrx_word' id='word_1_480' title='bbox 2452 3970 2667 4014; x_wconf 90' lang='lat' dir='ltr'><strong>secun-</strong></span> 
     </span>
     <span class='ocr_line' id='line_1_49' title="bbox 240 4026 2669 4106; baseline 0 -21"><span class='ocrx_word' id='word_1_481' title='bbox 240 4026 391 4085; x_wconf 88' lang='lat' dir='ltr'><strong>dum</strong></span> <span class='ocrx_word' id='word_1_482' title='bbox 423 4032 684 4106; x_wconf 79' lang='lat' dir='ltr'><strong>apertam</strong></span> <span class='ocrx_word' id='word_1_483' title='bbox 716 4028 1007 4085; x_wconf 87' lang='lat' dir='ltr'><strong>visionem</strong></span> <span class='ocrx_word' id='word_1_484' title='bbox 1039 4027 1101 4084; x_wconf 91' lang='lat' dir='ltr'><strong>in</strong></span> <span class='ocrx_word' id='word_1_485' title='bbox 1130 4032 1288 4084; x_wconf 87' lang='lat' dir='ltr'><strong>statu</strong></span> <span class='ocrx_word' id='word_1_486' title='bbox 1319 4027 1458 4094; x_wconf 85' lang='lat' dir='ltr'><strong>istc,</strong></span> <span class='ocrx_word' id='word_1_487' title='bbox 1491 4032 1756 4096; x_wconf 88' lang='lat' dir='ltr'><strong>utsupra</strong></span> <span class='ocrx_word' id='word_1_488' title='bbox 1784 4026 1858 4098; x_wconf 92' lang='lat' dir='ltr'><strong>(c.</strong></span> <span class='ocrx_word' id='word_1_489' title='bbox 1889 4027 1981 4099; x_wconf 77' lang='grc'><strong>48)</strong></span> <span class='ocrx_word' id='word_1_490' title='bbox 2008 4028 2322 4100; x_wconf 85' lang='lat' dir='ltr'><strong>probatum</strong></span> <span class='ocrx_word' id='word_1_491' title='bbox 2351 4032 2463 4085; x_wconf 89' lang='lat' dir='ltr'><strong>est.</strong></span> <span class='ocrx_word' id='word_1_492' title='bbox 2490 4029 2669 4099; x_wconf 85' lang='lat' dir='ltr'><strong>Opor—</strong></span> 
     </span>
     <span class='ocr_line' id='line_1_50' title="bbox 239 4096 1484 4170; baseline 0 -17"><span class='ocrx_word' id='word_1_493' title='bbox 239 4101 331 4153; x_wconf 76' lang='lat' dir='ltr'><strong>tet</strong></span> <span class='ocrx_word' id='word_1_494' title='bbox 357 4097 542 4168; x_wconf 77' lang='lat' dir='ltr'><strong>igitur</strong></span> <span class='ocrx_word' id='word_1_495' title='bbox 567 4098 726 4169; x_wconf 92' lang='lat' dir='ltr'><strong>quod</strong></span> <span class='ocrx_word' id='word_1_496' title='bbox 756 4099 835 4155; x_wconf 86' lang='lat' dir='ltr'><strong>sit</strong></span> <span class='ocrx_word' id='word_1_497' title='bbox 862 4098 1128 4170; x_wconf 89' lang='lat' dir='ltr'><strong>cognitio</strong></span> <span class='ocrx_word' id='word_1_498' title='bbox 1157 4111 1262 4168; x_wconf 91' lang='lat' dir='ltr'><strong>per</strong></span> <span class='ocrx_word' id='word_1_499' title='bbox 1286 4096 1484 4154; x_wconf 86' lang='lat' dir='ltr'><strong>fidem.</strong></span> 
     </span>
    </p>

    <p class='ocr_par' dir='ltr' id='par_1_12' title="bbox 242 4167 2714 4525">
     <span class='ocr_line' id='line_1_51' title="bbox 317 4167 2665 4249; baseline 0.001 -26"><span class='ocrx_word' id='word_1_500' title='bbox 317 4168 593 4237; x_wconf 78' lang='lat' dir='ltr'><strong>Amplius,</strong></span> <span class='ocrx_word' id='word_1_501' title='bbox 626 4168 686 4225; x_wconf 92' lang='lat' dir='ltr'><strong>in</strong></span> <span class='ocrx_word' id='word_1_502' title='bbox 715 4167 977 4241; x_wconf 88' lang='lat' dir='ltr'><strong>quolibet</strong></span> <span class='ocrx_word' id='word_1_503' title='bbox 1024 4174 1445 4241; x_wconf 88' lang='lat' dir='ltr'><strong>cognoscente,</strong></span> <span class='ocrx_word' id='word_1_504' title='bbox 1476 4168 1693 4225; x_wconf 87' lang='lat' dir='ltr'><strong>modus</strong></span> <span class='ocrx_word' id='word_1_505' title='bbox 1728 4167 2096 4240; x_wconf 87' lang='lat' dir='ltr'><strong>cognitionis</strong></span> <span class='ocrx_word' id='word_1_506' title='bbox 2124 4169 2513 4249; x_wconf 88' lang='lat' dir='ltr'><strong>consequitur</strong></span> <span class='ocrx_word' id='word_1_507' title='bbox 2538 4182 2665 4226; x_wconf 90' lang='lat' dir='ltr'><strong>mo—</strong></span> 
     </span>
     <span class='ocr_line' id='line_1_52' title="bbox 244 4236 2714 4312; baseline 0.001 -19"><span class='ocrx_word' id='word_1_508' title='bbox 244 4236 393 4294; x_wconf 90' lang='lat' dir='ltr'><strong>dum</strong></span> <span class='ocrx_word' id='word_1_509' title='bbox 428 4240 681 4308; x_wconf 77' lang='lat' dir='ltr'><strong>propriae</strong></span> <span class='ocrx_word' id='word_1_510' title='bbox 723 4245 989 4307; x_wconf 82' lang='lat' dir='ltr'><strong>naturae;</strong></span> <span class='ocrx_word' id='word_1_511' title='bbox 1020 4239 1179 4296; x_wconf 90' lang='lat' dir='ltr'><strong>unde</strong></span> <span class='ocrx_word' id='word_1_512' title='bbox 1207 4239 1363 4296; x_wconf 86' lang='lat' dir='ltr'><strong>alius</strong></span> <span class='ocrx_word' id='word_1_513' title='bbox 1392 4238 1609 4295; x_wconf 90' lang='lat' dir='ltr'><strong>modus</strong></span> <span class='ocrx_word' id='word_1_514' title='bbox 1639 4239 2005 4309; x_wconf 85' lang='lat' dir='ltr'><strong>cognitionis</strong></span> <span class='ocrx_word' id='word_1_515' title='bbox 2032 4243 2126 4296; x_wconf 87' lang='lat' dir='ltr'><strong>est</strong></span> <span class='ocrx_word' id='word_1_516' title='bbox 2152 4240 2372 4312; x_wconf 76' lang='lat' dir='ltr'><strong>angeli,</strong></span> <span class='ocrx_word' id='word_1_517' title='bbox 2396 4239 2663 4296; x_wconf 89' lang='lat' dir='ltr'><strong>hominis</strong></span> <span class='ocrx_word' id='word_1_518' title='bbox 2700 4248 2714 4267; x_wconf 78' lang='lat'><strong><em>¹</em></strong></span> 
     </span>
     <span class='ocr_line' id='line_1_53' title="bbox 242 4306 2666 4379; baseline -0 -13"><span class='ocrx_word' id='word_1_519' title='bbox 242 4311 307 4366; x_wconf 88' lang='lat' dir='ltr'><strong>et</strong></span> <span class='ocrx_word' id='word_1_520' title='bbox 333 4306 492 4365; x_wconf 88' lang='lat' dir='ltr'><strong>bruti</strong></span> <span class='ocrx_word' id='word_1_521' title='bbox 522 4308 819 4377; x_wconf 86' lang='lat' dir='ltr'><strong>animalis,</strong></span> <span class='ocrx_word' id='word_1_522' title='bbox 845 4309 1175 4367; x_wconf 90' lang='lat' dir='ltr'><strong>secundum</strong></span> <span class='ocrx_word' id='word_1_523' title='bbox 1247 4309 1364 4367; x_wconf 89' lang='lat' dir='ltr'><strong>uod</strong></span> <span class='ocrx_word' id='word_1_524' title='bbox 1391 4323 1600 4366; x_wconf 88' lang='lat' dir='ltr'><strong>eorum</strong></span> <span class='ocrx_word' id='word_1_525' title='bbox 1624 4315 1848 4366; x_wconf 62' lang='lat' dir='ltr'><strong>naturai</strong></span> <span class='ocrx_word' id='word_1_526' title='bbox 1868 4309 2116 4366; x_wconf 74' lang='lat' dir='ltr'><strong>diversae</strong></span> <span class='ocrx_word' id='word_1_527' title='bbox 2138 4315 2302 4379; x_wconf 88' lang='lat' dir='ltr'><strong>sunt,</strong></span> <span class='ocrx_word' id='word_1_528' title='bbox 2335 4315 2400 4366; x_wconf 86' lang='lat' dir='ltr'><strong>ut</strong></span> <span class='ocrx_word' id='word_1_529' title='bbox 2423 4325 2495 4367; x_wconf 82' lang='lat' dir='ltr'><strong>ex</strong></span> <span class='ocrx_word' id='word_1_530' title='bbox 2564 4323 2666 4365; x_wconf 82' lang='lat' dir='ltr'><strong>rae-</strong></span> 
     </span>
     <span class='ocr_line' id='line_1_54' title="bbox 242 4377 2663 4460; baseline -0.001 -25"><span class='ocrx_word' id='word_1_531' title='bbox 242 4377 458 4460; x_wconf 76' lang='lat' dir='ltr'><strong>missis</strong></span> <span class='ocrx_word' id='word_1_532' title='bbox 508 4385 683 4450; x_wconf 87' lang='lat' dir='ltr'><strong>patet.</strong></span> <span class='ocrx_word' id='word_1_533' title='bbox 729 4380 840 4438; x_wconf 86' lang='lat' dir='ltr'><strong>Sed</strong></span> <span class='ocrx_word' id='word_1_534' title='bbox 885 4380 1139 4449; x_wconf 87' lang='lat' dir='ltr'><strong>homini,</strong></span> <span class='ocrx_word' id='word_1_535' title='bbox 1169 4395 1206 4438; x_wconf 91' lang='lat' dir='ltr'><strong>a</strong></span> <span class='ocrx_word' id='word_1_536' title='bbox 1299 4379 1789 4452; x_wconf 86' lang='lat' dir='ltr'><strong>consequendum</strong></span> <span class='ocrx_word' id='word_1_537' title='bbox 1835 4379 2111 4436; x_wconf 83' lang='lat' dir='ltr'><strong>ultimum</strong></span> <span class='ocrx_word' id='word_1_538' title='bbox 2165 4379 2369 4448; x_wconf 81' lang='lat' dir='ltr'><strong>finem,</strong></span> <span class='ocrx_word' id='word_1_539' title='bbox 2427 4380 2498 4437; x_wconf 90' lang='lat' dir='ltr'><strong>ad</strong></span> <span class='ocrx_word' id='word_1_540' title='bbox 2544 4380 2663 4434; x_wconf 89' lang='lat' dir='ltr'><strong>itur</strong></span> 
     </span>
     <span class='ocr_line' id='line_1_55' title="bbox 245 4448 2666 4525; baseline -0.002 -17"><span class='ocrx_word' id='word_1_541' title='bbox 245 4448 452 4523; x_wconf 78' lang='lat' dir='ltr'><strong>aliqua</strong></span> <span class='ocrx_word' id='word_1_542' title='bbox 479 4451 763 4521; x_wconf 84' lang='lat' dir='ltr'><strong>perfectio</strong></span> <span class='ocrx_word' id='word_1_543' title='bbox 790 4464 972 4523; x_wconf 84' lang='lat' dir='ltr'><strong>super</strong></span> <span class='ocrx_word' id='word_1_544' title='bbox 995 4451 1297 4523; x_wconf 87' lang='lat' dir='ltr'><strong>propriam</strong></span> <span class='ocrx_word' id='word_1_545' title='bbox 1320 4456 1615 4520; x_wconf 85' lang='lat' dir='ltr'><strong>naturam,</strong></span> <span class='ocrx_word' id='word_1_546' title='bbox 1641 4450 1871 4511; x_wconf 87' lang='lat' dir='ltr'><strong>scilicet</strong></span> <span class='ocrx_word' id='word_1_547' title='bbox 1896 4450 2110 4525; x_wconf 78' lang='lat' dir='ltr'><strong>gratia,</strong></span> <span class='ocrx_word' id='word_1_548' title='bbox 2140 4455 2206 4511; x_wconf 86' lang='lat' dir='ltr'><strong>ut</strong></span> <span class='ocrx_word' id='word_1_549' title='bbox 2232 4456 2543 4510; x_wconf 87' lang='lat' dir='ltr'><strong>ostensum</strong></span> <span class='ocrx_word' id='word_1_550' title='bbox 2573 4451 2666 4505; x_wconf 87' lang='lat' dir='ltr'><strong>est</strong></span> 
     </span>
    </p>
   </div>
  </div>
 </body>
</html>
