3076 5025
1024 324 1159 378 Lm.
1197 324 1287 392 IV,
1329 324 1481 379 CAP.
1521 324 1739 380 XXXIV.
2493 332 2593 386 551

168 449 313 506 sicut
337 447 477 504 dicit
502 448 767 503 Dominus
794 465 812 502 ε
842 447 1103 526 quoniam
1127 445 1450 502 inhabitabo
1471 447 1535 502 in
1561 446 1676 502 illis
1704 446 1786 519 (Π
1801 446 1945 510 Gor„
1974 460 2055 512 vl,
2079 447 2203 520 16);
2235 460 2368 520 qum
2394 452 2596 508 tamen

171 518 525 577 inhabitatio
574 518 910 574 incarnatio
964 516 1083 574 dici
1128 529 1253 574 non
1299 521 1534 588 potest;
1585 515 1854 589 alioquin
1906 518 2247 592 frequenter
2293 519 2370 577 ab
2423 520 2596 579 initio

173 589 382 649 mundi
411 591 571 645 Deus
600 587 948 645 incarnatus
973 587 1207 644 suisset.

240 663 362 716 Nec
390 660 572 716 etiam
599 657 673 714 ad
717 657 1149 715 incarnationis
1173 656 1463 714 rationem
1493 657 1718 716 suffieit
1762 658 1816 716 si
1848 658 2100 716 Verbum
2145 660 2251 716 Dei
2298 665 2401 717 aut
2438 662 2596 720 Deus

213 729 427 787 leniori
460 729 652 802 gratia
669 727 955 786 habitavit
977 728 1040 785 in
1067 727 1174 785 ilio
1203 726 1465 795 homine,
1497 728 1639 809 quia
1665 729 1857 809 magis
1879 733 1936 786 et
1956 728 2157 787 minus
2186 731 2444 800 speciem
2475 743 2599 790 non

171 743 576 859 giversiflcant
604 798 869 856 unionis.
896 799 1088 867 Quum
1120 798 1306 871 igitur
1326 799 1652 856 christiana
1675 799 1891 880 religio
1912 799 1974 856 in
2020 798 2136 857 fide
2166 800 2598 861 iucarnationis

169 869 1077 999 gindeturl„eyidenttelrrstipparet
1099 868 1260 941 quod
1302 868 1584 940 praedicta
1622 870 1845 942 positio
1898 869 2348 929 fundamentum
2401 872 2595 930 chris-

218 955 352 1000 anae
382 955 491 997 rei
537 953 694 998 ionis
733 953 770 997 o
819 954 882 996 ι.

236 954 534 1078 Praeter-vag,
557 1026 630 1068 ex
652 1010 786 1082 ipso
832 1009 1013 1067 modo
1060 1008 1344 1083 loquendi
1390 1010 1816 1081 scripturarum
1858 1009 2091 1069 salsitas
2126 1011 2417 1082 praedietae
2443 1013 2600 1083 posi-

168 1081 355 1141 tionis
407 1085 669 1162 apparet.
726 1079 1216 1138 inhabitationem
1266 1080 1427 1137 enim
1479 1080 1649 1138 Verbi
1713 1081 1817 1138 Dei
1868 1081 1929 1138 in
1985 1080 2208 1139 sanctis
2248 1081 2597 1142 hominibus

168 1156 487 1212 consuevit
528 1165 698 1210 sacra
748 1151 1051 1223 Scriptura
1076 1150 1174 1210 his
1214 1150 1412 1209 modis
1440 1150 1776 1278 silgnisscare
1807 1169 1823 1210 ι
1852 1152 2083 1208 Locutus
2123 1155 2203 1207 est
2234 1154 2496 1209 Dominus
2525 1152 2600 1212 ad

167 1224 413 1293 loysen,
442 1222 534 1279 vel
569 1240 584 1279 ε
613 1223 762 1279 Dicit
784 1223 1046 1278 Dominus
1075 1221 1151 1278 ad
1174 1223 1393 1291 Moysen
1420 1239 1439 1276 e
1519 1226 1701 1278 aetum
1740 1226 1820 1277 est
1842 1222 2063 1277 verbum
2086 1224 2310 1277 Domini
2348 1222 2424 1278 ad
2456 1224 2600 1280 Iere-

166 1297 358 1358 miam‚
391 1296 496 1351 aut
522 1292 596 1350 ad
622 1292 876 1365 aliquem
908 1292 1164 1350 aliorum
1203 1292 1619 1363 prophetarum
1648 1312 1665 1350 z
1694 1294 1915 1348 Factum
1943 1296 2024 1347 est
2047 1292 2267 1348 verbum
2293 1295 2513 1350 Domini
2537 1296 2599 1351 in

166 1379 341 1422 manu
389 1365 591 1434 Ayoaei
631 1364 927 1435 prophetae.
985 1365 1300 1436 Nunquam
1336 1366 1532 1420 autem
1585 1362 1800 1443 legitur
1843 1362 2002 1434 quod
2055 1362 2309 1420 Verbum
2362 1364 2599 1423 Domini

167 1435 396 1494 factum
425 1435 503 1492 sit
533 1433 625 1491 vel
648 1435 884 1506 Moyses
909 1433 1003 1490 vel
1031 1433 1315 1491 Ieremias
1360 1433 1448 1490 vel
1481 1432 1697 1506 aliquis
1728 1432 2004 1490 aliorum.
2036 1434 2159 1490 Hoc
2187 1437 2380 1491 autem
2414 1433 2593 1494 modo

170 1505 558 1578 singulariter
583 1504 868 1562 unionem
896 1504 1000 1560 Dei
1029 1502 1202 1560 Verbi
1240 1502 1314 1561 ad
1353 1517 1593 1561 carnem
1640 1502 1859 1562 christi
1901 1502 2175 1577 designat
2209 1505 2597 1578 evangelista,

172 1574 380 1634 dicens
413 1595 426 1632 :
452 1578 529 1632 Et
557 1576 788 1632 Verbum
825 1589 950 1629 caro
977 1575 1185 1640 factum
1212 1578 1292 1630 est
1319 1572 1560 1644 (Joann.,
1589 1587 1633 1642 1,
1666 1574 1774 1646 14),
1809 1576 1873 1631 ut
1913 1587 2095 1646 supra
2122 1574 2454 1646 expositum
2484 1579 2595 1632 est.

169 1645 548 1704 Manifestum
576 1649 670 1703 est
694 1645 877 1726 igiiur
900 1644 1058 1726 quod
1077 1658 1200 1702 non
1230 1642 1428 1702 solum
1456 1657 1561 1716 per
1578 1644 1822 1725 modum
1857 1643 2308 1726 inhabitationis
2336 1645 2593 1704 Verbum

171 1716 279 1775 Dei
307 1716 370 1774 in
396 1716 642 1775 homine
668 1716 902 1773 Christo
929 1714 1057 1783 fuit,
1097 1713 1428 1773 secundum
1455 1713 1806 1772 traditiones
1842 1715 1966 1773 Son
2006 1717 2175 1773 turae.

242 1788 395 1850 Item,
444 1800 623 1844 omne
660 1785 817 1858 quod
879 1786 1098 1843 factum
1129 1788 1220 1843 est
1272 1784 1490 1856 aliquid
1532 1784 1797 1842 estillud
1834 1799 1954 1858 quo
2025 1785 2242 1843 factum
2272 1790 2383 1848 est,
2441 1786 2599 1844 sicut

163 1858 334 1987 aiod
381 1857 602 1914 sactum
639 1862 732 1914 est
774 1857 957 1914 homo
986 1860 1078 1914 est
1118 1855 1320 1925 homo,
1351 1860 1410 1912 et
1453 1854 1614 1928 quod
1660 1855 1877 1913 sactum
1908 1860 2000 1913 est
2025 1856 2225 1914 album
2258 1859 2349 1914 est
2375 1855 2599 1914 album.

244 1927 283 1986 d
308 1928 566 1985 Verbum
594 1927 695 1985 Dei
725 1927 943 1984 factum
974 1933 1067 1985 est
1117 1927 1319 1995 homo,
1351 1929 1417 1982 ut
1461 1940 1532 1983 ex
1579 1925 1906 1997 praemissis
1951 1924 2223 1984 habetur.
2257 1927 2441 2000 Igitur
2461 1929 2599 1985 Ver·

165 1997 313 2059 bum
347 1998 450 2056 Dei
477 2002 568 2054 est
609 1997 812 2055 homo.
869 1996 1247 2068 impossibile
1276 1998 1368 2055 est
1408 2002 1607 2054 autem
1636 2002 1703 2053 ut
1747 1996 2002 2055 duorum
2042 1997 2440 2055 differentium
2468 2008 2600 2069 per-

167 2082 327 2128 sona
351 2074 455 2126 aut
481 2067 790 2140 hypostasi
811 2068 904 2125 vel
935 2067 1244 2140 supposito
1274 2079 1461 2125 unum
1491 2065 1564 2124 de
1586 2066 1772 2125 altero
1800 2067 2188 2141 praedicetur3
2220 2082 2401 2141 quum
2438 2068 2601 2128 enim

167 2138 392 2198 dicitur
420 2140 628 2196 :Homo
672 2143 751 2194 est
791 2139 1018 2207 animai,
1059 2138 1139 2195 idi
1186 2151 1320 2196 sum
1349 2137 1508 2210 quod
1541 2138 1764 2195 animal
1806 2144 1917 2208 est,
1947 2137 2131 2196 homo
2160 2144 2293 2208 est;
2322 2145 2381 2196 et
2457 2150 2601 2196 uum

166 2210 394 2270 (licitur
424 2211 635 2265 :Homo
664 2213 743 2265 est
769 2209 944 2275 albus,
986 2209 1115 2280 ipse
1198 2222 1337 2267 omo
1383 2208 1557 2266 albus
1600 2222 1734 2267 esse
1774 2208 1826 2267 si
1914 2215 2067 2279 atur,
2108 2209 2251 2267 licet
2278 2208 2409 2266 albe
2454 2222 2491 2267 o
2522 2208 2602 2267 sit

166 2286 337 2339 extra
365 2279 655 2336 rationem
686 2279 1112 2347 humanitatis;
1140 2285 1198 2336 et
1235 2278 1372 2337 ideo
1418 2277 1585 2336 nullo
1612 2278 1791 2336 modo
1864 2279 1938 2336 ici
1978 2283 2176 2351 potest
2203 2278 2362 2360 quod
2391 2278 2601 2337 Socra-

164 2354 263 2408 tes
290 2351 372 2409 sit
401 2350 567 2407 Plato
594 2349 687 2407 vel
715 2348 956 2422 aliquod
985 2349 1147 2407 aliud
1193 2348 1589 2422 singularium
1635 2348 1903 2421 eiusdem
1931 2348 2026 2406 vel
2062 2350 2308 2407 alterius
2354 2348 2600 2419 speciei.

165 2420 230 2479 Si
261 2420 446 2494 igitur
473 2420 728 2477 verbum
765 2433 906 2477 caro
952 2419 1171 2477 fastum
1202 2425 1316 2489 est,
1338 2417 1398 2475 id
1431 2422 1524 2475 est
1557 2416 1763 2487 hom0,
1807 2421 1874 2476 ut
1915 2419 2283 2488 evangelista
2325 2421 2579 2476 testatur

165 2488 692 2630 {imssosssfflsfiagssts
701 2488 1095 2630 nggugegfl}
1099 2489 1293 2630 1133}ss
1339 2487 1508 2547 illius
1545 2487 1814 2547 hominis
1848 2487 1972 2547 sint
2016 2487 2149 2547 duae
2178 2501 2450 2561 personae
2504 2460 2600 2547 vel

211 2578 248 2620 u
1298 2600 1314 2615 .

238 2576 464 2698 Adigo,
495 2630 854 2702 pronomina
879 2628 1363 2688 demonstrativa·
1383 2627 1457 2686 ad
1484 2640 1803 2700 personam
1834 2626 2175 2686 referuntur
2197 2629 2291 2686 vel
2318 2628 2601 2704 hyposta-

169 2703 290 2762 sim
317 2702 411 2758 vel
443 2702 856 2772 suppositum
885 2712 1066 2758 nemo
1106 2698 1267 2757 enim
1313 2699 1535 2757 diceret
1564 2717 1580 2756 z
1607 2700 1725 2767 Eoo
1769 2712 1945 2762 curro,
1995 2699 2117 2757 alio
2152 2705 2450 2768 currente,
2482 2700 2601 2761 nisi

167 2773 328 2832 forte
356 2772 688 2845 figurative,
717 2775 920 2852 utote
954 2768 1113 2843 quod
1164 2770 1321 2828 alius
1352 2769 1486 2828 loco
1521 2768 1653 2895 {¹¹³
1697 2774 1980 2826 curreret.
2005 2768 2120 2826 Sed
2163 2769 2266 2826 ille
2291 2768 2471 2827 homo
2500 2770 2603 2843 qui

169 2842 371 2901 dictus
415 2847 508 2899 est
542 2844 717 2900 iesus
815 2846 895 2899 ott
937 2839 1010 2897 de
1039 2852 1105 2898 se
1138 2857 1152 2897 ε
1182 2842 1493 2912 Antequam
1595 2838 1821 2895 branam
1841 2841 2010 2910 fleret,
2041 2854 2136 2909 eqo
2186 2854 2308 2895 sum
2359 2841 2597 2913 (Ioann.,

168 2925 305 2983 vm,
337 2912 428 2985 58)
455 2932 467 2981 ;
494 2918 553 2969 et
584 2931 597 2968 :
626 2914 742 2981 1390
768 2914 824 2967 ei
861 2912 1028 2968 Pater
1060 2925 1233 2966 unmn
1272 2925 1456 2967 snmus
1505 2908 1745 2982 (Ionum,
1775 2920 1836 2978 x,
1862 2908 1973 2979 30⁸,
2004 2917 2065 2967 et
2101 2909 2274 2981 plura
2315 2910 2433 2968 alia
2470 2924 2602 2983 quae

169 2984 491 3043 manifeste
522 2981 595 3040 ad
625 2981 985 3040 divinitatem
1011 2981 1182 3040 Verbi
1217 2982 1529 3052 pertinent.
1564 2982 1717 3052 Ergo
1746 2979 1907 3037 mani
1936 2985 2130 3038 estum
2169 2981 2445 3061 estquod
2473 2995 2602 3055 per-

171 3065 327 3112 sona
355 3053 520 3111 iliius
551 3052 810 3110 hominis
837 3052 1142 3134 ioquentis
1170 3058 1225 3108 et
1257 3050 1600 3124 hypostasis
1639 3056 1733 3108 est
1753 3050 1885 3121 ipsa
1915 3064 2187 3132 persona·
2206 3051 2334 3109 Filii
2367 3052 2491 3109 Dei.

247 3124 300 3180 A
396 3126 522 3187 lias,
553 3137 625 3180 ex
651 3122 1059 3194 Superioribus
1099 3124 1258 3195 patet
1283 3121 1440 3202 quoq]
1489 3134 1685 3193 neque
1728 3133 1949 3192 corpus
1976 3120 2190 3178 Christi
2218 3122 2291 3179 de
2320 3123 2471 3181 coelo
2500 3121 2601 3180 de·

171 3206 319 3253 scen
365 3196 431 3263 it,
461 3194 792 3252 secundum
838 3206 1098 3251 errorem
1140 3191 1454 3258 valentini,
1498 3206 1693 3265 neque
1731 3192 1950 3255 anima,
1983 3191 2311 3250 secundum
2342 3206 2602 3253 errorem

176 3265 459 3337 origenis
483 3283 497 3332 ;
531 3265 688 3323 unde
719 3268 901 3321 restat
929 3264 1090 3337 quod
1118 3262 1192 3320 ad
1216 3262 1470 3320 Verbum
1491 3263 1595 3319 Dei
1616 3264 1904 3342 pertineat
1931 3261 2091 3335 quod
2119 3262 2333 3320 dicitur
2355 3263 2602 3322 descen-

169 3333 363 3405 disse,
397 3347 519 3392 non
554 3341 720 3394 motu
766 3333 960 3401 locali,
998 3332 1105 3392 sed
1153 3332 1383 3390 ratione
1425 3333 1672 3390 unionis
1700 3332 1774 3390 ad
1818 3332 2159 3391 inferiorem
2204 3338 2497 3403 naturam,
2536 3336 2604 3393 nt

167 3419 361 3478 supra
385 3405 608 3463 dictum
640 3409 749 3464 est.
779 3404 892 3462 Sed
908 3402 1010 3461 ille
1042 3403 1245 3471 hom0,
1277 3418 1348 3461 ex
1373 3416 1630 3475 persona
1658 3416 1770 3461 sua
1793 3402 2072 3477 loquens,
2094 3403 2237 3462 dicit
2265 3417 2330 3462 se
2362 3405 2607 3462 descen·

169 3476 338 3536 disse
368 3476 441 3533 de
470 3476 623 3534 coelo
655 3494 669 3532 ε
700 3478 816 3545 qu
841 3489 961 3531 sum
999 3476 1165 3545 panis
1202 3475 1384 3542 vivus,
1414 3474 1766 3554 quidecoelo
1808 3473 2077 3531 descendi.
2107 3474 2346 3547 (Joann.‚
2372 3487 2458 3543 vi,
2489 3479 2576 3531 51.

164 3547 435 3675 genle-ss?
461 3552 556 3627 est
582 3545 763 3618 igitur
793 3557 1112 3617 personam
1143 3549 1203 3601 et
1225 3543 1599 3617 hypostasim
1627 3543 1794 3602 illius
1820 3544 2082 3605 hominis
2120 3559 2255 3603 esse
2283 3556 2605 3617 personam

215 3632 285 3675 er
323 3632 344 3673 ι
421 3630 496 3673 ei.

244 3688 402 3755 Item,
436 3685 816 3744 manifestum
845 3689 937 3743 est
964 3684 1125 3758 quod
1153 3684 1474 3743 ascendere
1500 3684 1563 3742 in
1608 3683 1826 3742 eoelum
1866 3683 2103 3743 Christo
2129 3686 2357 3745 homini
2388 3698 2602 3744 conve-

166 3756 282 3826 nit,
325 3756 452 3829 qui,
480 3757 790 3812 videntibus
818 3757 1091 3826 apostolis,
1140 3756 1374 3811 elevatus
1404 3758 1501 3818 est,
1556 3758 1624 3813 ut
1664 3754 1883 3813 dicitur
1905 3760 2157 3814 Actuum
2186 3771 2232 3825 1,
2260 3761 2315 3813 9.
2346 3758 2605 3815 Descen-

168 3826 316 3886 dere
347 3831 546 3884 autem
577 3825 652 3884 de
674 3827 825 3884 coelo
853 3825 1045 3885 Verbo
1063 3825 1166 3883 Dei
1200 3826 1496 3883 convenit.
1534 3823 1648 3881 Sed
1674 3825 1996 3896 Apostolus
2023 3826 2167 3884 dicit
2191 3825 2264 3883 ad
2291 3825 2604 3897 Ephesios,

162 3909 256 3967 xv,
292 3900 362 3954 io
392 3915 406 3953 :
439 3897 547 3965 Qui
595 3897 885 3961 descendit,
942 3899 1060 3966 ipse
1085 3899 1241 3952 estet
1272 3898 1369 3966 qui
1415 3895 1839 3967 ascendit.1psa
1865 3897 2051 3969 igitur
2093 3901 2185 3954 est
2235 3910 2494 3968 persona
2545 3898 2607 3956 et

165 3967 523 4041 hypostasis
551 3967 718 4026 illius
746 3967 1010 4025 hominis
1039 3980 1171 4040 quae
1194 3970 1286 4026 est
1306 3978 1566 4037 persona
1593 3972 1651 4022 et
1679 3965 2021 4047 hypostasis
2064 3965 2235 4024 Verbi
2264 3967 2388 4025 Dei.

243 4038 466 4100 Adhuc,
499 4037 553 4094 ei
583 4038 685 4111 qui
712 4037 1003 4109 originem
1032 4035 1211 4095 habet
1251 4050 1322 4093 ex
1366 4035 1592 4094 mundo
1621 4039 1679 4093 et
1705 4049 1825 4094 non
1854 4036 1967 4094 suit
2000 4041 2317 4109 antequam
2346 4041 2513 4096 esset
2537 4036 2605 4098 in

162 4107 404 4166 mundo
433 4121 554 4165 non
597 4107 873 4165 convenit
915 4107 1117 4165 venire
1162 4107 1225 4164 in
1267 4104 1578 4164 mundum.
1611 4105 1726 4164 Sed
1768 4107 1950 4166 homo
1979 4107 2248 4166 Christus
2271 4107 2607 4169 secundum

162 4191 414 4237 carnem
457 4177 751 4251 originem
780 4177 958 4235 hahet
985 4192 1058 4234 ex
1092 4176 1337 4244 mundo,
1365 4176 1507 4249 quia
1549 4190 1753 4235 verum
1797 4191 2017 4249 corpus
2045 4177 2370 4235 humanum
2402 4185 2460 4237 et
2487 4185 2605 4238 ter-

165 4261 389 4306 renum
423 4248 649 4315 habuit,
679 4253 747 4306 ut
783 4251 1093 4306 ostensum
1136 4253 1226 4305 est
1255 4246 1329 4320 (c.
1357 4246 1487 4320 27);
1518 4248 1851 4305 secuudum
1882 4248 2142 4305 animam
2170 4262 2309 4306 vero
2341 4262 2462 4308 non
2491 4249 2605 4308 fuit

164 4325 496 4391 antequam
549 4322 711 4376 esset
738 4318 801 4375 in
854 4318 1118 4388 mund03
1156 4318 1358 4377 habuit
1385 4319 1545 4375 enim
1592 4332 1790 4376 veram
1842 4318 2103 4375 animam
2133 4319 2477 4387 humanam,
2528 4318 2600 4377 de

171 4389 353 4461 cujus
382 4395 600 4446 natura
625 4395 718 4446 est
749 4393 816 4446 ut
841 4401 966 4446 non
994 4388 1071 4447 sit
1116 4396 1430 4462 antequam
1457 4388 1690 4460 corpori
1739 4388 1999 4447 uniatur.
2024 4389 2395 4463 Relinquitur
2420 4390 2436 4445 i
2488 4389 2603 4446 'tur

167 4461 335 4533 quod
369 4459 599 4518 homini
631 4458 720 4516 illi
744 4473 819 4517 ex
846 4472 959 4517 sua
1006 4458 1370 4520 humanitate
1399 4471 1522 4517 non
1570 4458 1889 4518 conveniat
1937 4460 2139 4519 venire
2177 4461 2242 4518 in
2284 4473 2429 4517 mun
2475 4469 2595 4515 um.
