3076 5025
331 354 376 410 X
845 352 1053 408 BERN.
1092 351 1329 406 MARIAE
1365 352 1458 405 DE
1494 350 1747 405 RUBEIS
1787 349 2256 407 DISSERTATIO.

333 505 599 583 Spiritus
616 500 1029 574 sancti,Verbi
1048 500 1157 562 Dei
1182 500 1558 571 incarnatio,
1581 516 1706 560 una
1725 498 1790 559 in
1821 500 2055 577 duplici
2074 506 2301 560 natura
2322 515 2589 576 persona
2611 514 2764 562 cum

335 600 572 678 duplici
606 600 930 658 voluntate
960 602 1025 657 et
1069 597 1462 674 operatione,
1495 595 1830 673 conceptio
1877 614 1953 657 ex
1992 597 2244 675 Virgine
2293 602 2517 669 matre,
2551 611 2766 656 sacra-

337 703 578 770 menta,
605 694 983 756 resurrectio
1010 709 1376 770 corporum,
1402 693 1719 771 judicium
1747 692 2015 754 finale».
2047 693 2237 753 Tertii
2263 691 2605 769 superioris
2624 690 2767 752 libri

337 802 582 874 partem
606 792 921 852 residuam
952 789 1018 849 in
1047 788 1123 849 iis
1153 789 1540 867 exponendis
1571 790 1725 869 legis
1755 790 2132 869 evangelicae
2159 788 2561 850 documentis
2591 789 2767 850 insu-

271 950 275 955 .
338 892 480 963 mit,
511 906 656 968 quae
682 888 760 948 ad
793 894 1036 966 partem
1079 887 1384 948 moralem
1411 888 1729 963 pertinent
1759 905 1776 947 ε
1818 907 1849 945 «
1877 887 2112 948 Ultima
2144 904 2286 947 vera
2323 884 2601 946 hominis
2626 883 2770 946 bea·

336 988 561 1062 titate,
613 1002 830 1046 amore
876 984 987 1044 Dei
1035 982 1300 1062 ejusque
1345 983 1549 1058 cultu,
1594 981 1870 1044 consiliis
1909 983 2314 1064 evangelicis,
2360 986 2656 1059 peccatu,
2703 986 2770 1043 et

266 1154 276 1169 ι
338 1084 593 1156 merito,
621 1100 697 1144 ac
725 1081 935 1142 debita
965 1098 1174 1158 poena,
1207 1080 1435 1141 divinae
1465 1082 1683 1160 gratiae
1713 1079 1958 1141 auxiliis
1985 1102 2044 1142 ι).

417 1181 496 1242 11.
527 1182 664 1241 Non
694 1180 918 1240 eodem
950 1176 1015 1237 in
1060 1182 1330 1254 utraque
1357 1176 1723 1256 Theologia,
1752 1177 2025 1237 naturali
2062 1181 2128 1237 et
2167 1176 2451 1251 revelata,
2480 1175 2771 1252 procedit

340 1278 534 1343 modo
567 1277 845 1354 prudens
879 1291 955 1335 ac
983 1273 1235 1351 sapiens
1281 1273 1577 1335 Thomas,
1610 1273 1803 1333 Primi
1837 1272 2081 1353 generis
2107 1272 2402 1333 veritates
2447 1272 2766 1348 explanat,

342 1373 817 1448 contrariosque
866 1371 1132 1431 errantis
1206 1370 1504 1431 humanae
1563 1369 1789 1431 mentis
1841 1368 2072 1430 refellit
2140 1367 2376 1444 lapsus,
2446 1367 2772 1445 principiis

342 1469 636 1535 adhibitis
662 1474 906 1528 naturae
952 1467 1192 1527 lumine
1220 1467 1413 1542 notiS,
1446 1482 1519 1527 ac
1549 1465 2067 1543 philosophorum
2108 1465 2487 1525 testimoniis
2522 1484 2539 1525 ε
2574 1463 2769 1525 robu-

342 1573 632 1643 stamque
669 1563 1218 1625 confirmationem
1263 1563 1463 1637 addit,
1510 1579 1656 1640 quae
1700 1561 1973 1622 sumitur
2000 1578 2078 1622 ex
2106 1561 2314 1621 divina
2350 1561 2765 1635 revelatione,

344 1669 838 1739 sanctorumque
881 1659 1178 1721 Ecclesia?³
1221 1661 1484 1720 Patrum
1525 1659 1948 1733 documentis,
1973 1675 2030 1719 v,
2071 1676 2158 1737 g.,
2189 1657 2298 1718 Dei
2340 1657 2768 1719 aeternitatem

343 1760 730 1842 argumentis
757 1757 1064 1835 plurimis,
1115 1773 1259 1834 quae
1290 1755 1595 1816 naturalis
1642 1754 1899 1815 luminis
1949 1756 2389 1831 penetratione
2422 1754 2763 1816 efforman·

342 1866 474 1933 tur,
531 1857 755 1935 probat
806 1872 882 1916 ac
935 1853 1189 1916 evincit.
1254 1854 1418 1913 Tum
1468 1851 1865 1913 revelationis
1930 1851 2373 1912 testimonium
2439 1856 2768 1928 postremo

344 1952 625 2017 adducit.
662 1973 692 2009 (ι
718 1951 877 2011 Huic
918 1954 1135 2010 autem
1180 1948 1450 2024 veritati,
1482 1948 1796 2024 inquienS,
1846 1945 2054 2007 divina
2096 1947 2442 2008 auctoritas
2488 1947 2772 2009 testimo·

343 2050 522 2111 nium
556 2046 866 2126 perbibet.
896 2047 1076 2108 Unde
1114 2047 1338 2123 psalm.
1371 2062 1428 2108 (ιι
1462 2065 1482 2106 :
1536 2043 1623 2105 Tu
1651 2051 1865 2116 autem,
1896 2041 2165 2114 Domine,
2207 2043 2266 2102 in
2305 2052 2586 2105 aeternum
2626 2062 2771 2125 per-

342 2161 564 2205 manes.
595 2145 671 2203 Et
700 2143 852 2203 ibid.
884 2161 901 2204 ε
937 2141 1025 2203 Tu
1050 2150 1244 2204 autem
1267 2141 1417 2203 idem
1456 2142 1578 2222 ipse
1602 2159 1684 2215 es,
1725 2147 1785 2201 et
1828 2141 1974 2200 anni
2014 2140 2104 2199 tui
2131 2158 2244 2199 non
2270 2139 2600 2220 deficient».
2625 2140 2769 2202 Pari

296 2272 307 2287 =
344 2243 538 2303 modo
570 2239 1017 2318 philosophicis
1040 2239 1392 2301 rationibus
1412 2239 1624 2313 docet,
1656 2254 1795 2314 cap.
1825 2239 1927 2311 22,
1953 2259 1986 2293 «
2015 2239 2186 2315 quod
2219 2237 2284 2297 in
2314 2239 2445 2298 Deo
2474 2238 2646 2298 idem
2676 2241 2770 2298 est

344 2355 478 2402 esse
525 2342 590 2399 et
642 2336 911 2398 essentia
961 2357 991 2393 υ
1055 2354 1070 2396 :
1128 2335 1429 2414 additque
1479 2335 1592 2396 Dei
1646 2334 2094 2395 revelationem
2153 2333 2217 2394 in
2274 2335 2447 2396 calce
2495 2334 2717 2413 capitis
2750 2352 2767 2394 τ

355 2457 385 2493 α
415 2436 589 2495 Hanc
617 2444 832 2495 autem
860 2432 1197 2494 sublimem
1233 2432 1591 2504 veritatem,
1624 2430 1943 2509 inquiens,
1994 2431 2234 2511 Moyses
2284 2450 2322 2493 a
2361 2431 2633 2493 Domino
2677 2435 2774 2492 est

349 2531 638 2605 edoctus,
671 2532 807 2608 qui,
840 2547 988 2593 cum
1018 2533 1333 2607 quaereret
1359 2546 1397 2591 a
1420 2529 1718 2602 Domino,
1756 2529 1955 2590 Exodi
1983 2545 2073 2601 111,
2114 2530 2329 2590 dicens
2361 2549 2376 2590 ε
2410 2529 2491 2593 Si
2512 2527 2775 2590 dixerint

344 2625 429 2689 ad
449 2645 539 2687 me
564 2626 685 2707 filii
708 2626 919 2697 lsrael,
939 2625 1099 2708 quod
1110 2634 1197 2687 est
1209 2644 1415 2687 nomen
1437 2625 1600 2706 ejus;
1623 2623 1768 2706 quid
1786 2623 1977 2686 dicam
1997 2624 2122 2687 eis?
2137 2626 2422 2687 Dominus
2440 2624 2772 2707 respondit:

342 2723 480 2805 qu
506 2743 657 2798 sum,
692 2726 799 2805 qui
820 2742 948 2784 sum
976 2741 1001 2787 .·
1028 2724 1110 2784 sic
1121 2722 1273 2783 dices
1290 2722 1434 2802 filiis
1451 2721 1724 2785 Israel».
1745 2724 1922 2785 Hanc
1950 2723 2202 2802 passim,
2234 2730 2349 2784 aut
2375 2723 2775 2801 frequentius

344 2819 602 2882 adhibet
632 2821 760 2893 ille,
784 2826 1114 2898 servatque
1140 2818 1540 2881 methodum·

422 2916 679 2978 Generis
725 2916 985 2976 alterius
1031 2915 1354 2991 veritates,
1381 2933 1527 2993 quae
1571 2915 1854 2997 mysteria
1891 2916 2038 2996 fidei
2084 2917 2512 2994 appellantur,
2542 2917 2772 2978 divinae

342 3012 742 3075 revelationis
770 3010 1035 3084 lumine,
1069 3011 1240 3089 quod
1267 3011 1471 3092 fulget
1491 3012 1557 3072 in
1579 3012 1821 3073 Veteris
1849 3013 2130 3091 Novique
2158 3013 2541 3074 Testamenti
2569 3010 2767 3085 libris»,

345 3108 538 3171 veluti
573 3107 827 3186 proprio
852 3123 928 3168 ac
969 3107 1182 3169 nativo
1228 3107 1500 3169 illustrat
1543 3109 1871 3186 Aquinas:
1903 3109 2351 3188 naturalesque
2406 3113 2650 3186 postea,
2693 3123 2771 3170 ac

344 3204 812 3284 philosophicas
843 3204 1116 3264 rationes
1145 3202 1344 3280 addit,
1377 3210 1449 3264 ut
1477 3205 1704 3265 lumini
1726 3206 1999 3267 naturali
2027 3206 2194 3267 haud
2230 3224 2510 3284 unquam
2541 3204 2772 3268 revela·

341 3302 582 3365 tionem
613 3317 961 3380 repugnare
984 3301 1293 3373 ostendat,
1328 3301 1743 3379 ejusdemque
1784 3302 2043 3364 luminis
2071 3304 2382 3365 industria
2414 3301 2769 3381 probabiles

342 3399 649 3478 quasdam
679 3397 1123 3477 mysteriorum
1163 3396 1306 3459 fidei
1354 3398 1934 3461 verisimilitudines
1977 3407 2316 3479 proponat,
2366 3417 2442 3461 ac
2487 3399 2769 3462 hostium

341 3496 452 3576 qui
481 3497 707 3557 eodem
733 3494 1087 3556 abutuntur
1114 3493 1355 3555 lumine
1385 3495 1776 3573 sophismata
1790 3496 2088 3575 depellat.
2115 3497 2365 3576 Insigne
2397 3497 2767 3574 exemplum

342 3592 534 3655 offert
562 3593 914 3653 secundum
943 3594 1138 3667 caput
1162 3590 1305 3653 libri
1333 3592 1568 3669 quarti,
1604 3593 1705 3654 ubi
1738 3593 2046 3671 quaeritur
2080 3614 2096 3655 :
2134 3615 2165 3652 α
2195 3595 2359 3666 Quid
2388 3594 2473 3655 sit
2500 3610 2768 3673 genera-

339 3689 455 3764 tio,
488 3689 831 3766 paternitas
872 3693 938 3749 et
980 3687 1201 3750 filiatio
1250 3687 1318 3749 in
1365 3687 1638 3749 divinis?
1666 3710 1696 3747 ι)
1746 3688 2009 3752 Thomae
2055 3691 2377 3768 responsio
2425 3689 2565 3751 haec
2615 3694 2761 3751 est:

346 3781 796 3858 «Principium
845 3792 1065 3845 autem
1110 3783 1635 3845 considerationis
1674 3800 1712 3845 a
1760 3793 2010 3848 secreto
2066 3787 2291 3848 divinae
2342 3784 2769 3865 generationb

340 3885 690 3950 sumentes,
720 3879 870 3956 quid
904 3880 981 3941 de
1006 3897 1081 3941 ea
1109 3880 1460 3942 secundum
1502 3897 1697 3942 sacrae
1741 3881 2084 3960 Scripturae
2130 3886 2513 3945 documenta
2559 3881 2766 3944 teneri

340 3973 589 4048 debeat,
638 3975 1115 4052 praemittamus.
1159 3975 1398 4038 Dehinc
1439 3993 1589 4037 vero
1635 3995 1732 4052 ea,
1783 3996 1928 4057 quae
1971 3984 2191 4041 contra
2235 3978 2564 4040 veritatem
2618 3976 2767 4039 fidei

343 4067 681 4129 infidelitas
700 4070 1043 4147 adinvenit,
1061 4090 1211 4152 argu
1224 4079 1432 4134 menta
1453 4092 1800 4153 ponamus:
1821 4092 2094 4154 quorum
2117 4077 2430 4137 solutione
2450 4074 2761 4155 subjecta,

337 4164 528 4243 hujus
557 4166 1077 4230 considerationis
1107 4170 1503 4247 propositum
1550 4187 2034 4250 consequemur.
2076 4174 2293 4234 Tradit
2340 4173 2537 4253 igitur
2583 4170 2768 4235 nobis

337 4277 510 4323 sacra
541 4261 865 4339 Scriptura
891 4265 955 4324 in
1003 4266 1227 4327 divinis
1274 4268 1693 4346 paternitatiS,
1742 4273 1807 4330 et
1852 4268 2171 4329 filiationis
2210 4270 2763 4342 nomina310sum

337 4357 650 4420 Christum
680 4360 905 4420 Filium
939 4361 1050 4422 Dei
1075 4368 1454 4438 contestans,
1490 4366 1661 4442 quod
1692 4365 1756 4425 in
1785 4364 2146 4441 Scripstura
2188 4368 2342 4427 Novi
2370 4363 2762 4427 Testamenti

336 4454 843 4533 frequentissime
897 4459 1235 4524 invenitur.
1286 4461 1534 4523 Dicitur
1597 4462 1769 4523 enim
1794 4507 1810 4538 ,
1863 4460 2116 4539 Matth„
2171 4478 2233 4524 x1
2293 4482 2309 4524 ε
2360 4459 2547 4525 Nemo
2602 4460 2766 4524 novit
