3076 5025
8 2000 43 2874 ἱ

1152 325 1287 381 Lm.
1326 325 1373 393 1,
1411 324 1565 383 GAP.
1597 325 1752 382 XLV.
2596 333 2666 389 52

222 452 347 576 Νἳι,
379 454 595 572 autfini
626 451 838 518 posset
865 450 1093 506 naturai
1120 445 1303 505 finem
1332 448 1703 518 praestituere
1733 446 1852 505 nisi
1882 446 2265 521 intelligeret.
2297 451 2457 508 Deus
2486 450 2678 524 igitur

225 533 292 577 es
336 524 485 576 ante.
523 520 536 573 i
587 531 720 575 ens,

296 533 585 660 Ampliug
609 602 790 647 omne
819 588 976 661 quod
999 595 1091 647 est
1120 588 1558 660 imperfectum,
1577 587 1877 646 derivatur
1897 588 1971 647 ab
1996 589 2200 661 aliquo
2225 590 2509 661 perfecto.
2528 594 2674 650 Nam

306 658 492 717 riecta
526 659 880 718 naturaliter
927 664 1068 717 sunt
1166 661 1320 716 riora
1370 658 1758 729 imperfectis,
1805 659 1965 716 sicut
2011 665 2180 718 actus
2231 662 2514 732 potentia.
2560 663 2678 722 Sed

254 743 435 811 omae
467 732 532 787 in
566 730 749 788 nebus
778 674 1238 801 particularibus
1268 730 1597 810 existentes
1624 735 1764 787 sunt
1799 729 2176 811 imperfectae,
2225 732 2365 804 quia
2414 733 2674 804 particu-

227 801 454 869 lariaer,
489 807 551 857 et
577 814 704 858 non
727 800 1056 859 secundum
1082 805 1573 857 communitatem
1593 813 1720 857 sure
1747 805 2016 858 rationis.
2047 803 2320 873 Oporteti
2369 803 2491 860 itur
2511 804 2673 875 quod

231 871 673 929 deriventur-ab
703 870 1003 942 aliquibus
1038 872 1246 928 formis
1275 871 1553 939 perfectis
1584 877 1643 927 et
1677 883 1794 927 non
1829 872 2218 951 particulatis.
2251 875 2329 929 Ta
2356 888 2421 931 es
2469 879 2670 932 autem

229 943 435 1001 formae
469 956 610 1000 esse
638 954 766 999 non
833 946 1049 999 ossunt
1074 942 1191 1000 nisi
1224 940 1538 999 intellectae
1563 956 1698 999 cum
1732 954 1849 997 non
1879 943 2218 1000 inveniatur
2240 944 2442 1015 aliqua
2474 948 2669 1003 torma

229 1012 296 1070 in
346 1026 453 1072 sua
508 1014 794 1071 universa
817 1012 956 1069 itate
984 1011 1100 1069 nisi
1138 1012 1203 1068 in
1234 1011 1563 1080 intellectu,
1603 1018 1662 1069 et
1707 1026 1811 1082 per
1857 1024 2234 1085 consequens
2274 1020 2510 1086 oportet
2564 1028 2672 1077 eos

231 1094 369 1141 esse
398 1084 832 1156 intelligentes,
856 1081 906 1140 si
936 1083 1061 1140 sint
1083 1082 1506 1140 subsistentes.
1531 1082 1628 1140 Sic
1653 1082 1814 1139 enim
1843 1083 2041 1140 solum
2068 1091 2324 1155 possunt
2351 1099 2490 1143 esse
2530 1099 2673 1157 opo-

231 1158 451 1213 rantes.
488 1157 682 1212 Deum
712 1153 896 1226 igitur
922 1155 1023 1225 qui
1042 1159 1135 1210 est
1161 1157 1330 1210 actus
1362 1153 1594 1224 primus
1611 1152 1974 1221 subsistam,
1995 1167 2029 1211 a
2062 1168 2184 1226 quo
2205 1156 2412 1213 omnia
2432 1156 2555 1215 alia
2577 1156 2676 1215 de·-

235 1224 529 1292 rivantur,
565 1228 802 1296 oportet
830 1237 965 1282 esse
998 1223 1455 1295 intelligentem.

309 1295 473 1353 Hanc
520 1302 725 1353 autem
770 1296 1075 1352 veritatem
1125 1295 1305 1351 etiam
1353 1291 1503 1351 fides
1551 1293 1849 1351 catholica
1886 1291 2222 1351 confitetur.
2250 1294 2479 1352 Dicitur
2514 1296 2676 1355 enim

228 1364 359 1438 «lob,
389 1380 451 1424 Π
482 1370 539 1434 4,
576 1365 651 1423 de
679 1368 801 1424 Deo
832 1384 846 1421 ε
876 1364 1105 1434 Sapiens
1133 1365 1291 1419 corde
1316 1368 1394 1420 est
1419 1370 1470 1419 et
1494 1365 1659 1432 fortis
1676 1365 1898 1431 robore3
1925 1370 1983 1420 et
2005 1376 2111 1431 xil,
2145 1368 2210 1421 ¹6
2240 1381 2256 1421 ε
2289 1365 2460 1435 Apud
2494 1369 2676 1436 ipsiu

233 1441 313 1492 est
333 1437 609 1507 tortitudo
638 1437 975 1506 etsapientia
992 1453 1011 1503 ς
1049 1440 1107 1491 et
1134 1435 1196 1490 in
1228 1437 1324 1491 Ps.
1354 1447 1648 1498 cxxxviii,
1680 1439 1749 1492 6:
1778 1433 2052 1491 Mirabilis
2069 1436 2318 1509 factaest
2334 1438 2560 1493 scientia
2578 1441 2675 1494 tua

234 1522 301 1564 ωε
325 1524 441 1572 me3
474 1514 534 1563 et
562 1509 762 1575 Rom„
794 1518 880 1574 11,
910 1509 975 1563 3³
1009 1523 1023 1562 ε
1056 1505 1101 1561 Ο
1120 1504 1354 1561 altitudo
1373 1506 1656 1576 sapientiae
1680 1510 1731 1559 et
1751 1506 1988 1561 scientia
2014 1506 2147 1562 Dei!

300 1579 494 1649 nujus
525 1583 731 1634 autem
762 1575 900 1633 iidei
928 1575 1148 1633 veritas
1172 1589 1233 1631 in
1276 1579 1504 1633 tantum
1525 1575 1683 1647 apud
1707 1575 1984 1634 homines
2009 1575 2280 1646 invaluit,
2308 1581 2373 1634 ut
2397 1576 2473 1635 ab
2497 1576 2671 1636 intel·

237 1649 479 1723 figendo
512 1661 739 1705 nomen
771 1645 877 1703 Dei
902 1645 1298 1716 imponerent.
1331 1648 1477 1703 Nam
1505 1650 1640 1713 Θιός,
1668 1646 1827 1718 quod
1854 1646 2187 1705 secundum
2233 1649 2470 1706 Graecos
2509 1650 2677 1706 Deua

240 1720 559 1795 significat,
585 1717 817 1778 dicitur
842 1730 880 1775 a
904 1719 1110 1788 θιᾷσθαι,
1139 1714 1298 1790 quod
1329 1721 1423 1776 cst
1448 1716 1791 1774 considerare
1817 1716 1910 1774 vel
1940 1716 2145 1776 videre.
2175 1719 2226 1790 (1
2243 1726 2421 1792 part„
2445 1736 2507 1795 tr.
2532 1719 2690 1798 m.)

1210 1936 1468 2002 CAPUT
1504 1935 1687 2001 XLV.

793 2116 949 2172 QUOD
978 2116 1361 2163 mmm
1381 2116 1486 2162 ΒΗ
1519 2116 1629 2162 ΕΒΤ
1665 2115 1781 2163 stu
1814 2116 2116 2165 1338an

308 2287 393 2345 Ex
417 2281 546 2343 hoc
573 2287 775 2342 autem
808 2281 970 2355 quod
1000 2282 1156 2339 Deus
1202 2286 1296 2339 est
1337 2280 1706 2354 intelligens,
1735 2287 2005 2354 sequitur
2046 2284 2207 2356 quod
2243 2298 2420 2345 suum
2449 2287 2674 2346 intolli-

240 2371 378 2432 gere
406 2360 507 2414 est
534 2368 653 2413 sua
678 2352 961 2434 essentia.
992 2351 1328 2433 Intelligere
1355 2353 1517 2410 enim
1549 2356 1638 2433 est
1669 2352 2258 2434 actusjntelligentis
2283 2357 2345 2414 in
2367 2358 2502 2428 ipso
2520 2359 2677 2419 exis-

241 2435 399 2494 tens,
438 2438 568 2483 non
612 2425 676 2481 in
722 2423 949 2496 aliquid
986 2427 1387 2480 extrinsecum
1441 2427 1765 2491 transienS,
1813 2428 1972 2481 sicut
2015 2425 2325 2485 calefactio
2369 2429 2676 2489 transitis

245 2498 624 2556 calefactum.
657 2497 784 2552 Non
813 2493 970 2552 enim
1001 2493 1075 2551 ali
1127 2493 1224 2575 uid
1254 2494 1474 2575 patitur
1516 2492 1891 2574 intelligibile
1920 2508 1992 2552 ex
2037 2495 2153 2554 boc
2182 2498 2341 2570 quod
2387 2499 2673 2572 intelligi-

241 2575 361 2638 tur,
409 2567 517 2625 sed
576 2565 923 2638 intelligens
967 2578 1072 2635 per
1119 2570 1290 2622 citur.
1329 2563 1621 2637 Quicquid
1668 2570 1865 2621 autem
1913 2570 2007 2624 est
2047 2565 2110 2624 in
2152 2570 2294 2633 Deo,
2336 2576 2430 2627 est
2469 2570 2676 2629 divina

244 2639 534 2700 essentia.
558 2641 621 2694 et
643 2636 910 2694 divinum
931 2648 1089 2707 esse,
1106 2634 1312 2706 etipse
1336 2637 1510 2692 Deus.
1532 2637 1679 2692 Nam
1698 2637 1856 2692 Deus
1874 2640 1967 2693 est
1988 2649 2102 2694 sua
2125 2639 2390 2698 essentia
2414 2646 2475 2698 et
2492 2654 2675 2701 suum

312 2782 608 2846 Praeterea,
640 2775 973 2849 intelligere
1002 2779 1383 2846 comparatur
1400 2775 1472 2832 ad
1492 2774 1859 2832 intellectum
1889 2774 2046 2834 sicut
2064 2790 2200 2835 esse
2216 2777 2291 2835 ad
2313 2780 2660 2845 essentiam,

244 2851 352 2908 sed
391 2863 533 2908 esse
590 2847 854 2928 divinum
896 2851 988 2928 est
1028 2846 1161 2918 eJus
1207 2845 1470 2927 essent-ia
1518 2850 1582 2903 ut
1625 2859 1808 2916 supra
1856 2843 2007 2974 (cap.
2054 2845 2144 2918 22)
2201 2849 2513 2919 probatum
2559 2856 2678 2911 est.

244 2925 402 2994 Ergo
433 2918 769 2990 intelligere
798 2917 1063 2974 divinum
1094 2921 1188 2974 est
1229 2931 1360 2987 ejus
1406 2915 1765 2974 intellectus
1800 2917 1947 2973 Intel
1976 2923 2146 2975 ectus
2188 2926 2385 2978 autem
2429 2920 2673 2980 divinus

244 2998 343 3050 est
363 2991 470 3049 Dei
497 2988 784 3055 essentia,
814 2988 964 3044 alias
999 2992 1161 3045 esset
1188 2987 1469 3045 accidens
1497 2989 1640 3045 De0.
1691 2987 1975 3059 Opportet
2017 2987 2203 3062 igitur
2247 2989 2410 3064 quod
2449 2991 2674 3049 intelli-

246 3076 392 3137 gere
424 3060 693 3118 divinum
723 3058 804 3116 sit
826 3058 958 3129 ejus
985 3057 1267 3116 essentia.

314 3132 599 3212 Amplius.
632 3134 806 3210 actus·
828 3129 1131 3210 secundus
1158 3134 1250 3209 est
1276 3128 1594 3200 perfectior
1617 3142 1797 3257 quam
1823 3133 1993 3187 actus
2012 3130 2264 3202 primus,
2284 3132 2444 3191 sicut
2467 3133 2673 3193 consi-

246 3201 484 3263 deratio
515 3214 694 3274 quam
721 3205 994 3258 scientia.
1025 3200 1285 3257 Scientia
1323 3205 1521 3257 autem
1566 3214 1635 3257 ve
1707 3200 2043 3259 intellectus
2088 3203 2193 3259 Dei
2239 3208 2333 3261 est
2378 3203 2511 3275 ipsa
2539 3203 2671 3263 e‘us

247 3273 541 3342 essentia,
560 3270 625 3329 si
655 3275 748 3329 est
789 3269 1153 3351 intelligens,
1184 3275 1245 3326 ut
1281 3276 1593 3328 ostensum
1637 3275 1729 3328 est
1756 3270 1906 3343 (cap.
1934 3271 2050 3344 44),
2078 3286 2216 3330 cum
2254 3272 2419 3332 nulla
2451 3288 2555 3344 per
2581 3288 2674 3332 ec·

246 3345 337 3403 tio
368 3342 691 3402 conveniat
716 3341 771 3398 ei
802 3340 1227 3412 participative,
1258 3339 1361 3398 sed
1390 3354 1496 3412 per
1525 3339 1869 3409 essentiam,
1901 3346 1967 3400 ut
2013 3356 2090 3399 ex
2117 3343 2530 3414 superioribus
2568 3357 2684 3416 pa-

246 3420 335 3472 tet
358 3415 518 3541 Scap.
568 3417 639 3470 22
684 3416 742 3469 et
786 3410 995 3491 23).‚Si
1036 3411 1221 3491 igitur
1249 3423 1359 3468 sua
1404 3411 1806 3469 consideratio
1836 3425 1955 3470 non
1998 3411 2079 3470 sit
2118 3426 2231 3471 sua
2255 3414 2540 3482 essentia,
2572 3413 2677 3471 ali-

335 3486 352 3541 i
427 3485 541 3541 erit
571 3496 684 3540 sua
711 3485 976 3540 essentia
1006 3481 1270 3538 nobilius
1299 3486 1358 3538 et
1386 3481 1727 3552 perfectius,
1754 3486 1813 3537 et
1851 3482 1940 3539 sic
1964 3495 2089 3540 non
2114 3484 2226 3540 erit
2263 3483 2328 3539 in
2372 3482 2491 3540 fine
2536 3498 2668 3555 per-

276 3555 540 3614 ectionis
568 3559 627 3609 et
654 3551 957 3609 bonitatis,
989 3550 1151 3608 Unde
1183 3565 1303 3609 non
1332 3551 1446 3609 erit
1470 3552 1750 3623 primum.

320 3626 545 3686 Adhuc,
579 3622 912 3695 intelligere
951 3627 1044 3679 est
1069 3628 1238 3681 actus
1262 3622 1677 3695 intelligentis.
1707 3621 1768 3679 Si
1794 3621 1978 3694 igitur
2005 3623 2163 3680 Deus
2191 3622 2534 3696 intelligens
2551 3637 2677 3682 non

250 3697 333 3755 sit
359 3709 540 3754 suum
572 3693 929 3764 intelligere,
960 3698 1191 3763 oportet
1220 3692 1376 3764 quod
1403 3698 1779 3764 comparetur
1807 3692 1882 3749 ad
1934 3692 2152 3763 ipsum,
2202 3692 2358 3749 sicut
2404 3694 2672 3765 potentia

249 3766 327 3896 {d
350 3773 574 3831 actum,
606 3771 661 3905 et
690 3764 773 3820 ita
781 3776 865 3890 ἐξ
890 3764 1143 3891 lzesserit
1157 3763 1421 3833 potentia
1439 3768 1498 3819 et
1514 3769 1705 3832 actus,
1731 3761 1894 3834 quod
1918 3768 2012 3820 est
2033 3761 2427 3833 impossibile,
2460 3771 2524 3821 ut
2540 3777 2674 3836 pro-

292 3843 455 3895 atum
489 3843 581 3892 est
631 3847 701 3890 ca
746 3875 759 3889 .
879 3846 910 3889 e
1067 3874 1081 3890 .
1166 3839 1185 3859 ¹
1433 3885 1439 3895 ,

321 3909 475 3974 Bene,
509 3832 1080 3963 omnispsubsiantssa
1107 3908 1200 3960 est
1231 3908 1470 3974 propter
1494 3916 1667 3962 suam
1698 3903 2126 3974 operationem.
2159 3903 2221 3961 Si
2249 3904 2435 3978 igitur
2461 3920 2672 3986 opera-

254 3976 338 4035 tio
365 3977 474 4036 Dei
504 3978 590 4035 sit
617 3973 843 4047 aliquid
874 3973 1037 4031 aliud
1069 3987 1245 4046 quam
1275 3974 1477 4032 divina
1525 3973 1884 4042 substantia,
1933 3974 2045 4031 erit
2082 3972 2221 4032 finis
2271 3973 2404 4047 ejus
2447 3976 2676 4050 aliquid

251 4048 410 4177 {liud
441 4063 481 4130 a
509 4061 579 4106 se
608 4051 673 4102 et
699 4045 790 4102 sic
820 4044 976 4103 Deus
1009 4057 1134 4102 non
1181 4044 1294 4101 eiit
1332 4057 1446 4103 sua
1488 4043 1750 4114 bonitas,
1796 4056 1933 4102 cuni
1979 4042 2206 4102 bonum
2247 4045 2567 4117 cujuslibet
2593 4047 2678 4106 sit

298 4132 393 4177 nis
411 4134 442 4177 e
472 4132 568 4177 us.

318 4190 381 4248 Si
406 4135 613 4248 alitem
635 4184 907 4244 divinum
935 4184 1268 4257 intelligere
1295 4190 1387 4243 est
1413 4184 1543 4265 ejus
1571 4199 1728 4252 esse,
1754 4198 2004 4243 necesse
2029 4186 2307 4259 estquod
2333 4186 2670 4262 intelligere

256 4258 384 4332 ejus
439 4261 525 4319 sit
572 4256 852 4328 simplex,
902 4261 1186 4314 aeternum
1235 4261 1293 4312 et
1325 4256 1670 4313 invariabile
1717 4259 1775 4312 et
1823 4262 1958 4312 actu
2010 4260 2238 4314 tantum
2283 4259 2570 4326 existens,
2617 4264 2678 4317 et

249 4331 454 4390 omnia
484 4343 625 4403 quae
656 4327 729 4385 de
755 4325 958 4383 divino
989 4339 1123 4384 esse
1149 4326 1396 4406 probata
1425 4330 1586 4406 sunt.
1618 4329 1748 4406 Non
1777 4331 1870 4405 est
1894 4324 2078 4404 igitur
2104 4329 2261 4385 Deus
2307 4327 2369 4385 in
2413 4329 2679 4400 potentia

242 4401 626 4474 intelligenS,
652 4402 757 4456 aut
787 4394 858 4454 de
890 4409 1044 4454 novo
1085 4396 1311 4470 aliquid
1357 4396 1688 4468 intelligere
1732 4408 2048 4472 incipiens,
2100 4398 2193 4456 vel
2232 4410 2673 4471 quamcumque

232 4481 286 4525 m
297 4481 640 4528 litationem
657 4478 905 4533 autcom
910 4486 1274 4547 positionem
1289 4495 1350 4534 ιιι
1366 4480 1757 4551 intelligendo
1769 4478 2020 4544 babens.
2034 4480 2080 4557 (l
2089 4490 2331 4557 parua.
2343 4493 2471 4549 m.
2482 4481 2595 4537 art.
2606 4469 2694 4542 4.)
