3076 5025
22 5 49 793 J

1060 349 1190 407 LIB.
1236 351 1280 420 1,
1318 350 1470 409 CAP.
1507 351 1734 408 XLVIII.
2531 363 2601 417 53

248 471 469 541 Adhuc,
498 485 605 531 res
630 471 962 532 materialis
988 470 1382 546 intelligibilis
1407 470 1663 530 efficitur
1695 486 1800 545 per
1827 472 1962 544 hoc,
1989 474 2151 548 quod
2192 489 2230 535 a
2256 479 2509 539 materia
2538 487 2598 541 et

188 556 223 602 a
245 542 662 601 mamialibus
700 541 1145 601 conditionibus
1171 548 1497 613 separatur.
1530 542 1700 610 Quod
1735 557 1877 616 ergo
1905 551 1996 602 est
2031 560 2138 618 per
2184 548 2279 606 sui
2321 555 2595 610 naturam

187 614 259 674 ab
286 612 446 671 omni
480 612 739 671 materia
764 618 821 670 et
849 612 1128 671 omnibus
1153 611 1601 671 conditionibus
1641 614 2048 674 materialibus
2079 629 2143 675 se
2187 624 2441 689 aratum,
2473 622 2587 680 boc

187 683 675 756 estintelligibile
703 682 1031 742 secundum
1052 696 1223 741 suam
1251 687 1545 741 naturam.
1569 684 1680 741 Sed
1712 697 1885 742 omne
1905 685 2155 759 intelligi
2199 688 2278 746 ile
2305 689 2594 765 intelligi·

184 760 283 815 tur
337 754 668 815 secundum
716 754 876 827 quod
910 758 997 812 est
1038 767 1220 811 unum
1271 759 1404 812 actu
1432 768 1568 812 cum
1599 752 1986 828 intelligente.
2016 760 2150 828 lpse
2186 763 2384 818 autem
2437 764 2595 821 Deus

184 825 529 900 intelligens
556 830 669 888 est,
693 830 760 883 ut
783 824 1094 896 probatum
1122 829 1216 883 est
1242 823 1391 896 (cap.
1417 824 1530 896 44).
1561 824 1747 896 Igitur
1768 840 1901 883 cum
1927 827 2007 885 sit
2023 828 2434 890 immaterialis
2468 846 2596 891 om·

184 897 356 961 nino,
377 902 433 955 et
453 895 574 955 sibi
601 895 723 967 ipsi
755 895 1007 953 maxime
1036 894 1637 977 sitOunum,·maxime
1667 909 1808 976 ergo
1839 897 2102 968 seipsum
2128 899 2432 973 intelligit.

254 970 405 1038 Item,
435 981 512 1025 ex
544 966 659 1024 hoc
694 966 919 1038 aliquid
948 970 1083 1024 actu
1121 965 1494 1038 intelligitur,
1523 964 1683 1038 quod
1736 967 2073 1026 intellectus
2101 969 2165 1025 in
2218 976 2376 1040 actu,
2405 978 2461 1029 et
2512 973 2599 1030 in-

183 1037 488 1097 tellectum
529 1037 593 1095 in
611 1042 747 1094 actu
779 1050 961 1095 unum
991 1041 1151 1095 sunt.
1182 1035 1429 1093 Divinus
1458 1040 1654 1093 autem
1685 1035 2022 1095 intellectus
2050 1043 2142 1097 est
2160 1053 2397 1113 semper
2423 1043 2601 1102 intel-

184 1108 383 1182 ligens
414 1110 479 1165 in
522 1112 680 1166 actu.
710 1106 868 1165 Nihil
897 1107 1058 1165 enim
1078 1112 1171 1164 est
1194 1105 1258 1163 in
1283 1106 1549 1177 potentia
1575 1112 1634 1163 et
1660 1106 2069 1178 imperfectum
2107 1109 2172 1167 in
2218 1113 2359 1168 Deo.
2391 1115 2601 1172 Essen-

182 1180 267 1238 tia
310 1184 513 1237 autem
543 1177 648 1235 Dei
681 1177 1010 1236 secundum
1064 1176 1321 1258 seipsam
1351 1177 1608 1248 perfecte
1644 1177 2043 1249 intelligibilis
2087 1184 2198 1250 est,
2222 1186 2287 1238 ut
2315 1196 2387 1238 ex
2421 1184 2596 1243 dictis

181 1255 345 1322 patet
398 1249 551 1321 (cap.
580 1247 693 1321 44).
722 1249 865 1306 Cum
915 1248 1100 1321 igitur
1153 1247 1493 1305 intellectus
1548 1246 1786 1305 divinus
1838 1254 1897 1305 et
1949 1251 2212 1308 essentia
2238 1251 2438 1310 divina
2477 1255 2600 1311 sint

181 1334 393 1388 unum,
448 1324 520 1378 ut
570 1333 646 1376 ex
694 1317 871 1376 dictis
896 1318 1044 1400 (cap.
1080 1316 1193 1390 46),
1236 1317 1627 1398 manifestum
1678 1323 1797 1386 est,
1837 1318 2191 1400 relinquitur
2237 1322 2397 1393 quod
2446 1325 2602 1381 Deus

181 1391 456 1462 seipsum
506 1389 767 1461 perfecte
821 1389 1135 1461 intelligat.
1169 1390 1325 1446 Deus
1376 1401 1536 1445 enim
1584 1392 1676 1446 est
1713 1393 1772 1445 et
1810 1392 1958 1447 suus
2006 1390 2345 1450 intellectus
2383 1397 2441 1450 et
2491 1406 2602 1452 sua

184 1461 475 1520 essentia.

248 1532 475 1597 Adhuc,
506 1542 684 1590 omne
713 1529 873 1603 quod
902 1534 993 1588 est
1019 1530 1082 1587 in
1112 1528 1313 1603 aliquo
1344 1544 1447 1601 per
1482 1529 1727 1588 modum
1758 1528 1947 1588 intelli
1994 1529 2217 1602 ibilem‚
2244 1533 2432 1591 intelli
2478 1534 2601 1593 itur

186 1601 263 1659 ab
298 1614 396 1661 eo.
426 1600 760 1659 Essentiam
802 1605 998 1659 autem
1028 1600 1229 1659 divina
1273 1610 1364 1659 est
1405 1601 1469 1658 in
1513 1603 1636 1658 Deo
1683 1614 1786 1672 per
1834 1613 1934 1659 mo
1979 1616 2078 1658 um
2135 1604 2450 1677 intelligibi
2478 1619 2594 1662 em.

189 1674 337 1730 Nam
362 1684 495 1730 esse
524 1671 795 1729 naturale
833 1670 959 1751 Dei,
989 1674 1048 1727 et
1069 1684 1204 1729 esse
1232 1670 1607 1743 intelligibile
1631 1684 1816 1750 unum
1844 1677 1903 1728 et
1929 1672 2084 1729 idem
2107 1678 2268 1744 sunt,
2291 1689 2425 1733 cuin
2460 1689 2597 1735 esse

192 1754 378 1800 snum
406 1742 483 1800 sit
505 1755 678 1800 suum
715 1740 1065 1813 intelligere.
1107 1744 1264 1799 Deus
1291 1741 1475 1814 igitur
1499 1740 1782 1814 intelligit
1808 1743 2130 1801 essentiam
2162 1757 2333 1803 suam
2361 1764 2376 1816 ;
2417 1745 2600 1818 igitur

197 1812 288 1871 sei
367 1826 636 1882 nm,cum
665 1812 796 1882 ipse
817 1812 897 1869 sit
923 1824 1036 1870 sua
1072 1812 1354 1871 essentia.

320 1885 532 1954 nuptm,
551 1887 723 1942 actus
751 1882 1106 1948 intellectus,
1126 1882 1834 1942 sicutetaliarumanimae
1854 1885 2248 1955 potentiarum
2268 1886 2598 1946 secundum

190 1952 417 2027 objecta
469 1953 899 2026 distinguntur.
944 1954 1128 2010 Tanto
1164 1953 1349 2025 igitur
1402 1953 1515 2011 erit
1558 1953 1874 2025 perfectior
1923 1955 2260 2014 intellectus
2308 1959 2596 2028 operatio,

187 2030 409 2098 quanto
462 2025 578 2082 erit
625 2023 943 2096 perfectius
986 2022 1318 2096 intelligile.
1348 2024 1463 2082 Sed
1513 2023 2012 2096 perfectissimum
2072 2026 2450 2099 intelligibile
2504 2034 2598 2087 est

183 2096 448 2155 essentia
474 2094 698 2164 divina,
726 2108 861 2151 cum
909 2093 990 2152 sit
1037 2094 1510 2165 perfectissimus
1550 2099 1719 2154 actus
1748 2101 1808 2152 et
1832 2095 2025 2166 prima
2048 2097 2287 2155 veritas.
2320 2098 2597 2169 Operatio

109 2160 117 2167 '
180 2171 379 2225 autem
407 2166 750 2223 intellectus
777 2164 961 2222 divini
988 2169 1081 2223 est
1114 2165 1290 2223 etiam
1326 2163 1726 2235 nobilissima,
1750 2179 1884 2223 cum
1915 2166 2038 2223 siti
2084 2181 2220 2225 sum
2266 2180 2402 2226 esse
2448 2168 2596 2229 divi-

179 2250 347 2303 num,
367 2242 435 2294 ut
462 2241 778 2294 ostensum
801 2241 908 2316 est·
920 2235 1071 2308 (cap.
1097 2239 1164 2292 45
1195 2278 1209 2292 .
1240 2237 1397 2317 Deus
1425 2235 1609 2317 igitur
1626 2236 1890 2307 seipsum
1926 2236 2047 2294 inte
2071 2237 2223 2308 ligit.

247 2306 472 2375 Adhuc,
504 2319 703 2364 rerum
747 2318 1116 2387 omniumOpe
1174 2310 1438 2364 ectiones
1463 2319 1526 2362 in
1573 2308 1695 2364 Deo
1722 2306 1978 2363 maxime
2004 2307 2405 2366 inveniuntur.
2439 2311 2598 2367 Inter

179 2377 331 2437 alias
361 2381 567 2435 autem
593 2376 995 2449 perfectiones
1019 2388 1083 2432 in
1107 2375 1286 2434 rebus
1304 2376 1518 2434 creatis
1538 2376 1831 2446 inventas,
1858 2377 2117 2435 maxima
2143 2383 2237 2435 est
2263 2377 2598 2451 intelligere

182 2448 403 2518 Denm;
428 2460 571 2506 cum
628 2451 842 2505 natura
887 2445 1308 2505 intellectualis
1358 2446 1497 2504 aliis
1548 2446 1947 2528 praeemineat,
1974 2447 2147 2520 cujus
2197 2449 2480 2520 perfectio
2509 2455 2599 2507 est

178 2519 541 2602 intelligere.
540 2516 1017 2646 ῑέιῗριιὲεειωυω
1069 2522 1267 2578 autem
1315 2516 1691 2591 intelligibile
1731 2520 1890 2576 Deus
1943 2524 2055 2576 est.
2101 2519 2287 2592 Igitur
2340 2520 2597 2578 maxime

181 2603 265 2648 sei
311 2601 536 2649 summ
649 2603 666 2645 i

282 2668 356 2712 oc
381 2659 592 2712 autem
618 2602 819 2714 ᾶιξιιιιε
837 2657 1188 2713 auctoritate
1210 2659 1616 2717 confirmatur.
1637 2663 1734 2719 Ait
1751 2676 1887 2721 nam
1933 2680 2007 2724 ue
2026 2668 2347 2738 Apostolus
2395 2673 2416 2726 l
2441 2670 2569 2727 Cor.

163 2736 229 2796 11,
260 2729 351 2796 10,
379 2724 548 2799 quod
572 2724 818 2797 Spiritus
842 2727 945 2782 Dei
969 2730 1248 2783 scrutatur
1264 2731 1430 2783 etiam
1449 2732 1738 2813 protunda
1761 2680 1947 2807 Deiffl
1970 2741 2144 2809 part„
2166 2751 2225 2809 q.
2246 2711 2373 2808 xiv}
2393 2745 2502 2796 art.
2522 2712 2597 2812 55

1125 2949 1377 3018 CAPUT
1411 2951 1675 3018 XLVIII.

503 3130 659 3188 QUOD
689 3131 839 3179 DEUS
873 3130 1054 3178 Panto
1082 3130 1162 3178 ET
1192 3132 1306 3179 PER
1339 3131 1414 3180 83
1447 3131 1638 3179 soum
1672 3131 1914 3181 smstm
1951 3131 2279 3183 coenosum

252 3298 334 3358 Ex
358 3294 700 3371 praemissis
727 3297 927 3354 autem
954 3298 1198 3367 apparet
1220 3292 1381 3367 quod
1407 3296 1568 3376 Deus
1590 3295 1783 3368 primo
1812 3302 1870 3353 et
1891 3310 1998 3368 per
2023 3311 2089 3356 se
2109 3298 2309 3357 solum
2330 3299 2599 3373 seipsum

181 3369 519 3450 cognoscit.
555 3368 661 3425 llla
686 3366 845 3423 enim
870 3365 1068 3424 solum
1096 3379 1192 3423 res
1229 3370 1323 3424 est
1347 3380 1542 3436 prima
1567 3371 1626 3423 et
1653 3381 1758 3438 per
1782 3380 1847 3425 se
1876 3367 1950 3424 ab
1982 3367 2286 3427 intellectu
2334 3370 2595 3443 cognita,

182 3453 355 3512 cujus
383 3437 591 3510 specie
620 3436 917 3508 intelligit.
950 3437 995 3492 Ο
1039 3435 1224 3493 eratio
1248 3435 1408 3493 enim
1437 3438 1644 3494 sormae
1671 3451 1802 3509 quae
1849 3442 1940 3495 est
1977 3439 2343 3509 operationis
2378 3440 2600 3511 princi-

182 3511 348 3581 pium
378 3506 883 3581 proportionetur.
916 3508 988 3566 Se
1059 3506 1119 3564 id
1146 3518 1266 3578 quo
1291 3508 1447 3564 Deus
1472 3506 1663 3565 intelli
1711 3508 1773 3575 it,
1802 3507 1955 3565 nihil
1978 3515 2070 3567 est
2092 3509 2254 3568 aliud
2275 3523 2454 3582 quain
2484 3524 2598 3569 sua

186 3581 472 3648 essentia,
508 3583 576 3636 ut
602 3576 912 3649 probatum
955 3583 1046 3635 est
1076 3577 1224 3649 (cap.
1252 3577 1366 3649 46).
1398 3576 1585 3650 lgitur
1608 3576 1671 3636 in
1699 3576 1972 3637 ellectum
2015 3578 2089 3637 ab
2133 3579 2268 3651 ipso
2305 3581 2500 3652 primo
2542 3585 2602 3639 et

184 3664 290 3724 per
315 3664 385 3709 se
402 3649 562 3708 nibil
590 3652 683 3705 est
707 3647 871 3705 aliud
898 3661 1076 3721 quam
1104 3647 1374 3719 ipsemet.

254 3721 477 3790 Adhuc,
505 3715 881 3800 impossibile
908 3723 1000 3776 est
1035 3718 1216 3776 simul
1257 3717 1447 3777 multa
1482 3717 1677 3791 primo
1721 3723 1781 3777 et
1824 3732 1934 3800 per
1975 3731 2043 3779 se
2089 3719 2442 3793 intelligere.
2476 3723 2602 3780 Una

188 3792 345 3851 enim
376 3795 650 3863 operatio
681 3802 802 3847 non
846 3793 1039 3860 potest
1067 3787 1246 3846 simul
1292 3787 1500 3848 multis
1536 3787 1860 3848 terminari.
1892 3793 2050 3848 Deus
2085 3795 2280 3849 autem
2333 3791 2600 3863 seipsum

192 3861 555 3935 quandoque
589 3858 888 3932 intelligit,
919 3864 985 3917 ut
1021 3857 1331 3930 probatum
1367 3864 1457 3917 est
1494 3859 1646 3932 (cap.
1682 3859 1795 3932 47).
1826 3860 1887 3918 Si
1930 3861 2113 3933 igitur
2157 3860 2447 3934 intelligat
2495 3862 2601 3920 ali-

190 3933 331 4005 quid
359 3930 530 3991 aliud
551 3930 723 4004 quasi
753 3930 946 4010 primo
971 3935 1030 3986 et
1048 3943 1156 4001 per
1183 3942 1247 3988 se
1275 3930 1660 4001 intellectum,
1691 3935 1923 4002 oportet
1950 3931 2108 4004 quod
2139 3930 2474 3991 intellectus
2494 3932 2600 3991 Dei

186 4007 452 4061 mutetur
482 4002 557 4059 de
584 4000 1063 4059 consideratione
1091 3999 1188 4058 sui
1217 4000 1280 4057 in
1306 4000 1846 4059 considerationem
1878 4000 2065 4060 illius,
2095 4002 2157 4060 ld
2190 4006 2388 4061 aulem
2408 4009 2501 4062 est
2522 4016 2595 4063 eo

186 4072 547 4200 ignobiligsl.
604 4071 702 4130 Sic
746 4069 930 4144 igitur
983 4069 1322 4129 intellectus
1371 4070 1612 4131 divinus
1663 4077 1928 4131 mutatur
1960 4071 2026 4130 in
2071 4071 2262 4146 pejus,
2306 4073 2468 4147 quod
2511 4077 2604 4133 est

184 4155 1831 4343 ffssffusstrit‘ffiai{aelami..t-sfiffiu³²⁰itr0
1860 4212 2607 4342 ⁹3⁰?ssb130‘3tiffifflffi·

187 4368 227 4414 o
256 4425 270 4438 ⁶
303 4296 1039 4435 {hpoqeggimeffessmafes
1065 4365 1208 4435 ergo
1237 4297 1330 4410 (vlel
1358 4297 1477 4411 sug
1497 4298 1762 4436 sssssssffiia
1789 4299 1901 4411 erist
1926 4297 2220 4427 Inupi’ur?
2248 4300 2602 4435 ‹Iivlisgfltsffi

252 4437 462 4499 iquam
490 4421 951 4482 intellectualem
981 4429 1385 4495 operationem
1414 4423 1674 4492 babebit,
1704 4435 1836 4495 quae
1864 4435 1986 4481 non
2008 4429 2100 4482 est
2117 4437 2228 4483 sua
2248 4424 2602 4489 substantia,

188 4493 455 4570 quorum
506 4497 827 4570 utrumque
870 4493 1244 4570 impossibile
1295 4506 1431 4556 esse
1481 4498 1879 4556 monstratum
1925 4498 2017 4554 est
2058 4493 2210 4569 (cap.
2255 4498 2332 4552 42
2389 4498 2448 4549 et
2488 4491 2601 4557 44).
