<?xml version="1.0" encoding="UTF-8"?>
<!DOCTYPE html PUBLIC "-//W3C//DTD XHTML 1.0 Transitional//EN"
    "http://www.w3.org/TR/xhtml1/DTD/xhtml1-transitional.dtd">
<html xmlns="http://www.w3.org/1999/xhtml" xml:lang="en" lang="en">
 <head>
  <title>
</title>
<meta http-equiv="Content-Type" content="text/html;charset=utf-8" />
  <meta name='ocr-system' content='tesseract 3.04.00' />
  <meta name='ocr-capabilities' content='ocr_page ocr_carea ocr_par ocr_line ocrx_word'/>
</head>
<body>
  <div class='ocr_page' id='page_1' title='image "./deveritatecatho00rubegoog_0115.png"; bbox 0 0 3076 5025; ppageno 0'>
   <div class='ocr_carea' id='block_1_1' title="bbox 1197 261 2736 327">
    <p class='ocr_par' dir='ltr' id='par_1_1' title="bbox 1197 261 2736 327">
     <span class='ocr_line' id='line_1_1' title="bbox 1197 261 2736 327; baseline 0.004 -11"><span class='ocrx_word' id='word_1_1' title='bbox 1197 261 1329 317; x_wconf 76' lang='lat' dir='ltr'>Lis.</span> <span class='ocrx_word' id='word_1_2' title='bbox 1370 263 1411 327; x_wconf 89' lang='lat' dir='ltr'>l,</span> <span class='ocrx_word' id='word_1_3' title='bbox 1454 262 1607 317; x_wconf 82' lang='lat' dir='ltr'>CAP.</span> <span class='ocrx_word' id='word_1_4' title='bbox 1648 261 1845 316; x_wconf 81' lang='lat' dir='ltr'><strong>LXXII.</strong></span> <span class='ocrx_word' id='word_1_5' title='bbox 2661 269 2736 322; x_wconf 75' lang='lat'>79</span> 
     </span>
    </p>
   </div>
   <div class='ocr_carea' id='block_1_2' title="bbox 228 380 2740 879">
    <p class='ocr_par' dir='ltr' id='par_1_2' title="bbox 228 380 2740 879">
     <span class='ocr_line' id='line_1_2' title="bbox 228 380 2730 455; baseline 0.001 -12"><span class='ocrx_word' id='word_1_6' title='bbox 228 409 237 418; x_wconf 28' lang='lat' dir='ltr'>r</span> <span class='ocrx_word' id='word_1_7' title='bbox 286 397 417 444; x_wconf 81' lang='lat' dir='ltr'>non</span> <span class='ocrx_word' id='word_1_8' title='bbox 462 383 800 455; x_wconf 80' lang='lat' dir='ltr'>cognoscit</span> <span class='ocrx_word' id='word_1_9' title='bbox 823 382 998 440; x_wconf 90' lang='lat' dir='ltr'>modo</span> <span class='ocrx_word' id='word_1_10' title='bbox 1038 382 1319 454; x_wconf 82' lang='lat' dir='ltr'>praedicto</span> <span class='ocrx_word' id='word_1_11' title='bbox 1362 381 1776 454; x_wconf 78' lang='lat' dir='ltr'>privationem,</span> <span class='ocrx_word' id='word_1_12' title='bbox 1821 394 1932 438; x_wconf 88' lang='lat' dir='ltr'>nec</span> <span class='ocrx_word' id='word_1_13' title='bbox 1979 380 2207 453; x_wconf 83' lang='lat' dir='ltr'>aliquid</span> <span class='ocrx_word' id='word_1_14' title='bbox 2254 381 2437 440; x_wconf 86' lang='lat' dir='ltr'>aliud.</span> <span class='ocrx_word' id='word_1_15' title='bbox 2487 387 2631 443; x_wconf 83' lang='lat' dir='ltr'>Nam</span> <span class='ocrx_word' id='word_1_16' title='bbox 2676 388 2730 447; x_wconf 89' lang='lat' dir='ltr'>si</span> 
     </span>
     <span class='ocr_line' id='line_1_3' title="bbox 288 452 2730 527; baseline 0 -14"><span class='ocrx_word' id='word_1_17' title='bbox 288 460 703 527; x_wconf 83' lang='lat' dir='ltr'>cognosceret</span> <span class='ocrx_word' id='word_1_18' title='bbox 734 453 957 522; x_wconf 77' lang='lat' dir='ltr'>aliquid</span> <span class='ocrx_word' id='word_1_19' title='bbox 988 468 1090 524; x_wconf 88' lang='lat' dir='ltr'>pei·</span> <span class='ocrx_word' id='word_1_20' title='bbox 1118 453 1397 524; x_wconf 86' lang='lat' dir='ltr'>speciem,</span> <span class='ocrx_word' id='word_1_21' title='bbox 1426 467 1560 526; x_wconf 79' lang='lat' dir='ltr'>quae</span> <span class='ocrx_word' id='word_1_22' title='bbox 1592 467 1712 509; x_wconf 91' lang='lat' dir='ltr'>non</span> <span class='ocrx_word' id='word_1_23' title='bbox 1741 458 1831 509; x_wconf 88' lang='lat' dir='ltr'>est</span> <span class='ocrx_word' id='word_1_24' title='bbox 1861 452 2008 522; x_wconf 84' lang='lat' dir='ltr'>ipse,</span> <span class='ocrx_word' id='word_1_25' title='bbox 2036 459 2385 524; x_wconf 78' lang='lat' dir='ltr'>sequeretur</span> <span class='ocrx_word' id='word_1_26' title='bbox 2417 453 2491 510; x_wconf 90' lang='lat' dir='ltr'>de</span> <span class='ocrx_word' id='word_1_27' title='bbox 2521 469 2730 515; x_wconf 88' lang='lat' dir='ltr'>neces-</span> 
     </span>
     <span class='ocr_line' id='line_1_4' title="bbox 290 523 2734 598; baseline 0 -15"><span class='ocrx_word' id='word_1_28' title='bbox 290 527 476 584; x_wconf 84' lang='lat' dir='ltr'>sitate</span> <span class='ocrx_word' id='word_1_29' title='bbox 504 525 671 597; x_wconf 89' lang='lat' dir='ltr'>quod</span> <span class='ocrx_word' id='word_1_30' title='bbox 724 525 1027 596; x_wconf 81' lang='lat' dir='ltr'>proportio</span> <span class='ocrx_word' id='word_1_31' title='bbox 1056 523 1184 595; x_wconf 86' lang='lat' dir='ltr'>ejns</span> <span class='ocrx_word' id='word_1_32' title='bbox 1217 524 1291 580; x_wconf 86' lang='lat' dir='ltr'>ad</span> <span class='ocrx_word' id='word_1_33' title='bbox 1319 524 1482 579; x_wconf 85' lang='lat' dir='ltr'>illam</span> <span class='ocrx_word' id='word_1_34' title='bbox 1515 524 1775 594; x_wconf 88' lang='lat' dir='ltr'>speciem</span> <span class='ocrx_word' id='word_1_35' title='bbox 1807 527 1972 579; x_wconf 88' lang='lat' dir='ltr'>esset</span> <span class='ocrx_word' id='word_1_36' title='bbox 2009 523 2167 579; x_wconf 89' lang='lat' dir='ltr'>sicut</span> <span class='ocrx_word' id='word_1_37' title='bbox 2194 524 2499 595; x_wconf 84' lang='lat' dir='ltr'>proportio</span> <span class='ocrx_word' id='word_1_38' title='bbox 2526 532 2734 598; x_wconf 84' lang='lat' dir='ltr'>poten-</span> 
     </span>
     <span class='ocr_line' id='line_1_5' title="bbox 286 593 2731 668; baseline 0 -14"><span class='ocrx_word' id='word_1_39' title='bbox 286 597 398 655; x_wconf 72' lang='lat' dir='ltr'>tiae</span> <span class='ocrx_word' id='word_1_40' title='bbox 438 596 512 652; x_wconf 90' lang='lat' dir='ltr'>ad</span> <span class='ocrx_word' id='word_1_41' title='bbox 562 601 791 652; x_wconf 89' lang='lat' dir='ltr'>actum.</span> <span class='ocrx_word' id='word_1_42' title='bbox 848 595 1003 651; x_wconf 88' lang='lat' dir='ltr'>Unde</span> <span class='ocrx_word' id='word_1_43' title='bbox 1053 599 1306 665; x_wconf 85' lang='lat' dir='ltr'>oportet,</span> <span class='ocrx_word' id='word_1_44' title='bbox 1356 593 1515 666; x_wconf 89' lang='lat' dir='ltr'>quod</span> <span class='ocrx_word' id='word_1_45' title='bbox 1569 594 1695 664; x_wconf 89' lang='lat' dir='ltr'>ipse</span> <span class='ocrx_word' id='word_1_46' title='bbox 1725 593 2018 664; x_wconf 83' lang='lat' dir='ltr'>intelligat</span> <span class='ocrx_word' id='word_1_47' title='bbox 2069 594 2268 650; x_wconf 87' lang='lat' dir='ltr'>solum</span> <span class='ocrx_word' id='word_1_48' title='bbox 2313 609 2419 664; x_wconf 88' lang='lat' dir='ltr'>per</span> <span class='ocrx_word' id='word_1_49' title='bbox 2447 597 2731 668; x_wconf 87' lang='lat' dir='ltr'>speciem,</span> 
     </span>
     <span class='ocr_line' id='line_1_6' title="bbox 288 663 2736 744; baseline -0 -19"><span class='ocrx_word' id='word_1_50' title='bbox 288 681 431 740; x_wconf 72' lang='lat' dir='ltr'>qum</span> <span class='ocrx_word' id='word_1_51' title='bbox 450 671 548 723; x_wconf 85' lang='lat' dir='ltr'>est</span> <span class='ocrx_word' id='word_1_52' title='bbox 578 680 696 723; x_wconf 86' lang='lat' dir='ltr'>sua</span> <span class='ocrx_word' id='word_1_53' title='bbox 721 665 1005 734; x_wconf 83' lang='lat' dir='ltr'>essentia,</span> <span class='ocrx_word' id='word_1_54' title='bbox 1035 671 1092 721; x_wconf 89' lang='lat' dir='ltr'>et</span> <span class='ocrx_word' id='word_1_55' title='bbox 1120 679 1224 735; x_wconf 89' lang='lat' dir='ltr'>per</span> <span class='ocrx_word' id='word_1_56' title='bbox 1251 678 1653 737; x_wconf 86' lang='lat' dir='ltr'>consequens,</span> <span class='ocrx_word' id='word_1_57' title='bbox 1681 663 1837 736; x_wconf 91' lang='lat' dir='ltr'>quod</span> <span class='ocrx_word' id='word_1_58' title='bbox 1884 663 2178 744; x_wconf 84' lang='lat' dir='ltr'>intelligat</span> <span class='ocrx_word' id='word_1_59' title='bbox 2200 678 2265 721; x_wconf 90' lang='lat' dir='ltr'>se</span> <span class='ocrx_word' id='word_1_60' title='bbox 2305 670 2532 723; x_wconf 89' lang='lat' dir='ltr'>tantum</span> <span class='ocrx_word' id='word_1_61' title='bbox 2578 666 2736 727; x_wconf 90' lang='lat' dir='ltr'>sicut</span> 
     </span>
     <span class='ocr_line' id='line_1_7' title="bbox 333 735 2736 810; baseline 0.001 -16"><span class='ocrx_word' id='word_1_62' title='bbox 333 738 559 794; x_wconf 83' lang='lat' dir='ltr'>rimnm</span> <span class='ocrx_word' id='word_1_63' title='bbox 606 737 1000 793; x_wconf 87' lang='lat' dir='ltr'>intellectum.</span> <span class='ocrx_word' id='word_1_64' title='bbox 1034 735 1428 806; x_wconf 83' lang='lat' dir='ltr'>intelligendo</span> <span class='ocrx_word' id='word_1_65' title='bbox 1468 742 1666 791; x_wconf 82' lang='lat' dir='ltr'>tamen</span> <span class='ocrx_word' id='word_1_66' title='bbox 1694 749 1781 800; x_wconf 90' lang='lat' dir='ltr'>se,</span> <span class='ocrx_word' id='word_1_67' title='bbox 1831 739 2144 806; x_wconf 77' lang='lat' dir='ltr'>cognoscit</span> <span class='ocrx_word' id='word_1_68' title='bbox 2175 735 2313 804; x_wconf 83' lang='lat' dir='ltr'>alia,</span> <span class='ocrx_word' id='word_1_69' title='bbox 2367 736 2525 793; x_wconf 90' lang='lat' dir='ltr'>sicut</span> <span class='ocrx_word' id='word_1_70' title='bbox 2553 752 2736 810; x_wconf 88' lang='lat' dir='ltr'>supra</span> 
     </span>
     <span class='ocr_line' id='line_1_8' title="bbox 316 803 2740 879; baseline 0 -14"><span class='ocrx_word' id='word_1_71' title='bbox 316 823 451 879; x_wconf 88' lang='lat' dir='ltr'>cap.</span> <span class='ocrx_word' id='word_1_72' title='bbox 494 807 585 879; x_wconf 76' lang='grc'>46)</span> <span class='ocrx_word' id='word_1_73' title='bbox 618 813 937 864; x_wconf 85' lang='lat' dir='ltr'>ostensum</span> <span class='ocrx_word' id='word_1_74' title='bbox 966 813 1074 872; x_wconf 86' lang='lat' dir='ltr'>est,</span> <span class='ocrx_word' id='word_1_75' title='bbox 1127 819 1248 862; x_wconf 91' lang='lat' dir='ltr'>non</span> <span class='ocrx_word' id='word_1_76' title='bbox 1281 807 1477 862; x_wconf 85' lang='lat' dir='ltr'>solum</span> <span class='ocrx_word' id='word_1_77' title='bbox 1508 812 1706 862; x_wconf 89' lang='lat' dir='ltr'>autem</span> <span class='ocrx_word' id='word_1_78' title='bbox 1738 810 1926 872; x_wconf 81' lang='lat' dir='ltr'>nctuS,</span> <span class='ocrx_word' id='word_1_79' title='bbox 1976 803 2079 861; x_wconf 90' lang='lat' dir='ltr'>sed</span> <span class='ocrx_word' id='word_1_80' title='bbox 2111 805 2410 876; x_wconf 82' lang='lat' dir='ltr'>potentias</span> <span class='ocrx_word' id='word_1_81' title='bbox 2457 813 2515 863; x_wconf 87' lang='lat' dir='ltr'>et</span> <span class='ocrx_word' id='word_1_82' title='bbox 2545 809 2740 878; x_wconf 82' lang='lat' dir='ltr'>priva-</span> 
     </span>
    </p>
   </div>
   <div class='ocr_carea' id='block_1_3' title="bbox 200 875 2736 948">
    <p class='ocr_par' dir='ltr' id='par_1_3' title="bbox 200 875 2736 948">
     <span class='ocr_line' id='line_1_9' title="bbox 200 875 2736 948; baseline -0.001 -12"><span class='ocrx_word' id='word_1_83' title='bbox 200 895 205 898; x_wconf 93' lang='lat'>·</span> <span class='ocrx_word' id='word_1_84' title='bbox 286 880 520 946; x_wconf 76' lang='lat' dir='ltr'>tiones,</span> <span class='ocrx_word' id='word_1_85' title='bbox 556 878 741 933; x_wconf 88' lang='lat' dir='ltr'>ethic</span> <span class='ocrx_word' id='word_1_86' title='bbox 791 882 885 933; x_wconf 86' lang='lat' dir='ltr'>est</span> <span class='ocrx_word' id='word_1_87' title='bbox 911 889 1127 934; x_wconf 88' lang='lat' dir='ltr'>sensus</span> <span class='ocrx_word' id='word_1_88' title='bbox 1155 875 1469 933; x_wconf 85' lang='lat' dir='ltr'>verborum</span> <span class='ocrx_word' id='word_1_89' title='bbox 1508 880 1687 948; x_wconf 78' lang='lat' dir='ltr'>quem</span> <span class='ocrx_word' id='word_1_90' title='bbox 1719 875 2122 946; x_wconf 84' lang='lat' dir='ltr'>Philosophus</span> <span class='ocrx_word' id='word_1_91' title='bbox 2147 877 2315 946; x_wconf 84' lang='lat' dir='ltr'>ponit</span> <span class='ocrx_word' id='word_1_92' title='bbox 2345 877 2407 933; x_wconf 88' lang='lat' dir='ltr'>in</span> <span class='ocrx_word' id='word_1_93' title='bbox 2455 879 2630 936; x_wconf 86' lang='lat' dir='ltr'>tertio</span> <span class='ocrx_word' id='word_1_94' title='bbox 2658 882 2736 936; x_wconf 84' lang='lat' dir='ltr'>De</span> 
     </span>
    </p>
   </div>
   <div class='ocr_carea' id='block_1_4' title="bbox 284 945 2745 2996">
    <p class='ocr_par' dir='ltr' id='par_1_4' title="bbox 284 945 2741 1572">
     <span class='ocr_line' id='line_1_10' title="bbox 284 945 2734 1020; baseline 0.001 -15"><span class='ocrx_word' id='word_1_95' title='bbox 284 953 490 1005; x_wconf 64' lang='lat' dir='ltr'>mma</span> <span class='ocrx_word' id='word_1_96' title='bbox 535 946 704 1020; x_wconf 83' lang='lat' dir='ltr'>(text.</span> <span class='ocrx_word' id='word_1_97' title='bbox 755 960 973 1004; x_wconf 90' lang='lat' dir='ltr'>comm.</span> <span class='ocrx_word' id='word_1_98' title='bbox 1020 946 1111 1019; x_wconf 80' lang='lat'>25)</span> <span class='ocrx_word' id='word_1_99' title='bbox 1154 947 1396 1014; x_wconf 88' lang='lat' dir='ltr'>dicens,</span> <span class='ocrx_word' id='word_1_100' title='bbox 1446 953 1548 1003; x_wconf 86' lang='lat' dir='ltr'>aut</span> <span class='ocrx_word' id='word_1_101' title='bbox 1595 945 1898 1020; x_wconf 89' lang='lat' dir='ltr'>quomodo</span> <span class='ocrx_word' id='word_1_102' title='bbox 1971 946 2194 1002; x_wconf 84' lang='lat' dir='ltr'>malum</span> <span class='ocrx_word' id='word_1_103' title='bbox 2256 949 2589 1018; x_wconf 80' lang='lat' dir='ltr'>cognoscit,</span> <span class='ocrx_word' id='word_1_104' title='bbox 2630 956 2734 1008; x_wconf 88' lang='lat' dir='ltr'>aut</span> 
     </span>
     <span class='ocr_line' id='line_1_11' title="bbox 290 1016 2734 1092; baseline 0 -15"><span class='ocrx_word' id='word_1_105' title='bbox 290 1020 571 1092; x_wconf 85' lang='lat' dir='ltr'>nigrum.</span> <span class='ocrx_word' id='word_1_106' title='bbox 609 1018 921 1075; x_wconf 82' lang='lat' dir='ltr'>Contraria</span> <span class='ocrx_word' id='word_1_107' title='bbox 966 1018 1125 1073; x_wconf 90' lang='lat' dir='ltr'>enim</span> <span class='ocrx_word' id='word_1_108' title='bbox 1173 1017 1617 1089; x_wconf 86' lang='lat' dir='ltr'>quodammodo</span> <span class='ocrx_word' id='word_1_109' title='bbox 1662 1016 1996 1090; x_wconf 81' lang='lat' dir='ltr'>cognoscit.</span> <span class='ocrx_word' id='word_1_110' title='bbox 2044 1018 2499 1087; x_wconf 75' lang='lat' dir='ltr'>opor-tetautem</span> <span class='ocrx_word' id='word_1_111' title='bbox 2528 1026 2734 1090; x_wconf 88' lang='lat' dir='ltr'>poten-</span> 
     </span>
     <span class='ocr_line' id='line_1_12' title="bbox 290 1086 2738 1161; baseline 0.001 -14"><span class='ocrx_word' id='word_1_112' title='bbox 290 1091 386 1147; x_wconf 73' lang='lat' dir='ltr'>tia</span> <span class='ocrx_word' id='word_1_113' title='bbox 430 1103 571 1147; x_wconf 89' lang='lat' dir='ltr'>esse</span> <span class='ocrx_word' id='word_1_114' title='bbox 602 1093 1091 1161; x_wconf 83' lang='lat' dir='ltr'>cognoscentem,</span> <span class='ocrx_word' id='word_1_115' title='bbox 1128 1093 1186 1143; x_wconf 92' lang='lat' dir='ltr'>et</span> <span class='ocrx_word' id='word_1_116' title='bbox 1224 1101 1358 1145; x_wconf 87' lang='lat' dir='ltr'>esse</span> <span class='ocrx_word' id='word_1_117' title='bbox 1401 1088 1462 1144; x_wconf 92' lang='lat' dir='ltr'>in</span> <span class='ocrx_word' id='word_1_118' title='bbox 1495 1089 1645 1159; x_wconf 91' lang='lat' dir='ltr'>ipso.</span> <span class='ocrx_word' id='word_1_119' title='bbox 1673 1089 1731 1145; x_wconf 88' lang='lat' dir='ltr'>Si</span> <span class='ocrx_word' id='word_1_120' title='bbox 1783 1100 1924 1144; x_wconf 75' lang='lat' dir='ltr'>vero</span> <span class='ocrx_word' id='word_1_121' title='bbox 1954 1086 2136 1143; x_wconf 83' lang='lat' dir='ltr'>alicui</span> <span class='ocrx_word' id='word_1_122' title='bbox 2169 1100 2289 1144; x_wconf 89' lang='lat' dir='ltr'>non</span> <span class='ocrx_word' id='word_1_123' title='bbox 2322 1088 2480 1146; x_wconf 88' lang='lat' dir='ltr'>inest</span> <span class='ocrx_word' id='word_1_124' title='bbox 2509 1095 2738 1149; x_wconf 87' lang='lat' dir='ltr'>contra-</span> 
     </span>
     <span class='ocr_line' id='line_1_13' title="bbox 292 1158 2736 1240; baseline 0 -22"><span class='ocrx_word' id='word_1_125' title='bbox 292 1161 481 1228; x_wconf 85' lang='lat' dir='ltr'>rium,</span> <span class='ocrx_word' id='word_1_126' title='bbox 524 1160 763 1216; x_wconf 88' lang='lat' dir='ltr'>scilicet</span> <span class='ocrx_word' id='word_1_127' title='bbox 790 1159 853 1215; x_wconf 91' lang='lat' dir='ltr'>in</span> <span class='ocrx_word' id='word_1_128' title='bbox 895 1158 1182 1240; x_wconf 80' lang='lat' dir='ltr'>potentia,</span> <span class='ocrx_word' id='word_1_129' title='bbox 1217 1159 1483 1230; x_wconf 87' lang='lat' dir='ltr'>seipsum</span> <span class='ocrx_word' id='word_1_130' title='bbox 1513 1158 1827 1230; x_wconf 86' lang='lat' dir='ltr'>cognoscit</span> <span class='ocrx_word' id='word_1_131' title='bbox 1867 1162 1926 1214; x_wconf 87' lang='lat' dir='ltr'>et</span> <span class='ocrx_word' id='word_1_132' title='bbox 1953 1163 2089 1214; x_wconf 85' lang='lat' dir='ltr'>actu</span> <span class='ocrx_word' id='word_1_133' title='bbox 2136 1163 2247 1227; x_wconf 87' lang='lat' dir='ltr'>est,</span> <span class='ocrx_word' id='word_1_134' title='bbox 2278 1164 2336 1215; x_wconf 91' lang='lat' dir='ltr'>et</span> <span class='ocrx_word' id='word_1_135' title='bbox 2363 1161 2736 1231; x_wconf 82' lang='lat' dir='ltr'>separabilis.</span> 
     </span>
     <span class='ocr_line' id='line_1_14' title="bbox 293 1228 2740 1311; baseline -0.001 -21"><span class='ocrx_word' id='word_1_136' title='bbox 293 1233 423 1290; x_wconf 68' lang='lat' dir='ltr'>Nec</span> <span class='ocrx_word' id='word_1_137' title='bbox 449 1235 690 1311; x_wconf 85' lang='lat' dir='ltr'>oportet</span> <span class='ocrx_word' id='word_1_138' title='bbox 737 1242 909 1302; x_wconf 84' lang='lat' dir='ltr'>sequi</span> <span class='ocrx_word' id='word_1_139' title='bbox 958 1229 1394 1300; x_wconf 86' lang='lat' dir='ltr'>expositionem</span> <span class='ocrx_word' id='word_1_140' title='bbox 1425 1230 1697 1287; x_wconf 71' lang='lat' dir='ltr'>Averrois</span> <span class='ocrx_word' id='word_1_141' title='bbox 1727 1228 1827 1300; x_wconf 89' lang='lat' dir='ltr'>qui</span> <span class='ocrx_word' id='word_1_142' title='bbox 1857 1228 1984 1284; x_wconf 87' lang='lat' dir='ltr'>vult</span> <span class='ocrx_word' id='word_1_143' title='bbox 2011 1228 2170 1301; x_wconf 87' lang='lat' dir='ltr'>quod</span> <span class='ocrx_word' id='word_1_144' title='bbox 2201 1242 2274 1285; x_wconf 84' lang='lat' dir='ltr'>ex</span> <span class='ocrx_word' id='word_1_145' title='bbox 2305 1230 2417 1287; x_wconf 88' lang='lat' dir='ltr'>hoc</span> <span class='ocrx_word' id='word_1_146' title='bbox 2456 1237 2740 1310; x_wconf 83' lang='lat' dir='ltr'>sequatur</span> 
     </span>
     <span class='ocr_line' id='line_1_15' title="bbox 288 1298 2738 1374; baseline 0 -16"><span class='ocrx_word' id='word_1_147' title='bbox 288 1301 463 1374; x_wconf 78' lang='lat' dir='ltr'>quod</span> <span class='ocrx_word' id='word_1_148' title='bbox 486 1300 854 1367; x_wconf 87' lang='lat' dir='ltr'>intellectus,</span> <span class='ocrx_word' id='word_1_149' title='bbox 886 1300 987 1371; x_wconf 91' lang='lat' dir='ltr'>qui</span> <span class='ocrx_word' id='word_1_150' title='bbox 1033 1304 1125 1356; x_wconf 90' lang='lat' dir='ltr'>est</span> <span class='ocrx_word' id='word_1_151' title='bbox 1153 1304 1383 1357; x_wconf 88' lang='lat' dir='ltr'>tantum</span> <span class='ocrx_word' id='word_1_152' title='bbox 1415 1300 1476 1356; x_wconf 92' lang='lat' dir='ltr'>in</span> <span class='ocrx_word' id='word_1_153' title='bbox 1503 1305 1658 1364; x_wconf 88' lang='lat' dir='ltr'>actu,</span> <span class='ocrx_word' id='word_1_154' title='bbox 1692 1298 1858 1356; x_wconf 89' lang='lat' dir='ltr'>nullo</span> <span class='ocrx_word' id='word_1_155' title='bbox 1895 1299 2074 1355; x_wconf 91' lang='lat' dir='ltr'>modo</span> <span class='ocrx_word' id='word_1_156' title='bbox 2103 1304 2433 1370; x_wconf 83' lang='lat' dir='ltr'>cognoscat</span> <span class='ocrx_word' id='word_1_157' title='bbox 2458 1302 2738 1371; x_wconf 85' lang='lat' dir='ltr'>privatio·</span> 
     </span>
     <span class='ocr_line' id='line_1_16' title="bbox 295 1369 2741 1450; baseline 0 -21"><span class='ocrx_word' id='word_1_158' title='bbox 295 1385 441 1430; x_wconf 85' lang='lat' dir='ltr'>nem</span> <span class='ocrx_word' id='word_1_159' title='bbox 466 1390 484 1439; x_wconf 82' lang='lat'><em>;</em></span> <span class='ocrx_word' id='word_1_160' title='bbox 517 1371 625 1428; x_wconf 86' lang='lat' dir='ltr'>sed</span> <span class='ocrx_word' id='word_1_161' title='bbox 654 1383 879 1428; x_wconf 86' lang='lat' dir='ltr'>sensus</span> <span class='ocrx_word' id='word_1_162' title='bbox 907 1376 999 1427; x_wconf 88' lang='lat' dir='ltr'>est</span> <span class='ocrx_word' id='word_1_163' title='bbox 1027 1370 1187 1443; x_wconf 90' lang='lat' dir='ltr'>quod</span> <span class='ocrx_word' id='word_1_164' title='bbox 1218 1384 1338 1428; x_wconf 90' lang='lat' dir='ltr'>non</span> <span class='ocrx_word' id='word_1_165' title='bbox 1370 1374 1699 1442; x_wconf 82' lang='lat' dir='ltr'>cognoscat</span> <span class='ocrx_word' id='word_1_166' title='bbox 1740 1369 2129 1441; x_wconf 83' lang='lat' dir='ltr'>privationem</span> <span class='ocrx_word' id='word_1_167' title='bbox 2159 1384 2263 1450; x_wconf 81' lang='lat' dir='ltr'>per</span> <span class='ocrx_word' id='word_1_168' title='bbox 2293 1371 2425 1438; x_wconf 85' lang='lat' dir='ltr'>hoc,</span> <span class='ocrx_word' id='word_1_169' title='bbox 2458 1371 2617 1442; x_wconf 84' lang='lat' dir='ltr'>quod</span> <span class='ocrx_word' id='word_1_170' title='bbox 2644 1378 2741 1429; x_wconf 88' lang='lat' dir='ltr'>est</span> 
     </span>
     <span class='ocr_line' id='line_1_17' title="bbox 294 1440 2740 1567; baseline -0 -67"><span class='ocrx_word' id='word_1_171' title='bbox 294 1443 365 1500; x_wconf 87' lang='lat' dir='ltr'>in</span> <span class='ocrx_word' id='word_1_172' title='bbox 394 1441 667 1523; x_wconf 69' lang='lat' dir='ltr'>potentia</span> <span class='ocrx_word' id='word_1_173' title='bbox 694 1441 785 1567; x_wconf 79' lang='lat' dir='ltr'>adt</span> <span class='ocrx_word' id='word_1_174' title='bbox 819 1440 1044 1514; x_wconf 83' lang='lat' dir='ltr'>aliquid</span> <span class='ocrx_word' id='word_1_175' title='bbox 1071 1440 1255 1509; x_wconf 88' lang='lat' dir='ltr'>aliud,</span> <span class='ocrx_word' id='word_1_176' title='bbox 1288 1441 1393 1498; x_wconf 89' lang='lat' dir='ltr'>sed</span> <span class='ocrx_word' id='word_1_177' title='bbox 1422 1454 1528 1513; x_wconf 85' lang='lat' dir='ltr'>per</span> <span class='ocrx_word' id='word_1_178' title='bbox 1559 1441 1673 1498; x_wconf 85' lang='lat' dir='ltr'>hoc</span> <span class='ocrx_word' id='word_1_179' title='bbox 1696 1440 1858 1512; x_wconf 84' lang='lat' dir='ltr'>quod</span> <span class='ocrx_word' id='word_1_180' title='bbox 1897 1446 2212 1512; x_wconf 76' lang='lat' dir='ltr'>cognoscit</span> <span class='ocrx_word' id='word_1_181' title='bbox 2245 1442 2533 1514; x_wconf 87' lang='lat' dir='ltr'>seipsum,</span> <span class='ocrx_word' id='word_1_182' title='bbox 2566 1446 2625 1498; x_wconf 92' lang='lat' dir='ltr'>et</span> <span class='ocrx_word' id='word_1_183' title='bbox 2647 1449 2740 1501; x_wconf 90' lang='lat' dir='ltr'>est</span> 
     </span>
     <span class='ocr_line' id='line_1_18' title="bbox 296 1525 847 1572; baseline -0.007 0"><span class='ocrx_word' id='word_1_184' title='bbox 296 1526 434 1572; x_wconf 72' lang='lat' dir='ltr'>sein</span> <span class='ocrx_word' id='word_1_185' title='bbox 516 1527 548 1568; x_wconf 89' lang='lat' dir='ltr'>r</span> <span class='ocrx_word' id='word_1_186' title='bbox 572 1526 637 1569; x_wconf 92' lang='lat' dir='ltr'>in</span> <span class='ocrx_word' id='word_1_187' title='bbox 688 1525 759 1569; x_wconf 83' lang='lat' dir='ltr'>ac</span> <span class='ocrx_word' id='word_1_188' title='bbox 788 1526 847 1568; x_wconf 89' lang='lat' dir='ltr'>u.</span> 
     </span>
    </p>

    <p class='ocr_par' dir='ltr' id='par_1_5' title="bbox 378 1527 2740 1656">
     <span class='ocr_line' id='line_1_19' title="bbox 378 1527 2740 1656; baseline 0.001 -16"><span class='ocrx_word' id='word_1_189' title='bbox 378 1527 611 1652; x_wconf 45' lang='lat' dir='ltr'>Rue-erus,</span> <span class='ocrx_word' id='word_1_190' title='bbox 642 1581 954 1639; x_wconf 89' lang='lat' dir='ltr'>sciendum</span> <span class='ocrx_word' id='word_1_191' title='bbox 988 1582 1169 1654; x_wconf 88' lang='lat' dir='ltr'>quod,</span> <span class='ocrx_word' id='word_1_192' title='bbox 1201 1582 1253 1639; x_wconf 90' lang='lat' dir='ltr'>si</span> <span class='ocrx_word' id='word_1_193' title='bbox 1284 1584 1443 1638; x_wconf 89' lang='lat' dir='ltr'>Deus</span> <span class='ocrx_word' id='word_1_194' title='bbox 1466 1581 1582 1638; x_wconf 84' lang='lat' dir='ltr'>hoc</span> <span class='ocrx_word' id='word_1_195' title='bbox 1609 1582 1793 1639; x_wconf 89' lang='lat' dir='ltr'>modo</span> <span class='ocrx_word' id='word_1_196' title='bbox 1821 1581 2089 1652; x_wconf 87' lang='lat' dir='ltr'>seipsum</span> <span class='ocrx_word' id='word_1_197' title='bbox 2112 1588 2526 1654; x_wconf 87' lang='lat' dir='ltr'>cognosceret,</span> <span class='ocrx_word' id='word_1_198' title='bbox 2554 1582 2740 1656; x_wconf 87' lang='lat' dir='ltr'>quod,</span> 
     </span>
    </p>

    <p class='ocr_par' dir='ltr' id='par_1_6' title="bbox 293 1652 2745 2640">
     <span class='ocr_line' id='line_1_20' title="bbox 306 1652 2733 1733; baseline 0.001 -23"><span class='ocrx_word' id='word_1_199' title='bbox 306 1667 342 1710; x_wconf 89' lang='lat' dir='ltr'>c</span> <span class='ocrx_word' id='word_1_200' title='bbox 428 1652 739 1711; x_wconf 90' lang='lat' dir='ltr'>noscendo</span> <span class='ocrx_word' id='word_1_201' title='bbox 768 1666 856 1722; x_wconf 88' lang='lat' dir='ltr'>se,</span> <span class='ocrx_word' id='word_1_202' title='bbox 888 1665 1009 1709; x_wconf 91' lang='lat' dir='ltr'>non</span> <span class='ocrx_word' id='word_1_203' title='bbox 1037 1658 1428 1726; x_wconf 86' lang='lat' dir='ltr'>cognosceret</span> <span class='ocrx_word' id='word_1_204' title='bbox 1450 1653 1570 1709; x_wconf 90' lang='lat' dir='ltr'>alia</span> <span class='ocrx_word' id='word_1_205' title='bbox 1597 1653 1777 1721; x_wconf 80' lang='lat' dir='ltr'>entia,</span> <span class='ocrx_word' id='word_1_206' title='bbox 1806 1667 1937 1725; x_wconf 82' lang='lat' dir='ltr'>quae</span> <span class='ocrx_word' id='word_1_207' title='bbox 1962 1657 2103 1710; x_wconf 88' lang='lat' dir='ltr'>sunt</span> <span class='ocrx_word' id='word_1_208' title='bbox 2145 1653 2527 1733; x_wconf 82' lang='lat' dir='ltr'>particularia</span> <span class='ocrx_word' id='word_1_209' title='bbox 2555 1655 2733 1725; x_wconf 86' lang='lat' dir='ltr'>bona,</span> 
     </span>
     <span class='ocr_line' id='line_1_21' title="bbox 312 1666 2741 1804; baseline 0.001 -24"><span class='ocrx_word' id='word_1_210' title='bbox 312 1666 483 1804; x_wconf 54' lang='lat'><strong>{³3¹⁰</strong></span> <span class='ocrx_word' id='word_1_211' title='bbox 504 1724 683 1781; x_wconf 89' lang='lat' dir='ltr'>modo</span> <span class='ocrx_word' id='word_1_212' title='bbox 731 1736 805 1781; x_wconf 89' lang='lat' dir='ltr'>co</span> <span class='ocrx_word' id='word_1_213' title='bbox 845 1730 1125 1804; x_wconf 38' lang='lat' dir='ltr'>‚nosceret</span> <span class='ocrx_word' id='word_1_214' title='bbox 1175 1724 1566 1795; x_wconf 85' lang='lat' dir='ltr'>privationem</span> <span class='ocrx_word' id='word_1_215' title='bbox 1617 1730 1720 1780; x_wconf 82' lang='lat' dir='ltr'>aut</span> <span class='ocrx_word' id='word_1_216' title='bbox 1773 1723 2022 1804; x_wconf 75' lang='lat' dir='ltr'>malum,</span> <span class='ocrx_word' id='word_1_217' title='bbox 2068 1737 2210 1796; x_wconf 85' lang='lat' dir='ltr'>quia</span> <span class='ocrx_word' id='word_1_218' title='bbox 2249 1722 2431 1784; x_wconf 77' lang='lat' dir='ltr'>bono,</span> <span class='ocrx_word' id='word_1_219' title='bbox 2465 1725 2621 1797; x_wconf 85' lang='lat' dir='ltr'>quod</span> <span class='ocrx_word' id='word_1_220' title='bbox 2645 1731 2741 1784; x_wconf 88' lang='lat' dir='ltr'>est</span> 
     </span>
     <span class='ocr_line' id='line_1_22' title="bbox 321 1794 2740 1874; baseline 0.001 -23"><span class='ocrx_word' id='word_1_221' title='bbox 321 1806 467 1865; x_wconf 76' lang='lat' dir='ltr'>ipse,</span> <span class='ocrx_word' id='word_1_222' title='bbox 490 1807 610 1852; x_wconf 88' lang='lat' dir='ltr'>non</span> <span class='ocrx_word' id='word_1_223' title='bbox 652 1799 749 1851; x_wconf 86' lang='lat' dir='ltr'>est</span> <span class='ocrx_word' id='word_1_224' title='bbox 778 1809 813 1851; x_wconf 87' lang='lat' dir='ltr'>a</span> <span class='ocrx_word' id='word_1_225' title='bbox 842 1808 980 1865; x_wconf 86' lang='lat' dir='ltr'>iqua</span> <span class='ocrx_word' id='word_1_226' title='bbox 1020 1795 1270 1865; x_wconf 88' lang='lat' dir='ltr'>privatio</span> <span class='ocrx_word' id='word_1_227' title='bbox 1296 1794 1593 1874; x_wconf 86' lang='lat' dir='ltr'>opposita,</span> <span class='ocrx_word' id='word_1_228' title='bbox 1645 1807 1780 1850; x_wconf 83' lang='lat' dir='ltr'>curn</span> <span class='ocrx_word' id='word_1_229' title='bbox 1812 1798 2065 1865; x_wconf 76' lang='lat' dir='ltr'>privatio</span> <span class='ocrx_word' id='word_1_230' title='bbox 2096 1799 2154 1850; x_wconf 91' lang='lat' dir='ltr'>et</span> <span class='ocrx_word' id='word_1_231' title='bbox 2182 1807 2358 1851; x_wconf 91' lang='lat' dir='ltr'>suum</span> <span class='ocrx_word' id='word_1_232' title='bbox 2396 1796 2740 1867; x_wconf 87' lang='lat' dir='ltr'>oppositum</span> 
     </span>
     <span class='ocr_line' id='line_1_23' title="bbox 322 1863 2736 1935; baseline 0 -12"><span class='ocrx_word' id='word_1_233' title='bbox 322 1865 433 1923; x_wconf 79' lang='lat' dir='ltr'>sint</span> <span class='ocrx_word' id='word_1_234' title='bbox 457 1871 597 1922; x_wconf 86' lang='lat' dir='ltr'>nata</span> <span class='ocrx_word' id='word_1_235' title='bbox 641 1878 779 1922; x_wconf 89' lang='lat' dir='ltr'>esse</span> <span class='ocrx_word' id='word_1_236' title='bbox 801 1864 961 1922; x_wconf 83' lang='lat' dir='ltr'>circa</span> <span class='ocrx_word' id='word_1_237' title='bbox 1003 1864 1181 1922; x_wconf 90' lang='lat' dir='ltr'>idem.</span> <span class='ocrx_word' id='word_1_238' title='bbox 1214 1867 1280 1921; x_wconf 86' lang='lat' dir='ltr'>Et</span> <span class='ocrx_word' id='word_1_239' title='bbox 1308 1878 1396 1922; x_wconf 85' lang='lat' dir='ltr'>sic</span> <span class='ocrx_word' id='word_1_240' title='bbox 1443 1865 1494 1921; x_wconf 90' lang='lat' dir='ltr'>ei</span> <span class='ocrx_word' id='word_1_241' title='bbox 1526 1863 1688 1935; x_wconf 81' lang='lat' dir='ltr'>quod</span> <span class='ocrx_word' id='word_1_242' title='bbox 1727 1870 1820 1921; x_wconf 88' lang='lat' dir='ltr'>est</span> <span class='ocrx_word' id='word_1_243' title='bbox 1848 1868 2017 1921; x_wconf 90' lang='lat' dir='ltr'>actus</span> <span class='ocrx_word' id='word_1_244' title='bbox 2049 1877 2253 1935; x_wconf 85' lang='lat' dir='ltr'>purus,</span> <span class='ocrx_word' id='word_1_245' title='bbox 2287 1865 2454 1922; x_wconf 91' lang='lat' dir='ltr'>nulla</span> <span class='ocrx_word' id='word_1_246' title='bbox 2528 1866 2736 1924; x_wconf 86' lang='lat' dir='ltr'>rivatio</span> 
     </span>
     <span class='ocr_line' id='line_1_24' title="bbox 318 1934 2738 2015; baseline 0.001 -22"><span class='ocrx_word' id='word_1_247' title='bbox 318 1948 391 2006; x_wconf 85' lang='grc' dir='ltr'>ορ</span> <span class='ocrx_word' id='word_1_248' title='bbox 428 1938 655 2002; x_wconf 86' lang='lat' dir='ltr'>onitur,</span> <span class='ocrx_word' id='word_1_249' title='bbox 693 1941 752 1990; x_wconf 87' lang='lat' dir='ltr'>et</span> <span class='ocrx_word' id='word_1_250' title='bbox 799 1949 905 2006; x_wconf 89' lang='lat' dir='ltr'>per</span> <span class='ocrx_word' id='word_1_251' title='bbox 951 1948 1328 2007; x_wconf 87' lang='lat' dir='ltr'>consequens</span> <span class='ocrx_word' id='word_1_252' title='bbox 1360 1948 1470 1992; x_wconf 89' lang='lat' dir='ltr'>nec</span> <span class='ocrx_word' id='word_1_253' title='bbox 1520 1935 1766 1991; x_wconf 86' lang='lat' dir='ltr'>malum.</span> <span class='ocrx_word' id='word_1_254' title='bbox 1801 1934 1992 2015; x_wconf 67' lang='lat' dir='ltr'>Unde,</span> <span class='ocrx_word' id='word_1_255' title='bbox 2036 1935 2235 2005; x_wconf 87' lang='lat' dir='ltr'>posito</span> <span class='ocrx_word' id='word_1_256' title='bbox 2283 1936 2444 2007; x_wconf 88' lang='lat' dir='ltr'>quod</span> <span class='ocrx_word' id='word_1_257' title='bbox 2533 1950 2641 1994; x_wconf 87' lang='lat' dir='ltr'>eus</span> <span class='ocrx_word' id='word_1_258' title='bbox 2671 1949 2738 1995; x_wconf 88' lang='lat' dir='ltr'>se</span> 
     </span>
     <span class='ocr_line' id='line_1_25' title="bbox 306 2005 2741 2079; baseline -0 -15"><span class='ocrx_word' id='word_1_259' title='bbox 306 2019 505 2065; x_wconf 78' lang='lat' dir='ltr'>soum</span> <span class='ocrx_word' id='word_1_260' title='bbox 559 2010 912 2078; x_wconf 85' lang='lat' dir='ltr'>cognoscat,</span> <span class='ocrx_word' id='word_1_261' title='bbox 960 2005 1382 2079; x_wconf 87' lang='lat' dir='ltr'>cognoscendo</span> <span class='ocrx_word' id='word_1_262' title='bbox 1426 2005 1607 2072; x_wconf 83' lang='lat' dir='ltr'>hona,</span> <span class='ocrx_word' id='word_1_263' title='bbox 1653 2018 1785 2076; x_wconf 82' lang='lat' dir='ltr'>quae</span> <span class='ocrx_word' id='word_1_264' title='bbox 1837 2010 1929 2062; x_wconf 89' lang='lat' dir='ltr'>est</span> <span class='ocrx_word' id='word_1_265' title='bbox 1974 2019 2126 2075; x_wconf 89' lang='lat' dir='ltr'>ipse,</span> <span class='ocrx_word' id='word_1_266' title='bbox 2177 2019 2298 2062; x_wconf 90' lang='lat' dir='ltr'>non</span> <span class='ocrx_word' id='word_1_267' title='bbox 2345 2013 2741 2079; x_wconf 87' lang='lat' dir='ltr'>cognosceret</span> 
     </span>
     <span class='ocr_line' id='line_1_26' title="bbox 304 2074 2741 2148; baseline 0 -14"><span class='ocrx_word' id='word_1_268' title='bbox 304 2077 535 2134; x_wconf 87' lang='lat' dir='ltr'>malum</span> <span class='ocrx_word' id='word_1_269' title='bbox 567 2094 581 2143; x_wconf 90' lang='grc'>;</span> <span class='ocrx_word' id='word_1_270' title='bbox 615 2076 743 2144; x_wconf 87' lang='lat' dir='ltr'>sed,</span> <span class='ocrx_word' id='word_1_271' title='bbox 774 2076 919 2147; x_wconf 84' lang='lat' dir='ltr'>quia</span> <span class='ocrx_word' id='word_1_272' title='bbox 954 2076 1375 2148; x_wconf 84' lang='lat' dir='ltr'>cognoscendo</span> <span class='ocrx_word' id='word_1_273' title='bbox 1403 2088 1468 2133; x_wconf 89' lang='lat' dir='ltr'>se</span> <span class='ocrx_word' id='word_1_274' title='bbox 1510 2075 1827 2148; x_wconf 84' lang='lat' dir='ltr'>cognoscit</span> <span class='ocrx_word' id='word_1_275' title='bbox 1877 2074 2040 2132; x_wconf 88' lang='lat' dir='ltr'>entia</span> <span class='ocrx_word' id='word_1_276' title='bbox 2067 2075 2129 2131; x_wconf 88' lang='lat' dir='ltr'>in</span> <span class='ocrx_word' id='word_1_277' title='bbox 2164 2076 2382 2148; x_wconf 85' lang='lat' dir='ltr'>quibus</span> <span class='ocrx_word' id='word_1_278' title='bbox 2415 2083 2567 2135; x_wconf 79' lang='lat' dir='ltr'>natae</span> <span class='ocrx_word' id='word_1_279' title='bbox 2597 2082 2741 2135; x_wconf 88' lang='lat' dir='ltr'>sunt</span> 
     </span>
     <span class='ocr_line' id='line_1_27' title="bbox 296 2146 2745 2273; baseline -0 -67"><span class='ocrx_word' id='word_1_280' title='bbox 296 2161 443 2206; x_wconf 81' lang='lat' dir='ltr'>esse</span> <span class='ocrx_word' id='word_1_281' title='bbox 470 2147 864 2273; x_wconf 49' lang='lat' dir='ltr'>privationes}</span> <span class='ocrx_word' id='word_1_282' title='bbox 894 2160 1143 2228; x_wconf 81' lang='lat' dir='ltr'>necesse</span> <span class='ocrx_word' id='word_1_283' title='bbox 1172 2152 1264 2228; x_wconf 82' lang='lat' dir='ltr'>est</span> <span class='ocrx_word' id='word_1_284' title='bbox 1292 2153 1359 2204; x_wconf 90' lang='lat' dir='ltr'>ut</span> <span class='ocrx_word' id='word_1_285' title='bbox 1381 2151 1708 2219; x_wconf 87' lang='lat' dir='ltr'>cognoscat</span> <span class='ocrx_word' id='word_1_286' title='bbox 1736 2146 2102 2219; x_wconf 87' lang='lat' dir='ltr'>privationes</span> <span class='ocrx_word' id='word_1_287' title='bbox 2132 2147 2463 2219; x_wconf 76' lang='lat' dir='ltr'>oppositae,</span> <span class='ocrx_word' id='word_1_288' title='bbox 2500 2153 2559 2204; x_wconf 88' lang='lat' dir='ltr'>et</span> <span class='ocrx_word' id='word_1_289' title='bbox 2585 2147 2745 2205; x_wconf 85' lang='lat' dir='ltr'>mala</span> 
     </span>
     <span class='ocr_line' id='line_1_28' title="bbox 300 2217 2743 2369; baseline 0 -23"><span class='ocrx_word' id='word_1_290' title='bbox 300 2217 1301 2369; x_wconf 41' lang='lat' dir='ltr'>opgcciglntgffiinegggssilutossfflfflgt</span> <span class='ocrx_word' id='word_1_291' title='bbox 1331 2290 1487 2344; x_wconf 79' lang='lat' dir='ltr'>Deus</span> <span class='ocrx_word' id='word_1_292' title='bbox 1512 2287 1746 2360; x_wconf 85' lang='lat' dir='ltr'>absque·</span> <span class='ocrx_word' id='word_1_293' title='bbox 1774 2287 2052 2367; x_wconf 83' lang='lat' dir='ltr'>discursu</span> <span class='ocrx_word' id='word_1_294' title='bbox 2097 2286 2458 2355; x_wconf 84' lang='lat' dir='ltr'>intellectus,</span> <span class='ocrx_word' id='word_1_295' title='bbox 2489 2293 2743 2361; x_wconf 86' lang='lat' dir='ltr'>cognos-</span> 
     </span>
     <span class='ocr_line' id='line_1_29' title="bbox 296 2358 2740 2439; baseline 0.001 -24"><span class='ocrx_word' id='word_1_296' title='bbox 296 2358 500 2416; x_wconf 85' lang='lat' dir='ltr'>cendo</span> <span class='ocrx_word' id='word_1_297' title='bbox 533 2372 622 2426; x_wconf 90' lang='lat' dir='ltr'>se,</span> <span class='ocrx_word' id='word_1_298' title='bbox 654 2366 969 2431; x_wconf 87' lang='lat' dir='ltr'>cognoscit</span> <span class='ocrx_word' id='word_1_299' title='bbox 995 2359 1135 2439; x_wconf 68' lang='lat' dir='ltr'>alia,</span> <span class='ocrx_word' id='word_1_300' title='bbox 1166 2365 1227 2415; x_wconf 92' lang='lat' dir='ltr'>ut</span> <span class='ocrx_word' id='word_1_301' title='bbox 1275 2372 1458 2428; x_wconf 87' lang='lat' dir='ltr'>supra</span> <span class='ocrx_word' id='word_1_302' title='bbox 1502 2365 1813 2416; x_wconf 88' lang='lat' dir='ltr'>ostensum</span> <span class='ocrx_word' id='word_1_303' title='bbox 1863 2363 1974 2426; x_wconf 89' lang='lat' dir='ltr'>est,</span> <span class='ocrx_word' id='word_1_304' title='bbox 1998 2363 2082 2414; x_wconf 86' lang='lat' dir='ltr'>ita</span> <span class='ocrx_word' id='word_1_305' title='bbox 2133 2370 2257 2414; x_wconf 89' lang='lat' dir='ltr'>non</span> <span class='ocrx_word' id='word_1_306' title='bbox 2302 2363 2530 2429; x_wconf 85' lang='lat' dir='ltr'>oportet</span> <span class='ocrx_word' id='word_1_307' title='bbox 2578 2360 2740 2432; x_wconf 81' lang='lat' dir='ltr'>quod</span> 
     </span>
     <span class='ocr_line' id='line_1_30' title="bbox 297 2427 2742 2501; baseline 0 -14"><span class='ocrx_word' id='word_1_308' title='bbox 297 2429 439 2501; x_wconf 85' lang='lat' dir='ltr'>ejus</span> <span class='ocrx_word' id='word_1_309' title='bbox 468 2428 738 2501; x_wconf 87' lang='lat' dir='ltr'>cognitio</span> <span class='ocrx_word' id='word_1_310' title='bbox 769 2428 850 2485; x_wconf 89' lang='lat' dir='ltr'>sit</span> <span class='ocrx_word' id='word_1_311' title='bbox 882 2428 1233 2495; x_wconf 78' lang='lat' dir='ltr'>discursive,</span> <span class='ocrx_word' id='word_1_312' title='bbox 1265 2429 1316 2486; x_wconf 91' lang='lat' dir='ltr'>si</span> <span class='ocrx_word' id='word_1_313' title='bbox 1347 2443 1452 2500; x_wconf 80' lang='lat' dir='ltr'>pei·</span> <span class='ocrx_word' id='word_1_314' title='bbox 1473 2427 1636 2486; x_wconf 88' lang='lat' dir='ltr'>bona</span> <span class='ocrx_word' id='word_1_315' title='bbox 1658 2428 1971 2501; x_wconf 83' lang='lat' dir='ltr'>cognoscit</span> <span class='ocrx_word' id='word_1_316' title='bbox 2001 2427 2158 2488; x_wconf 87' lang='lat' dir='ltr'>mala</span> <span class='ocrx_word' id='word_1_317' title='bbox 2189 2446 2203 2482; x_wconf 90' lang='lat'>:</span> <span class='ocrx_word' id='word_1_318' title='bbox 2236 2441 2371 2485; x_wconf 88' lang='lat' dir='ltr'>nam</span> <span class='ocrx_word' id='word_1_319' title='bbox 2407 2428 2628 2487; x_wconf 87' lang='lat' dir='ltr'>bonum</span> <span class='ocrx_word' id='word_1_320' title='bbox 2649 2436 2742 2487; x_wconf 87' lang='lat' dir='ltr'>est</span> 
     </span>
     <span class='ocr_line' id='line_1_31' title="bbox 294 2497 2739 2579; baseline 0 -21"><span class='ocrx_word' id='word_1_321' title='bbox 294 2501 478 2574; x_wconf 85' lang='lat' dir='ltr'>quasi</span> <span class='ocrx_word' id='word_1_322' title='bbox 514 2499 887 2569; x_wconf 82' lang='lat' dir='ltr'>cognitionis</span> <span class='ocrx_word' id='word_1_323' title='bbox 915 2499 1077 2558; x_wconf 87' lang='lat' dir='ltr'>mali.</span> <span class='ocrx_word' id='word_1_324' title='bbox 1110 2499 1273 2557; x_wconf 87' lang='lat' dir='ltr'>Unde</span> <span class='ocrx_word' id='word_1_325' title='bbox 1302 2505 1752 2572; x_wconf 88' lang='lat' dir='ltr'>cognoscuntur</span> <span class='ocrx_word' id='word_1_326' title='bbox 1776 2499 1934 2557; x_wconf 89' lang='lat' dir='ltr'>mala</span> <span class='ocrx_word' id='word_1_327' title='bbox 1965 2512 2071 2570; x_wconf 90' lang='lat' dir='ltr'>per</span> <span class='ocrx_word' id='word_1_328' title='bbox 2090 2497 2276 2579; x_wconf 70' lang='lat' dir='ltr'>liena,</span> <span class='ocrx_word' id='word_1_329' title='bbox 2300 2499 2457 2557; x_wconf 89' lang='lat' dir='ltr'>sicut</span> <span class='ocrx_word' id='word_1_330' title='bbox 2495 2515 2592 2558; x_wconf 88' lang='lat' dir='ltr'>res</span> <span class='ocrx_word' id='word_1_331' title='bbox 2632 2515 2739 2572; x_wconf 90' lang='lat' dir='ltr'>per</span> 
     </span>
     <span class='ocr_line' id='line_1_32' title="bbox 293 2569 2163 2640; baseline -0.002 -10"><span class='ocrx_word' id='word_1_332' title='bbox 293 2585 452 2630; x_wconf 86' lang='lat' dir='ltr'>suas</span> <span class='ocrx_word' id='word_1_333' title='bbox 496 2569 901 2640; x_wconf 84' lang='lat' dir='ltr'>definitiones,</span> <span class='ocrx_word' id='word_1_334' title='bbox 932 2584 1051 2628; x_wconf 89' lang='lat' dir='ltr'>non</span> <span class='ocrx_word' id='word_1_335' title='bbox 1085 2571 1243 2628; x_wconf 88' lang='lat' dir='ltr'>sicut</span> <span class='ocrx_word' id='word_1_336' title='bbox 1265 2570 1693 2628; x_wconf 86' lang='lat' dir='ltr'>conclusiones</span> <span class='ocrx_word' id='word_1_337' title='bbox 1722 2584 1828 2640; x_wconf 81' lang='lat' dir='ltr'>pei·</span> <span class='ocrx_word' id='word_1_338' title='bbox 1850 2569 2163 2640; x_wconf 86' lang='lat' dir='ltr'>principia.</span> 
     </span>
    </p>

    <p class='ocr_par' dir='ltr' id='par_1_7' title="bbox 290 2638 2743 2996">
     <span class='ocr_line' id='line_1_33' title="bbox 375 2638 2741 2713; baseline -0 -14"><span class='ocrx_word' id='word_1_339' title='bbox 375 2644 497 2699; x_wconf 78' lang='lat' dir='ltr'>Nec</span> <span class='ocrx_word' id='word_1_340' title='bbox 526 2643 706 2699; x_wconf 90' lang='lat' dir='ltr'>etiam</span> <span class='ocrx_word' id='word_1_341' title='bbox 737 2641 811 2699; x_wconf 89' lang='lat' dir='ltr'>ad</span> <span class='ocrx_word' id='word_1_342' title='bbox 841 2642 1349 2713; x_wconf 81' lang='lat' dir='ltr'>imperfectionem</span> <span class='ocrx_word' id='word_1_343' title='bbox 1380 2640 1748 2712; x_wconf 89' lang='lat' dir='ltr'>cognitionis</span> <span class='ocrx_word' id='word_1_344' title='bbox 1777 2639 1992 2697; x_wconf 82' lang='lat' dir='ltr'>divinae</span> <span class='ocrx_word' id='word_1_345' title='bbox 2020 2638 2198 2706; x_wconf 84' lang='lat' dir='ltr'>cadit,</span> <span class='ocrx_word' id='word_1_346' title='bbox 2230 2640 2282 2696; x_wconf 91' lang='lat' dir='ltr'>si</span> <span class='ocrx_word' id='word_1_347' title='bbox 2311 2639 2469 2698; x_wconf 88' lang='lat' dir='ltr'>mala</span> <span class='ocrx_word' id='word_1_348' title='bbox 2497 2655 2602 2712; x_wconf 89' lang='lat' dir='ltr'>per</span> <span class='ocrx_word' id='word_1_349' title='bbox 2627 2641 2741 2713; x_wconf 89' lang='lat' dir='ltr'>pri-</span> 
     </span>
     <span class='ocr_line' id='line_1_34' title="bbox 290 2708 2742 2785; baseline -0 -16"><span class='ocrx_word' id='word_1_350' title='bbox 290 2713 607 2771; x_wconf 76' lang='lat' dir='ltr'>vationem</span> <span class='ocrx_word' id='word_1_351' title='bbox 650 2712 948 2770; x_wconf 87' lang='lat' dir='ltr'>bonorum</span> <span class='ocrx_word' id='word_1_352' title='bbox 997 2717 1343 2785; x_wconf 88' lang='lat' dir='ltr'>cognoscat.</span> <span class='ocrx_word' id='word_1_353' title='bbox 1396 2711 1551 2778; x_wconf 88' lang='lat' dir='ltr'>Quia</span> <span class='ocrx_word' id='word_1_354' title='bbox 1594 2710 1819 2767; x_wconf 89' lang='lat' dir='ltr'>malum</span> <span class='ocrx_word' id='word_1_355' title='bbox 1868 2722 1991 2765; x_wconf 91' lang='lat' dir='ltr'>non</span> <span class='ocrx_word' id='word_1_356' title='bbox 2036 2708 2254 2764; x_wconf 87' lang='lat' dir='ltr'>dicitur</span> <span class='ocrx_word' id='word_1_357' title='bbox 2296 2723 2451 2778; x_wconf 90' lang='lat' dir='ltr'>esse,</span> <span class='ocrx_word' id='word_1_358' title='bbox 2501 2711 2621 2767; x_wconf 89' lang='lat' dir='ltr'>nisi</span> <span class='ocrx_word' id='word_1_359' title='bbox 2678 2712 2742 2768; x_wconf 89' lang='lat' dir='ltr'>in</span> 
     </span>
     <span class='ocr_line' id='line_1_35' title="bbox 292 2777 2743 2857; baseline -0.001 -17"><span class='ocrx_word' id='word_1_360' title='bbox 292 2790 594 2857; x_wconf 83' lang='lat' dir='ltr'>qnantum</span> <span class='ocrx_word' id='word_1_361' title='bbox 628 2790 720 2842; x_wconf 87' lang='lat' dir='ltr'>est</span> <span class='ocrx_word' id='word_1_362' title='bbox 747 2783 998 2855; x_wconf 86' lang='lat' dir='ltr'>privatio</span> <span class='ocrx_word' id='word_1_363' title='bbox 1028 2782 1169 2840; x_wconf 89' lang='lat' dir='ltr'>boni</span> <span class='ocrx_word' id='word_1_364' title='bbox 1205 2799 1218 2836; x_wconf 75' lang='grc' dir='ltr'><strong><em>ε</em></strong></span> <span class='ocrx_word' id='word_1_365' title='bbox 1252 2780 1409 2838; x_wconf 88' lang='lat' dir='ltr'>unde</span> <span class='ocrx_word' id='word_1_366' title='bbox 1440 2779 1771 2837; x_wconf 88' lang='lat' dir='ltr'>secuudum</span> <span class='ocrx_word' id='word_1_367' title='bbox 1818 2778 1979 2836; x_wconf 89' lang='lat' dir='ltr'>hunc</span> <span class='ocrx_word' id='word_1_368' title='bbox 2017 2777 2215 2835; x_wconf 91' lang='lat' dir='ltr'>solum</span> <span class='ocrx_word' id='word_1_369' title='bbox 2246 2778 2490 2835; x_wconf 90' lang='lat' dir='ltr'>modum</span> <span class='ocrx_word' id='word_1_370' title='bbox 2522 2785 2615 2837; x_wconf 89' lang='lat' dir='ltr'>est</span> <span class='ocrx_word' id='word_1_371' title='bbox 2642 2795 2743 2839; x_wconf 89' lang='lat' dir='ltr'>co-</span> 
     </span>
     <span class='ocr_line' id='line_1_36' title="bbox 290 2848 2742 2926; baseline -0.001 -13"><span class='ocrx_word' id='word_1_372' title='bbox 290 2855 846 2926; x_wconf 63' lang='lat' dir='ltr'>gnoscibileNam</span> <span class='ocrx_word' id='word_1_373' title='bbox 876 2852 1345 2920; x_wconf 73' lang='lat' dir='ltr'>unumquodque</span> <span class='ocrx_word' id='word_1_374' title='bbox 1374 2856 1663 2922; x_wconf 87' lang='lat' dir='ltr'>quantum</span> <span class='ocrx_word' id='word_1_375' title='bbox 1697 2849 1876 2908; x_wconf 82' lang='lat' dir='ltr'>habet</span> <span class='ocrx_word' id='word_1_376' title='bbox 1903 2848 1977 2908; x_wconf 88' lang='lat' dir='ltr'>de</span> <span class='ocrx_word' id='word_1_377' title='bbox 2005 2861 2162 2921; x_wconf 82' lang='lat' dir='ltr'>esse,</span> <span class='ocrx_word' id='word_1_378' title='bbox 2187 2853 2420 2909; x_wconf 83' lang='lat' dir='ltr'>tantum</span> <span class='ocrx_word' id='word_1_379' title='bbox 2463 2849 2644 2908; x_wconf 85' lang='lat' dir='ltr'>hahet</span> <span class='ocrx_word' id='word_1_380' title='bbox 2669 2850 2742 2910; x_wconf 85' lang='lat' dir='ltr'>de</span> 
     </span>
     <span class='ocr_line' id='line_1_37' title="bbox 293 2921 1685 2996; baseline -0.007 -14"><span class='ocrx_word' id='word_1_381' title='bbox 293 2922 852 2996; x_wconf 80' lang='lat' dir='ltr'>cognoscibilitate.</span> <span class='ocrx_word' id='word_1_382' title='bbox 892 2921 938 2986; x_wconf 85' lang='lat'>(1</span> <span class='ocrx_word' id='word_1_383' title='bbox 975 2923 1149 2988; x_wconf 66' lang='lat' dir='ltr'>part„</span> <span class='ocrx_word' id='word_1_384' title='bbox 1179 2932 1240 2989; x_wconf 88' lang='lat' dir='ltr'>q.</span> <span class='ocrx_word' id='word_1_385' title='bbox 1273 2930 1399 2985; x_wconf 75' lang='grc' dir='ltr'>ΧΠ,</span> <span class='ocrx_word' id='word_1_386' title='bbox 1430 2922 1540 2973; x_wconf 83' lang='lat' dir='ltr'>art.</span> <span class='ocrx_word' id='word_1_387' title='bbox 1576 2921 1685 2989; x_wconf 80' lang='lat'>10.)</span> 
     </span>
    </p>
   </div>
   <div class='ocr_carea' id='block_1_5' title="bbox 1262 3091 1792 3156">
    <p class='ocr_par' dir='ltr' id='par_1_8' title="bbox 1262 3091 1792 3156">
     <span class='ocr_line' id='line_1_38' title="bbox 1262 3091 1792 3156; baseline -0.002 0"><span class='ocrx_word' id='word_1_388' title='bbox 1262 3091 1516 3156; x_wconf 85' lang='lat' dir='ltr'><strong>CAPUT</strong></span> <span class='ocrx_word' id='word_1_389' title='bbox 1555 3091 1792 3155; x_wconf 83' lang='lat' dir='ltr'>LXXII.</span> 
     </span>
    </p>
   </div>
   <div class='ocr_carea' id='block_1_6' title="bbox 1141 3245 1903 3298">
    <p class='ocr_par' dir='ltr' id='par_1_9' title="bbox 1141 3245 1903 3298">
     <span class='ocr_line' id='line_1_39' title="bbox 1141 3245 1903 3298; baseline 0.003 -7"><span class='ocrx_word' id='word_1_390' title='bbox 1141 3245 1293 3298; x_wconf 82' lang='lat' dir='ltr'>QUOD</span> <span class='ocrx_word' id='word_1_391' title='bbox 1328 3247 1479 3293; x_wconf 75' lang='lat' dir='ltr'>DBUS</span> <span class='ocrx_word' id='word_1_392' title='bbox 1516 3247 1624 3293; x_wconf 73' lang='lat' dir='ltr'>EST</span> <span class='ocrx_word' id='word_1_393' title='bbox 1657 3246 1903 3293; x_wconf 65' lang='lat' dir='ltr'>voum.</span> 
     </span>
    </p>
   </div>
   <div class='ocr_carea' id='block_1_7' title="bbox 286 3384 2745 4169">
    <p class='ocr_par' dir='ltr' id='par_1_10' title="bbox 286 3384 2745 3959">
     <span class='ocr_line' id='line_1_40' title="bbox 374 3384 2745 3468; baseline 0.001 -20"><span class='ocrx_word' id='word_1_394' title='bbox 374 3387 679 3460; x_wconf 80' lang='lat' dir='ltr'>Expeditis</span> <span class='ocrx_word' id='word_1_395' title='bbox 705 3385 803 3443; x_wconf 87' lang='lat' dir='ltr'>his</span> <span class='ocrx_word' id='word_1_396' title='bbox 844 3399 975 3457; x_wconf 83' lang='lat' dir='ltr'>quae</span> <span class='ocrx_word' id='word_1_397' title='bbox 1022 3384 1094 3443; x_wconf 89' lang='lat' dir='ltr'>ad</span> <span class='ocrx_word' id='word_1_398' title='bbox 1122 3384 1325 3467; x_wconf 34' lang='lat' dir='ltr'>‘divini</span> <span class='ocrx_word' id='word_1_399' title='bbox 1371 3385 1716 3444; x_wconf 84' lang='lat' dir='ltr'>intellectus</span> <span class='ocrx_word' id='word_1_400' title='bbox 1765 3387 2173 3468; x_wconf 83' lang='lat' dir='ltr'>cognitionem</span> <span class='ocrx_word' id='word_1_401' title='bbox 2217 3389 2536 3459; x_wconf 85' lang='lat' dir='ltr'>pertinent,</span> <span class='ocrx_word' id='word_1_402' title='bbox 2583 3404 2745 3451; x_wconf 88' lang='lat' dir='ltr'>nunc</span> 
     </span>
     <span class='ocr_line' id='line_1_41' title="bbox 294 3456 2742 3531; baseline 0 -13"><span class='ocrx_word' id='word_1_403' title='bbox 294 3467 489 3518; x_wconf 86' lang='lat' dir='ltr'>restat</span> <span class='ocrx_word' id='word_1_404' title='bbox 516 3457 903 3516; x_wconf 84' lang='lat' dir='ltr'>considerare</span> <span class='ocrx_word' id='word_1_405' title='bbox 931 3456 1001 3513; x_wconf 93' lang='lat' dir='ltr'>de</span> <span class='ocrx_word' id='word_1_406' title='bbox 1034 3458 1136 3512; x_wconf 90' lang='lat' dir='ltr'>Dei</span> <span class='ocrx_word' id='word_1_407' title='bbox 1161 3457 1487 3514; x_wconf 87' lang='lat' dir='ltr'>voluntate.</span> <span class='ocrx_word' id='word_1_408' title='bbox 1508 3459 1602 3513; x_wconf 73' lang='lat' dir='ltr'>*Ex</span> <span class='ocrx_word' id='word_1_409' title='bbox 1634 3458 1746 3515; x_wconf 84' lang='lat' dir='ltr'>hoc</span> <span class='ocrx_word' id='word_1_410' title='bbox 1775 3473 1957 3527; x_wconf 91' lang='lat' dir='ltr'>enim,</span> <span class='ocrx_word' id='word_1_411' title='bbox 2006 3460 2164 3531; x_wconf 90' lang='lat' dir='ltr'>quod</span> <span class='ocrx_word' id='word_1_412' title='bbox 2211 3462 2368 3517; x_wconf 89' lang='lat' dir='ltr'>Deus</span> <span class='ocrx_word' id='word_1_413' title='bbox 2398 3465 2491 3518; x_wconf 88' lang='lat' dir='ltr'>est</span> <span class='ocrx_word' id='word_1_414' title='bbox 2519 3461 2742 3521; x_wconf 87' lang='lat' dir='ltr'>intelli-</span> 
     </span>
     <span class='ocr_line' id='line_1_42' title="bbox 294 3525 2743 3605; baseline 0.002 -17"><span class='ocrx_word' id='word_1_415' title='bbox 294 3545 474 3605; x_wconf 79' lang='lat' dir='ltr'>gens,</span> <span class='ocrx_word' id='word_1_416' title='bbox 508 3529 783 3601; x_wconf 87' lang='lat' dir='ltr'>sequitui·</span> <span class='ocrx_word' id='word_1_417' title='bbox 809 3525 967 3598; x_wconf 85' lang='lat' dir='ltr'>quod</span> <span class='ocrx_word' id='word_1_418' title='bbox 995 3526 1073 3583; x_wconf 89' lang='lat' dir='ltr'>sit</span> <span class='ocrx_word' id='word_1_419' title='bbox 1100 3527 1329 3585; x_wconf 87' lang='lat' dir='ltr'>volens.</span> <span class='ocrx_word' id='word_1_420' title='bbox 1362 3528 1504 3585; x_wconf 90' lang='lat' dir='ltr'>Cum</span> <span class='ocrx_word' id='word_1_421' title='bbox 1537 3528 1695 3584; x_wconf 89' lang='lat' dir='ltr'>enim</span> <span class='ocrx_word' id='word_1_422' title='bbox 1719 3528 1943 3586; x_wconf 88' lang='lat' dir='ltr'>bonum</span> <span class='ocrx_word' id='word_1_423' title='bbox 1965 3529 2305 3589; x_wconf 85' lang='lat' dir='ltr'>intellectus</span> <span class='ocrx_word' id='word_1_424' title='bbox 2336 3530 2415 3588; x_wconf 89' lang='lat' dir='ltr'>sit</span> <span class='ocrx_word' id='word_1_425' title='bbox 2441 3531 2743 3604; x_wconf 82' lang='lat' dir='ltr'>objectum</span> 
     </span>
     <span class='ocr_line' id='line_1_43' title="bbox 294 3597 2741 3682; baseline 0.001 -23"><span class='ocrx_word' id='word_1_426' title='bbox 294 3601 612 3682; x_wconf 85' lang='lat' dir='ltr'>proprium</span> <span class='ocrx_word' id='word_1_427' title='bbox 643 3598 991 3677; x_wconf 34' lang='lat' dir='ltr'>volun-tatis,</span> <span class='ocrx_word' id='word_1_428' title='bbox 1023 3603 1296 3669; x_wconf 86' lang='lat' dir='ltr'>opportet</span> <span class='ocrx_word' id='word_1_429' title='bbox 1338 3599 1497 3670; x_wconf 86' lang='lat' dir='ltr'>quod</span> <span class='ocrx_word' id='word_1_430' title='bbox 1536 3597 1760 3656; x_wconf 88' lang='lat' dir='ltr'>bonum</span> <span class='ocrx_word' id='word_1_431' title='bbox 1794 3600 2182 3663; x_wconf 86' lang='lat' dir='ltr'>intellectum,</span> <span class='ocrx_word' id='word_1_432' title='bbox 2217 3602 2278 3657; x_wconf 87' lang='lat' dir='ltr'>in</span> <span class='ocrx_word' id='word_1_433' title='bbox 2308 3609 2596 3674; x_wconf 84' lang='lat' dir='ltr'>quantum</span> <span class='ocrx_word' id='word_1_434' title='bbox 2630 3604 2741 3662; x_wconf 89' lang='lat' dir='ltr'>hu-</span> 
     </span>
     <span class='ocr_line' id='line_1_44' title="bbox 286 3667 2737 3744; baseline 0.001 -14"><span class='ocrx_word' id='word_1_435' title='bbox 286 3671 587 3744; x_wconf 66' lang='lat' dir='ltr'>jusmodi,</span> <span class='ocrx_word' id='word_1_436' title='bbox 616 3669 697 3727; x_wconf 88' lang='lat' dir='ltr'>sit</span> <span class='ocrx_word' id='word_1_437' title='bbox 720 3667 988 3725; x_wconf 87' lang='lat' dir='ltr'>volitum.</span> <span class='ocrx_word' id='word_1_438' title='bbox 1021 3669 1391 3725; x_wconf 84' lang='lat' dir='ltr'>Intellectum</span> <span class='ocrx_word' id='word_1_439' title='bbox 1422 3674 1621 3726; x_wconf 85' lang='lat' dir='ltr'>autem</span> <span class='ocrx_word' id='word_1_440' title='bbox 1643 3669 1860 3727; x_wconf 84' lang='lat' dir='ltr'>dicitur</span> <span class='ocrx_word' id='word_1_441' title='bbox 1886 3671 1962 3728; x_wconf 86' lang='lat' dir='ltr'>ad</span> <span class='ocrx_word' id='word_1_442' title='bbox 1990 3671 2443 3742; x_wconf 84' lang='lat' dir='ltr'>intelligentem.</span> <span class='ocrx_word' id='word_1_443' title='bbox 2477 3676 2737 3733; x_wconf 85' lang='lat' dir='ltr'>Necesse</span> 
     </span>
     <span class='ocr_line' id='line_1_45' title="bbox 299 3738 2737 3814; baseline 0.002 -14"><span class='ocrx_word' id='word_1_444' title='bbox 299 3749 394 3801; x_wconf 87' lang='lat' dir='ltr'>est</span> <span class='ocrx_word' id='word_1_445' title='bbox 422 3743 630 3814; x_wconf 86' lang='lat' dir='ltr'>igitur,</span> <span class='ocrx_word' id='word_1_446' title='bbox 679 3738 838 3811; x_wconf 88' lang='lat' dir='ltr'>quod</span> <span class='ocrx_word' id='word_1_447' title='bbox 889 3738 1234 3809; x_wconf 86' lang='lat' dir='ltr'>intelligens</span> <span class='ocrx_word' id='word_1_448' title='bbox 1276 3739 1524 3809; x_wconf 87' lang='lat' dir='ltr'>bonum,</span> <span class='ocrx_word' id='word_1_449' title='bbox 1565 3740 1628 3798; x_wconf 90' lang='lat' dir='ltr'>in</span> <span class='ocrx_word' id='word_1_450' title='bbox 1661 3747 1949 3813; x_wconf 86' lang='lat' dir='ltr'>quantum</span> <span class='ocrx_word' id='word_1_451' title='bbox 2003 3742 2363 3814; x_wconf 84' lang='lat' dir='ltr'>hujusmodi,</span> <span class='ocrx_word' id='word_1_452' title='bbox 2395 3743 2478 3801; x_wconf 90' lang='lat' dir='ltr'>sit</span> <span class='ocrx_word' id='word_1_453' title='bbox 2508 3744 2737 3805; x_wconf 88' lang='lat' dir='ltr'>volens.</span> 
     </span>
     <span class='ocr_line' id='line_1_46' title="bbox 300 3808 2741 3892; baseline 0.002 -22"><span class='ocrx_word' id='word_1_454' title='bbox 300 3815 459 3871; x_wconf 88' lang='lat' dir='ltr'>Deus</span> <span class='ocrx_word' id='word_1_455' title='bbox 490 3818 693 3891; x_wconf 80' lang='lat' dir='ltr'>autem</span> <span class='ocrx_word' id='word_1_456' title='bbox 735 3808 1015 3890; x_wconf 76' lang='lat' dir='ltr'>intelligit</span> <span class='ocrx_word' id='word_1_457' title='bbox 1055 3808 1300 3889; x_wconf 61' lang='lat' dir='ltr'>tionum.</span> <span class='ocrx_word' id='word_1_458' title='bbox 1350 3812 1492 3892; x_wconf 66' lang='lat' dir='ltr'>Qum</span> <span class='ocrx_word' id='word_1_459' title='bbox 1542 3812 1706 3869; x_wconf 90' lang='lat' dir='ltr'>enim</span> <span class='ocrx_word' id='word_1_460' title='bbox 1749 3813 1829 3869; x_wconf 90' lang='lat' dir='ltr'>sit</span> <span class='ocrx_word' id='word_1_461' title='bbox 1878 3813 2135 3885; x_wconf 80' lang='lat' dir='ltr'>perfecte</span> <span class='ocrx_word' id='word_1_462' title='bbox 2180 3814 2547 3886; x_wconf 85' lang='lat' dir='ltr'>intelligens,</span> <span class='ocrx_word' id='word_1_463' title='bbox 2574 3821 2643 3873; x_wconf 94' lang='lat' dir='ltr'>ut</span> <span class='ocrx_word' id='word_1_464' title='bbox 2669 3831 2741 3875; x_wconf 84' lang='lat' dir='ltr'>ex</span> 
     </span>
     <span class='ocr_line' id='line_1_47' title="bbox 298 3879 2737 3959; baseline 0.002 -17"><span class='ocrx_word' id='word_1_465' title='bbox 298 3882 667 3955; x_wconf 84' lang='lat' dir='ltr'>supradictis</span> <span class='ocrx_word' id='word_1_466' title='bbox 690 3885 868 3951; x_wconf 86' lang='lat' dir='ltr'>patet,</span> <span class='ocrx_word' id='word_1_467' title='bbox 899 3879 1309 3951; x_wconf 85' lang='lat' dir='ltr'>intelligitens</span> <span class='ocrx_word' id='word_1_468' title='bbox 1332 3882 1514 3939; x_wconf 90' lang='lat' dir='ltr'>simul</span> <span class='ocrx_word' id='word_1_469' title='bbox 1545 3897 1680 3941; x_wconf 86' lang='lat' dir='ltr'>cum</span> <span class='ocrx_word' id='word_1_470' title='bbox 1713 3883 1942 3941; x_wconf 85' lang='lat' dir='ltr'>ratione</span> <span class='ocrx_word' id='word_1_471' title='bbox 1971 3884 2135 3941; x_wconf 87' lang='lat' dir='ltr'>boni.</span> <span class='ocrx_word' id='word_1_472' title='bbox 2169 3887 2270 3942; x_wconf 83' lang='lat' dir='ltr'>Est</span> <span class='ocrx_word' id='word_1_473' title='bbox 2296 3885 2480 3959; x_wconf 88' lang='lat' dir='ltr'>igitur</span> <span class='ocrx_word' id='word_1_474' title='bbox 2506 3889 2737 3947; x_wconf 87' lang='lat' dir='ltr'>volens.</span> 
     </span>
    </p>

    <p class='ocr_par' dir='ltr' id='par_1_11' title="bbox 298 3950 2743 4169">
     <span class='ocr_line' id='line_1_48' title="bbox 366 3950 2736 4025; baseline 0.003 -13"><span class='ocrx_word' id='word_1_475' title='bbox 366 3955 593 4016; x_wconf 79' lang='lat' dir='ltr'>Adhuc,</span> <span class='ocrx_word' id='word_1_476' title='bbox 627 3951 985 4023; x_wconf 82' lang='lat' dir='ltr'>cuicumque</span> <span class='ocrx_word' id='word_1_477' title='bbox 1011 3950 1169 4007; x_wconf 89' lang='lat' dir='ltr'>inest</span> <span class='ocrx_word' id='word_1_478' title='bbox 1195 3951 1400 4023; x_wconf 85' lang='lat' dir='ltr'>aliqua</span> <span class='ocrx_word' id='word_1_479' title='bbox 1426 3952 1774 4021; x_wconf 84' lang='lat' dir='ltr'>formarum,</span> <span class='ocrx_word' id='word_1_480' title='bbox 1806 3955 1982 4013; x_wconf 86' lang='lat' dir='ltr'>habet</span> <span class='ocrx_word' id='word_1_481' title='bbox 2008 3970 2114 4025; x_wconf 88' lang='lat' dir='ltr'>per</span> <span class='ocrx_word' id='word_1_482' title='bbox 2143 3955 2307 4013; x_wconf 86' lang='lat' dir='ltr'>illam</span> <span class='ocrx_word' id='word_1_483' title='bbox 2349 3958 2602 4017; x_wconf 79' lang='lat' dir='ltr'>formam</span> <span class='ocrx_word' id='word_1_484' title='bbox 2634 3960 2736 4018; x_wconf 88' lang='lat' dir='ltr'>ha-</span> 
     </span>
     <span class='ocr_line' id='line_1_49' title="bbox 302 4021 2743 4102; baseline 0.003 -21"><span class='ocrx_word' id='word_1_485' title='bbox 302 4022 638 4082; x_wconf 84' lang='lat' dir='ltr'>bitudinem</span> <span class='ocrx_word' id='word_1_486' title='bbox 675 4021 749 4102; x_wconf 81' lang='lat' dir='ltr'>ad</span> <span class='ocrx_word' id='word_1_487' title='bbox 794 4036 865 4078; x_wconf 89' lang='lat' dir='ltr'>ea</span> <span class='ocrx_word' id='word_1_488' title='bbox 906 4027 1229 4101; x_wconf 56' lang='lat' dir='ltr'>quaesunt</span> <span class='ocrx_word' id='word_1_489' title='bbox 1272 4021 1332 4078; x_wconf 92' lang='lat' dir='ltr'>in</span> <span class='ocrx_word' id='word_1_490' title='bbox 1375 4038 1571 4081; x_wconf 87' lang='lat' dir='ltr'>rerum</span> <span class='ocrx_word' id='word_1_491' title='bbox 1624 4031 1855 4088; x_wconf 82' lang='lat' dir='ltr'>natura,</span> <span class='ocrx_word' id='word_1_492' title='bbox 1906 4026 2065 4083; x_wconf 89' lang='lat' dir='ltr'>sicut</span> <span class='ocrx_word' id='word_1_493' title='bbox 2109 4025 2340 4099; x_wconf 89' lang='lat' dir='ltr'>lignum</span> <span class='ocrx_word' id='word_1_494' title='bbox 2387 4029 2588 4088; x_wconf 86' lang='lat' dir='ltr'>album</span> <span class='ocrx_word' id='word_1_495' title='bbox 2675 4044 2743 4088; x_wconf 90' lang='lat' dir='ltr'>er</span> 
     </span>
     <span class='ocr_line' id='line_1_50' title="bbox 298 4091 2739 4169; baseline 0.002 -15"><span class='ocrx_word' id='word_1_496' title='bbox 298 4108 471 4153; x_wconf 85' lang='lat' dir='ltr'>suam</span> <span class='ocrx_word' id='word_1_497' title='bbox 503 4092 843 4151; x_wconf 87' lang='lat' dir='ltr'>albedinem</span> <span class='ocrx_word' id='word_1_498' title='bbox 873 4097 966 4149; x_wconf 90' lang='lat' dir='ltr'>est</span> <span class='ocrx_word' id='word_1_499' title='bbox 989 4091 1292 4164; x_wconf 86' lang='lat' dir='ltr'>aliquibus</span> <span class='ocrx_word' id='word_1_500' title='bbox 1322 4094 1542 4165; x_wconf 88' lang='lat' dir='ltr'>simile,</span> <span class='ocrx_word' id='word_1_501' title='bbox 1572 4102 1632 4153; x_wconf 87' lang='lat' dir='ltr'>et</span> <span class='ocrx_word' id='word_1_502' title='bbox 1655 4095 2014 4169; x_wconf 84' lang='lat' dir='ltr'>quibusdam</span> <span class='ocrx_word' id='word_1_503' title='bbox 2044 4096 2360 4156; x_wconf 86' lang='lat' dir='ltr'>dissimile.</span> <span class='ocrx_word' id='word_1_504' title='bbox 2406 4102 2468 4156; x_wconf 87' lang='lat' dir='ltr'>ln</span> <span class='ocrx_word' id='word_1_505' title='bbox 2518 4102 2639 4158; x_wconf 89' lang='lat' dir='ltr'>inte</span> <span class='ocrx_word' id='word_1_506' title='bbox 2669 4101 2739 4159; x_wconf 90' lang='lat' dir='ltr'>li-</span> 
     </span>
    </p>
   </div>
   <div class='ocr_carea' id='block_1_8' title="bbox 294 4162 2826 4239">
    <p class='ocr_par' dir='ltr' id='par_1_12' title="bbox 294 4162 2826 4239">
     <span class='ocr_line' id='line_1_51' title="bbox 294 4162 2826 4239; baseline 0.003 -16"><span class='ocrx_word' id='word_1_507' title='bbox 294 4172 475 4239; x_wconf 84' lang='lat' dir='ltr'>gente</span> <span class='ocrx_word' id='word_1_508' title='bbox 508 4171 708 4222; x_wconf 77' lang='lat' dir='ltr'>autem</span> <span class='ocrx_word' id='word_1_509' title='bbox 736 4167 796 4220; x_wconf 88' lang='lat' dir='ltr'>et</span> <span class='ocrx_word' id='word_1_510' title='bbox 826 4162 1119 4220; x_wconf 86' lang='lat' dir='ltr'>sentiente</span> <span class='ocrx_word' id='word_1_511' title='bbox 1148 4169 1241 4221; x_wconf 88' lang='lat' dir='ltr'>est</span> <span class='ocrx_word' id='word_1_512' title='bbox 1269 4163 1462 4222; x_wconf 77' lang='lat' dir='ltr'>forma</span> <span class='ocrx_word' id='word_1_513' title='bbox 1498 4166 1583 4223; x_wconf 88' lang='lat' dir='ltr'>rei</span> <span class='ocrx_word' id='word_1_514' title='bbox 1619 4166 1934 4225; x_wconf 69' lang='lat' dir='ltr'>intellectae</span> <span class='ocrx_word' id='word_1_515' title='bbox 1962 4173 2020 4224; x_wconf 88' lang='lat' dir='ltr'>et</span> <span class='ocrx_word' id='word_1_516' title='bbox 2049 4173 2326 4238; x_wconf 72' lang='lat' dir='ltr'>sensatis,</span> <span class='ocrx_word' id='word_1_517' title='bbox 2357 4185 2493 4228; x_wconf 90' lang='lat' dir='ltr'>cum</span> <span class='ocrx_word' id='word_1_518' title='bbox 2537 4171 2738 4232; x_wconf 86' lang='lat' dir='ltr'>omnis</span> <span class='ocrx_word' id='word_1_519' title='bbox 2821 4204 2826 4211; x_wconf 92' lang='lat'><em>-</em></span> 
     </span>
    </p>
   </div>
   <div class='ocr_carea' id='block_1_9' title="bbox 286 4232 2739 4459">
    <p class='ocr_par' dir='ltr' id='par_1_13' title="bbox 286 4232 2739 4459">
     <span class='ocr_line' id='line_1_52' title="bbox 294 4232 2739 4315; baseline 0.003 -21"><span class='ocrx_word' id='word_1_520' title='bbox 294 4236 572 4309; x_wconf 89' lang='lat' dir='ltr'>cognitio</span> <span class='ocrx_word' id='word_1_521' title='bbox 602 4234 683 4315; x_wconf 76' lang='lat' dir='ltr'>sit</span> <span class='ocrx_word' id='word_1_522' title='bbox 710 4247 816 4304; x_wconf 90' lang='lat' dir='ltr'>per</span> <span class='ocrx_word' id='word_1_523' title='bbox 841 4232 1101 4314; x_wconf 79' lang='lat' dir='ltr'>aliquam</span> <span class='ocrx_word' id='word_1_524' title='bbox 1146 4234 1622 4294; x_wconf 88' lang='lat' dir='ltr'>similitudinem.</span> <span class='ocrx_word' id='word_1_525' title='bbox 1669 4241 1913 4308; x_wconf 84' lang='lat' dir='ltr'>oportet</span> <span class='ocrx_word' id='word_1_526' title='bbox 1949 4238 2133 4311; x_wconf 87' lang='lat' dir='ltr'>igitur</span> <span class='ocrx_word' id='word_1_527' title='bbox 2160 4254 2297 4298; x_wconf 87' lang='lat' dir='ltr'>esse</span> <span class='ocrx_word' id='word_1_528' title='bbox 2327 4241 2739 4302; x_wconf 82' lang='lat' dir='ltr'>habitudinem</span> 
     </span>
     <span class='ocr_line' id='line_1_53' title="bbox 293 4305 2738 4381; baseline 0.002 -17"><span class='ocrx_word' id='word_1_529' title='bbox 293 4306 700 4379; x_wconf 88' lang='lat' dir='ltr'>intelligentis</span> <span class='ocrx_word' id='word_1_530' title='bbox 727 4308 785 4360; x_wconf 88' lang='lat' dir='ltr'>et</span> <span class='ocrx_word' id='word_1_531' title='bbox 809 4309 1126 4361; x_wconf 86' lang='lat' dir='ltr'>sentientis</span> <span class='ocrx_word' id='word_1_532' title='bbox 1151 4305 1223 4362; x_wconf 88' lang='lat' dir='ltr'>ad</span> <span class='ocrx_word' id='word_1_533' title='bbox 1255 4320 1345 4374; x_wconf 87' lang='lat' dir='ltr'>ea,</span> <span class='ocrx_word' id='word_1_534' title='bbox 1374 4322 1506 4379; x_wconf 83' lang='lat' dir='ltr'>quae</span> <span class='ocrx_word' id='word_1_535' title='bbox 1536 4313 1679 4364; x_wconf 84' lang='lat' dir='ltr'>sunt</span> <span class='ocrx_word' id='word_1_536' title='bbox 1706 4308 2006 4368; x_wconf 87' lang='lat' dir='ltr'>intellecta</span> <span class='ocrx_word' id='word_1_537' title='bbox 2034 4317 2094 4367; x_wconf 87' lang='lat' dir='ltr'>et</span> <span class='ocrx_word' id='word_1_538' title='bbox 2119 4318 2382 4381; x_wconf 81' lang='lat' dir='ltr'>sensata,</span> <span class='ocrx_word' id='word_1_539' title='bbox 2405 4312 2738 4371; x_wconf 89' lang='lat' dir='ltr'>secundum</span> 
     </span>
     <span class='ocr_line' id='line_1_54' title="bbox 286 4375 2737 4459; baseline 0.002 -22"><span class='ocrx_word' id='word_1_540' title='bbox 286 4376 460 4451; x_wconf 86' lang='lat' dir='ltr'>quod</span> <span class='ocrx_word' id='word_1_541' title='bbox 491 4375 732 4436; x_wconf 85' lang='lat' dir='ltr'>suntin</span> <span class='ocrx_word' id='word_1_542' title='bbox 761 4387 960 4435; x_wconf 88' lang='lat' dir='ltr'>rerum</span> <span class='ocrx_word' id='word_1_543' title='bbox 1001 4377 1252 4434; x_wconf 89' lang='lat' dir='ltr'>natura:</span> <span class='ocrx_word' id='word_1_544' title='bbox 1284 4390 1408 4436; x_wconf 90' lang='lat' dir='ltr'>non</span> <span class='ocrx_word' id='word_1_545' title='bbox 1454 4378 1823 4440; x_wconf 60' lang='lat' dir='ltr'>autem2hoc</span> <span class='ocrx_word' id='word_1_546' title='bbox 1870 4383 1965 4440; x_wconf 85' lang='lat' dir='ltr'>est</span> <span class='ocrx_word' id='word_1_547' title='bbox 2007 4394 2116 4454; x_wconf 86' lang='lat' dir='ltr'>pei·</span> <span class='ocrx_word' id='word_1_548' title='bbox 2144 4381 2285 4455; x_wconf 86' lang='lat' dir='ltr'>hoc,</span> <span class='ocrx_word' id='word_1_549' title='bbox 2323 4382 2483 4459; x_wconf 89' lang='lat' dir='ltr'>quod</span> <span class='ocrx_word' id='word_1_550' title='bbox 2515 4380 2737 4440; x_wconf 87' lang='lat' dir='ltr'>intelli-</span> 
     </span>
    </p>
   </div>
  </div>
 </body>
</html>
