3076 5025
1005 332 1012 336 „
1072 352 1078 360 ,
1106 298 1260 362 ue..
1282 265 1383 369 iv,
1412 299 1567 358 GAP.
1604 299 1721 356 xii.
2033 351 2045 364 .
2154 293 2155 296 ‘
2526 303 2633 359 5¹3

188 434 330 479 esse
361 419 497 478 e‘us
527 435 630 493 qui
649 420 973 493 parturitur
1022 420 1365 479 distinctum
1394 435 1430 479 a
1460 420 1748 492 pariente,
1794 432 2043 478 necesse
2067 424 2162 477 est
2201 420 2385 493 igitur
2407 421 2471 479 in
2500 435 2634 480 cor-

187 490 387 563 porali
435 504 507 549 us
535 490 698 563 quod
730 490 792 548 id
834 462 993 564 quod
1041 492 1371 562 concipitur
1411 491 1682 549 nondum
1734 490 1830 559 sit,
1862 495 1921 547 et
1945 490 2006 548 id
2035 489 2194 563 quod
2222 492 2544 562 parturitur
2569 492 2635 552 in

184 561 580 643 parturiendo
630 575 754 619 non
784 561 862 619 sit
886 575 924 619 a
947 562 1309 633 parturiente
1353 561 1717 620 distinctum.
1767 561 2089 632 conceptio
2121 564 2320 620 autem
2346 567 2405 619 et
2426 567 2634 634 partus
2724 589 2731 596 ·

182 631 585 704 intelligibilis
637 632 799 690 verbi
848 644 970 689 non
1011 636 1105 690 est
1146 646 1282 691 cum
1311 636 1473 690 motu
1516 646 1629 689 nec
1657 645 1793 690 cum
1823 631 2213 700 sucessione;
2243 632 2422 704 unde,
2455 633 2634 692 simul

187 702 338 761 dum
367 701 719 774 concipitur,
767 707 879 770 est,
923 706 983 760 et
1007 702 1186 760 simul
1233 702 1376 761 dum
1405 702 1746 785 parturitur.
1779 701 2122 760 distinctum
2151 706 2262 771 est,
2295 702 2450 761 sicut
2472 703 2636 776 quod

140 831 149 853 δ
183 773 590 843 illuminatur,
621 772 801 831 simul
831 772 972 830 dum
996 773 1384 843 illuminatur,
1415 773 1794 831 illumnatum
1822 776 1934 844 est,
1965 785 2038 830 eo
2065 772 2223 844 quod
2249 773 2313 830 in
2340 773 2637 834 illumina·

127 854 146 894 ί
185 843 359 902 tione
387 843 556 902 nulla
582 843 891 901 successio
919 848 1031 902 est.
1086 846 1172 913 Et,
1227 857 1409 917 quum
1446 843 1562 902 hoc
1604 842 1938 901 inveniatur
1963 842 2027 899 in
2053 841 2412 916 intelligibili
2451 843 2635 904 verbo

183 918 427 977 nostro,
482 914 673 972 mullo
723 913 916 986 magis
954 913 1234 987 competit
1278 914 1466 972 Verbo
1519 914 1623 972 Dei
1654 958 1669 984 ,
1726 926 1850 971 non
1898 912 2098 971 solum
2136 913 2293 993 ‘quia
2346 913 2633 989 intelligi-

185 984 339 1043 bilis
383 985 699 1055 conceptio
755 990 814 1041 et
848 991 1055 1055 partus
1103 988 1214 1056 est,
1263 984 1371 1044 sed
1422 985 1566 1057 quia
1613 984 1675 1041 in
1704 984 2028 1043 aeternitate
2057 988 2257 1041 existit
2286 987 2627 1058 utrumque,

185 1055 258 1113 in
306 1069 430 1127 qua
482 1054 650 1127 prius
706 1059 764 1111 et
817 1055 1118 1136 posterius
1174 1068 1309 1114 esse
1367 1068 1491 1113 non
1538 1058 1815 1127 possunt.
1860 1053 2006 1112 Hinc
2062 1058 2156 1111 est
2204 1054 2365 1125 quod
2395 1098 2413 1125 ,
2469 1059 2632 1127 post-

191 1139 384 1206 quam
433 1139 506 1182 ex
549 1138 656 1183 ore
713 1125 1030 1196 Sapientiae,
1074 1125 1297 1185 dictum
1341 1132 1478 1185 est:
1541 1128 1686 1183 Ante
1732 1125 1888 1182 colles
1934 1139 2061 1195 erqo
2110 1125 2503 1251 §artui-ieeur,
2552 1139 2630 1184 ne

187 1195 628 1268 intelligeretur
672 1196 834 1268 quod
865 1239 881 1266 ‚
930 1196 1072 1254 dum
1128 1196 1517 1269 parturiretur
1545 1238 1561 1265 ,
1612 1208 1733 1253 non
1777 1199 1939 1253 esset
1967 1239 1982 1265 ,
2040 1208 2110 1252 su
2157 1194 2357 1253 ditur:
2405 1196 2635 1263 Quando

185 1266 540 1346 preparabat
567 1266 739 1330 coelos,
772 1266 995 1323 aderam
1021 1267 1224 1331 ffrov„
1246 1281 1379 1338 vm,
1412 1266 1545 1338 27);
1577 1271 1643 1324 ut
1665 1265 1773 1347 sic,
1840 1280 1983 1324 uum
2011 1264 2074 1322 in
2104 1265 2491 1346 generatione
2511 1281 2637 1325 car-

191 1336 324 1395 nali
366 1336 717 1394 animalium
770 1336 937 1408 prius
983 1337 1208 1410 aliquid
1255 1338 1643 1409 concipiatur,
1675 1337 1807 1394 dein
1855 1351 1886 1394 e
1912 1339 2293 1409 parturiatur,
2332 1340 2391 1393 et
2418 1336 2635 1396 deinde

195 1407 517 1465 conveniat
541 1406 659 1465 sibi
686 1406 900 1466 adesse
925 1407 1274 1481 parturienti
1304 1408 1478 1481 quasi
1505 1408 1621 1466 sibi
1652 1408 2196 1466 consociatum-nec
2224 1406 2299 1465 ab
2326 1419 2401 1466 eo
2419 1407 2631 1466 distin-

195 1483 383 1547 ctum,
415 1477 540 1534 haec
579 1477 786 1536 omnia
833 1477 895 1534 in
943 1478 1144 1537 divina
1179 1479 1565 1551 generatione
1617 1477 1800 1536 simul
1850 1491 1985 1535 esse
2010 1476 2461 1550 intelligantur;
2488 1490 2629 1537 nam

194 1547 451 1606 Verbum
473 1548 577 1604 Dei
607 1548 789 1606 simul
817 1548 1171 1620 concipitur,
1201 1549 1525 1621 parturitur
1553 1554 1609 1606 et
1630 1549 1818 1607 adest.
1845 1551 1931 1618 Et,
1953 1547 2096 1620 quia
2162 1547 2281 1605 uod
2300 1549 2631 1619 parturitur

200 1630 276 1675 ex
302 1623 469 1675 utero
514 1618 803 1689 procedit,
846 1619 1005 1677 sicut
1048 1619 1356 1691 generatio
1383 1618 1558 1677 Verbi
1586 1619 1714 1690 Dei,
1740 1618 1815 1677 ad
1843 1618 2128 1677 insinuan
2173 1632 2269 1676 am
2298 1618 2624 1690 pei-rectam

200 1687 649 1768 distinctionem
678 1687 810 1760 ejus
835 1702 873 1746 a
898 1695 1240 1761 generante,
1263 1689 1482 1748 (ficitur
1506 1694 1735 1760 partus,
1758 1689 1943 1746 simili
1967 1688 2196 1746 ratione
2215 1688 2433 1747 dicitur
2452 1703 2634 1762 gene·

196 1764 352 1816 ratio
388 1772 464 1815 ex
489 1764 682 1828 utero,
727 1759 1058 1818 secundum
1101 1759 1252 1817 illud
1281 1778 1296 1816 :
1329 1762 1420 1816 Eae
1443 1764 1596 1816 utero
1641 1763 1766 1816 ante
1800 1760 2088 1829 luciferum
2114 1761 2277 1828 qenai
2301 1762 2371 1816 te.
2403 1760 2635 1831 (Psalm.

194 1839 295 1886 cix
344 1827 425 1899 3.)
456 1828 610 1898 Quia
635 1835 840 1910 tamen
882 1842 1005 1886 non
1035 1834 1128 1887 est
1153 1829 1294 1888 talis
1321 1829 1630 1888 distinctio
1656 1830 1820 1887 verbi
1848 1843 1886 1887 a
1929 1828 2160 1887 dicente
2185 1843 2318 1902 quae
2347 1829 2427 1886 im
2472 1830 2633 1887 ediat

192 1912 300 1956 ver
344 1912 444 1956 um
484 1911 620 1957 esse
665 1899 730 1956 in
784 1898 1038 1968 dicente,
1068 1904 1133 1958 ut
1163 1914 1237 1957 ex
1266 1899 1443 1958 dictis
1466 1902 1646 1971 patet,
1674 1900 1830 1958 sicut
1858 1900 1934 1959 ad
1962 1899 2388 1957 insinuandam
2455 1900 2631 1958 istin-

193 1968 583 2027 ctinctionem
625 1968 790 2026 verbi
836 1968 1056 2027 dicitur
1102 1969 1379 2051 parturiri
1449 1970 1544 2027 vel
1600 1985 1672 2027 ex
1716 1975 1891 2028 utero
1980 1969 2207 2026 enitum
2256 1983 2412 2039 esse,
2443 1971 2528 2028 ita
2553 1970 2634 2029 ad

195 2038 638 2098 ostendendum
680 2038 842 2112 quod
877 2039 1016 2098 talis
1061 2039 1365 2098 distinctio
1398 2053 1522 2098 uon
1553 2040 1814 2098 excludit
1837 2053 1942 2098 ver
1985 2053 2086 2098 um
2114 2053 2251 2097 esse
2282 2041 2346 2097 in
2372 2040 2628 2105 dicente,

194 2109 418 2169 dicitur
489 2109 605 2167 uod
626 2115 704 2167 est
730 2112 792 2165 in
816 2111 946 2167 sinu
968 2112 1173 2168 Patris.
1204 2110 1422 2183 (Joann.
1452 2124 1495 2181 1,
1527 2110 1643 2184 18.)

237 2123 703 2262 attengendum
732 2183 927 2238 autem
963 2180 1126 2261 quod
1150 2181 1458 2255 generatio
1494 2181 1755 2263 carnalis
1794 2181 2143 2263 animalium
2178 2180 2482 2263 perficitur
2523 2195 2633 2253 pei·

191 2255 475 2308 virtutem
504 2255 755 2308 activam
785 2255 843 2308 et
869 2264 1206 2322 passivam;
1233 2257 1293 2309 et
1309 2252 1383 2311 ab
1409 2257 1601 2310 activa
1625 2251 1865 2325 quidem
1892 2257 2107 2310 virtute
2133 2251 2350 2311 dicitur
2377 2256 2566 2324 pater,
2595 2266 2636 2311 a

195 2321 445 2393 passiva
470 2334 609 2378 vero
638 2321 857 2378 dicitur
881 2325 1107 2392 mater;
1148 2322 1309 2380 unde
1339 2336 1551 2380 eorum
1580 2335 1714 2394 quae
1741 2322 1815 2379 ad
1842 2323 2291 2395 generationem
2320 2323 2509 2393 prolis
2536 2336 2632 2379 re-

194 2392 521 2465 quiruntur
562 2391 830 2464 quaedam
869 2391 1230 2449 conveniunt
1273 2392 1426 2465 patri
1454 2397 1512 2450 et
1540 2392 1809 2465 quaedam
1835 2392 2199 2449 conveniunt
2226 2397 2442 2461 matri3
2490 2391 2632 2450 dare

196 2462 362 2521 enim
388 2468 662 2520 naturam
694 2466 753 2520 et
788 2462 1049 2534 speciem
1073 2461 1226 2534 proli
1253 2463 1534 2533 competit
1562 2462 1712 2532 patri
1733 2478 1750 2532 ;
1775 2462 2089 2534 concipere
2118 2465 2318 2521 autem
2347 2465 2406 2519 et
2428 2467 2633 2534 partu-

189 2533 313 2591 rire
343 2533 628 2604 competit
656 2533 851 2602 matri,
875 2539 1160 2605 tanquam
1186 2533 1429 2604 patienti
1453 2538 1511 2591 et
1534 2531 1857 2604 recipienti.
1873 2533 2066 2601 Quum
2098 2538 2295 2590 autem
2321 2532 2632 2613 processio

193 2603 368 2662 Verbi
400 2602 732 2661 secundum
756 2602 874 2661 hoc
901 2603 1060 2661 dicta
1086 2603 1166 2662 sit
1197 2616 1332 2662 esse
1376 2602 1536 2675 quod
1583 2605 1741 2660 Deus
1779 2602 2046 2683 seipsum
2095 2602 2370 2684 intelligit
2410 2603 2631 2675 (ipsum

194 2679 394 2732 autem
426 2673 692 2753 divinum
722 2673 1052 2747 intelligere
1077 2687 1200 2732 non
1246 2678 1338 2733 est
1383 2687 1489 2745 per
1532 2673 1797 2746 aliquam
1841 2676 2114 2730 virtutem
2161 2686 2484 2745 passivam,
2522 2673 2633 2732 sed

195 2746 371 2817 quasi
397 2744 670 2814 activam,
700 2744 844 2818 quia
888 2744 1229 2803 intellectus
1259 2744 1497 2825 divinus
1525 2756 1649 2801 non
1695 2744 1878 2801 estin
1910 2742 2194 2824 potentia,
2225 2743 2332 2801 sed
2381 2744 2445 2802 in
2491 2749 2628 2803 actu

192 2821 427 2873 tantum
459 2857 476 2884 ,
515 2813 649 2873 ideo
675 2814 739 2871 in
769 2815 1155 2887 generatione
1182 2814 1353 2873 verbi
1383 2816 1486 2872 Dei
1524 2826 1648 2872 non
1676 2818 1960 2885 competit
1990 2812 2106 2871 hoc
2135 2814 2367 2872 ratione
2394 2815 2627 2885 matri8‚

192 2886 302 2943 sed
349 2899 422 2967 so
453 2898 550 2942 um
598 2884 803 2965 patris.
853 2884 1018 2966 Unde
1060 2899 1194 2967 quae
1243 2886 1308 2942 in
1356 2885 1746 2967 generatione
1782 2884 2008 2967 carnali
2035 2884 2366 2967 distinctim
2393 2885 2545 2957 patri
2570 2890 2631 2966 et

193 2962 368 3013 matri
409 2958 794 3020 conveniunt,
826 2968 1029 3014 omnia
1055 2970 1119 3013 in
1149 2958 1532 3029 generatione
1551 2954 1722 3014 verbi
1754 2957 1911 3014 Patri
1932 2953 2334 3013 attribuuntur
2347 2968 2412 3013 in
2440 2967 2631 3014 sacris

195 3025 555 3107 scripturis3
600 3024 814 3083 dicitur
840 3026 1001 3084 enim
1044 3029 1216 3085 Pater
1242 3031 1302 3084 et
1328 3026 1469 3084 dare
1498 3025 1647 3084 Filio
1673 3026 1854 3085 vitam
1886 3028 1946 3083 et
1968 3025 2286 3098 concipere
2331 3028 2392 3084 et
2434 3031 2635 3099 partu·

1213 3264 1465 3331 CAPUT
1504 3266 1642 3329 XII.

692 3435 966 3489 QUOMODO
1000 3436 1189 3483 FILIUS
1222 3437 1325 3482 nm
1370 3436 1629 3482 munuli
1661 3434 1764 3482 nm
1800 3435 2134 3486 summu.

262 3588 421 3656 Quia
446 3601 588 3645 vero
619 3601 693 3646 ea
717 3601 852 3660 quae
876 3587 951 3645 de
992 3587 1282 3659 sapientia
1325 3585 1529 3644 divina
1568 3586 1848 3646 dicuntur
1874 3589 1951 3647 ad
1978 3590 2428 3663 generationem
2453 3588 2630 3650 Verbi

192 3650 577 3740 adduximus
608 3670 990 3739 consequens
1014 3664 1106 3716 est
1150 3656 1464 3715 ostendere
1505 3657 1669 3728 quod
1709 3671 1822 3784 ger
1861 3660 2121 3718 divinam
2150 3662 2523 3733 sapientiam,
2556 3674 2634 3720 ex

191 3741 374 3800 cuius
402 3741 664 3799 persona
703 3740 1015 3800 praemissa
1040 3727 1223 3786 verba
1248 3731 1684 3799 proponuntur,
1758 3728 1964 3789 erbum
1994 3731 2098 3789 Dei
2128 3731 2384 3804 intelligi
2411 3731 2628 3802 possit.

192 3799 264 3856 Et
289 3804 360 3857 ut
388 3813 424 3856 a
453 3798 632 3857 rebus
655 3798 937 3857 humanis
967 3799 1043 3857 ad
1067 3798 1403 3856 divinorum
1446 3797 1849 3879 cognitionem
1880 3801 2320 3872 perveniamus,
2351 3800 2631 3860 conside-

189 3881 328 3927 rare
356 3874 588 3941 oportet
617 3869 778 3941 quod
801 3868 1098 3942 sapientia
1122 3869 1189 3926 in
1211 3867 1457 3926 homine
1486 3868 1703 3927 dicitur
1729 3868 1972 3929 habitus
1999 3870 2241 3944 quidam
2285 3885 2407 3944 quo
2452 3884 2630 3930 mens

191 3943 409 3998 nostra
432 3938 738 4012 perficitur
760 3939 824 3997 in
846 3939 1191 4014 cognitione
1226 3937 1695 4020 altissimorum,
1726 3942 1786 3998 et
1828 3939 2176 4013 hujusmodi
2221 3945 2367 4000 sunt
2407 3942 2627 4002 divina.

192 4009 394 4079 Quum
418 4022 583 4079 vero,
623 4009 955 4068 secundum
984 4010 1294 4082 sapientiae
1319 4007 1608 4078 habitum,
1634 4022 1697 4067 in
1718 4010 2027 4071 intellectu
2057 4016 2266 4071 nostro
2295 4012 2498 4086 aliqua
2514 4013 2633 4072 for·

189 4083 396 4139 matur
419 4081 733 4152 conceptio
762 4080 836 4138 de
864 4079 1102 4150 divinis,
1136 4081 1268 4161 ipsa
1305 4079 1621 4151 conceptio
1663 4079 2025 4153 intellectus,
2068 4097 2203 4157 quae
2243 4088 2335 4141 est
2373 4084 2631 4143 interius

188 4150 466 4219 verbum,
485 4151 788 4223 sapientiae
808 4163 1027 4209 nomen
1056 4163 1325 4222 accipere
1352 4149 1527 4218 solet,
1548 4150 1879 4216 secundum
1898 4149 2070 4211 illum
2090 4153 2633 4227 modumloquendi

192 4235 317 4294 quo
349 4228 523 4302 actus
545 4227 604 4303 et
622 4220 861 4304 species
876 4219 1219 4303 nominibus
1237 4219 1545 4302 habituum
1575 4234 1613 4278 a
1629 4220 1847 4293 quibus
1866 4223 2196 4295 procedunt
2210 4225 2630 4294 nominantur;

191 4291 356 4364 quod
384 4304 548 4350 enim
569 4296 730 4363 juste
752 4290 820 4350 fit
843 4291 1139 4350 interdum
1194 4296 1398 4349 ustitia
1423 4291 1655 4360 dicitur,
1686 4296 1745 4349 et
1807 4293 1927 4352 uod
1952 4292 2018 4350 flt
2057 4294 2284 4353 sortiter
2321 4295 2629 4360 fortitudo,

191 4366 254 4420 et
279 4361 646 4436 generaliter
670 4360 833 4435 quod
850 4361 1116 4420 virtuose
1199 4366 1222 4418 t
1248 4362 1438 4419 virtus
1463 4360 1679 4418 dicitur
1702 4379 1717 4431 ;
1744 4377 1777 4419 e
1806 4404 1822 4432 ,
1848 4376 1957 4434 per
1981 4361 2145 4421 hunc
2173 4366 2437 4429 modum.
2468 4363 2631 4436 quod

195 4433 504 4505 sapienter
531 4432 903 4505 excogitatur
929 4431 1142 4491 dicitur
1182 4431 1474 4504 sapientia
1507 4430 1783 4504 alicujus.
1828 4435 1901 4491 ln
1938 4435 2062 4492 Deo
2107 4438 2304 4493 autem
2338 4432 2632 4506 sapientia

2328 4549 2390 4597 33
