3076 5025
1075 303 1210 360 un.
1251 305 1349 373 111,
1386 304 1541 361 CAP.
1580 303 1792 360 CXXXI.
2538 308 2641 369 44¹

289 426 374 485 Ad
403 425 824 498 amputandam
850 431 1050 484 autem
1078 425 1548 485 sollicitudinem
1573 425 1780 485 uxoris
1807 429 1867 483 et
1890 423 2153 484 filiorum
2197 425 2370 485 datur
2413 426 2646 486 homini

213 496 542 557 consilium
572 497 646 554 de
673 497 1011 569 virginitate
1037 497 1132 555 vel
1159 496 1525 555 continentia
1551 514 1566 552 ε
1601 495 1853 554 hincest
1876 496 2034 569 quod
2054 496 2323 559 dicitur,l
2358 497 2648 568 Corinth..

211 579 330 635 vn,
356 571 426 624 25
453 585 469 624 t
493 570 571 623 De
588 568 896 637 viminibus
924 571 1104 624 autem
1123 569 1454 639 praecepium
1495 568 1718 623 Domini
1754 582 1863 623 non
1909 567 2075 622 habeo
2099 586 2119 636 3
2148 568 2431 623 eonsilium
2470 571 2650 623 autem

212 637 327 704 do3
354 643 432 705 et,
464 635 646 708 huJus
689 636 929 695 consilii
972 639 1263 696 rationem
1294 640 1637 722 assignans,
1667 636 1889 705 subdit,
1919 637 2086 700 ibid..
2125 640 2214 701 32,
2245 641 2313 695 33
2345 655 2362 692 ε
2389 637 2495 703 Qui
2533 639 2657 694 sine

154 718 158 721 ’
211 720 388 766 uxore
414 712 510 769 est,
534 709 797 763 sollicitus
824 712 903 764 est
932 723 1052 779 quae
1075 713 1206 765 sunt
1232 711 1466 770 Domini,
1487 708 1747 778 quomodo
1771 708 1986 778 placeat
2010 710 2119 765 Deo
2146 725 2165 763 ε
2191 711 2290 778 qui
2321 713 2501 763 autem
2531 722 2651 763 cum

121 773 170 882 Ξ.
207 793 389 906 aei'iiitore
429 782 528 847 est,
565 780 834 835 sollicitus
863 783 947 836 est
979 794 1101 852 qiiae
1145 782 1275 836 sunt
1319 778 1534 847 mundi,
1573 777 1834 851 quomodo
1870 778 2090 848 placeat
2124 780 2309 847 uxori,
2346 782 2399 834 et
2440 778 2652 834 divisus

287 919 374 977 Ad
403 918 825 990 amputandam
878 926 1076 977 autem
1123 918 1593 978 sollicitudinem
1622 919 1888 978 hominis
1917 917 2095 976 etiam
2141 917 2302 976 circa
2354 918 2644 989 seipsum,
2678 917 2689 968 ἰ

216 987 397 1048 datur
423 989 746 1047 consilium
776 990 1150 1059 obedientiae,
1179 1004 1286 1062 per
1324 1003 1505 1062 quam
1552 990 1735 1048 homo
1783 989 2243 1060 dispositionem
2273 1001 2523 1047 suorum
2552 1003 2650 1048 ac·

215 1065 388 1117 tuum
420 1059 713 1130 superiori
751 1060 1068 1118 committit
1095 1078 1110 1117 ε
1138 1065 1383 1141 propter
1422 1060 1582 1134 quod
1604 1059 1840 1129 dicitur,
1873 1059 2071 1128 uelit„
2101 1059 2337 1127 ultime,
2368 1062 2432 1115 17
2469 1076 2482 1115 ε
2515 1060 2649 1116 Obe-

216 1128 334 1186 diie
356 1133 665 1200 praepositis
713 1133 906 1187 vestris
931 1136 983 1186 et
1020 1130 1291 1200 subJacete
1317 1132 1396 1187 eis
1423 1148 1442 1186 ε
1469 1132 1582 1202 ipsi
1627 1132 1769 1187 enim
1805 1130 2139 1201 percipuerit
2182 1131 2344 1200 quasi
2385 1131 2652 1187 rationem

214 1200 495 1256 reddituri
520 1215 626 1270 pro
649 1202 938 1258 animabus
969 1203 1183 1259 vestris.

293 1271 446 1339 Quia
465 1284 703 1330 summa
720 1270 1003 1342 perfectio
1024 1272 1300 1330 humanae
1325 1272 1460 1330 vitae
1484 1271 1549 1329 in
1578 1271 1693 1330 hoc
1711 1271 1991 1351 consistit
2009 1270 2169 1343 quod
2190 1283 2362 1352 mens
2382 1270 2650 1330 hominis

220 1341 347 1400 Deo
376 1345 560 1410 vacet,
587 1341 662 1399 ad
706 1342 860 1400 hanc
899 1347 1094 1401 autem
1134 1342 1352 1401 mentis
1398 1342 1766 1401 vacationem
1805 1341 2088 1414 praedicta
2129 1345 2244 1398 tria
2280 1342 2536 1399 maxime
2563 1341 2650 1400 vi-

221 1410 441 1469 dentur
474 1412 811 1483 disponere,
837 1412 1262 1470 convenienter
1308 1412 1380 1471 ad
1424 1412 1813 1484 perfectionis
1855 1416 2073 1470 statum
2125 1411 2417 1481 pertinere
2445 1412 2650 1469 viden·

219 1486 344 1550 tur,
376 1495 493 1539 non
522 1483 693 1564 quasi
724 1483 872 1554 ipsae
896 1484 1017 1541 sint
1044 1481 1582 1553 perfectiones,sed
1599 1482 1739 1555 quia
1760 1488 1902 1541 sunt
1922 1482 2354 1554 dispositiones
2378 1481 2651 1553 quaedam

222 1551 303 1611 ad
328 1553 769 1623 perfectionem,
799 1567 932 1626 quae
957 1554 1236 1612 consistit
1263 1554 1325 1611 in
1355 1554 1469 1612 lioc
1491 1553 1650 1627 quod
1682 1555 1802 1611 Deo
1831 1558 2087 1611 vacetur.
2120 1554 2189 1609 Et
2228 1551 2343 1610 hoc
2370 1564 2651 1623 expresse

220 1622 548 1681 ostendunt
572 1623 753 1681 verba
772 1623 1007 1681 Domini
1034 1629 1435 1700 paupertatem
1461 1623 1795 1692 suadentis,
1811 1636 1950 1681 cum
1973 1621 2138 1689 dicit,
2159 1622 2384 1690 matth„
2401 1634 2524 1692 xix,
2541 1627 2604 1680 21
2630 1639 2649 1680 z

218 1693 289 1752 Si
308 1694 395 1749 vis
411 1695 686 1763 perfectus
729 1709 859 1760 esse,
884 1694 1040 1757 vade,
1071 1699 1125 1750 et
1143 1695 1312 1751 vende
1339 1697 1520 1751 omnia
1547 1710 1666 1765 quae
1701 1694 1886 1764 habes,
1927 1697 1979 1750 et
2006 1693 2082 1749 da
2099 1693 2455 1763 pauperibus,
2488 1697 2542 1749 et
2566 1707 2649 1749 se-

218 1777 385 1836 quere
405 1779 491 1818 me
507 1782 526 1830 3
558 1764 730 1837 quasi
763 1766 826 1821 in
855 1777 967 1823 sua
995 1764 1238 1837 sequela
1260 1765 1684 1845 perfectionem
1712 1765 1846 1822 vitae
1873 1764 2268 1823 constituens.

292 1835 558 1892 Possunt
586 1834 764 1894 etiam
793 1834 910 1892 dici
980 1834 1324 1893 erfectionis
1351 1834 1601 1893 effectus
1629 1841 1687 1892 et
1711 1835 1905 1908 signa.
1929 1836 2074 1893 Cum
2100 1834 2260 1891 enim
2290 1847 2462 1893 mens
2478 1833 2653 1893 vehe-

219 1909 455 1962 menter
481 1917 684 1964 amore
708 1909 767 1962 et
791 1849 1090 1986 desiiferio
1111 1905 1364 1977 alicujus
1387 1905 1471 1963 rei
1493 1905 1807 1986 afficiatur,
1833 1917 2017 1963 conse
2063 1917 2214 1983 nens
2234 1909 2326 1985 est
2389 1905 2505 1962 uod
2531 1904 2652 1964 alia

216 1979 562 2055 postponat.
590 1977 672 2032 Ex
697 1977 812 2033 hoc
840 1979 1022 2049 igitur
1049 1976 1209 2048 quod
1242 1989 1412 2034 mens
1440 1976 1706 2034 hominis
1736 1988 1938 2033 amore
1958 1980 2015 2032 et
2071 1974 2328 2033 esiderio
2383 1981 2652 2034 erventer
2744 2048 2748 2052 .

219 2057 286 2102 in
311 2045 512 2103 divina
540 2046 742 2116 fertur,
779 2045 839 2103 in
870 2060 990 2119 quo
1017 2047 1441 2118 perfectionem
1469 2051 1746 2104 constare
1770 2045 2156 2104 manifestum
2185 2048 2297 2112 est,
2328 2046 2652 2118 consequi·

218 2119 320 2174 tur
343 2116 503 2188 quod
534 2117 738 2175 omnia
763 2129 896 2188 quae
922 2117 1120 2188 ipsum
1144 2121 1401 2189 possunt
1425 2117 1722 2175 retardare
1745 2116 2072 2189 quominus
2102 2116 2325 2173 feratur
2369 2116 2429 2173 in
2454 2119 2642 2175 Deum

220 2185 485 2266 abjiciat,
517 2198 636 2244 non
668 2186 864 2245 solum
892 2200 1088 2246 rerum
1147 2200 1350 2246 curam
1382 2191 1438 2245 et
1469 2188 1677 2245 uxoris
1705 2192 1764 2244 et
1786 2186 1972 2258 prolis
2014 2184 2312 2256 affectum,
2336 2186 2440 2245 sed
2471 2187 2650 2245 etiam

220 2256 516 2327 suiipsius
564 2275 581 2314 ε
634 2261 694 2315 et
735 2257 847 2315 lioc
894 2255 1239 2329 significant
1281 2258 1459 2316 verba
1519 2258 1835 2328 Scripturae
1860 2275 1877 2326 ;
1905 2256 2124 2315 dicitur
2166 2257 2347 2326 enim,
2401 2258 2649 2327 Cantic.,

218 2339 355 2397 vm,
382 2332 417 2382 7
451 2344 465 2383 :
495 2328 558 2385 Si
584 2327 794 2383 dederit
820 2328 972 2384 homo
998 2343 1203 2384 omnem
1228 2328 1592 2384 substantiam
1637 2328 1827 2384 domus
1868 2342 1983 2385 suae
2024 2327 2101 2382 ad
2132 2327 2482 2383 mercandum
2522 2328 2654 2383 dile-

219 2399 471 2466 ctionem,
573 2400 659 2454 asi
678 2398 819 2454 nibil
845 2399 1175 2469 computabit
1198 2414 1356 2464 eam3
1387 2403 1447 2456 et·
1467 2398 1691 2465 Matth„
1721 2409 1850 2464 xm,
1868 2401 1957 2462 45,
1979 2399 2049 2454 46
2080 2398 2304 2452 :Simile
2322 2401 2401 2452 est
2425 2413 2652 2466 requam

218 2468 474 2525 coelomm
568 2470 707 2524 mini
732 2471 1056 2539 nepotiatori
1083 2470 1345 2540 quai-enti·
1364 2469 1531 2526 bonas
1555 2470 1908 2537 mai-qaritas.
1926 2468 2157 2523 Inventa
2177 2469 2356 2523 autem
2379 2482 2491 2523 una
2510 2481 2653 2538 prm-

220 2541 365 2596 tiosa
389 2542 711 2608 mamarita,
742 2540 899 2604 abiit,
928 2544 983 2596 et
1017 2540 1268 2595 vendidit
1313 2542 1499 2596 omnia
1538 2553 1659 2610 quae
1705 2539 1915 2605 habuit,
1944 2541 1997 2593 et
2037 2540 2374 2606 comparavit
2400 2552 2517 2593 eam
2531 2556 2551 2604 3
2592 2543 2651 2595 et

221 2608 466 2681 Philip„
495 2624 585 2668 ιιι.
611 2615 670 2679 7,
701 2610 926 2678 8:011ae
950 2610 1090 2666 milii
1114 2609 1413 2680 aliquando
1438 2610 1670 2677 tuerunt
1710 2609 1886 2678 lucra,
1911 2608 2212 2663 arbitratus
2246 2622 2368 2664 sum
2411 2612 2475 2663 ut
2511 2612 2648 2665 ster-

220 2693 369 2749 cora,
390 2684 455 2735 ut
482 2680 753 2737 Christum
780 2681 1171 2749 lucrifacerem.
2080 2734 2097 2743 ‚i

294 2750 448 2818 Quia
474 2751 493 2807 i
540 2751 658 2808 itur
685 2750 967 2822 praedicta
991 2750 1110 2808 tria
1136 2748 1567 2822 dispositiones
1594 2749 1671 2808 ad
1708 2748 2134 2820 perfectionem
2175 2753 2318 2807 sunt
2343 2752 2405 2807 et
2458 2749 2649 2821 perfe-

222 2820 444 2879 ctionis
473 2835 504 2877 e
554 2826 720 2879 ectus
765 2827 825 2879 et
851 2821 1049 2901 signa,
1077 2822 1501 2880 convenienter
1527 2820 1630 2901 qui
1670 2818 1951 2892 praedicta
1992 2819 2109 2877 tria
2155 2820 2276 2877 Deo
2309 2826 2534 2900 ‘vovent
2584 2820 2646 2878 in

219 2895 382 2950 statu
411 2891 795 2963 perfectionis
825 2905 960 2950 esse
986 2892 1285 2950 dicuntur.
1308 2891 1599 2949 perfectio
1623 2896 1822 2948 autem
1842 2890 1916 2948 ad
1939 2902 2114 2962 quam
2140 2887 2423 2960 praedicta
2447 2890 2647 2961 dispo-

222 2967 399 3031 nunt,
429 2961 490 3018 in
518 2962 828 3020 vacatione
869 2961 1089 3019 mentis
1137 2961 1296 3019 circa
1340 2963 1522 3019 Deum
1572 2961 1893 3019 consistit:
1925 2961 2084 3019 unde
2133 2965 2191 3017 et
2231 2960 2651 3032 praedictorum

219 3032 599 3104 professores
655 3033 924 3106 religiosi
954 3032 1253 3100 dicuntur,
1285 3032 1454 3103 quasi
1487 3045 1555 3090 se
1583 3034 1704 3090 Deo
1733 3037 1794 3089 et
1834 3030 2036 3090 suain
2064 3026 2307 3089 modum
2336 3031 2649 3103 cujusdam

222 3101 503 3161 sacrificii
550 3102 917 3172 dedicanteS,
945 3107 1003 3161 et
1046 3107 1334 3175 quantum
1365 3102 1441 3160 ad
1485 3114 1585 3160 res
1631 3116 1737 3173 per
1780 3107 2214 3174 paupertatem,
2259 3106 2319 3159 et
2359 3108 2649 3183 quantum

222 3171 302 3230 ad
328 3186 548 3244 corpus
574 3187 679 3244 per
699 3171 1152 3242 continentiam,
1181 3178 1239 3230 et
1266 3178 1554 3245 quantum
1583 3173 1657 3230 ad
1686 3171 2050 3231 voluntatem
2081 3186 2185 3243 per
2223 3171 2646 3231 obedientiam.

221 3241 457 3313 Religio
504 3244 774 3386 en{m4'3n
815 3243 980 3304 cultu
1030 3243 1236 3303 divino
1282 3241 1587 3315 consistit,
1613 3248 1681 3303 ut
1731 3254 1918 3318 supra
1966 3242 2194 3303 dictum
2236 3247 2351 3302 est.
2399 3242 2443 3316 (1
2469 3247 2647 3315 part„

223 3325 286 3386 q.
315 3323 482 3385 cvm,
510 3326 578 3373 ar
606 3357 622 3373 .
692 3355 705 3369 .

2691 833 2702 863 i

1158 3487 1414 3554 CAPUT
1451 3486 1714 3554 cxxxi.
2670 3423 2689 3477 ’Β

560 3649 642 3699 1)ss
674 3649 906 3699 mou
937 3650 1386 3701 montianum
1418 3650 1841 3699 volumnum
1871 3650 2316 3702 nortuum.

294 3805 557 3864 Fuerunt
579 3808 777 3863 autem
803 3804 988 3879 aliqui
1005 3803 1369 3877 paupertatis
1389 3817 1499 3876 pro
1543 3804 1763 3863 ositum
1785 3804 2213 3877 improbantes,
2234 3809 2443 3863 contra
2470 3815 2649 3865 evan·

143 3886 152 3893 ’
224 3875 480 3948 gelicam
514 3875 844 3933 doctrinam
877 3893 893 3932 ε
926 3888 1176 3948 quorum
1218 3875 1447 3947 primus
1525 3875 1834 3947 igilantius
1862 3876 2198 3944 invenitur,
2227 3890 2404 3948 quem
2450 3882 2650 3934 tamen

268 3945 609 4004 ostmodum
640 3945 826 4017 aliqui
854 3951 997 4004 sunt
1022 3946 1232 4008 secuti,
1260 3945 1528 4004 dicentes
1572 3958 1639 4004 se
1685 3960 1820 4004 esse
1863 3947 2015 4019 legis
2040 3946 2334 4014 doctores,
2365 3961 2473 4001 non
2496 3947 2651 4003 intel·

242 4017 449 4085 iaentes
471 4031 640 4087 neque
679 4031 797 4087 quae
824 4017 1136 4086 loquuntur,
1161 4031 1332 4086 neque
1354 4016 1420 4070 de
1455 4017 1651 4086 quibus
1677 4018 1963 4087 affirmant
1988 4016 2039 4088 (1
2066 4018 2227 4083 Tim„
2264 4030 2307 4084 1,
2336 4015 2417 4089 7),
2440 4015 2544 4089 qui
2574 4015 2650 4076 ad

149 4112 162 4125 .
221 4085 344 4145 hoc
397 4086 492 4144 his
531 4092 590 4143 et
634 4086 936 4144 similibus
975 4087 1310 4145 rationibus
1355 4091 1498 4143 sunt
1530 4086 1779 4144 inducti.
1820 4086 2118 4145 Naturalis
2159 4085 2316 4143 enim
2352 4089 2648 4158 appetitus

219 4156 475 4230 requirit
505 4163 569 4214 ut
597 4157 1062 4229 unumquodque
1090 4156 1310 4214 animal
1335 4155 1450 4214 sibi
1481 4158 1785 4227 provideat
1826 4158 1888 4214 in
1920 4156 2277 4213 necessariis
2302 4170 2428 4216 suae
2464 4159 2598 4216 vitae
2628 4176 2645 4215 ε

219 4226 384 4286 unde
416 4227 698 4284 animalia
726 4241 859 4300 quae
888 4240 1008 4284 non
1081 4227 1304 4285 uolibet
1353 4232 1615 4297 tempore
1663 4226 1802 4284 anni
1837 4226 2178 4284 necessaria
2203 4227 2336 4286 vitae
2382 4230 2648 4286 invenire

219 4303 500 4370 possunt,
532 4297 790 4369 quodam
847 4241 1100 4353 naturali
1144 4297 1432 4355 instinctu
1479 4311 1552 4355 ea
1596 4310 1730 4370 quae
1776 4302 1920 4355 sunt
1959 4296 2092 4353 vitae
2138 4309 2263 4355 suae
2312 4298 2651 4358 necessaria

223 4366 746 4448 congregant-illo
788 4370 1053 4447 tempore
1076 4381 1211 4448 ‘quo
1262 4366 1517 4424 inveniri
1567 4373 1839 4438 possunt,
1870 4372 1930 4423 et
1973 4381 2045 4447 ea
2089 4376 2464 4438 conservant,
2493 4372 2649 4427 sicut

220 4442 388 4509 patet
423 4439 496 4495 de
525 4436 739 4509 apibus
766 4442 829 4494 et
858 4437 1147 4498 formicis.
1178 4438 1464 4498 Homines
1485 4444 1685 4497 autem
1709 4437 1783 4495 ad
1811 4451 1939 4496 suae
1971 4441 2108 4497 vitai
2132 4440 2646 4499 conservationem
