3076 5025
419 301 490 357 ae
1334 293 1469 350 Lis.
1511 294 1559 362 i,
1595 292 1750 349 car.
1789 291 1973 368 xxx..

421 432 600 493 quain
620 418 861 475 interea
883 414 1335 473 similitudinem
1356 412 1633 471 inveniri.
1651 415 1734 471 De
1755 417 1970 471 natura
1996 411 2157 471 enim
2185 411 2422 485 agentis
2450 414 2631 471 estut
2658 426 2856 486 agens

421 490 540 550 sibi
565 487 763 546 simile
792 491 950 557 agat,
967 498 1153 567 quum
1180 484 1645 557 unumquodque
1665 487 1805 557 agat
1833 483 2165 565 secundum
2191 483 2352 555 quod
2375 488 2509 563 actu
2530 489 2659 564 est:
2689 483 2856 541 unde

424 561 620 619 forma
663 556 932 616 efficiens
983 569 1047 613 in
1093 568 1277 613 causa
1315 554 1635 612 excedente
1688 554 1991 611 invenitur
2044 553 2284 634 quidem
2338 552 2698 634 aliqualiter,
2738 554 2853 612 sed

424 628 758 689 secundum
786 627 973 685 alium
1000 625 1244 684 modum
1269 629 1326 682 et
1352 624 1530 682 aliam
1556 624 1867 694 rationem,
1893 625 2125 683 ratione
2147 636 2322 695 cujus
2339 637 2525 681 causa
2544 636 2858 695 aequlvoca

426 700 663 759 dicitur.
688 698 788 758 Sol
835 698 994 754 enim
1022 697 1088 753 in
1120 695 1475 766 corporibus
1503 694 1895 753 inferioribus
1919 694 2180 752 calorem
2211 698 2441 762 causat,
2488 694 2723 766 agendo
2754 708 2853 753 se·

425 770 687 829 cundum
717 767 877 849 quod
905 772 1042 826 actu
1067 770 1178 825 est.
1210 766 1373 824 Unde
1403 770 1641 838 oportet
1662 764 1823 837 quod
1854 764 2019 823 calor
2041 778 2079 822 a
2106 762 2235 822 sole
2264 769 2589 836 generatus
2616 763 2854 837 aliqua-

426 841 556 898 lem
577 838 1031 897 similitudinem
1061 836 1322 895 obtineat
1351 836 1423 894 ad
1454 836 1732 895 virtutem
1762 835 2014 894 activam
2045 834 2225 915 solis,
2256 848 2363 916 per
2399 848 2576 907 quam
2599 834 2767 893 calor
2788 835 2855 892 in

428 911 566 969 istis
584 908 970 967 inferioribus
1000 911 1299 974 causatur,
1331 907 1564 965 ratione
1593 906 1765 978 cujus
1792 905 1886 963 sol
1916 905 2150 964 calidus
2171 904 2405 972 dicitur,
2432 905 2704 977 quamvis
2729 917 2855 963 non

427 993 552 1040 una
579 979 829 1042 ratione,
861 978 1034 1037 etsie
1060 978 1153 1035 sol
1179 977 1461 1035 omnibus
1489 975 1613 1035 illis
1642 976 1864 1034 similis
1890 975 2229 1049 aliqualiter
2263 974 2500 1044 dicitur,
2531 976 2593 1032 in
2630 975 2857 1048 quibus

431 1063 580 1110 suos
618 1049 867 1108 effectus
897 1046 1215 1106 efficaciter
1242 1047 1490 1110 inducit,
1523 1062 1557 1105 a
1581 1047 1800 1119 quibus
1827 1051 2026 1104 tamen
2047 1058 2259 1103 rursus
2283 1046 2565 1104 omnibus
2590 1045 2859 1104 dissimi-

430 1121 510 1179 lis
538 1126 649 1189 est,
678 1120 744 1178 iu
771 1124 1057 1193 quantum
1087 1117 1430 1190 huiusmodi
1462 1116 1712 1176 effectus
1751 1130 1872 1175 non
1905 1116 2114 1174 eodem
2148 1116 2328 1174 modo
2348 1116 2660 1187 possident
2691 1116 2858 1175 calo·

430 1205 557 1249 rem
589 1189 933 1248 hu‘usmodi
957 1202 1077 1261 quo
1107 1188 1171 1245 in
1198 1188 1667 1246 soleinveiiitur.
1700 1191 1785 1245 lta
1810 1188 1988 1245 etiam
2018 1192 2077 1244 et
2105 1189 2263 1244 Deus
2300 1199 2514 1244 omnes
2539 1187 2856 1258 perfectio·

430 1274 543 1319 nes
594 1274 656 1318 re
703 1272 772 1318 us
824 1259 1053 1327 tribuit,
1089 1272 1159 1316 ac
1198 1273 1305 1329 per
1351 1258 1467 1316 boc
1528 1272 1668 1315 cuin
1721 1258 2002 1316 omnibus
2053 1257 2509 1315 similitudinem
2565 1257 2855 1337 habetet

435 1329 993 1389 dissimilitudinem
1023 1328 1224 1386 simul.
1257 1331 1323 1385 Et
1351 1328 1489 1387 inde
1516 1334 1611 1386 est
1636 1328 1796 1401 quod
1835 1341 2004 1386 sacra
2024 1328 2324 1398 Scriptura
2347 1327 2608 1399 aliquam
2637 1328 2856 1386 simili—

430 1400 700 1459 tudinem
730 1400 884 1456 inter
910 1402 1094 1457 Deum
1125 1404 1185 1456 et
1213 1404 1544 1456 creaturam
1588 1403 2032 1466 commemorat,
2064 1402 2127 1454 ut
2163 1411 2346 1470 quum
2389 1397 2605 1454 dicitur
2637 1400 2852 1456 Genes.

433 1471 629 1543 primo
651 1471 967 1526 :Faciamus
995 1470 1261 1523 hominem
1276 1469 1351 1523 ad
1364 1471 1657 1537 iinaqinem
1682 1473 1733 1525 et
1760 1469 2172 1524 similitudinem
2194 1472 2436 1524 nostram
2466 1468 2654 1538 (Gen.,
2672 1481 2714 1538 1,
2734 1469 2850 1541 26).

433 1539 765 1624 Aliquando
794 1552 933 1596 vero
963 1538 1292 1596 similitudo
1317 1546 1568 1612 negatur
1594 1539 1925 1596 secundum
1956 1537 2101 1595 illud
2123 1538 2316 1619 Isaiae,
2344 1550 2432 1606 xi,
2466 1541 2565 1596 ¹8:
2597 1538 2699 1596 Cui
2726 1554 2856 1607 erqo

432 1612 664 1667 similem
693 1611 901 1677 fecistis
924 1612 1109 1671 Deum,
1141 1613 1238 1663 aut
1263 1624 1426 1679 quam
1460 1611 1754 1678 imaqinem
1788 1611 2004 1679 ponetis
2033 1611 2086 1663 ei
2104 1611 2133 1663 ?
2160 1613 2221 1664 et
2255 1620 2320 1665 in
2366 1610 2467 1667 Ps.
2506 1621 2734 1679 Lxxxn,
2769 1613 2807 1666 2
2836 1627 2853 1666 z

434 1683 596 1743 Deus,
627 1681 749 1750 quis
777 1679 972 1735 similis
998 1681 1102 1734 ent
1127 1679 1232 1734 tica·
1248 1681 1277 1733 r
1639 1736 1642 1737 f

507 1751 655 1807 Huic
683 1754 880 1807 autem
909 1748 1126 1806 rationi
1152 1749 1474 1820 Dionysius
1501 1749 1845 1819 concordat,
1872 1748 1972 1822 qui
2002 1749 2067 1806 in
2094 1762 2158 1806 ix
2183 1763 2313 1822 cap.
2343 1752 2423 1805 De
2450 1749 2655 1805 divinis
2682 1753 2858 1806 norni-

432 1821 594 1877 nibus
635 1818 818 1888 dicit,
868 1838 925 1869 κ»
954 1818 1158 1876 eadem
1204 1818 1429 1877 similia
1486 1824 1630 1878 sunt
1675 1821 1798 1878 Deo
1852 1825 1912 1876 et
1959 1818 2300 1887 dissimilia,
2346 1819 2572 1877 similia
2613 1819 2856 1891 quidem

435 1889 768 1948 secundum
796 1888 1189 1969 imitation-ern
1218 1889 1368 1960 ejus,
1403 1889 1506 1961 qui
1534 1903 1656 1947 non
1674 1895 1765 1948 est
1780 1889 2036 1961 perfecte
2065 1889 2396 1959 imitabilis,
2414 1889 2649 1962 qualem
2672 1889 2737 1947 in
2761 1890 2856 1948 eis

433 1959 729 2039 contingit
748 1973 913 2040 esse.
942 1958 1272 2017 Dissimilia
1300 1963 1522 2028 autem,
1548 1959 1878 2018 secundum
1905 1959 2065 2035 quod
2108 1965 2355 2018 causata
2396 1959 2617 2017 babent
2639 1959 2855 2020 minus

434 2043 568 2090 Suts
595 2042 798 2087 causis
826 2049 880 2086 ».

507 2099 846 2158 Secundum
871 2104 1068 2157 tamen
1096 2099 1251 2159 banc
1299 2099 1754 2158 similitudinem
1796 2100 2248 2159 convenientius
2292 2099 2512 2159 dicitur
2538 2101 2661 2159 Deo
2688 2113 2857 2160 crea-

434 2175 571 2228 tura
594 2169 833 2239 similis,
861 2183 1040 2242 quam
1079 2185 1111 2226 e
1142 2183 1452 2228 converso.
1479 2170 1683 2228 Simile
1710 2170 1871 2228 enim
1901 2170 2079 2228 alicui
2101 2170 2340 2241 dicitur,
2366 2170 2523 2243 quod
2556 2171 2687 2243 ejus
2714 2184 2856 2243 pos-

433 2241 593 2300 sidet
617 2240 960 2319 qualitatem
990 2240 1082 2297 vel
1106 2240 1386 2298 formam·
1462 2240 1560 2297 uia
1597 2240 1777 2312 igitur
1812 2240 1873 2298 id
1902 2240 2059 2322 quod
2090 2240 2155 2297 in
2182 2244 2300 2300 Deo
2342 2241 2601 2323 perfecte
2632 2246 2727 2300 est
2788 2242 2852 2299 in

434 2310 617 2369 rebus
662 2310 800 2368 aliis
847 2324 952 2382 per
992 2310 1308 2391 quamdam
1358 2283 1430 2367 de
1477 2310 1730 2391 cientem
1785 2311 1993 2392 pattici
2039 2311 2298 2392 ationem
2345 2312 2646 2392 invenitur
2703 2284 2860 2370 iiiuc

434 2380 766 2438 secundum
811 2380 971 2451 quod
1004 2381 1335 2438 similitudo
1372 2381 1713 2447 attenditur,
1745 2382 1847 2438 Dei
1931 2381 1989 2438 ui
2036 2394 2127 2439 em
2170 2382 2521 2452 simpliciter
2564 2387 2677 2452 est,
2727 2394 2856 2440 non

435 2454 634 2508 autem
663 2454 967 2508 creaturae.
994 2452 1062 2506 Et
1088 2451 1176 2508 sic
1204 2455 1473 2508 creatura
1502 2451 1678 2509 babet
1703 2450 1862 2524 quod
1956 2452 2008 2508 ei
2052 2457 2163 2509 est.
2209 2452 2370 2509 Unde
2419 2457 2479 2509 et
2526 2455 2648 2511 Deo
2695 2457 2856 2510 recte

434 2521 658 2579 similis
687 2521 923 2579 dicitur.
945 2523 1074 2602 Non
1096 2527 1295 2579 autem
1310 2522 1400 2579 sic
1420 2527 1616 2593 potest
1638 2521 1753 2580 dici
1781 2524 1965 2603 peum
1989 2522 2203 2581 babere
2229 2522 2391 2604 quod
2418 2528 2703 2581 creaturae
2727 2528 2855 2593 est;

432 2592 595 2649 unde
626 2605 735 2648 nec
762 2597 1186 2650 convenienter
1211 2594 1397 2650 Deum
1429 2599 1715 2650 creaturae
1742 2591 2002 2650 similem
2029 2605 2188 2663 esse,
2217 2597 2376 2651 sicut
2404 2606 2516 2650 nec
2548 2593 2856 2652 bominem

434 2660 851 2789 diciniustsuae
880 2661 1130 2735 imagini
1182 2661 1312 2721 fore
1352 2662 1637 2734 similem,
1667 2662 1766 2720 cui
1809 2667 2010 2721 tamen
2052 2663 2393 2737 suaimago
2434 2670 2594 2721 recte
2633 2663 2857 2722 similis

504 2802 689 2859 Multo
714 2801 891 2860 etiam
916 2800 1118 2859 minus
1145 2802 1383 2873 proprie
1409 2802 1629 2861 dicitur
1658 2802 1820 2877 quod
1846 2806 2006 2863 Deus
2031 2809 2318 2862 creaturae
2342 2802 2682 2862 similetur:
2712 2817 2854 2863 nam

434 2871 795 2929 assimilatio
823 2876 1047 2929 motum
1079 2870 1154 2929 ad
1206 2872 1662 2931 similitudinem
1709 2872 1873 2944 dicit,
1903 2878 1964 2931 et
2007 2873 2097 2948 sic
2141 2873 2424 2944 competit
2467 2874 2522 2932 ei
2571 2873 2731 2946 quod
2778 2875 2856 2933 ab

435 2940 557 2999 alio
587 2939 815 3011 accepit
836 2940 994 2998 unde
1023 2940 1222 2999 simile
1249 2942 1349 2999 sit.
1372 2943 1651 3001 creatura
1677 2949 1877 3001 autem
1904 2942 2123 3014 accipit
2147 2956 2184 3000 a
2209 2945 2354 3013 Deo,
2387 2944 2543 3002 unde
2581 2944 2636 3001 ei
2680 2945 2854 3002 simi-

433 3009 515 3067 lis
543 3009 641 3086 sit,
670 3022 794 3067 non
821 3015 1019 3067 autem
1047 3024 1081 3068 e
1103 3022 1416 3070 converso.
1445 3014 1580 3071 Non
1604 3012 1790 3081 igitur
1809 3015 1970 3073 Deus
1997 3017 2284 3074 creaturae
2324 3013 2705 3083 assimilatur,
2733 3014 2850 3073 sed

427 3086 624 3148 magis
649 3087 685 3132 e
712 3074 1032 3133 converso·
1066 3075 1110 3146 (l
1135 3080 1309 3145 part„
1339 3089 1399 3147 q.
1425 3089 1510 3144 iv,
1544 3082 1654 3133 art.
1688 3080 1764 3148 3.)

1404 3249 1659 3315 CAPUT
1695 3251 1883 3317 XXX,

985 3412 1115 3464 011AE
1142 3411 1374 3457 Nouum
1407 3411 1484 3457 DE
1520 3412 1638 3458 mio
1670 3412 1911 3459 Possim·
1945 3414 2290 3462 PRAEDIGARI.

500 3562 583 3616 Ex
608 3559 708 3616 bis
736 3558 912 3616 etiam
942 3556 1307 3638 considerari
1336 3561 1529 3627 potest
1557 3556 1701 3637 quid
1744 3557 1816 3636 de
1862 3559 1984 3616 Deo
2030 3557 2170 3628 dici,
2200 3559 2292 3617 vel
2318 3573 2441 3618 non
2472 3559 2588 3619 dici
2618 3560 2858 3632 possm

473 3629 647 3688 uidve
694 3629 767 3686 de
808 3642 882 3687 eo
924 3633 1153 3686 tantum
1199 3628 1450 3708 dicatur,
1502 3626 1642 3698 quid
1692 3632 1870 3684 etiam
1900 3628 1972 3686 de
2002 3631 2123 3687 Deo
2153 3629 2354 3694 simul,
2385 3638 2446 3689 et
2469 3631 2607 3689 aliis
2652 3632 2898 3692 rebu3.t

429 3644 589 3768 guia
624 3700 785 3758 enim
835 3712 1077 3757 omnem
1127 3698 1553 3769 perfectionem
1596 3702 1880 3755 creaturae
1924 3699 2108 3757 estin
2150 3702 2268 3759 Deo
2297 3701 2585 3770 invenire,
2616 3701 2724 3759 sed
2755 3715 2864 3774 pet·

431 3771 617 3828 alium
643 3769 885 3840 modum
916 3769 1392 3838 eminentiorem,
1424 3781 1815 3840 quaecumque
1845 3769 2093 3829 nomina
2118 3770 2391 3830 absolute
2432 3771 2862 3845 perfectionem

433 3840 542 3898 abs
587 3854 660 3897 ue
707 3840 938 3899 defectu
983 3840 1321 3911 designant,
1371 3837 1445 3896 de
1494 3841 1614 3919 Deo
1659 3838 2074 3920 praedicantur,
2104 3846 2163 3898 et
2188 3841 2263 3899 de
2289 3842 2429 3901 aliis
2471 3844 2671 3913 rebuS,
2701 3843 2866 3902 sicut

434 3915 526 3967 est
596 3909 816 3978 onitaS,
847 3910 1163 3984 sapientia,
1196 3922 1352 3977 esse,
1384 3914 1444 3966 et
1467 3910 1588 3966 alia
1617 3909 1983 3979 hujusmodi.
2841 3979 2848 3983 ,

503 3980 903 4050 Quaecumque
958 3994 1098 4038 vei-o
1157 3979 1403 4037 nomina
1471 3978 1816 4058 hujusmodi
1876 3980 2274 4051 perfectiones
2330 3982 2670 4054 exprimunt
2720 3995 2865 4042 cum

432 4050 615 4108 inodo
647 4051 887 4122 proprio
920 4049 1231 4119 creaturis,
1262 4050 1334 4107 de
1366 4051 1484 4106 Deo
1513 4049 1630 4106 dici
1663 4062 1784 4108 non
1814 4056 2089 4132 possunt,
2120 4051 2237 4109 nisi
2268 4066 2375 4123 per
2401 4052 2866 4112 similitudinem

435 4125 498 4178 et
545 4121 977 4191 metaphoram,
1023 4136 1129 4194 per
1170 4133 1346 4193 quam
1392 4132 1525 4200 quie
1564 4124 1709 4177 sunt
1759 4121 1940 4179 unius
1996 4134 2082 4178 rei
2136 4121 2305 4180 alteri
2346 4124 2545 4182 solent
2571 4123 2865 4205 adaptari,

434 4190 593 4249 sicut
622 4191 842 4262 aliquis
868 4191 1046 4248 bomo
1077 4191 1294 4249 dicitur
1321 4190 1473 4260 lapis
1512 4196 1751 4261 propter
1790 4190 2068 4248 duritiam
2111 4189 2471 4251 intellectus.
2503 4192 2864 4275 Huiusmodi

433 4265 641 4319 autem
679 4265 822 4319 sunt
848 4262 1053 4319 omnia
1082 4262 1329 4320 nomina
1361 4260 1641 4330 imposita
1670 4260 1743 4319 ad
1773 4260 2210 4332 designandum
2239 4264 2498 4335 speciem
2529 4277 2616 4321 rei
2649 4269 2868 4325 creatae

432 4331 593 4389 sicut
620 4332 798 4389 bomo
827 4336 886 4388 et
914 4331 1086 4402 lapis.
1120 4336 1265 4390 Nam
1308 4330 1552 4389 cuilibet
1594 4331 1816 4403 speciei
1861 4331 2119 4413 debetur·
2151 4335 2430 4405 proprius
2479 4333 2695 4393 modus
2725 4348 2865 4407 per-

342 4435 350 4443 ·
434 4401 715 4463 fectionis
743 4406 804 4460 et
828 4414 986 4462 esse.
1018 4403 1302 4462 Similiter
1327 4401 1507 4460 etiam
1537 4415 1929 4478 quaecumque
1959 4415 2205 4462 nomina
2231 4406 2625 4478 proprietates
2658 4417 2864 4466 rerum
