3076 5025
1085 290 1217 345 LIB.
1259 290 1348 357 IV,
1389 289 1540 344 CAP.
1581 289 1626 344 l.
2459 292 2563 346 487

237 413 292 471 Si
318 412 485 486 igitur
519 413 659 484 ipsae
702 413 811 471 viee
852 411 1193 483 imperfecte
1224 414 1674 491 cognoscuntur
1701 424 1738 469 a
1766 410 1964 492 nobis,
1992 411 2297 484 quomodo
2326 426 2431 484 per
2469 426 2571 471 eas

177 483 244 543 ad
269 484 503 555 perfecte
540 483 1020 556 cognoscendum
1065 483 1330 555 ipsarum
1361 494 1591 537 viarum
1618 481 1972 553 principium
2007 482 2339 563 poterimus
2370 497 2574 553 perve-

179 555 308 622 nire,
348 554 493 625 quod
540 555 668 610 sine
718 553 1094 625 proportione
1124 553 1355 610 excedit
1380 552 1509 608 vias
1550 551 1908 622 praedictas?
1932 556 2142 610 Etiam.
2175 553 2225 609 si
2252 553 2383 610 vias
2410 553 2575 624 ipsas

178 637 610 751 ἓὲξὲιὲθξειοωυε
636 624 913 696 perfecte,
946 623 1213 681 nondum
1257 629 1452 681 tamen
1481 622 1745 693 perfecta
1787 623 2066 710 principii
2105 622 2371 695 cognitio
2399 623 2575 681 nobis

237 763 372 832 Quia
395 763 572 836 igitur
594 763 809 822 debilis
838 769 963 822 erat
1005 764 1109 821 Dei
1148 762 1414 836 cognitio
1442 762 1515 819 ad
1546 776 1724 835 quam
1754 762 1937 820 homo
1968 777 2073 834 pei·
2099 763 2228 821 vias
2259 764 2575 835 praedictas

172 833 527 892 intellectuali
555 835 810 905 quodam
835 835 1013 907 quasi
1041 834 1259 891 intuitu
1290 832 1625 906 pertingere
1650 839 1902 903 poterat,
1943 848 2017 890 ex
2061 834 2575 904 superabundanti

175 903 427 972 bonitate,
473 909 534 960 ut
586 904 811 962 firmior
852 909 1012 964 esset
1052 903 1314 963 hominis
1344 902 1415 960 de
1465 906 1585 961 Deo
1634 903 1919 976 cognitio,
1954 904 2225 977 quaedam
2254 904 2327 962 de
2370 905 2574 976 seipso

173 973 488 1032 hominibus
514 975 811 1044 revelavit,
838 990 969 1048 quae
998 974 1365 1032 intellectum
1397 973 1725 1031 humanum
1751 973 2045 1031 excedunt
2066 993 2082 1038 ;
2101 974 2165 1031 in
2189 989 2309 1046 qua
2328 975 2577 1047 quidem

177 1045 503 1102 revelatione
548 1045 877 1104 secundum
915 1045 1365 1128 congruentiam
1409 1044 1688 1125 hominis.
1725 1045 1968 1117 quidam
2009 1044 2156 1102 ordo
2183 1051 2477 1116 servatur,
2510 1051 2578 1102 ut

203 1115 903 1242 'haimim-getimperfecto
933 1121 1131 1174 veniat
1156 1116 1231 1174 ad
1257 1114 1606 1188 perfectum,
1637 1120 1793 1173 sicut
1820 1113 1883 1172 in
1911 1115 2145 1174 caeteris
2172 1114 2352 1174 rebus
2380 1115 2575 1174 mobi-

253 1199 319 1242 us
335 1199 454 1242 acci
499 1201 515 1242 1
547 1229 562 1245 .

235 1256 414 1313 Primo
451 1256 633 1330 igitur
660 1257 748 1316 sic
773 1257 1008 1315 homini
1058 1257 1395 1315 revelantur
1446 1261 1511 1313 ut
1548 1260 1748 1313 tamen
1802 1270 1928 1314 non
1968 1257 2415 1331 intelligantur,
2468 1256 2580 1316 sed

173 1325 347 1383 solum
377 1327 543 1400 quasi
582 1328 785 1386 audita
808 1328 1142 1392 credantur,
1172 1327 1314 1401 quia
1353 1326 1694 1384 intellectus
1734 1326 2020 1396 hominis,
2052 1328 2383 1386 secundum
2415 1327 2578 1386 hunc

173 1400 367 1453 statum
420 1411 537 1470 quo
589 1398 980 1457 sensibilibus
1019 1405 1111 1457 est
1159 1410 1489 1465 connexuS‚
1519 1397 1595 1454 ad
1638 1412 1709 1455 ea
1737 1397 2024 1456 intuenda
2050 1412 2183 1471 quae
2206 1411 2421 1462 omnes
2444 1412 2581 1469 pro-

177 1467 456 1537 portiones
499 1482 722 1527 sensus
774 1469 1064 1527 excedunt
1117 1468 1366 1526 omnino
1423 1467 1641 1524 elevari
1696 1481 1821 1525 non
1885 1475 2120 1540 potest·
2168 1468 2296 1539 sed,
2360 1479 2499 1526 cum
2543 1482 2580 1526 a

177 1537 520 1664 {gsibiliiim
561 1539 939 1667 cgnnexione
966 1539 1147 1599 fuerit
1168 1538 1475 1608 liberatus,
1513 1542 1658 1595 tunc
1698 1539 2026 1597 elevabitur
2054 1512 2129 1597 ad
2152 1553 2230 1598 ea
2250 1553 2390 1612 quoe
2418 1553 2578 1597 reve·

283 1621 348 1664 ur
375 1622 433 1665 in
466 1624 577 1666 uen
622 1624 678 1668 a.

239 1678 320 1736 Est
344 1678 521 1751 igitur
553 1681 768 1752 triplex
795 1680 1060 1753 cognitio
1089 1678 1356 1737 hominis
1377 1678 1448 1736 de
1473 1679 1712 1739 divinis.
1744 1681 2006 1748 Quarum
2030 1680 2222 1752 prima
2246 1685 2343 1739 est
2368 1694 2581 1739 secun·

177 1744 295 1804 dum
313 1750 465 1820 quod
492 1750 673 1809 homo
701 1751 957 1808 naturali
987 1750 1210 1809 lumine
1239 1750 1489 1807 rationis
1514 1764 1621 1822 per
1637 1757 1939 1809 creaturas
1966 1751 2028 1808 in
2052 1751 2152 1808 Dei
2173 1749 2579 1824 cognitionem

175 1820 447 1889 ascendit;
490 1822 757 1879 secunda
793 1826 886 1879 est
923 1826 1098 1892 prout
1139 1820 1340 1878 divina
1379 1821 1620 1889 verim,
1653 1821 2019 1879 intellectum
2053 1822 2381 1880 humanum
2402 1835 2580 1880 exce-

174 1887 321 1959 dem,
345 1904 446 1962 per
471 1892 718 1950 modum
748 1891 1130 1949 revelationis
1162 1891 1223 1947 in
1256 1904 1368 1948 nos
1392 1890 1720 1960 descendit,
1765 1905 1885 1949 non
1916 1896 2114 1950 tamen
2139 1892 2312 1965 quasi
2332 1892 2581 1950 demon·

171 1962 334 2017 strata
359 1962 430 2019 ad
458 1963 803 2031 videndum,
832 1963 939 2020 sed
968 1961 1140 2036 quasi
1169 1975 1444 2019 sermone
1474 1962 1705 2033 prolata
1731 1961 1807 2020 ad
1831 1962 2193 2020 credendum
2224 1982 2238 2031 ;
2286 1963 2459 2020 tertia
2487 1965 2582 2021 est

169 2031 470 2159 &fundum
503 2034 665 2106 quod
693 2046 867 2092 mens
899 2033 1164 2091 bumana
1184 2032 1451 2090 elevatur
1473 2032 1552 2091 ad
1584 2047 1657 2091 ea
1680 2047 1813 2106 quae
1852 2038 1999 2091 sunt
2033 2033 2295 2092 revelata
2321 2034 2579 2106 perfecte

251 2115 352 2158 uen
396 2117 449 2161 a.

234 2172 379 2230 Hanc
403 2173 584 2254 igitur
613 2174 908 2246 triplicem
936 2173 1342 2248 cognitionem
1367 2174 1478 2232 Job
1506 2173 1565 2231 in
1596 2174 1795 2233 verbis
1830 2175 2160 2256 propositis
2192 2175 2480 2233 insinuat.
2511 2202 2584 2218 —

173 2239 322 2320 Quod
344 2258 500 2301 enim
535 2245 683 2303 dicit
711 2264 725 2302 ε
751 2246 1027 2314 Ecce,haec
1053 2260 1120 2300 eae
1139 2250 1303 2315 purte
1337 2245 1486 2300 dicta
1507 2250 1640 2301 sunt
1665 2248 1885 2302 viarum
1910 2262 2050 2316 ejus,
2080 2245 2155 2304 ad
2180 2246 2345 2303 illam
2372 2244 2582 2318 cogni-

170 2313 366 2391 tionem
392 2315 646 2385 pertinet
675 2330 797 2388 qua
843 2330 947 2386 per
990 2315 1146 2373 viam
1191 2322 1593 2373 creaturarum
1644 2315 1710 2372 in
1762 2316 1865 2373 Dei
1917 2316 2320 2389 cognitionem
2376 2321 2583 2373 noster

171 2383 480 2444 intellectus
511 2386 801 2444 ascendit.
834 2389 900 2442 Et
924 2387 1060 2458 quia
1087 2385 1201 2443 has
1240 2386 1366 2442 vias
1389 2385 1731 2456 imperfecte
1774 2386 2225 2458 cognoscimuS,
2273 2389 2431 2443 recte
2478 2385 2583 2444 ad-

170 2449 342 2523 junxit
368 2471 434 2512 ea·
453 2461 653 2528 parte3
685 2473 754 2512 eae
773 2461 938 2528 parte
961 2459 1106 2511 enim
1132 2458 1513 2524 coynoscimus,
1533 2455 1690 2514 sicut
1703 2456 2023 2582 Atssostolus
2046 2455 2207 2514 dicit.
2227 2454 2278 2536 (ζ
2292 2456 2581 2524 Gor.‚x111‚

173 2523 237 2595 9.)
260 2556 323 2566 -
347 2527 514 2594 Quod
544 2543 692 2586 vero
723 2528 922 2585 subdit
952 2545 966 2584 ε
999 2530 1070 2583 Et
1096 2542 1262 2597 quum
1287 2529 1386 2582 vix
1413 2542 1648 2607 parvam
1672 2530 1750 2582 st·
1793 2543 1881 2582 am
1921 2529 2182 2583 seimonis
2221 2542 2344 2596 equs
2393 2526 2581 2582 audie-

171 2595 340 2659 rimus,
370 2598 442 2657 ad
469 2598 801 2657 secundam
843 2597 1244 2671 cognitionem
1291 2600 1561 2667 pertinet,
1611 2600 1787 2668 prout
1833 2597 2032 2655 divina
2060 2597 2237 2654 nobis
2288 2596 2585 2655 credenda

176 2676 262 2735 per
285 2668 522 2726 modum
550 2668 874 2729 locutionis
908 2669 1278 2734 i·evelantur;
1314 2666 1446 2736 fides
1498 2666 1676 2734 enim,
1720 2670 1795 2724 .ut
1843 2667 2074 2737 dicitur,
2115 2671 2207 2724 est
2248 2683 2315 2722 ece
2362 2667 2579 2729 auditu,

180 2736 372 2793 maditus
396 2746 574 2795 autem
613 2756 721 2810 per
763 2739 983 2793 verbum
1023 2736 1251 2800 Christi,
1283 2736 1353 2794 de
1393 2750 1512 2809 quo
1561 2737 1737 2795 etiam
1779 2737 2029 2795 dicitur:
2079 2737 2373 2807 Sanctifica
2399 2753 2483 2793 eos
2524 2740 2585 2794 in

177 2809 600 2866 venatasemo
628 2816 758 2866 tuus
784 2812 986 2864 veritas
1014 2813 1111 2865 est.
1141 2808 1382 2880 (Joann.‚
1432 2820 1583 2876 xvii,
1632 2809 1742 2880 17.)
1776 2808 1866 2866 Sic
1912 2809 1928 2864 i
1978 2808 2110 2877 ‘tur,
2154 2808 2294 2880 quia
2329 2808 2585 2865 revelata

176 2877 365 2937 veritas
394 2880 464 2938 de
490 2881 711 2938 divinis
749 2893 873 2936 non
912 2878 1165 2936 videnda
1216 2877 1321 2936 sed
1350 2877 1645 2936 credenda
1724 2878 1932 2949 roponi
1962 2894 2052 2948 ur,
2087 2882 2243 2936 recte
2279 2878 2416 2935 dicit
2482 2894 2580 2933 au-

177 2944 430 3024 die-imus,
461 2952 614 3031 Quia
641 2963 784 3008 vero
813 2949 941 3031 baec
964 2920 1595 3031 ‘imperfecta-cognitio
1628 2963 1660 3005 e
1734 2949 1816 3006 uit
1853 2949 1925 3006 ab
1949 2949 2054 3006 illa
2082 2949 2340 3030 perfecta
2366 2949 2581 3029 cogni-

174 3016 314 3075 tione
342 3034 458 3092 qua
483 3022 688 3080 divina
716 3024 932 3078 veritas
957 3034 1021 3077 in
1048 3033 1135 3077 sei
1177 3032 1248 3076 sa
1274 3018 1522 3085 videtur,
1556 3019 1699 3076 dum
1728 3034 1765 3077 a
1807 3021 1926 3077 Deo
1958 3020 2151 3082 nobis,
2185 3019 2582 3077 mediantibus

174 3098 236 3143 an
278 3090 404 3158 elis,
430 3093 749 3155 revelatur,
781 3090 881 3162 qui
910 3091 1108 3147 vident
1160 3089 1345 3147 aciem
1382 3088 1592 3157 Patris,
1626 3094 1781 3147 recte
1830 3090 2101 3147 nominat
2137 3091 2374 3158 stillam
2425 3089 2583 3147 unde

175 3160 225 3214 et
280 3160 446 3218 icitur
471 3182 483 3219 :
515 3166 584 3219 In
613 3164 705 3218 die
738 3163 858 3230 illa,
887 3162 1175 3217 stillabunt
1201 3164 1402 3216 montes
1427 3160 1785 3216 dulcedinem.
1814 3160 1989 3232 (suet,
2018 3175 2106 3230 m,
2134 3161 2244 3233 18.)
2274 3161 2408 3229 Sed,
2438 3159 2585 3232 quia

173 3237 280 3285 non
307 3230 504 3291 omnia
528 3231 824 3306 mysteria·
845 3238 975 3304 quae
1001 3231 1064 3288 in
1083 3231 1276 3303 prima
1303 3230 1545 3287 veritate
1576 3230 1715 3289 uisa·
1737 3231 1932 3305 angeli
1968 3236 2030 3288 et
2062 3231 2162 3288 alii
2182 3232 2337 3289 beati
2361 3243 2586 3303 cogno-

173 3305 348 3378 scunt,
379 3304 485 3361 sed
531 3302 808 3376 quaedam
847 3316 1040 3374 pauca
1080 3302 1255 3359 nobis
1310 3301 1668 3369 revelantur,
1705 3302 2011 3387 signanter
2049 3302 2273 3359 addidit
2300 3316 2537 3372 pan-iiam
2560 3320 2580 3357 ε

172 3366 363 3428 dicitur
391 3374 551 3431 enim
582 3392 597 3432 :
632 3375 765 3442 Quis
788 3374 1160 3442 maynificabit
1177 3388 1297 3427 eum
1322 3373 1462 3428 sicut
1490 3375 1570 3427 est
1595 3372 1664 3427 ab
1693 3374 1897 3428 initio?
1918 3373 2101 3430 Multa
2122 3372 2440 3429 abscondita
2455 3374 2585 3427 simt

169 3441 364 3511 majora
392 3445 516 3511 ἤϊε,-
540 3459 731 3527 pauca
753 3445 894 3499 enim
918 3444 1156 3498 vidimus
1184 3458 1402 3512 operum
1429 3441 1548 3511 ejus
1574 3441 1785 3513 (Βοιαὶ,
1825 3455 1990 3511 ituit,
2020 3447 2109 3511 35,
2138 3443 2231 3515 36)
2256 3461 2271 3511 ς
2299 3446 2361 3499 et
2388 3441 2586 3499 Domi-

167 3521 273 3569 nus
297 3513 606 3587 discipulis
637 3513 813 3572 dicit:
841 3515 1019 3570 Multa
1043 3514 1211 3569 liabeo
1236 3514 1385 3569 vobis
1410 3513 1618 3577 dicere,-
1660 3513 1757 3569 sed
1780 3530 1888 3569 vum
1908 3517 2134 3583 potestis
2160 3518 2379 3583 poi-tare
2404 3511 2583 3568 modo.

171 3576 392 3660 Goaria„
421 3598 552 3655 xvi,
585 3584 697 3657 12.)
739 3586 870 3641 Haec
899 3585 1074 3641 etiam
1101 3598 1291 3665 pauca
1317 3598 1447 3656 quae
1479 3582 1652 3641 nobis
1700 3584 2038 3642 revelantur
2067 3584 2179 3642 sub
2224 3583 2586 3657 quibusdam

169 3653 642 3714 similitudinibus
681 3657 739 3711 et
781 3654 1241 3712 obscuritatibus
1281 3653 1814 3733 verborum‘nobis
1859 3658 2295 3726 proponuntur,
2325 3658 2391 3711 ut
2417 3652 2589 3712 adea

166 3722 2584 3866 arianzi-iia?tattiaituiitsfflsstlit'?attractatam&‘emta

159 3875 254 3941 pqr
279 3870 553 3935 speculum
581 3870 646 3922 in
666 3869 968 3936 aeniqmate.
1001 3867 1052 3940 (1
1075 3866 1222 3936 Gor„
1263 3838 1392 3934 xiii,
1426 3866 1512 3937 12)
1536 3884 1552 3933 3
1585 3865 1637 3923 si
1682 3870 1890 3925 nanter
1910 3865 2092 3940 igitur
2116 3867 2336 3924 addidit
2370 3869 2492 3935 vim,
2520 3867 2589 3924 iit

166 3929 474 3995 difficultas
500 3937 942 3995 ostenderetur.
973 3968 1043 3978 —
1070 3936 1237 4005 Quod
1268 3950 1406 3993 vero
1441 3935 1616 3993 subdi
1660 3940 1745 3995 it:
1781 3937 1912 4006 Quis
1937 3939 2139 4008 poterit
2163 3940 2590 3993 tonitr-mmmc-

163 4005 462 4071 miitudinis
491 4011 648 4064 illius
676 4010 883 4090 intueri
899 4011 930 4064 ?
950 4008 1025 4066 ad
1044 4007 1274 4089 tertiam
1302 4006 1706 4088 cognitionem
1721 4009 1993 4093 pertinet,
2020 4022 2137 4080 qua
2157 4008 2345 4091 prima
2371 4007 2586 4093 veritas

163 4077 1474 4225 {ffi‘tsitttfi‘r25:222ffi13522i3211251‘230i5?
1481 4082 1716 4204 {22'232-2.
1739 4078 2590 4229 ‘fflffiff'ssoffiss‘uffi

163 4210 366 4275 divinis
391 4219 695 4292 mysteriis
718 4219 1093 4300 percipietur,
1122 4219 1227 4301 sed
1252 4218 1386 4290 ipsa
1415 4219 1695 4290 maiestas
1739 4218 1937 4301 divina
1979 4218 2267 4278 videbitur
2303 4224 2362 4277 et
2388 4217 2586 4279 omnis

160 4280 451 4348 bonorum
483 4289 770 4362 perfectio
797 4309 810 4358 ;
845 4289 1000 4348 unde
1029 4292 1316 4348 Dominus
1345 4288 1421 4346 ad
1448 4291 1691 4362 Moysen
1720 4289 1908 4346 dixit:
1953 4293 2068 4359 qu
2112 4291 2391 4348 ostendam
2434 4302 2588 4346 omne

165 4352 350 4412 bonum
376 4361 481 4415 tibi
502 4360 727 4432 (Eccum,
771 4372 984 4441 xxxiii²
1029 4360 1154 4431 19);
1193 4363 1349 4418 recte
1394 4373 1536 4432 ergo
1584 4359 1719 4417 dicit
1751 4361 2174 4430 maqnitudinis.
2215 4364 2347 4419 Non
2389 4364 2589 4438 autem

162 4433 524 4499 proponetur
559 4431 777 4490 veritas
819 4430 1047 4489 homini
1088 4430 1386 4504 aliquibus
1420 4429 1813 4489 velaminibus
1859 4432 2175 4504 occultata,
2204 4433 2311 4491 sed
2342 4440 2587 4488 omnino
