3076 5025
1116 370 1249 428 LIB.
1287 370 1359 440 11,
1399 369 1552 427 CAP.
1593 372 1818 430 Lxxin.
2570 378 2670 435 201

262 488 416 561 quod
455 489 537 547 sit
580 489 775 562 magis
821 488 1025 559 unita3
1056 494 1114 547 et
1155 502 1227 545 ex
1274 488 1390 547 boc
1439 489 1709 548 videmus
1737 491 1899 563 quod
1937 504 2097 551 unus
2124 491 2465 551 intellectus
2496 493 2677 553 habet

253 559 542 631 judicium
588 560 661 617 de
708 560 961 619 diversis
1008 558 1328 633 generibus
1373 559 1751 619 sensibilium
1779 575 1912 633 quae
1956 562 2031 619 ad
2059 562 2328 621 diversas
2374 565 2673 634 potentias

257 629 576 688 sensitivas
630 630 967 702 pertinent;
1016 628 1184 710 unde·
1223 628 1492 701 accipere
1516 643 1845 711 possumus
1893 632 2053 704 quod
2084 646 2121 689 o
2164 632 2463 692 erationes
2493 635 2676 705 perii-

256 706 465 758 nentes
520 700 592 759 ad
646 700 912 760 diversas
961 707 1260 773 potentias
1320 700 1640 758 sensitivas
1693 701 1755 758 in
1801 713 1924 760 uno
1968 701 2112 759 intel
2141 707 2273 760 ectu
2313 703 2653 763 adunantur

256 770 657 829 Potentiarum
709 770 1376 853 autem-sensitivarum
1404 769 1676 852 quaedam
1709 771 2002 853 recipiunt
2027 776 2278 842 tantum,
2308 777 2376 831 ut
2414 747 2677 857 sensus}

298 840 525 899 uaedam
584 847 779 899 autem
831 846 1107 910 retinent,
1139 845 1206 898 ut
1246 854 1367 898 ima
1410 845 1600 898 inatio
1653 845 1713 899 et
1748 853 2072 899 memoria:
2104 842 2262 900 unde
2306 848 2366 900 et
2406 843 2674 903 thesauri

254 854 556 991 aicuntur.
583 914 833 1038 {Jportet
857 912 1041 985 igitur
1068 910 1226 985 quod
1257 910 1381 968 inte
1408 911 1601 970 lectus
1627 910 1939 984 possibilis
1969 917 2029 969 et
2052 911 2300 984 recipiat
2338 916 2400 971 et
2424 915 2675 974 retineat

278 994 370 1040 am
405 996 541 1039 rece
608 996 663 1039 a.

249 996 273 1052 ³
320 996 598 1123 Amplizg,
631 1052 695 1109 iii
723 1050 902 1111 rebus
927 1049 1301 1109 naturalibus
1327 1064 1544 1110 vanum
1575 1055 1667 1109 est
1694 1051 1890 1110 dicere
1918 1052 2077 1126 quod
2106 1053 2168 1112 id
2197 1054 2270 1112 ad
2290 1053 2451 1127 quod
2477 1068 2678 1127 perve-

254 1122 416 1181 nitur
443 1136 551 1203 per
578 1126 804 1180 motum
838 1135 961 1179 non
989 1126 1350 1202 permaneat,
1383 1121 1487 1202 sed
1538 1123 1737 1181 statim
1779 1135 1915 1181 esse
1954 1121 2219 1192 desinat3
2249 1130 2490 1196 propter
2513 1125 2677 1198 quod

252 1192 1691 1333 {5¹³³satissatis”astaretis
1711 1192 2675 1337 agisegigsitispiiirs

252 1334 376 1390 inte
403 1334 559 1391 lectu
589 1333 868 1405 possibili
898 1346 1022 1391 non
1054 1338 1461 1390 conservetur.

319 1404 539 1473 Adhuc,
576 1404 651 1474 si,
682 1419 754 1461 ex
780 1402 1296 1475 phantasmatibus
1365 1417 1455 1460 uae
1485 1402 1713 1461 suntin
1748 1402 1947 1473 nobis,
1972 1403 2313 1463 intellectus
2365 1404 2674 1476 possibilis

253 1486 374 1532 non
403 1474 618 1546 recipit
654 1474 887 1556 aliquas
916 1473 1150 1545 species
1196 1472 1340 1529 intel
1367 1473 1627 1546 igibiles,
1657 1473 1799 1545 quia
1831 1474 1953 1547 jam
1985 1475 2206 1547 recepit
2234 1489 2271 1532 a
2293 1474 2675 1547 phantasma-

251 1544 414 1602 tibus
443 1558 651 1603 eorum
676 1559 779 1618 qui
802 1545 1043 1603 suerunt
1063 1547 1199 1601 ante
1214 1555 1349 1612 noS‚
1364 1544 1490 1615 pari
1523 1543 1754 1602 ratione
1774 1558 1809 1603 a
1834 1544 2137 1604 nullorum
2159 1545 2676 1617 phantasmatibus

250 1613 486 1687 recipit,
517 1628 672 1688 quos
708 1615 809 1673 alii
843 1618 1296 1687 praecesserunt.
1327 1613 1439 1672 Sed
1468 1613 1769 1687 quoslibet
1799 1614 1985 1687 aliqui
2012 1615 2115 1674 alii
2145 1622 2599 1698 praecesserunt,
2622 1617 2676 1675 si

255 1684 520 1744 mundus
554 1691 811 1766 aeternus
858 1690 970 1753 est,
1002 1688 1068 1743 ut
1108 1690 1359 1756 ponunt.
1389 1687 1704 1765 Nunquam
1754 1685 1775 1743 i
1821 1685 1938 1743 itur
1983 1685 2324 1746 intellectus
2362 1686 2676 1768 possibilis

252 1755 470 1827 recipit
515 1756 749 1837 aliquas
794 1756 1028 1827 species
1074 1768 1111 1812 a
1150 1753 1711 1840 phantasmatibus;
1786 1761 1984 1815 rustra
2023 1757 2043 1814 i
2093 1757 2209 1814 'tur
2234 1764 2477 1830 ponitur
2502 1757 2676 1816 intel-

253 1827 450 1884 lectus
489 1826 564 1884 ab
599 1826 911 1886 Aristotele
939 1825 1039 1898 (De
1064 1841 1271 1895 anima,
1298 1838 1386 1895 111,
1417 1829 1560 1883 text.
1591 1838 1807 1885 comm.
1840 1826 1928 1900 18)
1953 1831 2020 1886 ut
2078 1827 2233 1886 aciat
2258 1829 2675 1900 phantasmata

251 1910 390 1955 esse
420 1896 831 1970 intelligibilia
859 1903 1015 1955 actu.

318 1970 609 2037 Praei-ea,
640 1981 712 2024 ex
757 1967 872 2025 hoc
899 1966 1133 2025 videtui·
1157 1979 1224 2024 se
1268 1966 1329 2024 ui
1360 1967 1519 2039 quod
1551 1965 1890 2027 intellectus
1916 1969 2231 2041 possibilis
2259 1982 2379 2028 non
2413 1968 2536 2026 indi
2583 1973 2679 2028 eat

251 2037 777 2119 phantasmatibus
804 2036 878 2094 ad
905 2036 1212 2110 intelligen
1259 2049 1378 2093 uin.
1411 2039 1543 2096 Non
1573 2043 1767 2096 autem
1798 2052 1902 2110 per
1930 2040 2295 2102 intellectum
2324 2040 2553 2112 possibi
2582 2052 2678 2098 em

251 2108 675 2182 intelligimus,
701 2111 900 2181 Neque
928 2108 1111 2181 igitur
1124 2119 1238 2166 nos
1262 2121 1444 2166 sensu
1466 2114 1524 2166 et
1547 2108 1960 2180 phantasmate
1981 2110 2384 2184 indigebimus
2413 2109 2486 2168 ad
2510 2109 2679 2168 intel·

251 2178 598 2251 ligendum3
643 2178 802 2251 quod
846 2183 936 2235 est
984 2176 1298 2237 manifeste
1344 2177 1564 2237 falsum
1610 2184 1670 2237 et
1696 2185 1904 2238 contra
1953 2183 2311 2239 sententiam
2340 2180 2677 2240 Aristotelis

249 2249 347 2321 (De
369 2251 579 2318 anima,
609 2262 696 2313 ιιι,
729 2254 870 2306 text.
895 2261 1111 2306 comm.
1141 2248 1253 2320 39).

320 2320 380 2377 Si
426 2325 624 2378 autem
659 2319 889 2377 dicatur
916 2318 1074 2392 quod
1120 2318 1248 2390 pari
1277 2319 1508 2377 ratione
1536 2333 1659 2377 non
1706 2320 2114 2393 indigeremus
2144 2322 2561 2394 phantasmate
2598 2319 2676 2381 ad

251 2389 759 2449 considerandum
790 2404 859 2447 ea
887 2403 1139 2461 quorum
1184 2390 1417 2460 species
1463 2390 1653 2447 intelli
1699 2389 1875 2448 ibiles
1903 2396 2046 2449 sunt
2093 2393 2155 2448 in
2194 2392 2501 2450 intellectu
2531 2404 2676 2449 con-

250 2467 525 2533 servatae,
558 2460 790 2542 etiamsi
842 2460 1188 2542 intellectus-
1215 2459 1537 2541 possibiles
1567 2460 1664 2519 sin
1731 2460 1935 2533 plures
1980 2462 2045 2519 in
2073 2461 2326 2521 diversis
2354 2460 2534 2535 (quod
2581 2466 2676 2521 est

251 2537 466 2591 contra
518 2530 890 2590 Aristotelem
918 2575 932 2601 ,
985 2544 1088 2604 qui
1132 2531 1277 2589 dicit
1332 2530 1430 2615 (De
1481 2534 1669 2587 anima
1689 2573 1706 2600 ,
1758 2545 1849 2602 iii,
1899 2537 2042 2590 text.
2090 2546 2308 2591 comm.
2365 2535 2456 2604 30)
2514 2532 2677 2604 quod

249 2617 600 2731 ggqviiiggigam
627 2604 742 2658 sine
762 2602 1147 2673 phantasmate
1171 2601 1428 2670 intenzqit
1443 2602 1675 2674 anima),
1691 2606 1850 2672 patet
1871 2602 2032 2674 quod
2047 2615 2171 2660 non
2198 2608 2290 2660 est
2310 2603 2675 2661 conveniens

453 2689 471 2730 i
522 2715 534 2729 .

323 2743 669 2802 Intellectus
722 2742 882 2800 enim
935 2740 1270 2813 possibilis,
1323 2740 1480 2799 sicut
1529 2746 1590 2797 et
1639 2740 1917 2813 quaelihet
1970 2740 2339 2812 substantia,
2397 2747 2677 2814 operatur

252 2813 587 2872 secundum
609 2813 851 2871 modum
878 2826 1002 2870 suae
1024 2817 1270 2869 naturae.
1293 2810 1631 2869 Secundum
1652 2816 1849 2869 autem
1876 2816 2150 2871 naturam
2171 2826 2341 2871 suain
2364 2819 2457 2871 est
2484 2812 2675 2870 fornia

251 2884 562 2957 corporis3
598 2882 751 2942 unde
779 2882 1060 2955 intelligit
1089 2881 1326 2955 quidem
1356 2881 1792 2952 immaterialia,
1838 2882 1946 2942 sed
1981 2883 2228 2956 inspicit
2268 2884 2431 2942 eain
2470 2883 2673 2955 aliquo

251 2954 586 3024 materiali;
618 2953 790 3025 cujus
834 2953 1078 3026 signum
1105 2958 1197 3010 est
1230 2951 1411 3025 quod,
1465 2951 1524 3010 in
1556 2951 1847 3012 doctrinis
1892 2954 2353 3018 universalibus,
2403 2953 2677 3025 exempla

248 3025 635 3098 particularia
661 3030 984 3096 ponuntur,
1015 3024 1077 3080 in
1115 3094 1125 3104 ο
1151 3020 1327 3104 uibus
1398 3023 1514 3081 uod
1540 3022 1756 3081 dicitur
1781 3024 2154 3096 inspiciatur.
2174 3025 2305 3083 Alio
2330 3039 2472 3098 ergo
2492 3023 2673 3082 modo

251 3110 321 3154 se
351 3096 531 3155 babet
575 3096 913 3153 intellectus
962 3106 1128 3165 possi
1175 3093 1275 3152 ilis
1323 3107 1358 3151 a
1424 3094 1780 3165 phantasma
1808 3109 1928 3168 quo
1957 3096 2208 3168 indiget,
2238 3101 2374 3155 ante
2412 3094 2671 3167 speciem

251 3164 714 3247 intelligibilem,
733 3170 790 3223 et
815 3166 934 3223 alio
958 3164 1139 3224 modo
1159 3168 1475 3246 postquam
1501 3165 1723 3247 recepit
1749 3166 2007 3292 speciem
2030 3165 2468 3239 intelligibilem
2489 3183 2505 3235 ;
2536 3170 2673 3223 ante

252 3238 412 3296 enim
441 3236 673 3309 indiget
699 3250 771 3294 eo
800 3241 866 3293 ut
899 3235 973 3294 ab
1001 3248 1076 3293 eo
1103 3241 1354 3307 accipiat
1381 3248 1643 3306 speciem
1671 3240 1794 3293 inte
1821 3236 2108 3310 ligibilem
2134 3255 2148 3307 ;
2179 3236 2338 3294 unde
2382 3249 2448 3294 se
2496 3235 2672 3293 habet

252 3307 328 3366 ad
374 3307 741 3364 intellectum
769 3305 1120 3378 possibilem
1161 3310 1226 3365 ut
1253 3304 1550 3378 obiectum
1585 3319 1868 3376 movens3
1896 3306 2025 3376 sed,
2054 3311 2191 3379 post
2222 3305 2482 3377 speciem
2507 3305 2573 3361 in
2600 3317 2673 3363 eo

252 3383 572 3450 receptam,
605 3377 833 3450 indiget
878 3390 949 3434 eo
978 3376 1150 3449 quasi
1189 3376 1588 3434 instrumento
1636 3376 1761 3434 sive
1806 3376 2194 3435 fundamento
2239 3390 2364 3434 suae
2408 3375 2670 3446 speciei3
2780 3433 2786 3438 ,

252 3447 412 3506 unde
450 3462 518 3506 se
564 3447 741 3505 habet
780 3446 855 3505 ad
896 3446 1312 3518 phantasmata
1354 3446 1512 3505 sicut
1556 3460 1739 3504 causa
1784 3446 2085 3517 efficien83
2136 3446 2464 3506 secundum
2513 3446 2669 3502 enim
2777 3499 2782 3512 ,

249 3516 1289 3669 {3'111’051323'1'2}nlssltifi‘giii1i?¹¹1¹l³¹l¹{
1291 3533 1344 3645 0¹
1351 3518 2674 3670 Ἰέεἳέῗὲὲὲἓξιῗεῖῖοῖἓέᾞὲῗέἠῗςῑὶῖιῖἔᾛέῖᾊῗ

185 3709 194 3716 ,
254 3661 555 3731 exemplar
599 3672 664 3714 in
709 3658 1041 3729 exemplato
1094 3671 1219 3716 sive
1269 3671 1332 3715 in
1379 3670 1663 3730 imagine.
1696 3659 1756 3715 Si
1795 3671 1938 3731 ergo
1980 3658 2316 3716 intellectus
2360 3655 2672 3736 possibilis

254 3743 491 3802 semper
517 3729 831 3787 habuisset
859 3728 1111 3800 specieS,
1137 3741 1442 3801 nunquam
1478 3734 1922 3800 compararetur
1948 3728 2023 3787 ad
2050 3729 2466 3801 phantasmata
2517 3733 2675 3784 sicut

255 3801 552 3872 recipiens
579 3799 652 3857 ad
678 3799 970 3872 objectum
1000 3798 1308 3856 motivum.
2180 3836 2189 3846 .

319 3872 474 3939 item,
518 3870 856 3929 intellectus
883 3868 1196 3941 possibilis
1226 3874 1319 3927 est
1345 3882 1464 3942 quo
1497 3870 1699 3928 anima
1720 3875 1779 3927 et
1796 3869 1979 3930 homo
2006 3868 2307 3942 intelligit,
2339 3868 2669 3928 secundum

253 3941 646 4000 Aristotelem.
674 3941 731 4000 Si
758 3946 953 3998 autem
982 3939 1321 3997 intellectus
1350 3939 1663 4011 possibilis
1687 3945 1778 3998 est
1810 3954 1969 3999 unus
1997 3942 2265 3998 omnium
2292 3954 2361 3998 ac
2388 3946 2668 4008 aiterum,

256 4016 487 4083 oportet
513 4012 673 4085 quod
700 4011 764 4068 in
791 4011 925 4082 ipso
945 4010 1069 4083 jam
1101 4009 1224 4069 sint
1251 4015 1500 4082 receptae
1530 4023 1742 4069 omnes
1770 4011 2002 4084 species
2022 4010 2433 4085 intelligibiles
2463 4024 2667 4069 eorum

211 4131 222 4159 ‚
256 4095 385 4153 quae
430 4096 468 4140 a
510 4081 874 4155 quibuslibet
929 4079 1276 4139 hominibus
1325 4086 1465 4137 sunt
1507 4081 1660 4139 scita
1712 4082 1805 4139 vel
1859 4082 2116 4140 fuerunt.
2177 4081 2437 4151 Quilibet
2489 4081 2671 4162 igitur

256 4157 522 4210 nostrum
564 4153 664 4225 qui
695 4166 799 4222 per
826 4151 1190 4210 intellectum
1235 4149 1584 4223 possibilem
1633 4151 1821 4208 intelli
1874 4152 1934 4223 ·t,
1966 4153 2089 4210 imo
2127 4152 2298 4225 cujus
2337 4152 2671 4225 intelligere

258 4226 349 4280 est
373 4222 572 4294 ipsum
601 4222 934 4303 intelligere
964 4223 1305 4304 intellectus
1330 4220 1663 4292 possibilis,
1687 4165 1979 4295 inteffilget
2006 4223 2209 4280 omnia
2236 4237 2368 4296 quae
2407 4228 2549 4281 sunt
2575 4220 2669 4279 vel

259 4291 499 4350 fuerunt
519 4306 554 4350 a
581 4292 1056 4365 quibuscumque
1084 4291 1386 4350 intellecta
1409 4309 1427 4373 5
1454 4292 1614 4364 quod
1641 4297 1800 4363 patet
1828 4305 1963 4350 esse
1988 4291 2228 4350 falsum.

325 4363 409 4419 Ad
426 4363 541 4421 hoc
568 4369 762 4421 autem
786 4365 1225 4422 commentator
1241 4362 1560 4434 praedictus
1587 4361 1926 4434 respondet,
1962 4361 2167 4421 dicens
2202 4365 2300 4435 (De
2336 4364 2539 4424 anima,
2578 4375 2668 4433 111,

258 4436 395 4490 text.
426 4446 642 4491 comm.
675 4437 728 4506 5)
757 4435 916 4507 quod
962 4447 1076 4493 nos
1117 4446 1241 4491 non
1286 4432 1680 4514 intelligimus
1732 4446 1836 4504 per
1882 4433 2246 4492 intellectum
2294 4430 2669 4504 possibilem,

259 4503 375 4561 nisi
397 4503 725 4562 secundum
754 4505 912 4577 quod
941 4504 1324 4565 continuatur
1349 4504 1526 4562 nobis
1555 4517 1661 4576 per
1679 4509 1887 4563 nostra
1911 4505 2365 4576 phantasmata5
2396 4505 2455 4559 et
2482 4501 2662 4572 quod.
