3076 5025
362 244 468 299 402
1209 232 1343 289 Lm.
1384 232 1480 293 111,
1522 231 1676 287 GAP.
1717 231 1934 288 mlv.

366 363 524 420 sicut
552 360 742 416 forma
769 356 1051 414 materiae.
1080 354 1368 412 Voluntas
1411 353 1597 425 igitur
1644 366 1765 410 non
1812 341 2223 424 consequetur*
2260 349 2540 407 ultimum
2589 347 2793 413 finem.

365 431 488 490 nisi
532 430 710 487 fuerit
743 427 1036 499 disposita
1087 426 1531 483 convenienter.
1564 424 1913 503 Disponitur
1960 427 2155 480 autem
2184 421 2255 478 ad
2301 419 2479 478 finem
2513 419 2797 501 voluntas

365 516 474 585 per
508 499 899 581 intentionem
927 502 985 554 et
1013 495 1378 579 desiderium
1406 493 1567 552 finis.
1599 498 1730 552 Non
1766 494 1951 566 igitur
1973 497 2375 564 consequetur
2402 489 2586 548 finem
2623 504 2793 563 quus

367 567 838 702 lmffgtgrgz,fi?ne
865 572 1168 710 {ignqtgg
1197 640 1341 717 sunt
1367 634 1644 693 ordinata
1684 633 1758 691 ad
1787 633 1989 703 finem,
2008 633 2150 690 talis
2178 632 2467 691 habitudo
2494 631 2811 713 invenitus

366 711 552 787 quod,
578 712 632 770 si
678 710 820 767 finis
870 714 963 766 est
1001 708 1091 765 vel
1144 713 1274 777 erit,
1316 719 1565 763 necesse
1616 709 1709 763 est
1753 719 1826 763 ea
1892 719 1983 785 uae
2027 710 2171 786 sunt
2213 703 2287 784 ad
2335 701 2512 784 apem
2557 703 2799 783 foreat

369 788 568 844 autem
598 795 670 839 ea
696 795 828 852 quae
859 784 1001 837 sunt
1038 777 1112 836 ad
1139 777 1314 834 finem
1347 790 1472 834 non
1499 781 1662 844 sunt,
1696 788 1807 832 nec
1898 788 1994 832 nis
2023 780 2166 843 erit;
2199 787 2251 832 si
2295 788 2455 831 emm
2488 772 2637 832 finis
2665 786 2801 830 esse

369 858 590 983 ffitest,
640 851 818 932 etiam
874 863 998 930 non
1047 848 1444 929 existentibus
1496 847 1620 904 illis
1666 860 1800 918 quae
1843 851 1988 902 sunt
2030 844 2105 902 ad
2152 844 2353 911 finem,
2407 845 2634 901 frustra
2702 857 2805 914 per

371 915 2669 1069 hoffisstssffosstt-‘ltffiiffi‘ttl2¹:312bflss‘gssitlztitrsss‘t'tptssssaffiisz„
2684 912 2801 1053 Ἓξ

373 1063 763 1135 consequitur
800 1074 975 1120 suum
1005 1061 1280 1141 ultimum
1310 1057 1512 1139 finem,
1535 1073 1656 1140 qui.
1687 1064 1781 1139 est
1807 1058 2084 1138 felicitas.
2115 1057 2175 1112 St
2225 1069 2368 1128 ergo
2398 1056 2628 1137 aliquis
2653 1067 2801 1113 con·

371 1140 470 1193 tra
503 1135 780 1191 virtutem
852 1138 1010 1204 agat,
1056 1131 1131 1188 ab
1178 1136 1508 1187 intentione
1550 1129 1746 1188 ultimi
1791 1126 1933 1186 finis
1982 1140 2253 1197 aversus,
2299 1139 2673 1184 conveniens
2714 1129 2805 1183 est

378 1205 540 1278 quod
565 1203 778 1261 ultimo
806 1201 924 1262 fine
951 1201 1232 1273 privetur.

449 1276 598 1332 Hinc
624 1280 715 1332 est
765 1273 923 1346 quod
955 1272 1171 1329 dicitur
1201 1290 1214 1328 :
1246 1271 1516 1327 Discedite
1542 1286 1580 1325 a
1600 1285 1702 1333 me,
1728 1284 1908 1326 omnes
1957 1271 2058 1339 qui
2104 1268 2408 1340 operoent'ni
2430 1268 2806 1338 mm.

378 1344 603 1417 (Psatm.
629 1358 718 1414 u,
745 1348 811 1414 ῦς
840 1349 902 1402 et
922 1343 1147 1413 natta„
1171 1354 1282 1411 vn,
1309 1340 1426 1412 23.)

1324 1551 1577 1613 CAPUT
1649 1549 1899 1613 CXLIV.

735 1723 888 1777 QUOD
923 1723 1037 1769 Pmt
1069 1721 1373 1768 mecam
1406 1720 1679 1765 Monuni:
1714 1720 1928 1766 m‘rmo
1963 1719 2097 1765 FINE
2132 1719 2362 1772 motus
2399 1718 2463 1765 m

1277 1808 1571 1854 mm
1604 1808 1917 1854 Parum.

453 1975 696 2099 §Roget
735 1976 932 2029 autem
962 1971 1118 2028 hanc
1162 1984 1398 2041 poenam
1441 1986 1562 2043 qua
1593 1971 1730 2043 quis
1756 1971 2021 2042 privatur
2061 1970 2272 2028 ultimo
2300 1969 2419 2027 fine
2459 1982 2600 2027 esse
2628 1968 2811 2029 inter·

384 2057 510 2102 mm
633 2055 752 2098 em.
1367 2075 1378 2082 -

457 2112 712 2170 privatio
732 2111 889 2168 enim
919 2109 1173 2169 alicu'us
1201 2125 1322 2169 non
1344 2117 1432 2170 est
1460 2111 1576 2168 nisi
1608 2111 1849 2183 quando
1878 2118 2083 2168 natum
2110 2118 2205 2169 est
2229 2110 2434 2169 baberi
2460 2128 2474 2179 ;
2500 2124 2624 2169 non
2648 2111 2811 2169 enin

384 2183 620 2240 catulus
661 2196 802 2240 mox
841 2186 1019 2240 natus
1065 2126 1282 2239 dicitur
1307 2184 1440 2240 visu
1468 2183 1754 2253 privatus.
1782 2182 2063 2239 Ultimum
2112 2188 2310 2240 autem
2348 2179 2529 2238 finem
2566 2195 2693 2239 nou
2719 2186 2815 2239 ea

386 2254 567 2311 homo
606 2260 780 2333 aptus
809 2258 987 2309 natus
1015 2254 1300 2325 consequi
1332 2253 1396 2310 in
1424 2253 1535 2309 bac
1562 2253 1702 2321 vita,
1731 2258 1796 2310 ut
1836 2252 2149 2323 probatum
2181 2258 2272 2309 est
2300 2251 2373 2323 (c.
2399 2253 2514 2324 45).
2549 2252 2817 2310 privatio

387 2338 530 2394 ergo
561 2323 906 2394 buJusmodi
953 2321 1095 2380 finis
1146 2329 1379 2394 oportet
1405 2322 1563 2404 quod
1592 2323 1668 2379 sit
1708 2337 1885 2394 poena
1992 2328 2050 2380 st
2098 2323 2253 2380 banc
2297 2322 2499 2378 vitam.
2530 2323 2645 2380 Sed
2678 2326 2816 2394 post

385 2394 541 2454 Itane
587 2395 770 2452 vitam
821 2406 943 2450 nou
969 2399 1236 2450 remanet
1286 2394 1513 2451 homini
1543 2393 1792 2451 facultas
1847 2407 1883 2452 a
1925 2393 2215 2465 ipiscendi
2262 2392 2540 2449 ultimum
2592 2391 2807 2460 fluem;

386 2465 588 2523 anima
613 2464 774 2522 enim
804 2462 1032 2536 indiget
1056 2477 1301 2535 corpore
1326 2465 1400 2523 ad
1430 2464 1918 2523 consecutionem
1965 2464 2060 2524 sui
2092 2463 2252 2532 finis,
2283 2463 2344 2521 in
2382 2468 2677 2537 quantum
2706 2477 2813 2536 per

388 2548 608 2607 corpus
644 2535 1066 2606 perfectionem
1098 2536 1373 2605 acquirit,
1404 2541 1464 2593 et
1491 2536 1557 2592 in
1594 2536 1846 2594 scientia
1873 2542 1931 2593 et
1961 2536 2023 2593 in
2051 2536 2304 2603 virtute;
2336 2535 2539 2593 anima
2585 2541 2809 2603 autem,

383 2611 702 2678 postquam
754 2605 931 2663 fuerit
957 2619 995 2662 a
1039 2619 1287 2676 corpore
1329 2612 1623 2679 separata,
1652 2620 1777 2664 non
1822 2606 1971 2663 redit
2009 2607 2224 2663 iterum
2272 2604 2347 2663 ad
2394 2605 2556 2663 bunc
2588 2610 2810 2663 statum

386 2675 544 2747 quod
572 2690 678 2747 per
703 2688 921 2746 corpus
950 2675 1370 2746 perfectionem
1394 2677 1666 2747 accipiat,
1690 2678 1845 2734 sicut
1863 2676 2142 2734 dicebant
2158 2677 2811 2757 transcorporationem

384 2752 699 2826 ponentes,
730 2753 936 2804 contra
965 2760 1139 2827 quos·
1162 2749 1440 2819 superius
1471 2748 1835 2874 disgutatum
1877 2752 1986 2804 est.
2021 2750 2277 2805 Necesse
2319 2753 2411 2804 est
2435 2747 2623 2817 igitur
2648 2746 2813 2818 quod

384 2815 487 2872 ille
515 2817 612 2888 qui
645 2817 754 2943 htac
782 2830 960 2888 poena
996 2824 1262 2889 punitur,
1293 2819 1506 2876 ultimo
1598 2831 1671 2874 ne
1716 2818 1979 2889 privetur
2021 2823 2081 2875 et
2114 2818 2179 2874 in
2228 2823 2515 2875 aeternum
2542 2818 2815 2888 privatus

339 2900 350 2905 ·
385 2900 665 2944 remanea
693 2929 708 2944 .

453 2958 672 3019 Adhuc,
702 2957 756 3014 si
780 2957 918 3028 quis
945 2956 1211 3028 privatur
1231 2971 1304 3015 eo
1333 2958 1491 3030 quod
1515 2957 1695 3015 estin
1726 2963 1941 3015 natura
1977 2957 2109 3029 ejus
2148 2963 2215 3015 ut
2241 2957 2551 3026 habeatur,
2582 2959 2813 3029 impos·

385 3026 558 3084 sibile
590 3033 681 3084 est
718 3025 868 3083 illud
897 3028 1178 3099 reparari,
1209 3028 1327 3085 nisi
1370 3028 1470 3085 fiat
1506 3029 1793 3085 resolutio
1822 3030 1886 3085 in
1930 3029 2340 3100 praejacentem
2380 3030 2715 3099 materiam,
2744 3033 2815 3085 ut

383 3097 602 3177 iterum
652 3096 813 3154 aliud
844 3097 916 3155 de
961 3112 1117 3156 novo
1147 3104 1484 3179 generetur,
1514 3099 1671 3156 sicut
1700 3113 1884 3171 quum
1932 3099 2156 3157 animal
2203 3099 2419 3157 amittit
2465 3101 2663 3157 visum
2706 3104 2812 3157 aut

385 3167 567 3248 alium
622 3181 888 3225 sensum.
922 3168 1300 3249 Impossibile
1335 3176 1423 3226 est
1453 3175 1649 3227 autem
1682 3168 1931 3241 quodid
1976 3169 2139 3242 quod
2159 3169 2282 3241 jam
2336 3176 2686 3241 generatum
2716 3175 2811 3227 est

383 3242 597 3294 iterum
625 3244 965 3310 generetur,
987 3240 1106 3297 nisi
1153 3253 1410 3309 primum
1452 3245 1897 3310 corrumpatur;
1929 3245 1987 3297 et
2015 3246 2156 3299 tunc
2185 3256 2258 3297 ex
2306 3240 2512 3297 eadem
2557 3241 2807 3298 materia

383 3308 598 3378 poterit
643 3307 807 3366 aliud
837 3309 1050 3366 iterum
1078 3310 1370 3382 generari,
1402 3323 1524 3367 non
1567 3311 1724 3367 idem
1769 3325 2043 3379 numero,
2072 3310 2181 3369 sed
2205 3310 2426 3382 specie.
2458 3313 2575 3367 Res
2605 3317 2804 3368 autem

385 3390 416 3434 s
460 3377 737 3446 iritualis,
767 3385 832 3436 ut
860 3380 1060 3437 anima
1085 3379 1178 3436 vel
1206 3381 1482 3451 angeluS,
1508 3394 1627 3438 non
1659 3387 1855 3451 potest
1882 3382 2099 3439 resolvi
2130 3396 2236 3452 per
2263 3382 2715 3451 corruptionem
2742 3382 2807 3438 in

385 3448 646 3528 auiquam
675 3448 1085 3519 praejacentem
1143 3451 1471 3520 materiam,
1495 3458 1563 3507 ut
1603 3453 1815 3509 iterum
1856 3458 2173 3524 generetur
2220 3452 2367 3508 illud
2395 3452 2551 3508 idem
2582 3452 2805 3522 specie.

384 3519 446 3574 Si
470 3519 654 3590 igitur
677 3519 938 3590 privetur
964 3535 1036 3578 eo
1067 3521 1226 3593 quod
1255 3527 1347 3578 eet
1380 3522 1443 3579 in
1474 3528 1685 3579 natura
1714 3523 1909 3593 ipsius
1938 3528 2002 3580 ut
2031 3522 2265 3591 habeat,
2293 3528 2529 3592 oportet
2549 3522 2712 3596 quod
2740 3523 2798 3579 in

382 3594 730 3659 perpetuum
761 3596 997 3648 maneat
1035 3592 1174 3649 talis
1203 3592 1475 3662 privatio.
1501 3596 1601 3650 Est
1637 3600 1833 3650 autem
1879 3593 1942 3650 in
1984 3599 2197 3651 natura
2237 3594 2452 3650 enimae
2496 3599 2554 3650 ct
2606 3592 2799 3665 angeli

383 3659 532 3738 ordo
575 3659 647 3716 ad
699 3660 976 3718 ultimum
1005 3660 1204 3730 finem,
1232 3663 1335 3735 qui
1364 3670 1454 3721 est
1484 3666 1658 3720 Deus.
1692 3664 1750 3721 Si
1782 3678 1925 3736 ergo
1955 3664 2029 3721 ab
2055 3665 2171 3722 boc
2197 3663 2407 3721 ordine
2436 3663 2675 3721 decidat
2699 3675 2805 3735 per

383 3728 644 3800 aliquam
671 3744 927 3802 poenam,
949 3731 1013 3789 in
1041 3740 1386 3804 perpetuum
1418 3734 1553 3791 talis
1578 3748 1757 3806 poena
1781 3735 2067 3792 manebit.
2162 3798 2173 3803 ,

451 3802 604 3871 Item,
628 3803 918 3860 naturalis
952 3804 1202 3875 aequitas
1228 3804 1342 3862 boc
1373 3804 1589 3862 habere
1634 3805 1869 3862 videtur
1904 3805 2067 3878 quod
2094 3805 2509 3878 unusquisque
2542 3805 2807 3876 privetur

381 3868 540 3949 bono
596 3880 805 3930 contra
871 3873 990 3931 uod
1030 3875 1187 3946 agiu
1219 3889 1294 3932 ex.
1321 3875 1434 3933 boc
1462 3876 1621 3933 euim
1653 3877 1845 3934 reddit
1895 3889 1963 3935 se
2013 3875 2119 3934 tali
2151 3876 2313 3934 bono
2364 3875 2715 3948 indignunn
2742 3878 2803 3932 et

377 3940 520 3997 inde
566 3949 659 4000 est
708 3959 787 4016 qu
872 3986 888 4013 ,
949 3945 1279 4003 secundum
1329 3946 1569 4003 civilem
1601 3947 1918 4019 justitiam,
1973 3949 2079 4019 qui
2115 3954 2325 4005 contra
2368 3947 2801 4017 rempublicam

381 4018 587 4090 peccat
638 4015 922 4073 societate
971 4016 1310 4087 reipublicae
1365 4018 1631 4087 privatur
1678 4019 1947 4080 omnino,
1976 4018 2072 4075 vel
2119 4032 2223 4088 per
2277 4023 2525 4074 mortem
2575 4018 2671 4075 vel
2698 4028 2802 4089 per

381 4081 624 4139 exilium
667 4093 1049 4156 perpetuum
1081 4100 1188 4144 nec
1230 4087 1554 4145 attenditur
1588 4096 1811 4161 quanta
1868 4089 2045 4145 fuerit
2073 4102 2241 4146 mora
2266 4089 2554 4159 temporis
2584 4089 2649 4145 in
2672 4101 2809 4159 pee—

379 4150 593 4230 cando‚
623 4155 727 4233 sed
770 4156 912 4227 quid
952 4158 1264 4238 sit-contra
1316 4158 1472 4230 quod
1501 4160 1785 4239 peccavit.
1816 4159 2032 4216 Eadem
2069 4165 2264 4217 autem
2313 4166 2405 4217 est
2432 4159 2798 4230 comparatio

377 4223 566 4300 totius
595 4229 726 4281 vitae
773 4233 1085 4295 praesentis
1112 4228 1186 4286 ad
1232 4229 1657 4299 rempublicam
1687 4237 1981 4287 terrenam
2019 4234 2075 4287 et
2123 4231 2309 4287 totius
2335 4230 2687 4287 aeoernitatis
2724 4227 2795 4286 ad

377 4296 728 4372 societatem
760 4294 1089 4367 beatorum,
1161 4299 1242 4361 ui,
1291 4305 1355 4356 ut
1403 4313 1586 4370 supra
1632 4302 1706 4372 (c.
1752 4301 1841 4371 62)
1899 4306 2211 4358 ostensum
2262 4305 2371 4367 est,
2420 4302 2635 4358 ultimo
2681 4298 2798 4356 fine

380 4361 736 4421 aeternaliter
760 4366 1089 4436 potiuntur.
1175 4370 1234 4427 ui
1261 4383 1404 4442 ergo
1451 4376 1661 4431 contra
1704 4371 1983 4431 ultimum
2028 4370 2207 4431 finem
2260 4377 2466 4444 peccat
2503 4377 2563 4429 et
2590 4376 2801 4431 contra
