3076 5025
1084 340 1219 397 LIB.
1257 342 1329 408 11,
1371 342 1525 398 CAP.
1561 343 1762 398 XXXII.
2546 351 2647 405 ¹39

204 469 268 521 et
299 463 519 534 incipit
543 462 765 523 moveri
789 481 803 533 ;
848 463 941 520 vel
985 462 1059 521 ab
1085 463 1386 529 exteriori,
1417 462 1575 521 sicut
1604 479 1786 537 quum
1814 465 1885 522 de
1919 477 2074 524 novo
2098 466 2348 524 veniunt
2377 469 2647 530 actiones

203 532 569 591 inducentes
595 533 669 591 ad
697 533 957 606 aliquam
999 535 1294 591 actionem
1327 533 1399 591 de
1436 547 1595 592 novo
1643 534 2065 594 inchoandam.
2105 538 2263 594 Deus
2294 545 2490 595 autem
2525 554 2648 598 non

203 610 487 663 movetur
531 618 724 676 neque
758 617 864 675 per
908 618 974 662 se
1014 617 1205 678 neque
1285 618 1349 661 er
1389 603 1693 675 aecidenS,
1722 611 1787 662 ut
1814 606 2125 678 probatum
2158 613 2251 665 est
2282 607 2344 680 (l.
2376 624 2418 678 1,
2451 625 2504 667 c.
2536 610 2647 683 13).

203 677 372 733 Deus
396 674 583 746 igitur
610 688 845 754 semper
867 674 1078 733 eodem
1125 687 1224 733 mo
1268 688 1304 733 o
1343 675 1488 747 agit.
1519 677 1602 732 Ex
1631 689 1740 733 sua
1769 683 1966 735 autem
2013 678 2249 736 actione
2291 692 2388 737 res
2437 687 2649 739 creatae

204 745 276 803 in
302 757 442 804 esse
473 750 835 803 consistunt.
868 746 1003 803 Sem
1048 758 1113 803 er
1156 745 1341 817 igitur
1382 753 1668 803 creaturae
1698 746 1956 804 fuerunt.

276 816 503 884 Adhuc,
536 813 785 874 effectus
818 828 995 896 proce
1042 816 1084 871 it
1112 830 1150 874 a
1178 828 1363 873 eausa
1386 821 1600 889 agente
1631 831 1735 887 per
1764 817 2059 876 actionem
2111 818 2264 891 eius.
2312 820 2423 880 Sed
2485 824 2645 882 actio

206 886 314 946 Dei
347 891 443 945 est
470 891 729 955 κεῖθι-ηας
761 885 910 944 altas
936 884 1125 954 fleret,
1158 886 1229 944 de
1258 887 1524 957 potentia
1553 890 1788 959 agente,
1819 892 1952 946 actu
1983 903 2193 960 agens,
2244 896 2301 947 et
2349 897 2651 964 oporteret

207 955 376 1032 quod
405 957 789 1015 reduceretur
810 956 871 1013 in
901 962 1100 1015 actum
1129 955 1203 1013 ab
1234 957 1438 1029 aliquo
1464 957 1649 1028 priori
1684 962 1896 1029 agente
1922 965 2078 1029 actu,
2109 960 2270 1032 quod
2302 968 2394 1020 est
2423 962 2648 1036 impos·

208 1028 410 1087 sibile.
444 1029 598 1100 Ergo
628 1041 726 1086 res
758 1041 795 1085 a
819 1029 941 1086 Deo
969 1033 1183 1085 creatae
1212 1027 1291 1085 ab
1323 1033 1548 1086 aeterno
1577 1028 1837 1085 suerunt.

282 1099 565 1169 Amplius,
604 1097 802 1169 posita
827 1111 1012 1158 causa
1038 1096 1384 1168 sufficienti,
1424 1112 1674 1156 necesse
1702 1106 1793 1156 est
1841 1096 2115 1157 effectum
2165 1101 2330 1172 poni.
2382 1102 2438 1161 Si
2488 1104 2652 1162 enim

208 1168 432 1238 adhuc,
462 1169 659 1248 posita
686 1182 893 1237 causa,
922 1182 1045 1227 non
1074 1180 1322 1227 necesse
1348 1172 1440 1225 est
1470 1165 1747 1226 effectum
1776 1170 1943 1241 poni,
1973 1170 2264 1241 possibile
2306 1172 2321 1227 i
2371 1172 2489 1230 itur
2514 1175 2646 1243 erit,

208 1252 400 1299 eausa
428 1245 647 1310 posita,
679 1236 956 1298 effectum
983 1252 1117 1297 esse
1166 1245 1225 1296 et
1272 1252 1392 1297 non
1442 1254 1617 1309 esse;
1649 1240 1999 1298 consecutio
2047 1240 2065 1297 i
2113 1242 2231 1299 itur
2275 1257 2306 1298 e
2355 1248 2522 1302 ectus
2570 1245 2644 1302 ad

211 1324 461 1369 causam
493 1310 605 1366 erit
634 1310 944 1391 possibilis
974 1314 1240 1379 tantum;
1313 1309 1437 1390 ιξοείι
1476 1315 1671 1390 autem
1723 1314 1816 1368 est
1852 1255 2142 1382 possibile
2187 1312 2413 1385 indiget
2448 1314 2652 1386 aliquo

211 1394 338 1454 quo
363 1381 681 1438 reducatur
709 1394 770 1437 in
799 1388 1036 1450 actum;
1078 1386 1285 1452 oporte
1330 1385 1376 1435 it
1422 1386 1607 1452 igitur
1633 1395 1856 1452 ponere
1903 1382 2164 1454 aliquam
2220 1397 2355 1441 esse
2404 1398 2650 1443 causam

212 1467 338 1525 qua
366 1449 470 1509 fiat
495 1455 560 1508 ut
587 1448 835 1509 effeetus
865 1451 1181 1509 reducatur
1210 1449 1269 1506 in
1306 1456 1527 1518 actum,
1559 1450 1729 1509 etsie
1749 1451 1942 1523 prima
1961 1466 2147 1510 causa
2173 1466 2294 1511 non
2326 1459 2451 1511 erat
2480 1454 2649 1512 suffi-

212 1522 407 1580 ciens.
436 1521 547 1579 Sed
574 1521 731 1579 Deus
761 1527 853 1580 est
878 1535 1062 1579 causa
1090 1518 1398 1578 sufficiens
1431 1521 1844 1592 productionis
1870 1528 2272 1581 ereaturarum
2303 1542 2320 1592 ;
2353 1523 2508 1583 alias
2528 1540 2652 1583 non

214 1596 382 1650 esset
407 1604 611 1659 causa,
638 1590 745 1649 sed
774 1592 967 1665 magis
992 1590 1054 1647 in
1088 1590 1354 1663 potentia
1379 1605 1445 1649 se
1486 1593 1560 1649 ad
1604 1607 1846 1651 eausam
1898 1593 2178 1662 haberet;
2235 1594 2440 1666 aliquo
2488 1596 2650 1654 enim

214 1662 444 1731 addito,
476 1660 640 1719 fieret
670 1675 889 1731 causa;
963 1662 1081 1720 uod
1110 1665 1271 1733 patet
1317 1675 1451 1719 esse
1505 1662 1902 1734 impossibile.
1940 1663 2183 1721 Videtur
2227 1664 2412 1737 igitur
2441 1680 2650 1725 neces-

214 1732 446 1860 satrium
483 1730 665 1804 quod,
712 1747 896 1806 quum
995 1745 1105 1791 eus
1148 1731 1222 1790 ab
1269 1737 1490 1791 aeterno
1538 1733 1737 1803 fuerit,
1789 1740 2058 1793 creatura
2102 1735 2283 1793 etiam
2341 1736 2520 1794 suerit
2573 1736 2649 1796 ab

216 1817 265 1862 ω
294 1816 464 1861 erno.

280 1874 439 1942 Rern,
470 1886 657 1946 agens
684 1888 787 1945 per
810 1872 1175 1932 voluntatem
1205 1887 1327 1931 non
1358 1873 1617 1932 retardat
1643 1889 1819 1932 suum
1863 1875 2237 1947 propositum
2282 1891 2422 1936 exse
2467 1878 2530 1936 ui
2568 1878 2643 1938 de

215 1943 423 2017 aliquo
452 1944 746 2013 faciendo,
772 1944 889 2003 nisi
920 1959 1025 2016 pro
1072 1950 1158 2001 ter
1179 1943 1404 2017 aliquid
1457 1945 1519 2001 in
1565 1945 1828 2003 futurum
1856 1951 2256 2018 exspectatum
2300 1962 2426 2020 quo>
2497 1963 2647 2007 non-

216 2015 359 2074 dum
392 2014 581 2073 adest.
613 2017 679 2072 Et
708 2014 824 2072 hoe
849 2029 1009 2087 quan
1053 2029 1206 2088 oque
1232 2020 1323 2072 est
1349 2015 1411 2071 in
1438 2015 1454 2071 i
1500 2028 1571 2073 so
1601 2021 1836 2087 agente,
1865 2017 2020 2074 sieut
2057 2031 2240 2089 quum
2272 2025 2652 2089 exspectatur

213 2085 502 2159 perfectio
526 2086 763 2143 virtutis
792 2085 865 2143 ad
895 2085 1189 2155 agendum
1221 2091 1320 2142 aut
1351 2085 1462 2143 sub
1490 2085 1611 2144 atio
1631 2085 1886 2159 alicujus
1917 2088 2298 2158 impedientis
2329 2090 2602 2147 virtutem
2629 2108 2643 2146 ε

216 2156 581 2237 quandoque
592 2169 731 2213 vero
752 2159 845 2213 est
871 2161 1033 2214 extra
1053 2156 1508 2227 agentem,sicut
1528 2170 1712 2228 quum
1734 2163 2107 2227 exspectatur
2131 2159 2448 2229 praesentia
2467 2161 2650 2219 alicu·

207 2241 312 2299 aus
342 2240 545 2284 coram
574 2240 693 2299 quo
722 2226 877 2284 actio
908 2225 1030 2295 fiat,
1062 2226 1154 2284 vel
1185 2226 1393 2284 saltem
1424 2241 1604 2298 quum
1634 2234 2008 2298 exspectatur
2031 2230 2350 2298 praesentia
2389 2230 2646 2303 alicujus

214 2298 507 2378 temporis
536 2296 855 2367 opportuni
883 2296 1043 2368 quod
1081 2296 1345 2353 nondum
1374 2296 1563 2353 adest.
1596 2298 1654 2354 Si
1699 2297 1858 2354 enim
1885 2299 2161 2356 voluntas
2206 2299 2281 2356 sit
2327 2302 2643 2372 completa,

217 2373 422 2426 statim
449 2368 712 2439 potentia
742 2367 1106 2439 exsequitur,
1140 2367 1260 2424 nisi
1290 2367 1370 2424 sit
1401 2366 1668 2442 desectus
1699 2367 1760 2424 in
1791 2368 1960 2448 ipsa;
2015 2368 2172 2425 sicut
2209 2369 2281 2427 ad
2327 2370 2645 2441 imperium

216 2438 548 2495 voluntatis
578 2441 776 2496 statim
809 2438 1079 2510 sequitur
1106 2443 1307 2495 motus
1329 2437 1600 2506 membri,
1633 2438 1753 2495 nisi
1784 2443 1863 2495 sit
1906 2439 2172 2496 desectus
2202 2441 2480 2510 potentiae
2519 2456 2646 2499 mo-

214 2509 355 2567 tivae
383 2508 767 2582 exsequentis
793 2516 1020 2589 motum
1050 2514 1108 2566 et
1131 2523 1236 2580 per
1263 2508 1377 2567 hoe
1402 2514 1564 2580 patet
1589 2507 1774 2580 quod,
1803 2523 1986 2589 quum
2017 2508 2238 2582 aliquis
2272 2511 2394 2568 vult
2418 2512 2646 2585 aliquid

208 2580 420 2638 -facere
450 2584 508 2637 et
533 2594 653 2637 non
685 2584 884 2637 statim
916 2578 1038 2649 fiat,
1069 2584 1299 2650 oportet
1328 2580 1485 2650 quod
1516 2579 1607 2635 vel
1641 2580 1754 2636 hoc
1795 2585 1874 2636 sit
1916 2586 2153 2651 propter
2201 2581 2496 2639 desectum
2541 2596 2647 2653 po-

218 2650 444 2720 tentiae,
477 2651 582 2724 qui
606 2655 984 2721 exspectatur
1013 2648 1431 2717 removendus,
1461 2648 1554 2705 vel
1582 2649 1726 2720 quia
1751 2650 2044 2707 voluntas·
2068 2663 2189 2707 uon
2235 2658 2325 2707 est
2353 2653 2650 2723 completa

220 2719 293 2779 ad
323 2721 441 2778 hoc
466 2720 824 2778 faciendum.
858 2722 1001 2778 Dico
1050 2724 1247 2777 autem
1277 2718 1777 2788 complementum
1825 2719 2153 2777 voluntatis
2200 2736 2356 2789 esse,
2407 2723 2649 2794 quando

216 2791 348 2849 vult
372 2792 488 2849 hoc
517 2790 791 2849 absolute
817 2790 1007 2849 facere
1037 2789 1319 2848 omnibus
1341 2789 1536 2846 modis
1562 2808 1576 2857 ;
1609 2790 1887 2848 voluntas
1917 2795 2115 2847 autem
2149 2791 2513 2863 incompleta
2533 2799 2645 2857 est,

224 2861 468 2943 quando
500 2861 721 2934 aliquis
750 2874 872 2919 non
896 2861 1027 2919 vult
1054 2861 1246 2918 faeere
1276 2859 1391 2917 hoc
1419 2858 1713 2929 absolute,
1746 2860 1852 2917 sed
1874 2860 2163 2919 existente
2206 2862 2406 2933 aliqua
2440 2862 2650 2920 eondi-

220 2936 388 2990 ttone
416 2946 550 3005 quae
591 2928 858 2990 no‘ndum
887 2932 1076 3000 adest,
1105 2932 1198 2988 vel
1237 2930 1354 2988 nisi
1398 2930 1702 2989 subtracto
1751 2930 2178 3002 impedimento
2237 2933 2392 3004 quod
2455 2934 2648 2992 adest.

225 3005 474 3061 Constat
497 3009 696 3061 autem
725 3002 883 3074 quod
916 3001 1206 3075 quidquid
1235 3004 1393 3059 Deus
1421 3015 1579 3059 nunc
1609 3002 1732 3058 vult
1761 3002 1920 3074 quod
1965 3001 2065 3072 sit,
2102 3002 2176 3060 ab
2206 3010 2429 3061 aeterno
2458 3005 2647 3063 voluit

224 3073 386 3146 qnod
416 3073 528 3143 sit;
559 3087 683 3130 non
713 3074 872 3130 enim
902 3086 1094 3130 novus
1125 3078 1326 3130 motus
1356 3072 1682 3130 voluntatis
1712 3073 1767 3129 ei
1797 3073 2074 3130 advenire
2120 3081 2333 3146 potest,
2388 3090 2498 3134 nec
2546 3075 2653 3133 ali·

226 3143 362 3216 quis
383 3143 653 3201 desectus
680 3143 771 3200 vel
802 3142 1291 3215 impedimentum
1324 3141 1602 3213 potentiae
1632 3141 1763 3214 eJus
1792 3143 2004 3200 adesse
2036 3146 2248 3214 potuit,
2277 3145 2367 3202 vel
2425 3146 2654 3218 aliquid

225 3213 389 3272 aliud
421 3213 751 3284 exspectari
781 3215 974 3285 potuit
992 3213 1063 3270 ad
1096 3212 1453 3270 universalis
1475 3216 1759 3270 creaturae
1785 3213 2259 3284 productionem,
2282 3231 2465 3287 quum
2498 3216 2651 3273 nihil

225 3283 391 3343 aliud
419 3285 501 3342 sit
523 3285 848 3342 increatum
883 3284 999 3341 nisi
1033 3283 1161 3355 ipse
1192 3282 1384 3349 solus,
1415 3287 1480 3339 ut
1518 3296 1703 3354 supra
1750 3283 1824 3356 (e.
1854 3287 1888 3340 6
1936 3289 1995 3341 et
2036 3284 2124 3357 15)
2170 3291 2478 3344 ostensum
2538 3291 2649 3344 est.

224 3355 645 3485 Necessarium
694 3355 877 3429 igitur
923 3353 1159 3412 videtur
1196 3353 1358 3428 quod
1390 3352 1465 3411 ab
1511 3357 1736 3412 aeterno
1776 3359 2109 3412 creaturam
2155 3355 2217 3412 in
2267 3370 2404 3414 esse
2431 3356 2652 3428 produ-

293 3500 583 3561 Praeterea,
610 3509 798 3570 agens
824 3510 930 3568 per
957 3496 1322 3554 intellectum
1351 3509 1473 3554 non
1502 3494 1797 3569 praeeligit
1820 3508 2010 3553 unum
2057 3495 2226 3554 alteri
2266 3497 2384 3554 nisi
2415 3502 2656 3569 propter

222 3568 733 3640 praeeminentiam
785 3568 965 3625 unius
1007 3567 1080 3624 ad
1124 3568 1395 3624 alterum.
1451 3566 1566 3625 Sed
1607 3566 1706 3623 ubi
1756 3566 1922 3623 nulla
1976 3569 2068 3625 est
2121 3566 2478 3639 differentia,
2530 3581 2655 3625 non

266 3645 423 3697 otest
451 3652 588 3697 esse
618 3637 1084 3710 praeeminentia.
1117 3637 1222 3694 Ubi
1253 3637 1438 3708 igitur
1467 3636 1636 3694 nulla
1680 3641 1773 3693 est
1797 3635 2154 3704 differentia,
2186 3651 2303 3695 non
2355 3637 2420 3695 fit
2473 3652 2653 3709 praee—

222 3654 403 3768 Raectio
432 3710 616 3767 unius
647 3708 719 3767 ad
747 3709 997 3767 alterum
1024 3726 1038 3776 ;
1080 3710 1136 3764 et
1164 3713 1404 3778 propter
1429 3707 1566 3776 hoc,
1600 3706 1674 3765 ab
1707 3713 1918 3779 agente
1952 3707 2025 3765 ad
2063 3707 2405 3765 utrumlibet
2452 3722 2518 3766 se
2549 3709 2654 3765 ha-

222 3779 401 3839 bente
427 3780 737 3852 aequaliter
765 3779 932 3836 nulia
958 3777 1072 3835 erit
1095 3778 1272 3845 actio,
1303 3778 1461 3835 sieut
1486 3792 1597 3835 nec
1625 3792 1661 3835 a
1689 3777 1975 3848 materia3
2020 3778 2160 3835 talis
2200 3779 2356 3834 enirn
2388 3779 2655 3850 potentia

224 3851 596 3910 assimilatur
613 3850 891 3921 potentiae
906 3848 1320 3906 materiae.Non
1340 3849 1495 3907 entis
1520 3853 1716 3906 autem
1735 3848 1810 3906 ad
1838 3862 1960 3906 non
1984 3862 2094 3907 ens
2115 3846 2277 3906 nulla
2298 3855 2492 3920 potest
2518 3863 2653 3908 esse

224 3921 583 3981 differentia.
619 3923 809 3978 Unum
848 3920 1032 3993 igitur
1061 3932 1182 4000 non
1206 3932 1316 3976 ens
1344 3932 1466 4000 non
1504 3925 1598 3977 est
1619 3919 1788 4000 alteri
1838 3917 2258 4000 praeeligibile2
2288 3920 2394 3977 Sed
2444 3927 2655 4001 praeter

222 3997 408 4051 totam
428 3996 832 4050 creaturarum
856 3990 1303 4048 universitatem
1321 3988 1471 4045 nihil
1494 3995 1587 4047 est
1611 4004 1729 4047 nisi
1748 3991 2048 4047 aeternitas
2072 3992 2211 4058 Dei;
2244 4004 2304 4046 in
2338 3991 2528 4049 nihilo
2549 4007 2654 4050 au·

222 4066 340 4120 tem
356 4076 479 4120 non
504 4067 753 4133 possunt
780 4060 1077 4134 assignari
1094 4059 1441 4118 differentiae
1458 4060 1672 4140 aliquae
1683 4066 2145 4127 momentorum,
2164 4060 2303 4118 utin
2323 4076 2444 4119 uno
2463 4063 2654 4135 magis

224 4138 496 4205 oporteat
520 4132 746 4205 aliquid
777 4132 903 4189 fleri
934 4145 1112 4202 quam
1144 4131 1206 4187 in
1227 4130 1668 4198 alio;sim1hter
1688 4131 1883 4187 necin
1901 4131 2248 4201 aeternitate,
2275 4147 2405 4204 quae
2426 4140 2546 4190 tota
2565 4138 2657 4191 est

221 4203 549 4262 uniformis
572 4209 629 4260 et
646 4202 1015 4273 simpliciter,
1042 4207 1103 4259 ut
1118 4205 1432 4259 ostensum
1453 4206 1545 4257 est
1554 4200 1629 4328 (Sl.
1651 4215 1694 4269 1,
1713 4216 1767 4258 e.
1794 4200 2653 4275 15).Relinquiturigiturquod

221 4274 506 4333 voluntas
544 4274 647 4330 Dei
690 4287 757 4331 se
786 4272 1093 4345 aequaliter
1122 4271 1300 4329 habet
1326 4270 1399 4329 ad
1442 4285 1550 4342 pro
1597 4271 1889 4329 ucendum
1940 4278 2272 4330 ereaturam
2323 4289 2425 4344 per
2471 4281 2654 4330 totam

222 4346 641 4403 aeternitatem.
670 4348 782 4401 Aut
810 4345 995 4415 igitur
1027 4343 1306 4400 voluntas
1328 4355 1442 4399 sua
1479 4348 1572 4398 est
1600 4341 1672 4399 de
1702 4341 1818 4398 hoc
1847 4341 2006 4412 quod
2053 4357 2355 4417 nunquam
2385 4352 2656 4401 ereatura

224 4416 337 4473 sub
364 4414 693 4473 aeternitate
726 4413 776 4486 ej
789 4427 858 4471 us
888 4414 1306 4482 constituatur,
1338 4417 1441 4469 aut
1467 4410 1627 4484 quod
1657 4426 1894 4482 semper
1912 4419 2165 4470 constet.
2194 4419 2321 4471 Non
2344 4420 2436 4471 est
2458 4420 2654 4470 autem

228 4487 509 4546 voluntas
538 4483 668 4557 ejus
696 4483 767 4543 de
794 4484 908 4545 hoc
938 4482 1100 4559 quod
1119 4496 1428 4559 nunquam
1453 4491 1725 4542 creatura
1753 4482 1866 4542 sub
1907 4482 2039 4556 ejus
2065 4498 2200 4543 esse
2228 4492 2451 4542 aeterno
2479 4492 2653 4540 cons-

1504 4578 1578 4591 ,σο-
