3076 5025
1833 295 1887 305 -α,

1073 312 1210 371 un.
1249 313 1349 382 ιιι,
1386 313 1544 371 cap,
1580 311 1758 400 cxiv.
2514 317 2625 375 m

264 438 374 497 Am
413 437 540 501 tius,
572 434 733 496 sicut
762 449 834 495 su
879 449 947 495 ra
972 435 1048 508 (c.
1071 434 1168 505 ’76)
1190 441 1504 494 ostensum
1534 439 1648 503 est,
1679 433 1883 492 divina
1907 431 2280 507 providentia
2313 434 2384 494 ad
2415 436 2629 499 omnia

193 508 374 589 singu
402 508 528 565 aria
556 520 623 564 se
647 511 821 565 exten
867 506 931 575 it,
953 506 1133 564 etiam
1183 505 1453 563 minima.
1478 505 1974 577 Quibuscumque
2024 505 2209 577 igitur
2231 511 2379 564 sunt
2405 506 2628 579 aliquae

197 584 465 638 actiones
491 583 706 649 praeter
748 576 1201 635 inclinationem
1239 575 1485 647 speciei,
1513 579 1748 647 oportet
1776 575 1937 648 quod
1978 589 2083 648 per
2113 575 2376 635 divinam
2427 578 2626 648 provi-

194 648 458 709 dentiam
488 648 833 720 regulentur
858 647 924 704 in
968 648 1100 706 suis
1144 646 1377 705 actibus
1407 651 1621 718 praeter
1670 645 2061 704 directionem
2105 661 2238 719 quae
2306 646 2523 705 ertinet
2549 647 2628 708 ad

197 719 481 790 speciem.
513 717 626 775 Sed
648 717 714 775 in
743 717 1019 776 rationali
1060 722 1333 776 creatura
1359 718 1645 787 apparent
1672 716 1876 774 multae
1920 717 2190 775 actiones
2219 732 2253 775 a
2325 731 2477 791 quas
2503 730 2629 778 non

196 788 424 849 sufficit
467 787 779 846 inclinatio
813 787 1058 859 speciei,
1087 786 1260 858 cujus
1304 786 1546 859 signum
1593 789 1687 843 est
1731 785 1892 859 quod
1936 799 2059 845 nou
2105 787 2337 845 similes
2382 793 2526 847 sunt
2562 788 2631 848 in

137 888 160 921 .-
197 859 503 930 omnibuS,
532 858 639 917 sed
665 858 840 917 variae
881 858 947 916 in
991 857 1267 916 diversis.
1300 859 1546 928 Oportet
1573 855 1756 929 igitur
1835 855 1955 915 uod
1999 857 2315 916 rationalis
2354 863 2631 920 creatura.

137 953 152 980 ι
196 929 490 1003 dirigatur
516 931 701 1010 aneo
728 928 802 1010 ad
832 941 981 988 suos
1008 934 1201 999 actus,
1230 940 1354 985 non
1384 927 1584 985 solum
1611 939 1797 984 secun
1843 939 1944 986 um
1995 927 2279 999 speciem,
2310 928 2417 987 sed
2446 929 2628 989 etiam

138 1023 160 1070 γ
197 1000 530 1060 secundum
562 999 959 1057 individuum.
2484 1029 2495 1036 ·

148 1062 162 1120 '-
266 1072 417 1134 Item,
441 1072 602 1140 ⁴Deus
629 1069 953 1141 unicuique
1000 1072 1226 1128 natural
1266 1068 1537 1142 providet
1581 1067 1911 1127 secundum
1955 1067 2152 1140 ipsius
2194 1068 2623 1141 capacitatem

149 1191 157 1198 .
195 1140 349 1202 tales
375 1140 536 1198 enim
565 1140 841 1212 singulas
867 1143 1172 1199 creaturas
1197 1138 1486 1207 condidit,
1519 1139 1733 1211 quales
1760 1145 1932 1212 aptas
1960 1151 2097 1197 esse
2124 1139 2410 1211 cognovit
2433 1143 2500 1199 u't
2519 1153 2627 1212 per

140 1206 160 1243 '
199 1224 371 1271 suam
403 1210 896 1284 gubernationem
925 1210 1301 1282 pervenirent
1327 1209 1401 1269 ad
1431 1208 1633 1267 flnem.
1666 1210 1808 1268 Sola
1833 1214 2032 1269 autem
2057 1218 2330 1269 creatura
2372 1210 2630 1271 rationa-

200 1281 280 1341 lis
306 1286 398 1340 est
421 1293 609 1352 capax
648 1280 998 1339 directionis
1026 1294 1148 1353 qua
1187 1280 1465 1354 dirigitur
1506 1279 1582 1338 ad
1612 1292 1762 1338 suos
1790 1286 1982 1350 actuS,
2009 1292 2135 1339 non
2183 1282 2381 1339 solum
2406 1294 2625 1340 secun-

200 1353 344 1410 dum
372 1352 653 1422 speciem,
684 1351 791 1410 sed
819 1350 998 1409 etiam
1040 1351 1373 1409 secundum
1417 1350 1793 1409 individuum
1816 1368 1834 1422 3
1858 1349 2037 1409 babet
2062 1350 2224 1408 enim
2254 1350 2627 1411 intellectum

203 1427 266 1483 et
290 1422 601 1490 rationem,
630 1423 787 1480 unde
835 1421 1138 1493 percipere
1167 1421 1361 1493 possit
1395 1421 1699 1493 quomodo
1725 1420 2126 1480 diversimode
2155 1421 2236 1479 sit
2257 1421 2484 1493 aliquid
2514 1421 2626 1480 bo-

203 1505 349 1551 num
376 1492 469 1549 vel
497 1491 744 1561 malum,
763 1491 1093 1550 secundum
1121 1491 1281 1564 quod
1316 1491 1596 1564 congruit
1622 1489 2628 1563 diversisindividuis,temporibus

204 1567 270 1623 et
293 1562 468 1623 locis,
495 1564 637 1621 Sola
676 1563 864 1635 igitur
904 1568 1174 1620 creatura
1223 1562 1538 1621 rationalis
1581 1561 1861 1635 dirigitur
1886 1563 2069 1620 aneo
2118 1562 2192 1620 ad
2240 1575 2388 1620 suos
2434 1566 2628 1634 actus,

203 1645 327 1693 non
358 1633 555 1691 solum
584 1632 913 1692 secundum
946 1632 1228 1714 speciem,
1261 1632 1369 1691 sed
1398 1633 1577 1690 etiam
1606 1632 1938 1691 secundum
1966 1631 2361 1690 individuum.

267 1704 554 1767 Praeterea,
587 1708 858 1762 creatura
885 1702 1198 1761 rationalis
1228 1702 1319 1761 sio
1346 1701 1563 1761 divinae
1591 1702 1980 1774 providentiae
1998 1701 2287 1774 subjacet,
2313 1702 2473 1775 quod
2499 1715 2626 1762 non

199 1773 402 1834 solum
430 1773 509 1832 ab
533 1788 605 1832 ea
631 1773 1017 1847 gubernatur,
1048 1773 1156 1832 sed
1198 1773 1378 1832 etiam
1419 1774 1712 1832 rationem
1753 1772 2143 1854 providentiae
2172 1778 2493 1846 utcumque
2522 1785 2630 1832 co-

199 1857 496 1918 gnoscere
541 1843 955 1915 potest;unde
985 1843 1118 1918 sibi¹
1147 1843 1430 1914 competit
1458 1843 1639 1902 etiam
1686 1842 1825 1902 aliis
1852 1842 2286 1916 providentiam
2313 1848 2372 1900 et
2410 1841 2631 1915 guber-

199 1915 507 1973 nationem
555 1913 870 1984 exbibere;
898 1914 1058 1986 quod
1088 1926 1211 1973 non
1239 1914 1536 1987 contingit
1562 1913 1625 1972 in
1654 1913 1888 1972 caeteris
1916 1912 2226 1982 creaturis,
2254 1927 2389 1986 quae
2430 1913 2630 1973 solum

199 1983 638 2057 providentiam
694 1984 1052 2057 participant
1100 1984 1162 2042 in
1193 1990 1481 2058 quantum
1510 1984 1901 2056 providentiae
1951 1983 2311 2042 subduntur.
2354 1985 2465 2040 Per
2513 1982 2631 2044 boc

198 2061 400 2114 autem
430 2055 592 2129 quod
616 2056 837 2128 aliquis
862 2055 1202 2113 facultatem
1243 2053 1595 2127 providendi
1622 2051 1819 2116 habet.
1850 2057 2049 2127 potest
2071 2053 2251 2112 etiam
2280 2066 2428 2112 suos
2458 2060 2630 2113 actus

200 2125 460 2199 dirigere
491 2132 550 2183 et
578 2129 932 2199 gubernare.
960 2125 1278 2197 participat
1312 2125 1501 2198 igitur
1540 2124 1853 2183 rationalis
1903 2128 2176 2182 creatura
2201 2123 2463 2183 divinam
2528 2137 2631 2183 ro-

199 2195 548 2263 videntiam,
581 2209 701 2255 non
732 2197 931 2255 solum
959 2195 1288 2255 secundum
1328 2195 1669 2268 gubernari,
1703 2194 1810 2254 sed
1839 2193 2017 2252 etiam
2048 2194 2381 2253 secundum
2409 2208 2490 2267 gu
2534 2208 2628 2254 er-

199 2280 383 2336 nare3
413 2267 707 2340 gubernat
734 2267 892 2325 enim
921 2279 987 2324 se
1015 2266 1146 2325 suis
1175 2266 1407 2324 actibus
1427 2265 1710 2337 propriiS,
1739 2271 1800 2322 et
1826 2265 2007 2322 etiam
2026 2264 2165 2323 alia.
2198 2265 2409 2322 Omnis
2428 2270 2630 2324 autem

199 2337 452 2395 inferior
483 2337 854 2408 providentia
879 2337 1096 2395 divinae
1122 2336 1510 2418 providentiae
1537 2335 1818 2393 subditur
1842 2335 2018 2408 quasi
2058 2348 2372 2406 supremae.
2405 2334 2631 2393 Guber-

199 2408 369 2466 natio
396 2407 581 2480 igitur
603 2413 840 2466 actuum
871 2407 1184 2466 rationalis
1211 2414 1519 2475 creaturae,
1545 2405 1610 2463 in
1636 2412 1928 2479 quantum
1954 2410 2100 2464 sunt
2145 2410 2317 2464 actus
2341 2417 2628 2478 persona-

200 2477 298 2538 les
348 2478 423 2536 ad
452 2478 714 2537 divinam
738 2477 1171 2550 providentiam
1199 2477 1477 2550 pertinet.

219 2596 226 2601 .
268 2522 422 2613 stem.
454 2556 623 2608 actus
654 2549 1000 2620 personales
1046 2547 1359 2607 rationalis
1400 2551 1686 2606 creatur-ae
1714 2551 1859 2607 sunt
1886 2545 2124 2619 proprie
2155 2551 2326 2606 actus
2354 2547 2632 2620 quisunt

196 2620 280 2680 ab
309 2621 513 2678 anima
541 2619 839 2678 rationali.
855 2619 1069 2677 Anima
1088 2624 1284 2677 autem
1314 2617 1627 2677 rationalis
1648 2630 1771 2676 non
1792 2616 1991 2676 solum
2012 2616 2342 2676 secundum
2367 2618 2630 2689 speciem

198 2696 296 2748 est
319 2690 731 2761 perpetuitatis
774 2704 981 2763 capax,
1012 2690 1171 2747 sicut
1196 2689 1329 2747 aliae
1357 2693 1662 2769 creaturae,
1693 2687 1798 2745 sed
1838 2687 2017 2746 etiam
2050 2689 2379 2746 secundum
2413 2688 2629 2747 indivi-
2680 2686 2701 2701 “

197 2760 407 2819 duum.
455 2762 638 2818 Actus
684 2774 828 2832 ergo
875 2758 1190 2818 rationalis
1234 2763 1578 2817 creaturaea
1604 2757 1809 2815 divina
1845 2756 2221 2836 providentia
2247 2758 2629 2838 diriguntur,

196 2843 324 2888 non
354 2829 551 2889 solum
604 2844 675 2888 ea
700 2831 931 2889 ratione
972 2844 1094 2903 qua
1120 2829 1195 2888 ad
1223 2829 1484 2903 speciem
1527 2829 1848 2901 pertinent,
1879 2826 1989 2890 sed
2030 2832 2213 2885 ettam
2241 2841 2307 2885 1n
2336 2835 2631 2901 quantum

196 2906 344 2960 sunt
369 2901 722 2972 personales
751 2906 942 2960 actuS.

270 2972 421 3030 Hinc
449 2977 542 3029 est
586 2970 768 3043 quod,
811 2971 951 3029 licet
993 2969 1210 3030 divinae
1254 2967 1645 3042 providentiae
1689 2967 1897 3027 omnia
1938 2968 2291 3038 subdantur,
2318 2974 2519 3029 tamen
2562 2970 2632 3032 in

194 3041 327 3099 Scri
375 3042 527 3100 turis
545 3042 735 3100 sacris
753 3041 1093 3112 specialiter
1117 3042 1172 3101 ei
1199 3040 1508 3099 hominum
1532 3053 1677 3097 cura
1692 3037 2053 3109 attribuitur,
2077 3039 2407 3099 secundum
2429 3041 2579 3100 illud
2611 3059 2629 3100 ε

193 3112 307 3179 Qu·
372 3116 451 3168 est
483 3113 655 3176 homo,
721 3112 829 3179 uod
865 3126 1064 3167 mmor
1089 3126 1146 3169 es
1186 3112 1325 3181 eJ'uS,
1357 3115 1454 3167 aut
1469 3111 1617 3180 filius
1649 3111 1901 3173 hominis,
1926 3112 2184 3180 quoniam
2222 3113 2417 3168 visitas
2463 3127 2581 3168 eum
2601 3111 2634 3170 ’ἶ

201 3182 433 3253 (Psalm.
464 3195 595 3245 vm,
650 3129 735 3253 δί
768 3187 825 3240 et
858 3201 872 3239 ε
901 3182 1183 3252 Numquid
1207 3182 1273 3237 de
1295 3181 1457 3236 bobus
1501 3195 1638 3235 cura
1679 3183 1760 3235 est
1804 3181 1913 3235 Deo
1940 3182 1971 3236 Ρ
1999 3179 2049 3252 (Ι
2063 3180 2206 3242 Gor..
2238 3192 2321 3249 lx,
2353 3181 2430 3253 9.)
2483 3183 2628 3250 Quae

197 3250 443 3324 quidem
474 3252 609 3311 ideo
655 3252 956 3321 dicuntur,
987 3253 1128 3326 quia
1157 3250 1229 3309 de
1274 3251 1554 3309 humanis
1583 3249 1819 3331 actibus
1847 3250 2006 3307 Deus
2034 3263 2239 3308 curam
2278 3250 2474 3321 babet,
2507 3263 2634 3312 non

197 3320 403 3379 solum
432 3329 607 3450 pfout
633 3321 710 3382 ad
737 3323 1002 3395 speciem
1044 3322 1363 3395 pertinent,
1393 3321 1500 3380 sed
1528 3325 1710 3379 etiam
1734 3319 2067 3395 secundum
2095 3319 2258 3394 quod
2286 3327 2430 3381 sunt
2455 3326 2631 3384 actus

1165 3558 1420 3624 CAPUT
1458 3556 1663 3623 cxlv.

734 3730 887 3786 QUOD
921 3729 1223 3778 nmmrus
1258 3727 1582 3776 notuimus
1627 3726 1811 3776 mults
1845 3727 2101 3779 mama.

187 3952 230 4013 d
265 3887 350 3966 Eg
389 3884 508 3942 hoc
536 3889 737 3942 autem
784 3890 1028 3957 apparet
1053 3882 1215 3958 quod
1260 3882 1671 3942 necessarium
1717 3884 1833 3943 fuit
1858 3884 2089 3944 homini
2119 3885 2405 3944 divinitus
2432 3885 2630 3960 legem

271 4026 442 4084 Sicut
467 4025 630 4082 enim
660 4030 831 4084 actus
858 4024 1295 4083 irrationalium
1325 4028 1730 4082 creaturarum
1761 4025 2102 4098 diriguntur
2131 4042 2167 4085 a
2195 4031 2333 4089 Deo,
2363 4042 2433 4085 ea
2457 4028 2636 4088 ratio·

185 4107 273 4154 ne
299 4110 420 4167 qua
450 4095 523 4153 ad
554 4097 812 4167 speciem
839 4096 1157 4167 pertinent,
1179 4095 1260 4152 ita
1289 4100 1459 4152 actus
1489 4095 1800 4153 hominum
1827 4096 2166 4170 diriguntur
2190 4113 2225 4155 a
2255 4101 2395 4167 De0,
2417 4112 2631 4157 secun·

185 4165 338 4225 dum
373 4166 532 4238 quod
580 4166 653 4225 ad
702 4166 1076 4223 individuum
1126 4165 1444 4236 pertinent,
1475 4170 1541 4220 ut
1563 4169 1874 4224 ostensum
1912 4173 2005 4225 est
2024 4166 2097 4239 (c.
2135 4168 2278 4241 113).
2316 4169 2426 4227 Sed
2462 4174 2633 4227 actus
2682 4197 2689 4227 ;

186 4241 609 4295 creaturarum
654 4236 1093 4294 irrationalium
1126 4240 1301 4306 prout
1331 4234 1403 4291 ad
1431 4235 1691 4304 speciem
1732 4236 2049 4307 pertinent,
2085 4236 2424 4311 diriguntur
2446 4253 2481 4297 a
2512 4241 2632 4297 Deo
2680 4266 2691 4297 -,

182 4306 453 4380 quadam
498 4306 756 4363 naturali
812 4306 1226 4375 inclinatione,
1256 4319 1387 4378 quae
1444 4311 1715 4361 naturam
1764 4306 1986 4376 speciei
2040 4311 2448 4381 consequitur.
2478 4311 2630 4380 Ergo

181 4389 378 4448 supra
403 4378 520 4434 boc
549 4376 811 4434 dandum
841 4381 936 4434 est
959 4375 1184 4448 aliquid
1233 4373 1584 4433 hominibus
1611 4386 1732 4448 quo
1778 4375 1845 4433 in
1871 4375 2003 4435 suis
2029 4380 2455 4448 personalibus
2483 4377 2631 4438 acti·

180 4445 310 4506 bus
341 4447 681 4518 dirigantur
710 4465 727 4517 ;
755 4451 814 4503 et
842 4445 959 4504 hoc
987 4445 1246 4504 dicimus
1275 4445 1489 4517 legem.

2326 4561 2388 4611 27
