<?xml version="1.0" encoding="UTF-8"?>
<!DOCTYPE html PUBLIC "-//W3C//DTD XHTML 1.0 Transitional//EN"
    "http://www.w3.org/TR/xhtml1/DTD/xhtml1-transitional.dtd">
<html xmlns="http://www.w3.org/1999/xhtml" xml:lang="en" lang="en">
 <head>
  <title>
</title>
<meta http-equiv="Content-Type" content="text/html;charset=utf-8" />
  <meta name='ocr-system' content='tesseract 3.04.00' />
  <meta name='ocr-capabilities' content='ocr_page ocr_carea ocr_par ocr_line ocrx_word'/>
</head>
<body>
  <div class='ocr_page' id='page_1' title='image "./deveritatecatho00rubegoog_0215.png"; bbox 0 0 3076 5025; ppageno 0'>
   <div class='ocr_carea' id='block_1_1' title="bbox 1139 340 2723 414">
    <p class='ocr_par' dir='ltr' id='par_1_1' title="bbox 1139 340 2723 414">
     <span class='ocr_line' id='line_1_1' title="bbox 1139 340 2723 414; baseline 0.004 -17"><span class='ocrx_word' id='word_1_1' title='bbox 1139 341 1276 397; x_wconf 77' lang='lat' dir='ltr'>un.</span> <span class='ocrx_word' id='word_1_2' title='bbox 1313 342 1389 409; x_wconf 83' lang='lat' dir='ltr'>n,</span> <span class='ocrx_word' id='word_1_3' title='bbox 1426 340 1582 398; x_wconf 64' lang='lat' dir='ltr'>cap,</span> <span class='ocrx_word' id='word_1_4' title='bbox 1621 342 1750 398; x_wconf 79' lang='lat' dir='ltr'>ux.</span> <span class='ocrx_word' id='word_1_5' title='bbox 2536 349 2647 414; x_wconf 70' lang='grc' dir='ltr'>ηε,</span> <span class='ocrx_word' id='word_1_6' title='bbox 2716 367 2723 379; x_wconf 88' lang='grc'>·</span> 
     </span>
    </p>
   </div>
   <div class='ocr_carea' id='block_1_2' title="bbox 197 459 2729 4559">
    <p class='ocr_par' dir='ltr' id='par_1_2' title="bbox 197 459 2642 604">
     <span class='ocr_line' id='line_1_2' title="bbox 197 459 2642 589; baseline 0.002 -66"><span class='ocrx_word' id='word_1_7' title='bbox 197 465 436 589; x_wconf 49' lang='grc' dir='ltr'>Ῑοιὲιιιῑιιε</span> <span class='ocrx_word' id='word_1_8' title='bbox 489 466 554 519; x_wconf 84' lang='lat' dir='ltr'>ut</span> <span class='ocrx_word' id='word_1_9' title='bbox 568 465 726 589; x_wconf 67' lang='lat' dir='ltr'>fsilmt</span> <span class='ocrx_word' id='word_1_10' title='bbox 751 459 1176 532; x_wconf 87' lang='lat' dir='ltr'>individuales,</span> <span class='ocrx_word' id='word_1_11' title='bbox 1207 468 1266 519; x_wconf 88' lang='lat' dir='ltr'>et</span> <span class='ocrx_word' id='word_1_12' title='bbox 1297 462 1387 520; x_wconf 88' lang='lat' dir='ltr'>sic</span> <span class='ocrx_word' id='word_1_13' title='bbox 1421 476 1547 520; x_wconf 89' lang='lat' dir='ltr'>non</span> <span class='ocrx_word' id='word_1_14' title='bbox 1592 467 1987 537; x_wconf 81' lang='lat' dir='ltr'>cognosceret</span> <span class='ocrx_word' id='word_1_15' title='bbox 2044 464 2452 536; x_wconf 56' lang='lat' dir='ltr'>animi-salim</span> <span class='ocrx_word' id='word_1_16' title='bbox 2481 468 2642 540; x_wconf 81' lang='lat' dir='ltr'>quod</span> 
     </span>
     <span class='ocr_line' id='line_1_3' title="bbox 201 545 807 604; baseline -0.007 -12"><span class='ocrx_word' id='word_1_17' title='bbox 201 548 277 604; x_wconf 79' lang='lat' dir='ltr'>na</span> <span class='ocrx_word' id='word_1_18' title='bbox 307 550 344 591; x_wconf 88' lang='lat' dir='ltr'>e</span> <span class='ocrx_word' id='word_1_19' title='bbox 397 547 536 590; x_wconf 74' lang='lat' dir='ltr'>esse</span> <span class='ocrx_word' id='word_1_20' title='bbox 592 547 626 590; x_wconf 91' lang='lat' dir='ltr'>a</span> <span class='ocrx_word' id='word_1_21' title='bbox 653 545 807 589; x_wconf 89' lang='lat' dir='ltr'>sum.</span> 
     </span>
    </p>

    <p class='ocr_par' dir='ltr' id='par_1_3' title="bbox 201 602 2640 819">
     <span class='ocr_line' id='line_1_4' title="bbox 273 602 2638 678; baseline 0.002 -16"><span class='ocrx_word' id='word_1_22' title='bbox 273 608 572 671; x_wconf 76' lang='lat' dir='ltr'>Praeterea,</span> <span class='ocrx_word' id='word_1_23' title='bbox 601 603 850 659; x_wconf 78' lang='lat' dir='ltr'>materia</span> <span class='ocrx_word' id='word_1_24' title='bbox 874 602 1066 673; x_wconf 85' lang='lat' dir='ltr'>prima</span> <span class='ocrx_word' id='word_1_25' title='bbox 1090 616 1210 660; x_wconf 89' lang='lat' dir='ltr'>non</span> <span class='ocrx_word' id='word_1_26' title='bbox 1242 608 1335 659; x_wconf 90' lang='lat' dir='ltr'>est</span> <span class='ocrx_word' id='word_1_27' title='bbox 1379 604 1791 673; x_wconf 82' lang='lat' dir='ltr'>cognoscitiva</span> <span class='ocrx_word' id='word_1_28' title='bbox 1838 605 2161 663; x_wconf 78' lang='lat' dir='ltr'>formarum</span> <span class='ocrx_word' id='word_1_29' title='bbox 2206 621 2360 678; x_wconf 83' lang='lat' dir='ltr'>quas</span> <span class='ocrx_word' id='word_1_30' title='bbox 2407 607 2638 678; x_wconf 77' lang='lat' dir='ltr'>recinit.</span> 
     </span>
     <span class='ocr_line' id='line_1_5' title="bbox 202 674 2640 751; baseline 0.002 -18"><span class='ocrx_word' id='word_1_31' title='bbox 202 676 262 734; x_wconf 90' lang='lat' dir='ltr'>Si</span> <span class='ocrx_word' id='word_1_32' title='bbox 327 689 475 745; x_wconf 85' lang='lat' dir='ltr'>ergo</span> <span class='ocrx_word' id='word_1_33' title='bbox 521 674 729 730; x_wconf 87' lang='lat' dir='ltr'>eadem</span> <span class='ocrx_word' id='word_1_34' title='bbox 777 680 940 732; x_wconf 87' lang='lat' dir='ltr'>esset</span> <span class='ocrx_word' id='word_1_35' title='bbox 994 674 1251 743; x_wconf 74' lang='lat' dir='ltr'>receptio</span> <span class='ocrx_word' id='word_1_36' title='bbox 1298 675 1640 732; x_wconf 89' lang='lat' dir='ltr'>intellectus</span> <span class='ocrx_word' id='word_1_37' title='bbox 1680 675 1991 746; x_wconf 85' lang='lat' dir='ltr'>possibilis</span> <span class='ocrx_word' id='word_1_38' title='bbox 2021 683 2078 734; x_wconf 90' lang='lat' dir='ltr'>et</span> <span class='ocrx_word' id='word_1_39' title='bbox 2122 678 2383 735; x_wconf 74' lang='lat' dir='ltr'>maten-ite</span> <span class='ocrx_word' id='word_1_40' title='bbox 2454 680 2640 751; x_wconf 82' lang='lat' dir='ltr'>rimae‚</span> 
     </span>
     <span class='ocr_line' id='line_1_6' title="bbox 201 744 2638 819; baseline 0.001 -14"><span class='ocrx_word' id='word_1_41' title='bbox 201 760 319 805; x_wconf 83' lang='lat' dir='ltr'>nec</span> <span class='ocrx_word' id='word_1_42' title='bbox 347 745 692 803; x_wconf 85' lang='lat' dir='ltr'>intellectus</span> <span class='ocrx_word' id='word_1_43' title='bbox 722 744 1029 815; x_wconf 83' lang='lat' dir='ltr'>possibilis</span> <span class='ocrx_word' id='word_1_44' title='bbox 1059 750 1448 815; x_wconf 84' lang='lat' dir='ltr'>cognosceret</span> <span class='ocrx_word' id='word_1_45' title='bbox 1481 745 1706 802; x_wconf 80' lang='lat' dir='ltr'>formas</span> <span class='ocrx_word' id='word_1_46' title='bbox 1736 752 2041 815; x_wconf 83' lang='lat' dir='ltr'>receptas;</span> <span class='ocrx_word' id='word_1_47' title='bbox 2074 748 2231 819; x_wconf 91' lang='lat' dir='ltr'>quod</span> <span class='ocrx_word' id='word_1_48' title='bbox 2265 754 2360 807; x_wconf 87' lang='lat' dir='ltr'>est</span> <span class='ocrx_word' id='word_1_49' title='bbox 2421 748 2638 808; x_wconf 85' lang='lat' dir='ltr'>alsttm.</span> 
     </span>
    </p>

    <p class='ocr_par' dir='ltr' id='par_1_4' title="bbox 203 814 2646 1240">
     <span class='ocr_line' id='line_1_7' title="bbox 274 814 2646 891; baseline 0.002 -18"><span class='ocrx_word' id='word_1_50' title='bbox 274 817 556 885; x_wconf 71' lang='lat' dir='ltr'>Amplius,</span> <span class='ocrx_word' id='word_1_51' title='bbox 594 814 964 885; x_wconf 78' lang='lat' dir='ltr'>impossibile</span> <span class='ocrx_word' id='word_1_52' title='bbox 993 819 1085 870; x_wconf 90' lang='lat' dir='ltr'>est</span> <span class='ocrx_word' id='word_1_53' title='bbox 1115 814 1176 870; x_wconf 88' lang='lat' dir='ltr'>in</span> <span class='ocrx_word' id='word_1_54' title='bbox 1208 828 1455 883; x_wconf 78' lang='lat' dir='ltr'>corpore</span> <span class='ocrx_word' id='word_1_55' title='bbox 1481 829 1621 873; x_wconf 83' lang='lat' dir='ltr'>esse</span> <span class='ocrx_word' id='word_1_56' title='bbox 1651 817 1924 873; x_wconf 79' lang='lat' dir='ltr'>virtutem</span> <span class='ocrx_word' id='word_1_57' title='bbox 1970 818 2290 888; x_wconf 79' lang='lat' dir='ltr'>infinitam,</span> <span class='ocrx_word' id='word_1_58' title='bbox 2323 823 2387 876; x_wconf 90' lang='lat' dir='ltr'>ut</span> <span class='ocrx_word' id='word_1_59' title='bbox 2427 822 2646 891; x_wconf 55' lang='lat' dir='ltr'>proba*</span> 
     </span>
     <span class='ocr_line' id='line_1_8' title="bbox 205 886 2642 958; baseline 0.002 -14"><span class='ocrx_word' id='word_1_60' title='bbox 205 894 305 944; x_wconf 87' lang='lat' dir='ltr'>tut·</span> <span class='ocrx_word' id='word_1_61' title='bbox 341 888 416 943; x_wconf 87' lang='lat' dir='ltr'>ab</span> <span class='ocrx_word' id='word_1_62' title='bbox 465 886 783 943; x_wconf 74' lang='lat' dir='ltr'><strong>Aristotele</strong></span> <span class='ocrx_word' id='word_1_63' title='bbox 835 886 894 941; x_wconf 90' lang='lat' dir='ltr'>in</span> <span class='ocrx_word' id='word_1_64' title='bbox 927 891 1135 943; x_wconf 85' lang='lat' dir='ltr'>octavo</span> <span class='ocrx_word' id='word_1_65' title='bbox 1162 886 1378 953; x_wconf 71' lang='lat' dir='ltr'>Physic.</span> <span class='ocrx_word' id='word_1_66' title='bbox 1411 887 1575 957; x_wconf 77' lang='lat' dir='ltr'>(text.</span> <span class='ocrx_word' id='word_1_67' title='bbox 1623 901 1839 943; x_wconf 86' lang='lat' dir='ltr'>comm.</span> <span class='ocrx_word' id='word_1_68' title='bbox 1872 887 1985 958; x_wconf 82' lang='lat'>79).</span> <span class='ocrx_word' id='word_1_69' title='bbox 2041 889 2385 946; x_wconf 76' lang='lat' dir='ltr'><strong>Intellectus</strong></span> <span class='ocrx_word' id='word_1_70' title='bbox 2441 897 2642 949; x_wconf 86' lang='lat' dir='ltr'>autem</span> 
     </span>
     <span class='ocr_line' id='line_1_9' title="bbox 203 955 2640 1039; baseline 0.002 -26"><span class='ocrx_word' id='word_1_71' title='bbox 203 957 526 1039; x_wconf 85' lang='lat' dir='ltr'>possibilis</span> <span class='ocrx_word' id='word_1_72' title='bbox 556 955 1098 1029; x_wconf 82' lang='lat' dir='ltr'>estquodammodo</span> <span class='ocrx_word' id='word_1_73' title='bbox 1120 957 1357 1012; x_wconf 84' lang='lat' dir='ltr'>virtutis</span> <span class='ocrx_word' id='word_1_74' title='bbox 1380 955 1646 1014; x_wconf 68' lang='lat' dir='ltr'>infinitae.</span> <span class='ocrx_word' id='word_1_75' title='bbox 1667 959 2014 1015; x_wconf 71' lang='lat' dir='ltr'>ludicamus</span> <span class='ocrx_word' id='word_1_76' title='bbox 2028 959 2189 1015; x_wconf 87' lang='lat' dir='ltr'>enim</span> <span class='ocrx_word' id='word_1_77' title='bbox 2214 960 2527 1029; x_wconf 78' lang='lat' dir='ltr'>peripsum</span> <span class='ocrx_word' id='word_1_78' title='bbox 2543 973 2640 1020; x_wconf 90' lang='lat' dir='ltr'>res</span> 
     </span>
     <span class='ocr_line' id='line_1_10' title="bbox 203 1026 2641 1109; baseline 0.002 -24"><span class='ocrx_word' id='word_1_79' title='bbox 203 1027 481 1085; x_wconf 71' lang='lat' dir='ltr'>infinitas</span> <span class='ocrx_word' id='word_1_80' title='bbox 541 1026 900 1107; x_wconf 68' lang='lat' dir='ltr'>secundum⁸</span> <span class='ocrx_word' id='word_1_81' title='bbox 932 1040 1271 1093; x_wconf 86' lang='lat' dir='ltr'>numerum,</span> <span class='ocrx_word' id='word_1_82' title='bbox 1314 1026 1376 1082; x_wconf 90' lang='lat' dir='ltr'>in</span> <span class='ocrx_word' id='word_1_83' title='bbox 1445 1034 1735 1099; x_wconf 82' lang='lat' dir='ltr'>quantum</span> <span class='ocrx_word' id='word_1_84' title='bbox 1794 1043 1899 1109; x_wconf 84' lang='lat' dir='ltr'>per</span> <span class='ocrx_word' id='word_1_85' title='bbox 1953 1029 2149 1098; x_wconf 85' lang='lat' dir='ltr'>ipsum</span> <span class='ocrx_word' id='word_1_86' title='bbox 2207 1033 2641 1101; x_wconf 82' lang='lat' dir='ltr'>cognoscimus</span> 
     </span>
     <span class='ocr_line' id='line_1_11' title="bbox 205 1096 2638 1171; baseline 0.001 -15"><span class='ocrx_word' id='word_1_87' title='bbox 205 1098 600 1164; x_wconf 83' lang='lat' dir='ltr'>universalia,</span> <span class='ocrx_word' id='word_1_88' title='bbox 632 1097 746 1155; x_wconf 90' lang='lat' dir='ltr'>sub</span> <span class='ocrx_word' id='word_1_89' title='bbox 802 1097 1021 1169; x_wconf 80' lang='lat' dir='ltr'>quibus</span> <span class='ocrx_word' id='word_1_90' title='bbox 1049 1096 1638 1168; x_wconf 87' lang='lat' dir='ltr'>comprehenduntur</span> <span class='ocrx_word' id='word_1_91' title='bbox 1670 1099 2049 1168; x_wconf 80' lang='lat' dir='ltr'>particularia</span> <span class='ocrx_word' id='word_1_92' title='bbox 2077 1098 2310 1156; x_wconf 77' lang='lat' dir='ltr'>infinita</span> <span class='ocrx_word' id='word_1_93' title='bbox 2336 1100 2400 1157; x_wconf 88' lang='lat' dir='ltr'>in</span> <span class='ocrx_word' id='word_1_94' title='bbox 2428 1109 2638 1171; x_wconf 83' lang='lat' dir='ltr'>poten-</span> 
     </span>
     <span class='ocr_line' id='line_1_12' title="bbox 203 1168 2133 1240; baseline 0.001 -14"><span class='ocrx_word' id='word_1_95' title='bbox 203 1170 316 1227; x_wconf 83' lang='lat' dir='ltr'>tia.</span> <span class='ocrx_word' id='word_1_96' title='bbox 346 1172 480 1225; x_wconf 86' lang='lat' dir='ltr'>Non</span> <span class='ocrx_word' id='word_1_97' title='bbox 507 1174 600 1226; x_wconf 83' lang='lat' dir='ltr'>est</span> <span class='ocrx_word' id='word_1_98' title='bbox 629 1169 812 1239; x_wconf 86' lang='lat' dir='ltr'>igitur</span> <span class='ocrx_word' id='word_1_99' title='bbox 839 1169 1176 1225; x_wconf 84' lang='lat' dir='ltr'>intellectus</span> <span class='ocrx_word' id='word_1_100' title='bbox 1207 1168 1519 1238; x_wconf 80' lang='lat' dir='ltr'>possibilis</span> <span class='ocrx_word' id='word_1_101' title='bbox 1549 1170 1739 1226; x_wconf 83' lang='lat' dir='ltr'>virtus</span> <span class='ocrx_word' id='word_1_102' title='bbox 1771 1170 1831 1225; x_wconf 88' lang='lat' dir='ltr'>in</span> <span class='ocrx_word' id='word_1_103' title='bbox 1862 1183 2133 1240; x_wconf 80' lang='lat' dir='ltr'>corpore.</span> 
     </span>
    </p>

    <p class='ocr_par' dir='ltr' id='par_1_5' title="bbox 203 1239 2646 1512">
     <span class='ocr_line' id='line_1_13' title="bbox 279 1239 2646 1314; baseline 0.002 -18"><span class='ocrx_word' id='word_1_104' title='bbox 279 1242 363 1296; x_wconf 83' lang='lat' dir='ltr'>Ex</span> <span class='ocrx_word' id='word_1_105' title='bbox 397 1240 494 1297; x_wconf 88' lang='lat' dir='ltr'>his</span> <span class='ocrx_word' id='word_1_106' title='bbox 544 1246 742 1296; x_wconf 86' lang='lat' dir='ltr'>autem</span> <span class='ocrx_word' id='word_1_107' title='bbox 790 1244 989 1296; x_wconf 90' lang='lat' dir='ltr'>motus</span> <span class='ocrx_word' id='word_1_108' title='bbox 1021 1244 1112 1295; x_wconf 88' lang='lat' dir='ltr'>est</span> <span class='ocrx_word' id='word_1_109' title='bbox 1164 1239 1499 1295; x_wconf 79' lang='lat' dir='ltr'>Averrhoes</span> <span class='ocrx_word' id='word_1_110' title='bbox 1554 1241 1629 1294; x_wconf 82' lang='lat' dir='ltr'>Dc</span> <span class='ocrx_word' id='word_1_111' title='bbox 1673 1242 1878 1301; x_wconf 77' lang='lat' dir='ltr'>anima,</span> <span class='ocrx_word' id='word_1_112' title='bbox 1931 1253 2020 1307; x_wconf 85' lang='grc' dir='ltr'>ιιι,</span> <span class='ocrx_word' id='word_1_113' title='bbox 2054 1244 2192 1296; x_wconf 82' lang='lat' dir='ltr'>text.</span> <span class='ocrx_word' id='word_1_114' title='bbox 2226 1252 2443 1297; x_wconf 87' lang='lat' dir='ltr'>comm.</span> <span class='ocrx_word' id='word_1_115' title='bbox 2476 1243 2552 1314; x_wconf 74' lang='lat'>5),</span> <span class='ocrx_word' id='word_1_116' title='bbox 2583 1244 2646 1300; x_wconf 85' lang='grc' dir='ltr'>ει</span> 
     </span>
     <span class='ocr_line' id='line_1_14' title="bbox 207 1308 2640 1383; baseline 0.001 -17"><span class='ocrx_word' id='word_1_117' title='bbox 207 1310 455 1383; x_wconf 83' lang='lat' dir='ltr'>quidam</span> <span class='ocrx_word' id='word_1_118' title='bbox 485 1310 742 1381; x_wconf 78' lang='lat' dir='ltr'>antiqui,</span> <span class='ocrx_word' id='word_1_119' title='bbox 773 1314 837 1366; x_wconf 90' lang='lat' dir='ltr'>ut</span> <span class='ocrx_word' id='word_1_120' title='bbox 863 1310 992 1380; x_wconf 89' lang='lat' dir='ltr'>ipse</span> <span class='ocrx_word' id='word_1_121' title='bbox 1019 1308 1184 1374; x_wconf 89' lang='lat' dir='ltr'>dicit,</span> <span class='ocrx_word' id='word_1_122' title='bbox 1217 1308 1287 1365; x_wconf 81' lang='lat' dir='ltr'>ad</span> <span class='ocrx_word' id='word_1_123' title='bbox 1321 1322 1518 1379; x_wconf 87' lang='lat' dir='ltr'>ponen</span> <span class='ocrx_word' id='word_1_124' title='bbox 1566 1323 1667 1366; x_wconf 88' lang='lat' dir='ltr'>um</span> <span class='ocrx_word' id='word_1_125' title='bbox 1716 1311 2083 1367; x_wconf 80' lang='lat' dir='ltr'>intellectum</span> <span class='ocrx_word' id='word_1_126' title='bbox 2114 1310 2488 1380; x_wconf 84' lang='lat' dir='ltr'>possibilem,</span> <span class='ocrx_word' id='word_1_127' title='bbox 2519 1324 2640 1383; x_wconf 91' lang='lat' dir='ltr'>quo</span> 
     </span>
     <span class='ocr_line' id='line_1_15' title="bbox 203 1380 2641 1508; baseline 0.002 -72"><span class='ocrx_word' id='word_1_128' title='bbox 203 1380 498 1508; x_wconf 63' lang='lat' dir='ltr'>ifntettigit</span> <span class='ocrx_word' id='word_1_129' title='bbox 523 1381 749 1461; x_wconf 73' lang='lat' dir='ltr'>anima,</span> <span class='ocrx_word' id='word_1_130' title='bbox 779 1393 915 1437; x_wconf 88' lang='lat' dir='ltr'>esse</span> <span class='ocrx_word' id='word_1_131' title='bbox 945 1384 1284 1451; x_wconf 88' lang='lat' dir='ltr'>separatum</span> <span class='ocrx_word' id='word_1_132' title='bbox 1315 1380 1646 1438; x_wconf 88' lang='lat' dir='ltr'>secundum</span> <span class='ocrx_word' id='word_1_133' title='bbox 1695 1394 1831 1439; x_wconf 86' lang='lat' dir='ltr'>esse</span> <span class='ocrx_word' id='word_1_134' title='bbox 1860 1394 1898 1438; x_wconf 89' lang='lat' dir='ltr'>a</span> <span class='ocrx_word' id='word_1_135' title='bbox 1936 1393 2189 1452; x_wconf 84' lang='lat' dir='ltr'>corpore</span> <span class='ocrx_word' id='word_1_136' title='bbox 2244 1386 2304 1438; x_wconf 86' lang='lat' dir='ltr'>et</span> <span class='ocrx_word' id='word_1_137' title='bbox 2352 1395 2473 1439; x_wconf 89' lang='lat' dir='ltr'>non</span> <span class='ocrx_word' id='word_1_138' title='bbox 2504 1395 2641 1441; x_wconf 77' lang='lat' dir='ltr'>esse</span> 
     </span>
     <span class='ocr_line' id='line_1_16' title="bbox 207 1463 791 1512; baseline 0.005 -4"><span class='ocrx_word' id='word_1_139' title='bbox 207 1464 464 1509; x_wconf 31' lang='lat' dir='ltr'>‘ormam</span> <span class='ocrx_word' id='word_1_140' title='bbox 495 1463 606 1508; x_wconf 87' lang='lat' dir='ltr'>cor</span> <span class='ocrx_word' id='word_1_141' title='bbox 647 1464 791 1512; x_wconf 79' lang='lat' dir='ltr'>ons,</span> 
     </span>
    </p>

    <p class='ocr_par' dir='ltr' id='par_1_6' title="bbox 207 1466 2641 2158">
     <span class='ocr_line' id='line_1_17' title="bbox 280 1466 2641 1603; baseline 0 -25"><span class='ocrx_word' id='word_1_142' title='bbox 280 1522 419 1589; x_wconf 86' lang='lat' dir='ltr'>Sed,</span> <span class='ocrx_word' id='word_1_143' title='bbox 452 1466 718 1593; x_wconf 58' lang='grc' dir='ltr'>ψιιεῗιιε</span> <span class='ocrx_word' id='word_1_144' title='bbox 744 1519 1084 1578; x_wconf 86' lang='lat' dir='ltr'>intellectus</span> <span class='ocrx_word' id='word_1_145' title='bbox 1112 1519 1262 1576; x_wconf 86' lang='lat' dir='ltr'>nihil</span> <span class='ocrx_word' id='word_1_146' title='bbox 1284 1520 1356 1577; x_wconf 89' lang='lat' dir='ltr'>ad</span> <span class='ocrx_word' id='word_1_147' title='bbox 1385 1534 1500 1578; x_wconf 89' lang='lat' dir='ltr'>nos</span> <span class='ocrx_word' id='word_1_148' title='bbox 1518 1521 1968 1591; x_wconf 80' lang='lat' dir='ltr'>pertineretncc</span> <span class='ocrx_word' id='word_1_149' title='bbox 1992 1534 2099 1593; x_wconf 84' lang='lat' dir='ltr'>per</span> <span class='ocrx_word' id='word_1_150' title='bbox 2127 1522 2323 1603; x_wconf 81' lang='lat' dir='ltr'>ipsum</span> <span class='ocrx_word' id='word_1_151' title='bbox 2348 1522 2641 1595; x_wconf 82' lang='lat' dir='ltr'>intellige-</span> 
     </span>
     <span class='ocr_line' id='line_1_18' title="bbox 208 1591 2638 1671; baseline 0.001 -22"><span class='ocrx_word' id='word_1_152' title='bbox 208 1606 435 1654; x_wconf 89' lang='lat' dir='ltr'>remus,</span> <span class='ocrx_word' id='word_1_153' title='bbox 466 1592 585 1649; x_wconf 88' lang='lat' dir='ltr'>nisi</span> <span class='ocrx_word' id='word_1_154' title='bbox 634 1591 945 1649; x_wconf 86' lang='lat' dir='ltr'>nobiscum</span> <span class='ocrx_word' id='word_1_155' title='bbox 968 1591 1171 1671; x_wconf 88' lang='lat' dir='ltr'>aliquo</span> <span class='ocrx_word' id='word_1_156' title='bbox 1188 1591 1367 1649; x_wconf 89' lang='lat' dir='ltr'>modo</span> <span class='ocrx_word' id='word_1_157' title='bbox 1415 1593 1896 1663; x_wconf 77' lang='lat' dir='ltr'>conjungeretur,</span> <span class='ocrx_word' id='word_1_158' title='bbox 1929 1593 2284 1650; x_wconf 80' lang='lat' dir='ltr'>determinat</span> <span class='ocrx_word' id='word_1_159' title='bbox 2308 1594 2486 1649; x_wconf 88' lang='lat' dir='ltr'>etiam</span> <span class='ocrx_word' id='word_1_160' title='bbox 2511 1607 2638 1652; x_wconf 88' lang='lat' dir='ltr'>mo—</span> 
     </span>
     <span class='ocr_line' id='line_1_19' title="bbox 210 1660 2639 1734; baseline 0.001 -15"><span class='ocrx_word' id='word_1_161' title='bbox 210 1662 352 1719; x_wconf 85' lang='lat' dir='ltr'>dum</span> <span class='ocrx_word' id='word_1_162' title='bbox 384 1677 510 1734; x_wconf 87' lang='lat' dir='ltr'>quo</span> <span class='ocrx_word' id='word_1_163' title='bbox 538 1663 923 1719; x_wconf 82' lang='lat' dir='ltr'>continuatur</span> <span class='ocrx_word' id='word_1_164' title='bbox 948 1661 1284 1729; x_wconf 75' lang='lat' dir='ltr'>nobiscum,</span> <span class='ocrx_word' id='word_1_165' title='bbox 1309 1660 1540 1730; x_wconf 79' lang='lat' dir='ltr'>dicens,</span> <span class='ocrx_word' id='word_1_166' title='bbox 1569 1662 1727 1734; x_wconf 82' lang='lat' dir='ltr'>quod</span> <span class='ocrx_word' id='word_1_167' title='bbox 1766 1664 2004 1733; x_wconf 81' lang='lat' dir='ltr'>species</span> <span class='ocrx_word' id='word_1_168' title='bbox 2048 1663 2349 1721; x_wconf 84' lang='lat' dir='ltr'>intellecta</span> <span class='ocrx_word' id='word_1_169' title='bbox 2391 1665 2453 1719; x_wconf 89' lang='lat' dir='ltr'>in</span> <span class='ocrx_word' id='word_1_170' title='bbox 2500 1670 2639 1723; x_wconf 88' lang='lat' dir='ltr'>actu</span> 
     </span>
     <span class='ocr_line' id='line_1_20' title="bbox 209 1731 2638 1804; baseline 0 -14"><span class='ocrx_word' id='word_1_171' title='bbox 209 1740 306 1791; x_wconf 91' lang='grc' dir='ltr'>εει</span> <span class='ocrx_word' id='word_1_172' title='bbox 329 1734 526 1790; x_wconf 75' lang='lat' dir='ltr'>forma</span> <span class='ocrx_word' id='word_1_173' title='bbox 557 1732 896 1790; x_wconf 80' lang='lat' dir='ltr'>intellectus</span> <span class='ocrx_word' id='word_1_174' title='bbox 937 1731 1270 1803; x_wconf 82' lang='lat' dir='ltr'>possibilis,</span> <span class='ocrx_word' id='word_1_175' title='bbox 1310 1731 1467 1790; x_wconf 85' lang='lat' dir='ltr'>sicut</span> <span class='ocrx_word' id='word_1_176' title='bbox 1510 1733 1746 1791; x_wconf 76' lang='lat' dir='ltr'>visibile</span> <span class='ocrx_word' id='word_1_177' title='bbox 1779 1735 1840 1790; x_wconf 89' lang='lat' dir='ltr'>in</span> <span class='ocrx_word' id='word_1_178' title='bbox 1890 1740 2026 1791; x_wconf 85' lang='lat' dir='ltr'>actu</span> <span class='ocrx_word' id='word_1_179' title='bbox 2082 1740 2176 1791; x_wconf 90' lang='lat' dir='ltr'>est</span> <span class='ocrx_word' id='word_1_180' title='bbox 2211 1733 2403 1791; x_wconf 78' lang='lat' dir='ltr'>forma</span> <span class='ocrx_word' id='word_1_181' title='bbox 2432 1740 2638 1804; x_wconf 85' lang='lat' dir='ltr'>poten-</span> 
     </span>
     <span class='ocr_line' id='line_1_21' title="bbox 211 1802 2640 1874; baseline 0.001 -14"><span class='ocrx_word' id='word_1_182' title='bbox 211 1804 311 1861; x_wconf 83' lang='lat' dir='ltr'>tiae</span> <span class='ocrx_word' id='word_1_183' title='bbox 356 1804 600 1871; x_wconf 81' lang='lat' dir='ltr'>visivae;</span> <span class='ocrx_word' id='word_1_184' title='bbox 632 1802 809 1866; x_wconf 82' lang='lat' dir='ltr'>unde,</span> <span class='ocrx_word' id='word_1_185' title='bbox 841 1817 913 1860; x_wconf 84' lang='lat' dir='ltr'>ex</span> <span class='ocrx_word' id='word_1_186' title='bbox 957 1802 1260 1860; x_wconf 81' lang='lat' dir='ltr'>intellectu</span> <span class='ocrx_word' id='word_1_187' title='bbox 1322 1803 1596 1874; x_wconf 88' lang='lat' dir='ltr'>possibili</span> <span class='ocrx_word' id='word_1_188' title='bbox 1629 1809 1689 1861; x_wconf 87' lang='lat' dir='ltr'>et</span> <span class='ocrx_word' id='word_1_189' title='bbox 1731 1804 1922 1861; x_wconf 76' lang='lat' dir='ltr'>forma</span> <span class='ocrx_word' id='word_1_190' title='bbox 1961 1803 2262 1861; x_wconf 81' lang='lat' dir='ltr'>intellecta</span> <span class='ocrx_word' id='word_1_191' title='bbox 2294 1805 2357 1861; x_wconf 86' lang='lat' dir='ltr'>in</span> <span class='ocrx_word' id='word_1_192' title='bbox 2386 1811 2542 1873; x_wconf 78' lang='lat' dir='ltr'>actu,</span> <span class='ocrx_word' id='word_1_193' title='bbox 2570 1803 2640 1862; x_wconf 72' lang='lat' dir='ltr'>fit</span> 
     </span>
     <span class='ocr_line' id='line_1_22' title="bbox 211 1872 2634 1946; baseline 0 -15"><span class='ocrx_word' id='word_1_194' title='bbox 211 1887 424 1932; x_wconf 86' lang='lat' dir='ltr'>unum.</span> <span class='ocrx_word' id='word_1_195' title='bbox 457 1874 822 1945; x_wconf 80' lang='lat' dir='ltr'>cuicumque</span> <span class='ocrx_word' id='word_1_196' title='bbox 867 1873 1050 1943; x_wconf 88' lang='lat' dir='ltr'>igitur</span> <span class='ocrx_word' id='word_1_197' title='bbox 1089 1872 1478 1945; x_wconf 84' lang='lat' dir='ltr'>conjungitur</span> <span class='ocrx_word' id='word_1_198' title='bbox 1513 1875 1705 1932; x_wconf 77' lang='lat' dir='ltr'>forma</span> <span class='ocrx_word' id='word_1_199' title='bbox 1726 1874 2027 1932; x_wconf 79' lang='lat' dir='ltr'>intellecta</span> <span class='ocrx_word' id='word_1_200' title='bbox 2054 1874 2354 1946; x_wconf 70' lang='lat' dir='ltr'>praedicta,</span> <span class='ocrx_word' id='word_1_201' title='bbox 2382 1874 2634 1946; x_wconf 81' lang='lat' dir='ltr'>conjun-</span> 
     </span>
     <span class='ocr_line' id='line_1_23' title="bbox 209 1943 2634 2017; baseline 0.002 -18"><span class='ocrx_word' id='word_1_202' title='bbox 209 1945 377 2017; x_wconf 82' lang='lat' dir='ltr'>gitur</span> <span class='ocrx_word' id='word_1_203' title='bbox 405 1943 745 2001; x_wconf 83' lang='lat' dir='ltr'>intellectus</span> <span class='ocrx_word' id='word_1_204' title='bbox 778 1943 1107 2014; x_wconf 82' lang='lat' dir='ltr'>possibilis.</span> <span class='ocrx_word' id='word_1_205' title='bbox 1134 1943 1527 2016; x_wconf 74' lang='lat' dir='ltr'>conjungitur</span> <span class='ocrx_word' id='word_1_206' title='bbox 1576 1951 1771 2002; x_wconf 87' lang='lat' dir='ltr'>autem</span> <span class='ocrx_word' id='word_1_207' title='bbox 1822 1946 1998 2003; x_wconf 88' lang='lat' dir='ltr'>nobis</span> <span class='ocrx_word' id='word_1_208' title='bbox 2028 1945 2324 2002; x_wconf 79' lang='lat' dir='ltr'>mediante</span> <span class='ocrx_word' id='word_1_209' title='bbox 2350 1945 2634 2015; x_wconf 82' lang='lat' dir='ltr'>phantas-</span> 
     </span>
     <span class='ocr_line' id='line_1_24' title="bbox 207 2014 2635 2086; baseline 0.001 -14"><span class='ocrx_word' id='word_1_210' title='bbox 207 2021 393 2083; x_wconf 82' lang='lat' dir='ltr'>mate,</span> <span class='ocrx_word' id='word_1_211' title='bbox 422 2015 584 2086; x_wconf 83' lang='lat' dir='ltr'>quod</span> <span class='ocrx_word' id='word_1_212' title='bbox 633 2021 726 2071; x_wconf 90' lang='lat' dir='ltr'>cst</span> <span class='ocrx_word' id='word_1_213' title='bbox 771 2014 1101 2085; x_wconf 80' lang='lat' dir='ltr'>subjectum</span> <span class='ocrx_word' id='word_1_214' title='bbox 1136 2014 1431 2086; x_wconf 81' lang='lat' dir='ltr'>quoddam</span> <span class='ocrx_word' id='word_1_215' title='bbox 1495 2015 1661 2073; x_wconf 88' lang='lat' dir='ltr'>illius</span> <span class='ocrx_word' id='word_1_216' title='bbox 1706 2017 1909 2073; x_wconf 84' lang='lat' dir='ltr'>formae</span> <span class='ocrx_word' id='word_1_217' title='bbox 1960 2014 2293 2074; x_wconf 64' lang='lat' dir='ltr'>intellectae.</span> <span class='ocrx_word' id='word_1_218' title='bbox 2331 2018 2441 2073; x_wconf 84' lang='lat' dir='ltr'>Per</span> <span class='ocrx_word' id='word_1_219' title='bbox 2477 2017 2635 2074; x_wconf 79' lang='lat' dir='ltr'>bunc</span> 
     </span>
     <span class='ocr_line' id='line_1_25' title="bbox 207 2084 2158 2158; baseline -0.001 -15"><span class='ocrx_word' id='word_1_220' title='bbox 207 2084 404 2158; x_wconf 78' lang='lat' dir='ltr'>igitur</span> <span class='ocrx_word' id='word_1_221' title='bbox 434 2085 676 2142; x_wconf 84' lang='lat' dir='ltr'>modum</span> <span class='ocrx_word' id='word_1_222' title='bbox 707 2085 1045 2141; x_wconf 87' lang='lat' dir='ltr'>intellectus</span> <span class='ocrx_word' id='word_1_223' title='bbox 1075 2084 1386 2154; x_wconf 85' lang='lat' dir='ltr'>possibilis</span> <span class='ocrx_word' id='word_1_224' title='bbox 1413 2086 1728 2143; x_wconf 86' lang='lat' dir='ltr'>nobiscum</span> <span class='ocrx_word' id='word_1_225' title='bbox 1756 2088 2158 2143; x_wconf 81' lang='lat' dir='ltr'>continuatur.</span> 
     </span>
    </p>

    <p class='ocr_par' dir='ltr' id='par_1_7' title="bbox 210 2154 2636 2518">
     <span class='ocr_line' id='line_1_26' title="bbox 285 2154 2636 2226; baseline 0.001 -13"><span class='ocrx_word' id='word_1_226' title='bbox 285 2156 458 2224; x_wconf 84' lang='lat' dir='ltr'>Quod</span> <span class='ocrx_word' id='word_1_227' title='bbox 490 2162 687 2213; x_wconf 87' lang='lat' dir='ltr'>autem</span> <span class='ocrx_word' id='word_1_228' title='bbox 729 2155 854 2213; x_wconf 81' lang='lat' dir='ltr'>haec</span> <span class='ocrx_word' id='word_1_229' title='bbox 881 2155 1093 2212; x_wconf 81' lang='lat' dir='ltr'>frivola</span> <span class='ocrx_word' id='word_1_230' title='bbox 1146 2154 1269 2212; x_wconf 87' lang='lat' dir='ltr'>sint</span> <span class='ocrx_word' id='word_1_231' title='bbox 1297 2162 1352 2212; x_wconf 90' lang='lat' dir='ltr'>et</span> <span class='ocrx_word' id='word_1_232' title='bbox 1386 2156 1806 2226; x_wconf 81' lang='lat' dir='ltr'>impossibilia,</span> <span class='ocrx_word' id='word_1_233' title='bbox 1840 2158 2011 2214; x_wconf 81' lang='lat' dir='ltr'>facile</span> <span class='ocrx_word' id='word_1_234' title='bbox 2034 2162 2127 2215; x_wconf 89' lang='lat' dir='ltr'>est</span> <span class='ocrx_word' id='word_1_235' title='bbox 2149 2156 2367 2214; x_wconf 83' lang='lat' dir='ltr'>videre.</span> <span class='ocrx_word' id='word_1_236' title='bbox 2399 2157 2636 2216; x_wconf 74' lang='lat' dir='ltr'>Habeas</span> 
     </span>
     <span class='ocr_line' id='line_1_27' title="bbox 210 2225 2636 2299; baseline 0.001 -16"><span class='ocrx_word' id='word_1_237' title='bbox 210 2228 377 2283; x_wconf 87' lang='lat' dir='ltr'>enim</span> <span class='ocrx_word' id='word_1_238' title='bbox 410 2226 775 2282; x_wconf 86' lang='lat' dir='ltr'>intellectum</span> <span class='ocrx_word' id='word_1_239' title='bbox 807 2231 898 2283; x_wconf 84' lang='lat' dir='ltr'>est</span> <span class='ocrx_word' id='word_1_240' title='bbox 938 2225 1300 2297; x_wconf 82' lang='lat' dir='ltr'>intelligens,</span> <span class='ocrx_word' id='word_1_241' title='bbox 1323 2226 1684 2299; x_wconf 73' lang='lat' dir='ltr'>intelligitur</span> <span class='ocrx_word' id='word_1_242' title='bbox 1728 2233 1925 2286; x_wconf 87' lang='lat' dir='ltr'>autem</span> <span class='ocrx_word' id='word_1_243' title='bbox 1975 2227 2036 2284; x_wconf 90' lang='lat' dir='ltr'>id</span> <span class='ocrx_word' id='word_1_244' title='bbox 2076 2227 2246 2299; x_wconf 76' lang='lat' dir='ltr'>cuius</span> <span class='ocrx_word' id='word_1_245' title='bbox 2276 2228 2509 2298; x_wconf 78' lang='lat' dir='ltr'>species</span> <span class='ocrx_word' id='word_1_246' title='bbox 2542 2229 2636 2285; x_wconf 89' lang='grc' dir='ltr'>ιιι-</span> 
     </span>
     <span class='ocr_line' id='line_1_28' title="bbox 211 2294 2635 2371; baseline 0.001 -18"><span class='ocrx_word' id='word_1_247' title='bbox 211 2298 340 2357; x_wconf 81' lang='lat' dir='ltr'>telli</span> <span class='ocrx_word' id='word_1_248' title='bbox 390 2297 552 2355; x_wconf 89' lang='lat' dir='ltr'>ibilis</span> <span class='ocrx_word' id='word_1_249' title='bbox 603 2294 926 2354; x_wconf 85' lang='lat' dir='ltr'>intellectui</span> <span class='ocrx_word' id='word_1_250' title='bbox 977 2296 1197 2352; x_wconf 88' lang='lat' dir='ltr'>unitur.</span> <span class='ocrx_word' id='word_1_251' title='bbox 1230 2298 1340 2353; x_wconf 88' lang='lat' dir='ltr'>Per</span> <span class='ocrx_word' id='word_1_252' title='bbox 1388 2297 1501 2353; x_wconf 87' lang='lat' dir='ltr'>hoc</span> <span class='ocrx_word' id='word_1_253' title='bbox 1545 2299 1703 2355; x_wconf 90' lang='lat' dir='ltr'>enim</span> <span class='ocrx_word' id='word_1_254' title='bbox 1750 2298 1909 2370; x_wconf 89' lang='lat' dir='ltr'>quod</span> <span class='ocrx_word' id='word_1_255' title='bbox 1957 2300 2189 2369; x_wconf 87' lang='lat' dir='ltr'>species</span> <span class='ocrx_word' id='word_1_256' title='bbox 2236 2298 2635 2371; x_wconf 86' lang='lat' dir='ltr'>intelligibilis</span> 
     </span>
     <span class='ocr_line' id='line_1_29' title="bbox 210 2312 2634 2447; baseline 0.001 -22"><span class='ocrx_word' id='word_1_257' title='bbox 210 2312 548 2425; x_wconf 50' lang='lat' dir='ltr'>inteflectui</span> <span class='ocrx_word' id='word_1_258' title='bbox 585 2368 751 2447; x_wconf 82' lang='lat' dir='ltr'>unita</span> <span class='ocrx_word' id='word_1_259' title='bbox 789 2375 881 2424; x_wconf 87' lang='lat' dir='ltr'>est</span> <span class='ocrx_word' id='word_1_260' title='bbox 928 2365 990 2423; x_wconf 90' lang='lat' dir='ltr'>in</span> <span class='ocrx_word' id='word_1_261' title='bbox 1037 2367 1281 2423; x_wconf 84' lang='lat' dir='ltr'>bomine</span> <span class='ocrx_word' id='word_1_262' title='bbox 1311 2381 1415 2437; x_wconf 87' lang='lat' dir='ltr'>per</span> <span class='ocrx_word' id='word_1_263' title='bbox 1442 2368 1703 2441; x_wconf 77' lang='lat' dir='ltr'>aliquem</span> <span class='ocrx_word' id='word_1_264' title='bbox 1732 2369 1999 2434; x_wconf 82' lang='lat' dir='ltr'>modum,</span> <span class='ocrx_word' id='word_1_265' title='bbox 2031 2381 2152 2426; x_wconf 90' lang='lat' dir='ltr'>non</span> <span class='ocrx_word' id='word_1_266' title='bbox 2185 2368 2423 2425; x_wconf 80' lang='lat' dir='ltr'>habebit</span> <span class='ocrx_word' id='word_1_267' title='bbox 2455 2370 2634 2427; x_wconf 86' lang='lat' dir='ltr'>bomo</span> 
     </span>
     <span class='ocr_line' id='line_1_30' title="bbox 211 2436 2636 2518; baseline 0.001 -23"><span class='ocrx_word' id='word_1_268' title='bbox 211 2438 377 2511; x_wconf 83' lang='lat' dir='ltr'>quod</span> <span class='ocrx_word' id='word_1_269' title='bbox 407 2438 489 2494; x_wconf 89' lang='lat' dir='ltr'>sit</span> <span class='ocrx_word' id='word_1_270' title='bbox 519 2437 884 2507; x_wconf 82' lang='lat' dir='ltr'>intelligens,</span> <span class='ocrx_word' id='word_1_271' title='bbox 909 2436 1017 2494; x_wconf 90' lang='lat' dir='ltr'>sed</span> <span class='ocrx_word' id='word_1_272' title='bbox 1064 2437 1261 2494; x_wconf 83' lang='lat' dir='ltr'>solum</span> <span class='ocrx_word' id='word_1_273' title='bbox 1303 2438 1464 2518; x_wconf 88' lang='lat' dir='ltr'>quod</span> <span class='ocrx_word' id='word_1_274' title='bbox 1504 2439 1875 2511; x_wconf 83' lang='lat' dir='ltr'>intelligatur</span> <span class='ocrx_word' id='word_1_275' title='bbox 1896 2439 1975 2497; x_wconf 83' lang='lat' dir='ltr'>ab</span> <span class='ocrx_word' id='word_1_276' title='bbox 2002 2438 2307 2495; x_wconf 85' lang='lat' dir='ltr'>intellectu</span> <span class='ocrx_word' id='word_1_277' title='bbox 2337 2445 2636 2509; x_wconf 83' lang='lat' dir='ltr'>separato.</span> 
     </span>
    </p>

    <p class='ocr_par' dir='ltr' id='par_1_8' title="bbox 207 2506 2637 2792">
     <span class='ocr_line' id='line_1_31' title="bbox 286 2506 2636 2590; baseline 0.001 -24"><span class='ocrx_word' id='word_1_278' title='bbox 286 2511 575 2572; x_wconf 62' lang='lat' dir='ltr'>heta-ea,</span> <span class='ocrx_word' id='word_1_279' title='bbox 605 2508 659 2566; x_wconf 90' lang='lat' dir='ltr'>si</span> <span class='ocrx_word' id='word_1_280' title='bbox 708 2508 941 2579; x_wconf 84' lang='lat' dir='ltr'>specics</span> <span class='ocrx_word' id='word_1_281' title='bbox 982 2506 1286 2566; x_wconf 88' lang='lat' dir='ltr'>intellecta</span> <span class='ocrx_word' id='word_1_282' title='bbox 1322 2522 1381 2565; x_wconf 88' lang='lat' dir='ltr'>tn</span> <span class='ocrx_word' id='word_1_283' title='bbox 1418 2514 1553 2567; x_wconf 87' lang='lat' dir='ltr'>actu</span> <span class='ocrx_word' id='word_1_284' title='bbox 1578 2517 1675 2567; x_wconf 89' lang='lat' dir='ltr'>est</span> <span class='ocrx_word' id='word_1_285' title='bbox 1704 2514 1892 2567; x_wconf 85' lang='lat' dir='ltr'>t&#39;orma</span> <span class='ocrx_word' id='word_1_286' title='bbox 1941 2509 2278 2566; x_wconf 89' lang='lat' dir='ltr'>intellectus</span> <span class='ocrx_word' id='word_1_287' title='bbox 2305 2508 2636 2590; x_wconf 78' lang='lat' dir='ltr'>possibilist</span> 
     </span>
     <span class='ocr_line' id='line_1_32' title="bbox 209 2578 2637 2651; baseline -0.001 -11"><span class='ocrx_word' id='word_1_288' title='bbox 209 2580 378 2640; x_wconf 86' lang='lat' dir='ltr'>sicut</span> <span class='ocrx_word' id='word_1_289' title='bbox 403 2581 639 2651; x_wconf 85' lang='lat' dir='ltr'>species</span> <span class='ocrx_word' id='word_1_290' title='bbox 666 2579 923 2637; x_wconf 82' lang='lat' dir='ltr'>visibilis</span> <span class='ocrx_word' id='word_1_291' title='bbox 951 2578 1013 2635; x_wconf 91' lang='lat' dir='ltr'>in</span> <span class='ocrx_word' id='word_1_292' title='bbox 1038 2584 1171 2636; x_wconf 86' lang='lat' dir='ltr'>actu</span> <span class='ocrx_word' id='word_1_293' title='bbox 1203 2584 1295 2636; x_wconf 87' lang='lat' dir='ltr'>est</span> <span class='ocrx_word' id='word_1_294' title='bbox 1315 2580 1504 2637; x_wconf 78' lang='lat' dir='ltr'>forma</span> <span class='ocrx_word' id='word_1_295' title='bbox 1550 2583 1826 2651; x_wconf 83' lang='lat' dir='ltr'>potentiae</span> <span class='ocrx_word' id='word_1_296' title='bbox 1847 2580 2049 2637; x_wconf 83' lang='lat' dir='ltr'>visivae</span> <span class='ocrx_word' id='word_1_297' title='bbox 2089 2580 2215 2636; x_wconf 81' lang='lat' dir='ltr'>sive</span> <span class='ocrx_word' id='word_1_298' title='bbox 2261 2580 2453 2649; x_wconf 86' lang='lat' dir='ltr'>ipsius</span> <span class='ocrx_word' id='word_1_299' title='bbox 2478 2580 2637 2637; x_wconf 83' lang='grc' dir='ltr'>οειιιι</span> 
     </span>
     <span class='ocr_line' id='line_1_33' title="bbox 207 2649 2637 2792; baseline -0.002 -10"><span class='ocrx_word' id='word_1_300' title='bbox 207 2680 290 2782; x_wconf 71' lang='grc' dir='ltr'>ῐῖ</span> <span class='ocrx_word' id='word_1_301' title='bbox 285 2723 302 2778; x_wconf 85' lang='lat'>1</span> <span class='ocrx_word' id='word_1_302' title='bbox 312 2652 779 2780; x_wconf 51' lang='lat' dir='ltr'>ffliftffifin</span> <span class='ocrx_word' id='word_1_303' title='bbox 796 2650 868 2778; x_wconf 64' lang='grc' dir='ltr'>ἐξ</span> <span class='ocrx_word' id='word_1_304' title='bbox 875 2649 1464 2792; x_wconf 57' lang='lat' dir='ltr'>tgl&#39;tesmffi‘ttt</span> <span class='ocrx_word' id='word_1_305' title='bbox 1472 2650 2212 2779; x_wconf 53' lang='lat'>2321-312202333235031‘</span> <span class='ocrx_word' id='word_1_306' title='bbox 2228 2651 2476 2777; x_wconf 60' lang='grc' dir='ltr'>ἓὲῗὲῗέ,</span> <span class='ocrx_word' id='word_1_307' title='bbox 2486 2649 2637 2778; x_wconf 57' lang='grc' dir='ltr'>ῑῖἔῖῗὲ·</span> 
     </span>
    </p>

    <p class='ocr_par' dir='ltr' id='par_1_9' title="bbox 209 2750 2643 3356">
     <span class='ocr_line' id='line_1_34' title="bbox 869 2750 2640 2787; baseline 0 -25"><span class='ocrx_word' id='word_1_308' title='bbox 869 2759 870 2762; x_wconf 74' lang='grc'>,</span> <span class='ocrx_word' id='word_1_309' title='bbox 1135 2761 1150 2786; x_wconf 76' lang='lat'>‚</span> <span class='ocrx_word' id='word_1_310' title='bbox 2091 2763 2104 2787; x_wconf 73' lang='lat'><strong>‚</strong></span> <span class='ocrx_word' id='word_1_311' title='bbox 2615 2750 2640 2762; x_wconf 91' lang='lat'><strong>-</strong></span> 
     </span>
     <span class='ocr_line' id='line_1_35' title="bbox 212 2790 2643 2863; baseline -0.002 -13"><span class='ocrx_word' id='word_1_312' title='bbox 212 2793 360 2850; x_wconf 85' lang='lat' dir='ltr'>dine</span> <span class='ocrx_word' id='word_1_313' title='bbox 387 2794 515 2863; x_wconf 85' lang='lat' dir='ltr'>ipse</span> <span class='ocrx_word' id='word_1_314' title='bbox 547 2792 1021 2857; x_wconf 83' lang='lat' dir='ltr'>utitur‚utetiam</span> <span class='ocrx_word' id='word_1_315' title='bbox 1038 2791 1493 2858; x_wconf 76' lang='lat' dir='ltr'>Aristotele3,—-</span> <span class='ocrx_word' id='word_1_316' title='bbox 1521 2791 1740 2849; x_wconf 88' lang='lat' dir='ltr'>similis</span> <span class='ocrx_word' id='word_1_317' title='bbox 1759 2791 1941 2862; x_wconf 88' lang='lat' dir='ltr'>igitur</span> <span class='ocrx_word' id='word_1_318' title='bbox 1962 2790 2334 2847; x_wconf 85' lang='lat' dir='ltr'>continuatio</span> <span class='ocrx_word' id='word_1_319' title='bbox 2351 2795 2442 2847; x_wconf 88' lang='lat' dir='ltr'>est</span> <span class='ocrx_word' id='word_1_320' title='bbox 2470 2790 2643 2846; x_wconf 86' lang='lat' dir='ltr'>intel·</span> 
     </span>
     <span class='ocr_line' id='line_1_36' title="bbox 215 2860 2638 2942; baseline -0 -21"><span class='ocrx_word' id='word_1_321' title='bbox 215 2862 415 2921; x_wconf 87' lang='lat' dir='ltr'>lectus</span> <span class='ocrx_word' id='word_1_322' title='bbox 445 2861 757 2935; x_wconf 86' lang='lat' dir='ltr'>possibilis</span> <span class='ocrx_word' id='word_1_323' title='bbox 780 2875 890 2942; x_wconf 86' lang='lat' dir='ltr'>per</span> <span class='ocrx_word' id='word_1_324' title='bbox 938 2862 1186 2918; x_wconf 84' lang='lat' dir='ltr'>sormam</span> <span class='ocrx_word' id='word_1_325' title='bbox 1232 2860 1665 2942; x_wconf 82' lang='lat' dir='ltr'>intelligibilem</span> <span class='ocrx_word' id='word_1_326' title='bbox 1694 2861 1769 2919; x_wconf 81' lang='lat' dir='ltr'>ad</span> <span class='ocrx_word' id='word_1_327' title='bbox 1801 2863 2156 2933; x_wconf 83' lang='lat' dir='ltr'>phantasma</span> <span class='ocrx_word' id='word_1_328' title='bbox 2180 2860 2338 2933; x_wconf 91' lang='lat' dir='ltr'>quod</span> <span class='ocrx_word' id='word_1_329' title='bbox 2367 2861 2428 2917; x_wconf 91' lang='lat' dir='ltr'>in</span> <span class='ocrx_word' id='word_1_330' title='bbox 2463 2860 2638 2921; x_wconf 85' lang='lat' dir='ltr'>nobis</span> 
     </span>
     <span class='ocr_line' id='line_1_37' title="bbox 215 2931 2638 3004; baseline -0.001 -12"><span class='ocrx_word' id='word_1_331' title='bbox 215 2939 335 3004; x_wconf 87' lang='lat' dir='ltr'>est,</span> <span class='ocrx_word' id='word_1_332' title='bbox 360 2941 415 2991; x_wconf 91' lang='lat' dir='ltr'>et</span> <span class='ocrx_word' id='word_1_333' title='bbox 434 2936 714 3004; x_wconf 82' lang='lat' dir='ltr'>potentiae</span> <span class='ocrx_word' id='word_1_334' title='bbox 740 2932 940 2989; x_wconf 80' lang='lat' dir='ltr'>visivae</span> <span class='ocrx_word' id='word_1_335' title='bbox 959 2931 1031 2989; x_wconf 88' lang='lat' dir='ltr'>ad</span> <span class='ocrx_word' id='word_1_336' title='bbox 1062 2933 1320 2988; x_wconf 89' lang='lat' dir='ltr'>colorem</span> <span class='ocrx_word' id='word_1_337' title='bbox 1345 2947 1444 3004; x_wconf 79' lang='lat' dir='ltr'>qui</span> <span class='ocrx_word' id='word_1_338' title='bbox 1477 2938 1570 2987; x_wconf 88' lang='lat' dir='ltr'>est</span> <span class='ocrx_word' id='word_1_339' title='bbox 1597 2933 1657 2989; x_wconf 91' lang='lat' dir='ltr'>in</span> <span class='ocrx_word' id='word_1_340' title='bbox 1692 2932 1900 3002; x_wconf 87' lang='lat' dir='ltr'>lapide.</span> <span class='ocrx_word' id='word_1_341' title='bbox 1938 2933 2070 2989; x_wconf 79' lang='lat' dir='ltr'>Haeo</span> <span class='ocrx_word' id='word_1_342' title='bbox 2098 2937 2293 2988; x_wconf 87' lang='lat' dir='ltr'>autem</span> <span class='ocrx_word' id='word_1_343' title='bbox 2324 2931 2638 2989; x_wconf 85' lang='lat' dir='ltr'>continua·</span> 
     </span>
     <span class='ocr_line' id='line_1_38' title="bbox 209 3000 2639 3128; baseline -0.001 -67"><span class='ocrx_word' id='word_1_344' title='bbox 209 3005 308 3062; x_wconf 78' lang='lat' dir='ltr'>tio</span> <span class='ocrx_word' id='word_1_345' title='bbox 353 3018 477 3062; x_wconf 89' lang='lat' dir='ltr'>non</span> <span class='ocrx_word' id='word_1_346' title='bbox 529 3003 672 3061; x_wconf 82' lang='lat' dir='ltr'>facit</span> <span class='ocrx_word' id='word_1_347' title='bbox 713 3004 977 3083; x_wconf 40' lang='lat' dir='ltr'>lapidem·</span> <span class='ocrx_word' id='word_1_348' title='bbox 1014 3002 1231 3069; x_wconf 81' lang='lat' dir='ltr'>videre,</span> <span class='ocrx_word' id='word_1_349' title='bbox 1261 3003 1365 3083; x_wconf 79' lang='lat' dir='ltr'>sed</span> <span class='ocrx_word' id='word_1_350' title='bbox 1395 3002 1591 3060; x_wconf 85' lang='lat' dir='ltr'>solum</span> <span class='ocrx_word' id='word_1_351' title='bbox 1636 3002 1843 3059; x_wconf 85' lang='lat' dir='ltr'>videri.</span> <span class='ocrx_word' id='word_1_352' title='bbox 1877 3005 2029 3076; x_wconf 75' lang='lat' dir='ltr'>Ergo</span> <span class='ocrx_word' id='word_1_353' title='bbox 2057 3008 2116 3058; x_wconf 84' lang='lat' dir='ltr'>et</span> <span class='ocrx_word' id='word_1_354' title='bbox 2143 3002 2421 3128; x_wconf 61' lang='lat' dir='ltr'>fraedicta</span> <span class='ocrx_word' id='word_1_355' title='bbox 2447 3000 2639 3059; x_wconf 84' lang='lat' dir='ltr'>conti·-</span> 
     </span>
     <span class='ocr_line' id='line_1_39' title="bbox 211 3072 2636 3145; baseline -0.002 -12"><span class='ocrx_word' id='word_1_356' title='bbox 211 3076 429 3133; x_wconf 83' lang='lat' dir='ltr'>nnatio</span> <span class='ocrx_word' id='word_1_357' title='bbox 460 3073 800 3131; x_wconf 86' lang='lat' dir='ltr'>intellectus</span> <span class='ocrx_word' id='word_1_358' title='bbox 817 3072 1126 3143; x_wconf 76' lang='lat' dir='ltr'>possibilis</span> <span class='ocrx_word' id='word_1_359' title='bbox 1153 3072 1500 3141; x_wconf 76' lang='lat' dir='ltr'>nobiscum,</span> <span class='ocrx_word' id='word_1_360' title='bbox 1533 3087 1651 3130; x_wconf 90' lang='lat' dir='ltr'>non</span> <span class='ocrx_word' id='word_1_361' title='bbox 1680 3074 1818 3131; x_wconf 83' lang='lat' dir='ltr'>facit</span> <span class='ocrx_word' id='word_1_362' title='bbox 1858 3085 1973 3131; x_wconf 88' lang='lat' dir='ltr'>nos</span> <span class='ocrx_word' id='word_1_363' title='bbox 2016 3073 2141 3130; x_wconf 88' lang='lat' dir='ltr'>inte</span> <span class='ocrx_word' id='word_1_364' title='bbox 2169 3074 2369 3145; x_wconf 88' lang='lat' dir='ltr'>ligere,</span> <span class='ocrx_word' id='word_1_365' title='bbox 2410 3073 2515 3130; x_wconf 89' lang='lat' dir='ltr'>sed</span> <span class='ocrx_word' id='word_1_366' title='bbox 2546 3074 2636 3129; x_wconf 88' lang='lat' dir='ltr'>in—</span> 
     </span>
     <span class='ocr_line' id='line_1_40' title="bbox 213 3143 2636 3216; baseline -0.001 -13"><span class='ocrx_word' id='word_1_367' title='bbox 213 3146 344 3203; x_wconf 75' lang='lat' dir='ltr'>telli</span> <span class='ocrx_word' id='word_1_368' title='bbox 394 3146 405 3157; x_wconf 92' lang='grc'><em>“</em></span> <span class='ocrx_word' id='word_1_369' title='bbox 439 3145 662 3203; x_wconf 87' lang='lat' dir='ltr'>solum.</span> <span class='ocrx_word' id='word_1_370' title='bbox 691 3144 936 3206; x_wconf 83' lang='lat' dir='ltr'>Planum</span> <span class='ocrx_word' id='word_1_371' title='bbox 968 3149 1164 3201; x_wconf 75' lang='lat' dir='ltr'>autern</span> <span class='ocrx_word' id='word_1_372' title='bbox 1203 3147 1295 3201; x_wconf 87' lang='lat' dir='ltr'>est</span> <span class='ocrx_word' id='word_1_373' title='bbox 1323 3143 1479 3216; x_wconf 85' lang='lat' dir='ltr'>quod</span> <span class='ocrx_word' id='word_1_374' title='bbox 1514 3144 1823 3215; x_wconf 79' lang='lat' dir='ltr'>proprieet</span> <span class='ocrx_word' id='word_1_375' title='bbox 1854 3157 1990 3201; x_wconf 82' lang='lat' dir='ltr'>vere</span> <span class='ocrx_word' id='word_1_376' title='bbox 2019 3143 2238 3200; x_wconf 88' lang='lat' dir='ltr'>dicitur</span> <span class='ocrx_word' id='word_1_377' title='bbox 2263 3144 2421 3216; x_wconf 92' lang='lat' dir='ltr'>quod</span> <span class='ocrx_word' id='word_1_378' title='bbox 2456 3144 2636 3201; x_wconf 84' lang='lat' dir='ltr'>bomo</span> 
     </span>
     <span class='ocr_line' id='line_1_41' title="bbox 213 3212 2642 3296; baseline 0 -23"><span class='ocrx_word' id='word_1_379' title='bbox 213 3216 343 3273; x_wconf 87' lang='lat' dir='ltr'>inte</span> <span class='ocrx_word' id='word_1_380' title='bbox 393 3216 520 3289; x_wconf 84' lang='lat' dir='ltr'>igit.</span> <span class='ocrx_word' id='word_1_381' title='bbox 552 3218 679 3273; x_wconf 82' lang='lat' dir='ltr'>Non</span> <span class='ocrx_word' id='word_1_382' title='bbox 708 3215 864 3271; x_wconf 87' lang='lat' dir='ltr'>enim</span> <span class='ocrx_word' id='word_1_383' title='bbox 896 3214 1233 3272; x_wconf 84' lang='lat' dir='ltr'>intellectus</span> <span class='ocrx_word' id='word_1_384' title='bbox 1261 3220 1533 3272; x_wconf 68' lang='lat' dir='ltr'>naturam</span> <span class='ocrx_word' id='word_1_385' title='bbox 1567 3215 2063 3286; x_wconf 80' lang='lat' dir='ltr'>investigaremus</span> <span class='ocrx_word' id='word_1_386' title='bbox 2081 3214 2195 3272; x_wconf 89' lang='lat' dir='ltr'>nisi</span> <span class='ocrx_word' id='word_1_387' title='bbox 2221 3228 2325 3296; x_wconf 83' lang='lat' dir='ltr'>per</span> <span class='ocrx_word' id='word_1_388' title='bbox 2348 3214 2458 3272; x_wconf 91' lang='lat' dir='ltr'>boc</span> <span class='ocrx_word' id='word_1_389' title='bbox 2479 3212 2642 3286; x_wconf 77' lang='lat' dir='ltr'>quod</span> 
     </span>
     <span class='ocr_line' id='line_1_42' title="bbox 215 3283 2637 3356; baseline -0.001 -11"><span class='ocrx_word' id='word_1_390' title='bbox 215 3300 336 3345; x_wconf 78' lang='lat' dir='ltr'>nos</span> <span class='ocrx_word' id='word_1_391' title='bbox 360 3284 771 3356; x_wconf 84' lang='lat' dir='ltr'>intelligimus.</span> <span class='ocrx_word' id='word_1_392' title='bbox 794 3288 921 3342; x_wconf 79' lang='lat' dir='ltr'>Non</span> <span class='ocrx_word' id='word_1_393' title='bbox 940 3285 1123 3355; x_wconf 82' lang='lat' dir='ltr'>igitur</span> <span class='ocrx_word' id='word_1_394' title='bbox 1143 3283 1453 3343; x_wconf 82' lang='lat' dir='ltr'>sufficiens</span> <span class='ocrx_word' id='word_1_395' title='bbox 1472 3291 1566 3342; x_wconf 88' lang='lat' dir='ltr'>est</span> <span class='ocrx_word' id='word_1_396' title='bbox 1581 3286 1896 3356; x_wconf 77' lang='lat' dir='ltr'>praedictus</span> <span class='ocrx_word' id='word_1_397' title='bbox 1912 3287 2114 3342; x_wconf 89' lang='lat' dir='ltr'>contin</span> <span class='ocrx_word' id='word_1_398' title='bbox 2126 3285 2385 3343; x_wconf 81' lang='lat' dir='ltr'>nationis</span> <span class='ocrx_word' id='word_1_399' title='bbox 2397 3284 2534 3341; x_wconf 90' lang='lat' dir='ltr'>mod</span> <span class='ocrx_word' id='word_1_400' title='bbox 2545 3295 2637 3343; x_wconf 83' lang='lat' dir='ltr'>us.</span> 
     </span>
    </p>

    <p class='ocr_par' dir='ltr' id='par_1_10' title="bbox 213 3354 2729 3716">
     <span class='ocr_line' id='line_1_43' title="bbox 287 3354 2729 3428; baseline -0.002 -15"><span class='ocrx_word' id='word_1_401' title='bbox 287 3357 509 3426; x_wconf 68' lang='lat' dir='ltr'>Adnue,</span> <span class='ocrx_word' id='word_1_402' title='bbox 566 3367 744 3413; x_wconf 84' lang='lat' dir='ltr'>omne</span> <span class='ocrx_word' id='word_1_403' title='bbox 824 3368 1200 3427; x_wconf 80' lang='lat' dir='ltr'>cognoscens</span> <span class='ocrx_word' id='word_1_404' title='bbox 1253 3369 1360 3426; x_wconf 81' lang='lat' dir='ltr'>per</span> <span class='ocrx_word' id='word_1_405' title='bbox 1410 3356 1685 3413; x_wconf 78' lang='lat' dir='ltr'>virtutem</span> <span class='ocrx_word' id='word_1_406' title='bbox 1741 3357 2209 3428; x_wconf 81' lang='lat' dir='ltr'>cognoscitivam</span> <span class='ocrx_word' id='word_1_407' title='bbox 2255 3354 2640 3426; x_wconf 69' lang='lat' dir='ltr'>coniungitur</span> <span class='ocrx_word' id='word_1_408' title='bbox 2724 3388 2729 3394; x_wconf 33' lang='grc' dir='ltr'>ι</span> 
     </span>
     <span class='ocr_line' id='line_1_44' title="bbox 217 3424 2636 3499; baseline -0.002 -14"><span class='ocrx_word' id='word_1_409' title='bbox 217 3425 475 3499; x_wconf 86' lang='lat' dir='ltr'>object0,</span> <span class='ocrx_word' id='word_1_410' title='bbox 507 3432 565 3483; x_wconf 87' lang='lat' dir='ltr'>et</span> <span class='ocrx_word' id='word_1_411' title='bbox 595 3439 715 3483; x_wconf 92' lang='lat' dir='ltr'>non</span> <span class='ocrx_word' id='word_1_412' title='bbox 746 3439 778 3483; x_wconf 93' lang='lat' dir='ltr'>e</span> <span class='ocrx_word' id='word_1_413' title='bbox 806 3438 1118 3494; x_wconf 79' lang='lat' dir='ltr'>converSO,</span> <span class='ocrx_word' id='word_1_414' title='bbox 1146 3426 1301 3483; x_wconf 87' lang='lat' dir='ltr'>sicut</span> <span class='ocrx_word' id='word_1_415' title='bbox 1348 3431 1408 3483; x_wconf 90' lang='lat' dir='ltr'>et</span> <span class='ocrx_word' id='word_1_416' title='bbox 1434 3440 1691 3497; x_wconf 82' lang='lat' dir='ltr'>operans</span> <span class='ocrx_word' id='word_1_417' title='bbox 1735 3441 1911 3484; x_wconf 88' lang='lat' dir='ltr'>omne</span> <span class='ocrx_word' id='word_1_418' title='bbox 1943 3441 2047 3498; x_wconf 84' lang='lat' dir='ltr'>per</span> <span class='ocrx_word' id='word_1_419' title='bbox 2080 3428 2352 3482; x_wconf 80' lang='lat' dir='ltr'>virtutem</span> <span class='ocrx_word' id='word_1_420' title='bbox 2380 3424 2636 3494; x_wconf 79' lang='lat' dir='ltr'>operati-</span> 
     </span>
     <span class='ocr_line' id='line_1_45' title="bbox 213 3496 2638 3578; baseline -0.002 -24"><span class='ocrx_word' id='word_1_421' title='bbox 213 3511 354 3555; x_wconf 75' lang='lat' dir='ltr'>vam</span> <span class='ocrx_word' id='word_1_422' title='bbox 401 3497 786 3569; x_wconf 83' lang='lat' dir='ltr'>conjungitur</span> <span class='ocrx_word' id='word_1_423' title='bbox 828 3502 1088 3568; x_wconf 77' lang='lat' dir='ltr'>operam.</span> <span class='ocrx_word' id='word_1_424' title='bbox 1144 3498 1331 3554; x_wconf 85' lang='lat' dir='ltr'>Homo</span> <span class='ocrx_word' id='word_1_425' title='bbox 1375 3503 1573 3554; x_wconf 86' lang='lat' dir='ltr'>autem</span> <span class='ocrx_word' id='word_1_426' title='bbox 1618 3502 1711 3556; x_wconf 86' lang='lat' dir='ltr'>est</span> <span class='ocrx_word' id='word_1_427' title='bbox 1763 3497 2109 3578; x_wconf 80' lang='lat' dir='ltr'>intelligens</span> <span class='ocrx_word' id='word_1_428' title='bbox 2140 3511 2242 3567; x_wconf 89' lang='lat' dir='ltr'>per</span> <span class='ocrx_word' id='word_1_429' title='bbox 2270 3496 2638 3552; x_wconf 88' lang='lat' dir='ltr'>intellectum</span> 
     </span>
     <span class='ocr_line' id='line_1_46' title="bbox 217 3566 2640 3648; baseline -0.001 -23"><span class='ocrx_word' id='word_1_430' title='bbox 217 3569 378 3627; x_wconf 85' lang='lat' dir='ltr'>sicut</span> <span class='ocrx_word' id='word_1_431' title='bbox 421 3583 527 3638; x_wconf 86' lang='lat' dir='ltr'>per</span> <span class='ocrx_word' id='word_1_432' title='bbox 570 3568 844 3624; x_wconf 84' lang='lat' dir='ltr'>virtutem</span> <span class='ocrx_word' id='word_1_433' title='bbox 899 3568 1386 3646; x_wconf 85' lang='lat' dir='ltr'>cognoscitivam.</span> <span class='ocrx_word' id='word_1_434' title='bbox 1429 3569 1558 3626; x_wconf 90' lang='lat' dir='ltr'>Non</span> <span class='ocrx_word' id='word_1_435' title='bbox 1613 3567 1796 3640; x_wconf 88' lang='lat' dir='ltr'>igitur</span> <span class='ocrx_word' id='word_1_436' title='bbox 1838 3568 2223 3648; x_wconf 71' lang='lat' dir='ltr'>conjungitur</span> <span class='ocrx_word' id='word_1_437' title='bbox 2250 3580 2355 3648; x_wconf 88' lang='lat' dir='ltr'>per</span> <span class='ocrx_word' id='word_1_438' title='bbox 2385 3566 2640 3623; x_wconf 82' lang='lat' dir='ltr'>formam</span> 
     </span>
     <span class='ocr_line' id='line_1_47' title="bbox 214 3637 2611 3716; baseline -0.001 -20"><span class='ocrx_word' id='word_1_439' title='bbox 214 3638 638 3710; x_wconf 87' lang='lat' dir='ltr'>inteligibilem</span> <span class='ocrx_word' id='word_1_440' title='bbox 667 3637 1016 3703; x_wconf 78' lang='lat' dir='ltr'>intellectui,</span> <span class='ocrx_word' id='word_1_441' title='bbox 1049 3637 1152 3694; x_wconf 88' lang='lat' dir='ltr'>sed</span> <span class='ocrx_word' id='word_1_442' title='bbox 1181 3639 1374 3710; x_wconf 84' lang='lat' dir='ltr'>magis</span> <span class='ocrx_word' id='word_1_443' title='bbox 1405 3652 1508 3709; x_wconf 81' lang='lat' dir='ltr'>per</span> <span class='ocrx_word' id='word_1_444' title='bbox 1533 3637 1897 3695; x_wconf 87' lang='lat' dir='ltr'>intellectum</span> <span class='ocrx_word' id='word_1_445' title='bbox 1930 3637 2292 3708; x_wconf 80' lang='lat' dir='ltr'>inteligibilt.</span> <span class='ocrx_word' id='word_1_446' title='bbox 2534 3704 2546 3716; x_wconf 45' lang='lat'><strong>·</strong></span> <span class='ocrx_word' id='word_1_447' title='bbox 2598 3704 2611 3715; x_wconf 42' lang='grc'><strong>,</strong></span> 
     </span>
    </p>

    <p class='ocr_par' dir='ltr' id='par_1_11' title="bbox 210 3703 2643 4272">
     <span class='ocr_line' id='line_1_48' title="bbox 287 3703 2638 3788; baseline -0.002 -23"><span class='ocrx_word' id='word_1_448' title='bbox 287 3710 566 3780; x_wconf 57' lang='lat' dir='ltr'>Ampliat.</span> <span class='ocrx_word' id='word_1_449' title='bbox 610 3707 669 3765; x_wconf 86' lang='lat' dir='ltr'>id</span> <span class='ocrx_word' id='word_1_450' title='bbox 713 3707 871 3781; x_wconf 92' lang='lat' dir='ltr'>quod</span> <span class='ocrx_word' id='word_1_451' title='bbox 915 3706 1136 3779; x_wconf 86' lang='lat' dir='ltr'>aliquid</span> <span class='ocrx_word' id='word_1_452' title='bbox 1178 3714 1473 3778; x_wconf 82' lang='lat' dir='ltr'>operatur,</span> <span class='ocrx_word' id='word_1_453' title='bbox 1519 3715 1753 3779; x_wconf 85' lang='lat' dir='ltr'>oportet</span> <span class='ocrx_word' id='word_1_454' title='bbox 1795 3722 1929 3765; x_wconf 90' lang='lat' dir='ltr'>esse</span> <span class='ocrx_word' id='word_1_455' title='bbox 1978 3708 2228 3764; x_wconf 81' lang='lat' dir='ltr'>formam</span> <span class='ocrx_word' id='word_1_456' title='bbox 2276 3707 2424 3788; x_wconf 68' lang='lat' dir='ltr'>ejus».</span> <span class='ocrx_word' id='word_1_457' title='bbox 2480 3703 2638 3786; x_wconf 67' lang='lat' dir='ltr'>Ntbtl</span> 
     </span>
     <span class='ocr_line' id='line_1_49' title="bbox 215 3774 2641 3852; baseline -0.001 -15"><span class='ocrx_word' id='word_1_458' title='bbox 215 3780 380 3837; x_wconf 89' lang='lat' dir='ltr'>enim</span> <span class='ocrx_word' id='word_1_459' title='bbox 412 3780 538 3852; x_wconf 80' lang='lat' dir='ltr'>agit</span> <span class='ocrx_word' id='word_1_460' title='bbox 566 3778 684 3836; x_wconf 88' lang='lat' dir='ltr'>nisi</span> <span class='ocrx_word' id='word_1_461' title='bbox 710 3776 1040 3836; x_wconf 87' lang='lat' dir='ltr'>secundum</span> <span class='ocrx_word' id='word_1_462' title='bbox 1071 3779 1230 3850; x_wconf 82' lang='lat' dir='ltr'>quod</span> <span class='ocrx_word' id='word_1_463' title='bbox 1255 3784 1346 3836; x_wconf 90' lang='lat' dir='ltr'>est</span> <span class='ocrx_word' id='word_1_464' title='bbox 1373 3785 1531 3848; x_wconf 84' lang='lat' dir='ltr'>actu,</span> <span class='ocrx_word' id='word_1_465' title='bbox 1561 3785 1697 3837; x_wconf 85' lang='lat' dir='ltr'>actu</span> <span class='ocrx_word' id='word_1_466' title='bbox 1739 3785 1933 3836; x_wconf 85' lang='lat' dir='ltr'>autem</span> <span class='ocrx_word' id='word_1_467' title='bbox 1968 3791 2086 3835; x_wconf 91' lang='lat' dir='ltr'>non</span> <span class='ocrx_word' id='word_1_468' title='bbox 2117 3784 2213 3833; x_wconf 86' lang='lat' dir='ltr'>est</span> <span class='ocrx_word' id='word_1_469' title='bbox 2242 3774 2488 3849; x_wconf 80' lang='lat' dir='ltr'>aliquid,</span> <span class='ocrx_word' id='word_1_470' title='bbox 2520 3788 2641 3833; x_wconf 78' lang='lat' dir='ltr'>nist</span> 
     </span>
     <span class='ocr_line' id='line_1_50' title="bbox 215 3848 2631 3927; baseline -0.001 -22"><span class='ocrx_word' id='word_1_471' title='bbox 215 3864 326 3923; x_wconf 82' lang='lat' dir='ltr'>per</span> <span class='ocrx_word' id='word_1_472' title='bbox 375 3849 435 3907; x_wconf 90' lang='lat' dir='ltr'>id</span> <span class='ocrx_word' id='word_1_473' title='bbox 487 3848 647 3923; x_wconf 89' lang='lat' dir='ltr'>quod</span> <span class='ocrx_word' id='word_1_474' title='bbox 694 3855 784 3906; x_wconf 90' lang='lat' dir='ltr'>est</span> <span class='ocrx_word' id='word_1_475' title='bbox 821 3849 1024 3920; x_wconf 19' lang='lat' dir='ltr'>*forma</span> <span class='ocrx_word' id='word_1_476' title='bbox 1069 3848 1220 3919; x_wconf 88' lang='lat' dir='ltr'>ejus.</span> <span class='ocrx_word' id='word_1_477' title='bbox 1264 3849 1428 3906; x_wconf 83' lang='lat' dir='ltr'>Unde</span> <span class='ocrx_word' id='word_1_478' title='bbox 1474 3856 1533 3906; x_wconf 92' lang='lat' dir='ltr'>et</span> <span class='ocrx_word' id='word_1_479' title='bbox 1570 3849 1919 3908; x_wconf 81' lang='lat' dir='ltr'>Aristoteles</span> <span class='ocrx_word' id='word_1_480' title='bbox 1965 3848 2063 3920; x_wconf 83' lang='lat' dir='ltr'>(De</span> <span class='ocrx_word' id='word_1_481' title='bbox 2098 3852 2303 3914; x_wconf 81' lang='lat' dir='ltr'>anima,</span> <span class='ocrx_word' id='word_1_482' title='bbox 2358 3860 2428 3927; x_wconf 73' lang='lat'>¹¹⁹.</span> <span class='ocrx_word' id='word_1_483' title='bbox 2478 3850 2631 3926; x_wconf 78' lang='lat' dir='ltr'>text.</span> 
     </span>
     <span class='ocr_line' id='line_1_51' title="bbox 216 3917 2643 3992; baseline -0.002 -13"><span class='ocrx_word' id='word_1_484' title='bbox 216 3934 437 3979; x_wconf 87' lang='lat' dir='ltr'>comm.</span> <span class='ocrx_word' id='word_1_485' title='bbox 486 3921 542 3991; x_wconf 77' lang='lat'>4)</span> <span class='ocrx_word' id='word_1_486' title='bbox 589 3919 799 3990; x_wconf 86' lang='lat' dir='ltr'>probat</span> <span class='ocrx_word' id='word_1_487' title='bbox 841 3921 1101 3977; x_wconf 83' lang='lat' dir='ltr'>animam</span> <span class='ocrx_word' id='word_1_488' title='bbox 1142 3931 1277 3976; x_wconf 86' lang='lat' dir='ltr'>esse</span> <span class='ocrx_word' id='word_1_489' title='bbox 1315 3919 1591 3987; x_wconf 81' lang='lat' dir='ltr'>formam,</span> <span class='ocrx_word' id='word_1_490' title='bbox 1632 3934 1739 3992; x_wconf 87' lang='lat' dir='ltr'>per</span> <span class='ocrx_word' id='word_1_491' title='bbox 1782 3920 1895 3977; x_wconf 88' lang='lat' dir='ltr'>boc</span> <span class='ocrx_word' id='word_1_492' title='bbox 1968 3918 2084 3975; x_wconf 90' lang='lat' dir='ltr'>uod</span> <span class='ocrx_word' id='word_1_493' title='bbox 2127 3917 2348 3975; x_wconf 86' lang='lat' dir='ltr'>animal</span> <span class='ocrx_word' id='word_1_494' title='bbox 2374 3921 2538 3985; x_wconf 77' lang='lat' dir='ltr'>vivit,</span> <span class='ocrx_word' id='word_1_495' title='bbox 2581 3919 2643 3973; x_wconf 87' lang='lat' dir='ltr'>et</span> 
     </span>
     <span class='ocr_line' id='line_1_52' title="bbox 214 3986 2640 4070; baseline -0.002 -22"><span class='ocrx_word' id='word_1_496' title='bbox 214 3992 422 4049; x_wconf 88' lang='lat' dir='ltr'>sentit.</span> <span class='ocrx_word' id='word_1_497' title='bbox 473 3991 663 4048; x_wconf 80' lang='lat' dir='ltr'>Homo</span> <span class='ocrx_word' id='word_1_498' title='bbox 710 3997 908 4048; x_wconf 86' lang='lat' dir='ltr'>autem</span> <span class='ocrx_word' id='word_1_499' title='bbox 954 3989 1257 4070; x_wconf 84' lang='lat' dir='ltr'>intelligit,</span> <span class='ocrx_word' id='word_1_500' title='bbox 1286 3994 1346 4046; x_wconf 88' lang='lat' dir='ltr'>et</span> <span class='ocrx_word' id='word_1_501' title='bbox 1398 3991 1640 4047; x_wconf 87' lang='lat' dir='ltr'>nonnisi</span> <span class='ocrx_word' id='word_1_502' title='bbox 1685 4004 1787 4061; x_wconf 84' lang='lat' dir='ltr'>per</span> <span class='ocrx_word' id='word_1_503' title='bbox 1816 3992 1936 4047; x_wconf 87' lang='lat' dir='ltr'>inte</span> <span class='ocrx_word' id='word_1_504' title='bbox 1966 3990 2199 4045; x_wconf 88' lang='lat' dir='ltr'>lectum.</span> <span class='ocrx_word' id='word_1_505' title='bbox 2237 3988 2400 4045; x_wconf 89' lang='lat' dir='ltr'>Unde</span> <span class='ocrx_word' id='word_1_506' title='bbox 2429 3991 2487 4044; x_wconf 92' lang='lat' dir='ltr'>et</span> <span class='ocrx_word' id='word_1_507' title='bbox 2514 3986 2640 4044; x_wconf 79' lang='lat' dir='ltr'>Ari-</span> 
     </span>
     <span class='ocr_line' id='line_1_53' title="bbox 211 4059 2641 4140; baseline -0.002 -21"><span class='ocrx_word' id='word_1_508' title='bbox 211 4063 466 4120; x_wconf 81' lang='lat' dir='ltr'>stoteles</span> <span class='ocrx_word' id='word_1_509' title='bbox 515 4060 828 4134; x_wconf 77' lang='lat' dir='ltr'>inquirens</span> <span class='ocrx_word' id='word_1_510' title='bbox 860 4060 943 4119; x_wconf 85' lang='lat' dir='ltr'>&#39;de</span> <span class='ocrx_word' id='word_1_511' title='bbox 988 4061 1286 4132; x_wconf 76' lang='lat' dir='ltr'>principio</span> <span class='ocrx_word' id='word_1_512' title='bbox 1315 4073 1438 4140; x_wconf 76' lang='lat' dir='ltr'>qno</span> <span class='ocrx_word' id='word_1_513' title='bbox 1481 4061 1895 4132; x_wconf 83' lang='lat' dir='ltr'>intelligimus,</span> <span class='ocrx_word' id='word_1_514' title='bbox 1942 4060 2121 4116; x_wconf 86' lang='lat' dir='ltr'>tradit</span> <span class='ocrx_word' id='word_1_515' title='bbox 2165 4059 2338 4116; x_wconf 88' lang='lat' dir='ltr'>nobis</span> <span class='ocrx_word' id='word_1_516' title='bbox 2367 4063 2641 4136; x_wconf 80' lang='lat' dir='ltr'>naturam</span> 
     </span>
     <span class='ocr_line' id='line_1_54' title="bbox 213 4128 2642 4203; baseline -0.002 -13"><span class='ocrx_word' id='word_1_517' title='bbox 213 4131 562 4190; x_wconf 77' lang='lat' dir='ltr'>intellectus</span> <span class='ocrx_word' id='word_1_518' title='bbox 611 4131 941 4203; x_wconf 82' lang='lat' dir='ltr'>possibilis.</span> <span class='ocrx_word' id='word_1_519' title='bbox 985 4132 1229 4202; x_wconf 77' lang='lat' dir='ltr'>Oportet</span> <span class='ocrx_word' id='word_1_520' title='bbox 1273 4130 1460 4202; x_wconf 72' lang='lat' dir='ltr'>igitur</span> <span class='ocrx_word' id='word_1_521' title='bbox 1503 4131 1872 4189; x_wconf 80' lang='lat' dir='ltr'>intellectum</span> <span class='ocrx_word' id='word_1_522' title='bbox 1914 4128 2264 4201; x_wconf 83' lang='lat' dir='ltr'>possibilem</span> <span class='ocrx_word' id='word_1_523' title='bbox 2312 4129 2642 4187; x_wconf 79' lang='lat' dir='ltr'>formaliter</span> 
     </span>
     <span class='ocr_line' id='line_1_55' title="bbox 210 4201 1768 4272; baseline -0.003 -9"><span class='ocrx_word' id='word_1_524' title='bbox 210 4203 377 4263; x_wconf 85' lang='lat' dir='ltr'>uniri</span> <span class='ocrx_word' id='word_1_525' title='bbox 408 4202 610 4272; x_wconf 81' lang='lat' dir='ltr'>nobis,</span> <span class='ocrx_word' id='word_1_526' title='bbox 642 4207 700 4260; x_wconf 82' lang='lat' dir='ltr'>et</span> <span class='ocrx_word' id='word_1_527' title='bbox 723 4214 841 4259; x_wconf 89' lang='lat' dir='ltr'>non</span> <span class='ocrx_word' id='word_1_528' title='bbox 872 4201 1073 4259; x_wconf 84' lang='lat' dir='ltr'>solum</span> <span class='ocrx_word' id='word_1_529' title='bbox 1109 4215 1211 4272; x_wconf 84' lang='lat' dir='ltr'>per</span> <span class='ocrx_word' id='word_1_530' title='bbox 1237 4213 1416 4259; x_wconf 79' lang='lat' dir='ltr'>suum</span> <span class='ocrx_word' id='word_1_531' title='bbox 1447 4201 1768 4259; x_wconf 82' lang='lat' dir='ltr'>ob&#39;ectum.</span> 
     </span>
    </p>

    <p class='ocr_par' dir='ltr' id='par_1_12' title="bbox 208 4270 2643 4559">
     <span class='ocr_line' id='line_1_56' title="bbox 280 4270 2642 4344; baseline -0.002 -13"><span class='ocrx_word' id='word_1_532' title='bbox 280 4276 576 4342; x_wconf 62' lang='lat' dir='ltr'>Praeterea,</span> <span class='ocrx_word' id='word_1_533' title='bbox 605 4271 945 4331; x_wconf 86' lang='lat' dir='ltr'>intellectus</span> <span class='ocrx_word' id='word_1_534' title='bbox 981 4271 1049 4329; x_wconf 81' lang='lat' dir='ltr'>in</span> <span class='ocrx_word' id='word_1_535' title='bbox 1096 4277 1230 4330; x_wconf 71' lang='lat' dir='ltr'>actu</span> <span class='ocrx_word' id='word_1_536' title='bbox 1257 4277 1315 4328; x_wconf 86' lang='lat' dir='ltr'>et</span> <span class='ocrx_word' id='word_1_537' title='bbox 1367 4272 1512 4328; x_wconf 82' lang='lat' dir='ltr'>intel</span> <span class='ocrx_word' id='word_1_538' title='bbox 1542 4272 1746 4344; x_wconf 83' lang='lat' dir='ltr'>igibile</span> <span class='ocrx_word' id='word_1_539' title='bbox 1774 4271 1838 4329; x_wconf 85' lang='lat' dir='ltr'>in</span> <span class='ocrx_word' id='word_1_540' title='bbox 1865 4277 2001 4330; x_wconf 82' lang='lat' dir='ltr'>actu</span> <span class='ocrx_word' id='word_1_541' title='bbox 2054 4274 2201 4329; x_wconf 80' lang='lat' dir='ltr'>sunt</span> <span class='ocrx_word' id='word_1_542' title='bbox 2242 4284 2452 4340; x_wconf 85' lang='lat' dir='ltr'>unum,</span> <span class='ocrx_word' id='word_1_543' title='bbox 2483 4270 2642 4329; x_wconf 84' lang='lat' dir='ltr'>sieut</span> 
     </span>
     <span class='ocr_line' id='line_1_57' title="bbox 212 4342 2643 4414; baseline -0.004 -10"><span class='ocrx_word' id='word_1_544' title='bbox 212 4358 438 4404; x_wconf 82' lang='lat' dir='ltr'>sensus</span> <span class='ocrx_word' id='word_1_545' title='bbox 469 4346 530 4400; x_wconf 84' lang='lat' dir='ltr'>in</span> <span class='ocrx_word' id='word_1_546' title='bbox 561 4348 695 4400; x_wconf 87' lang='lat' dir='ltr'>actu</span> <span class='ocrx_word' id='word_1_547' title='bbox 726 4349 785 4400; x_wconf 85' lang='lat' dir='ltr'>et</span> <span class='ocrx_word' id='word_1_548' title='bbox 812 4343 1098 4401; x_wconf 86' lang='lat' dir='ltr'>sensibile</span> <span class='ocrx_word' id='word_1_549' title='bbox 1129 4344 1188 4399; x_wconf 87' lang='lat' dir='ltr'>in</span> <span class='ocrx_word' id='word_1_550' title='bbox 1219 4348 1398 4410; x_wconf 64' lang='lat' dir='ltr'>setin</span> <span class='ocrx_word' id='word_1_551' title='bbox 1428 4354 1549 4399; x_wconf 85' lang='lat' dir='ltr'>non</span> <span class='ocrx_word' id='word_1_552' title='bbox 1575 4350 1771 4400; x_wconf 84' lang='lat' dir='ltr'>autem</span> <span class='ocrx_word' id='word_1_553' title='bbox 1794 4344 2135 4400; x_wconf 84' lang='lat' dir='ltr'>intellectus</span> <span class='ocrx_word' id='word_1_554' title='bbox 2162 4342 2228 4399; x_wconf 86' lang='lat' dir='ltr'>in</span> <span class='ocrx_word' id='word_1_555' title='bbox 2283 4342 2547 4414; x_wconf 85' lang='lat' dir='ltr'>potentia</span> <span class='ocrx_word' id='word_1_556' title='bbox 2576 4342 2643 4395; x_wconf 83' lang='lat' dir='ltr'>et</span> 
     </span>
     <span class='ocr_line' id='line_1_58' title="bbox 211 4409 2633 4497; baseline -0.004 -25"><span class='ocrx_word' id='word_1_557' title='bbox 211 4412 598 4497; x_wconf 78' lang='lat' dir='ltr'>intelligibile</span> <span class='ocrx_word' id='word_1_558' title='bbox 634 4412 698 4470; x_wconf 91' lang='lat' dir='ltr'>in</span> <span class='ocrx_word' id='word_1_559' title='bbox 769 4415 1054 4485; x_wconf 82' lang='lat' dir='ltr'>potentia,</span> <span class='ocrx_word' id='word_1_560' title='bbox 1097 4413 1258 4472; x_wconf 87' lang='lat' dir='ltr'>sicut</span> <span class='ocrx_word' id='word_1_561' title='bbox 1305 4426 1414 4470; x_wconf 89' lang='lat' dir='ltr'>nec</span> <span class='ocrx_word' id='word_1_562' title='bbox 1461 4425 1682 4470; x_wconf 85' lang='lat' dir='ltr'>sensus</span> <span class='ocrx_word' id='word_1_563' title='bbox 1728 4413 1789 4469; x_wconf 91' lang='lat' dir='ltr'>in</span> <span class='ocrx_word' id='word_1_564' title='bbox 1839 4414 2100 4495; x_wconf 85' lang='lat' dir='ltr'>potentia</span> <span class='ocrx_word' id='word_1_565' title='bbox 2147 4418 2205 4469; x_wconf 91' lang='lat' dir='ltr'>et</span> <span class='ocrx_word' id='word_1_566' title='bbox 2251 4412 2537 4470; x_wconf 87' lang='lat' dir='ltr'>sensibile</span> <span class='ocrx_word' id='word_1_567' title='bbox 2568 4409 2633 4463; x_wconf 84' lang='lat' dir='ltr'>in</span> 
     </span>
     <span class='ocr_line' id='line_1_59' title="bbox 208 4481 2631 4559; baseline -0.004 -14"><span class='ocrx_word' id='word_1_568' title='bbox 208 4491 503 4559; x_wconf 63' lang='lat' dir='ltr'>potentia.</span> <span class='ocrx_word' id='word_1_569' title='bbox 535 4483 778 4557; x_wconf 80' lang='lat' dir='ltr'>species</span> <span class='ocrx_word' id='word_1_570' title='bbox 818 4484 1003 4558; x_wconf 78' lang='lat' dir='ltr'>igitur</span> <span class='ocrx_word' id='word_1_571' title='bbox 1027 4484 1137 4556; x_wconf 81' lang='lat' dir='ltr'>rei,</span> <span class='ocrx_word' id='word_1_572' title='bbox 1166 4484 1496 4544; x_wconf 82' lang='lat' dir='ltr'>secundum</span> <span class='ocrx_word' id='word_1_573' title='bbox 1522 4481 1686 4557; x_wconf 89' lang='lat' dir='ltr'>quod</span> <span class='ocrx_word' id='word_1_574' title='bbox 1717 4488 1813 4542; x_wconf 81' lang='lat' dir='ltr'>est</span> <span class='ocrx_word' id='word_1_575' title='bbox 1841 4496 1907 4542; x_wconf 88' lang='grc' dir='ltr'>ιιι</span> <span class='ocrx_word' id='word_1_576' title='bbox 1949 4482 2487 4558; x_wconf 69' lang='lat' dir='ltr'>phantasmatibus,</span> <span class='ocrx_word' id='word_1_577' title='bbox 2509 4490 2631 4536; x_wconf 90' lang='lat' dir='ltr'>non</span> 
     </span>
    </p>
   </div>
  </div>
 </body>
</html>
