3076 5025
1025 319 1160 376 LIB.
1199 320 1301 388 111,
1338 318 1494 377 GAP.
1523 319 1663 373 XVl.
2418 322 2531 377 275

109 438 442 506 sinuatum,
474 436 631 495 sicut
660 441 718 494 et
739 449 973 494 summe
1000 435 1229 495 honum
1259 440 1352 494 est
1379 435 1541 509 quod
1567 449 1676 508 per
1701 449 1877 496 suam
1918 437 2247 497 essentiam
2290 438 2520 499 bonum

105 514 199 567 est.
233 510 357 565 Hoc
379 513 579 565 autem
614 512 707 565 est
725 506 1122 578 impossibile,
1155 521 1340 579 quum
1363 507 1590 588 malurn
1623 519 1745 565 non
1773 508 1992 567 habeat
2015 508 2280 582 aliquam
2312 523 2521 568 essen·

103 581 254 648 tiam,
287 585 552 650 utsupra
577 578 653 651 (c.
682 578 740 650 7)
770 576 1086 649 probatum
1110 583 1220 635 est.
1243 577 1625 650 Impossibile
1648 582 1742 637 est
1759 578 1946 652 igitur
1964 591 2190 651 ponere
2216 592 2522 639 summum

99 649 317 708 malum
345 648 505 730 quod
536 649 616 707 sit
640 648 936 706 malorum
965 647 1306 719 pricipium.

153 721 313 789 Item,
364 719 513 777 illud
552 718 712 791 quod
761 726 851 777 est
878 718 1137 791 primum
1176 718 1536 791 principium
1559 732 1687 778 non
1713 724 1810 778 est
1837 720 1914 779 ab
1949 720 2156 795 aliquo
2184 726 2523 781 causatum.

98 792 279 850 omne
314 796 512 848 autem
548 789 772 871 malum
815 795 1100 871 causatur
1137 803 1176 847 a
1212 789 1396 860 hono,
1437 795 1502 848 ut
1542 795 1859 849 ostensum
1884 797 1982 850 est
2018 791 2096 864 (c.
2129 791 2242 865 11).
2270 795 2401 851 Non
2429 796 2525 852 est

99 862 273 935 igitur
301 860 528 919 malum
551 873 808 933 primum
838 861 1221 932 principium.

154 932 437 1003 Amplius,
479 931 704 989 malum
749 944 868 988 non
909 930 1034 1003 agit
1070 931 1189 989 nisi
1228 932 1293 990 in
1316 930 1537 990 virtute
1558 928 1726 1000 honi,
1751 936 1822 989 ut
1846 944 1922 990 ex
1989 933 2283 992 raemissis
2324 933 2400 1006 (c.
2432 933 2527 1007 ¹0)

94 1007 268 1074 patet.
320 1002 584 1083 Primum
631 1001 1223 1084 autem‘principium
1253 1002 1379 1076 agit
1403 1001 1621 1061 virtute
1647 1000 1907 1074 propria.
1996 1003 2157 1062 alum
2185 1003 2372 1076 igitur
2396 1017 2522 1062 non

95 1077 289 1144 potest
316 1086 454 1131 esse
479 1086 740 1145 primum
768 1085 1152 1145 principium.

152 1146 459 1226 Pfaetereffi·
494 1157 679 1224 quum
705 1142 765 1200 id
808 1143 968 1224 quod
1005 1150 1098 1226 est
1129 1156 1236 1215 per
1262 1141 1545 1225 accidens
1572 1141 1655 1201 sit
1678 1143 1982 1215 posterius
2009 1156 2082 1201 eo
2095 1144 2272 1272 fluod
2301 1149 2395 1203 est
2420 1158 2531 1215 per

92 1228 171 1284 se,
199 1213 586 1286 1mpossihile
606 1214 877 1286 estquod
893 1213 1328 1286 s1tpr1mum1d
1349 1213 1510 1295 quod
1531 1218 1622 1272 est
1646 1227 1754 1285 per
1773 1214 2073 1273 accidens.
2151 1215 2311 1272 alum
2326 1221 2526 1274 autem

89 1298 207 1342 non
229 1284 437 1343 evenit
463 1284 583 1342 nisi
611 1297 718 1356 per
746 1283 1027 1343 accidens
1050 1289 1110 1342 et
1136 1289 1349 1356 praeter
1375 1283 1792 1348 intentionem,
1817 1290 1885 1344 ut
1906 1284 2224 1367 probatum
2241 1291 2336 1344 est
2355 1286 2524 1358 (6.4).

89 1357 167 1413 Im
255 1354 473 1415 ssihile
500 1360 594 1413 est
619 1355 804 1427 igitur
830 1355 993 1429 quod
1021 1355 1249 1414 malum
1277 1355 1358 1414 sit
1380 1356 1639 1426 primum
1667 1356 2056 1428 principium.

207 1426 381 1490 ἀΙιιισ,
414 1438 592 1484 omne
619 1426 842 1484 malum
868 1426 1044 1483 habet
1070 1439 1316 1484 causam
1336 1440 1443 1498 per
1461 1425 1762 1495 accidens,
1785 1430 1853 1484 ut
1874 1427 2189 1498 probatum
2210 1433 2302 1487 est
2312 1427 2388 1501 (c.
2414 1425 2524 1501 13).

91 1497 357 1556 Primum
405 1501 604 1554 autem
639 1496 1003 1569 principium
1048 1508 1172 1555 non
1220 1496 1400 1556 habet
1448 1510 1695 1555 causam
1742 1510 1935 1569 neque
1975 1511 2169 1580 perse
2197 1512 2393 1572 neque
2420 1511 2528 1569 per

92 1567 395 1626 accidens.
435 1567 654 1627 Malum
690 1567 879 1640 igitur
915 1579 1040 1626 non
1088 1572 1289 1639 potest
1322 1579 1460 1626 esse
1496 1567 1756 1640 primum
1799 1569 2163 1642 princlpium
2206 1569 2271 1626 in
2320 1567 2525 1642 aliquo

127 1651 330 1699 enere.

90 1651 128 1711 g
151 1710 310 1778 item,
346 1721 539 1768 causa
576 1721 685 1781 per
718 1722 788 1769 se
831 1713 925 1767 est
959 1708 1126 1781 prior
1159 1723 1233 1769 ea
1258 1723 1392 1783 quae
1430 1714 1524 1768 est
1548 1723 1657 1783 per
1681 1709 1983 1770 accidens,
2011 1710 2128 1769 Sed
2156 1708 2380 1768 malum
2399 1722 2525 1767 non

92 1783 177 1838 est
213 1792 410 1839 causa
448 1779 569 1839 nisi
608 1792 714 1851 per
751 1779 1054 1849 accidens,
1086 1784 1155 1838 ut
1189 1786 1504 1840 ostensum
1543 1787 1637 1840 est
1663 1782 1739 1855 (c.
1788 1781 1898 1855 14).
1928 1782 2145 1841 Malum
2175 1780 2362 1854 igitur
2400 1792 2524 1837 non

90 1854 282 1919 potest
312 1863 456 1909 esse
483 1849 741 1922 primum
770 1851 1130 1923 principium
1155 1850 1220 1908 in
1241 1852 1446 1924 aliquo
1470 1865 1710 1925 genere.

154 1922 265 1979 Per
293 1921 417 1979 hoc
446 1927 645 1979 autem
675 1920 1012 1979 excluditur
1038 1934 1205 1980 error
1228 1922 1694 1982 Manichaeorum
1723 1923 2076 1995 ponentium
2099 1922 2343 1997 aliquod
2363 1932 2529 1980 sum-

91 2001 251 2050 mum
281 1989 517 2050 malum
550 1991 711 2065 quod
740 1996 832 2050 est
853 1991 1215 2066 principium
1233 1993 1495 2065 primum
1524 1994 1796 2053 omnium
1827 1994 2146 2055 malorum.

1082 2213 1339 2279 CAPUT
1362 2213 1524 2281 xv1.

687 2391 838 2446 QUOD
870 2393 1029 2441 lmus
1065 2393 1410 2441 cumsmlt'r
1440 2392 1545 2440 nm
1577 2394 1691 2441 ts'r
1720 2392 1941 2443 nomm.

153 2559 211 2619 si
241 2564 451 2618 autem
478 2572 658 2618 omne
685 2572 875 2632 agens
902 2558 1029 2641 agit
1069 2565 1290 2641 ‘ropter
1313 2559 1563 2630 bonum,
1593 2567 1660 2620 ut
1677 2573 1863 2641 supra
1889 2559 1963 2633 (c.
1988 2556 2043 2631 3)
2070 2557 2386 2632 probatum
2408 2567 2523 2631 est,

91 2643 152 2688 se
193 2632 368 2690 uitur
395 2630 651 2689 ulterius
675 2630 837 2705 quod
863 2644 1037 2702 cnjus
1064 2630 1185 2689 lbet
1212 2630 1372 2689 entis
1398 2631 1626 2689 honum
1653 2630 1735 2687 sit
1760 2629 1923 2688 finis.

201 2714 349 2760 mne
386 2701 547 2759 enim
578 2714 688 2759 ens
717 2700 1028 2758 ordinatur
1063 2700 1126 2757 in
1170 2700 1350 2759 finem
1398 2714 1505 2773 per
1532 2714 1707 2758 suam
1734 2700 2072 2767 actionem;
2103 2704 2339 2781 oportet
2364 2701 2526 2760 enim

89 2772 278 2902 quodb
293 2772 389 2830 vel
433 2771 568 2844 ipsa
615 2772 772 2830 actio
801 2770 882 2829 sit
908 2769 1071 2840 finis,
1100 2772 1196 2830 vel
1222 2770 1366 2830 finis
1395 2770 1656 2830 actionis
1684 2769 1765 2829 sit
1785 2769 1929 2829 finis
1954 2774 2214 2843 agentis,
2244 2771 2405 2843 quod
2433 2776 2527 2829 est

88 2857 116 2900 e
140 2857 212 2902 us
283 2856 498 2901 onum.

112 2857 438 2995 ‘'Amplius,
487 2912 628 2971 finis
675 2912 760 2970 rei
809 2912 1132 2984 qu‘uslibet
1176 2916 1269 2971 est
1318 2912 1384 2970 in
1422 2911 1585 2986 quod
1629 2912 1983 2971 terminatur
2027 2913 2325 2994 appetitus
2369 2912 2522 2985 ejus.

82 2986 161 3056 Ap
205 2989 400 3043 entus
428 2989 627 3042 autem
648 2982 971 3056 cujuslibet
994 2983 1079 3041 rei
1102 2982 1460 3041 terminatur
1481 2982 1558 3043 ad
1580 2982 1808 3042 honum
1833 3001 1849 3051 ;
1871 2982 1961 3040 sic
1989 2996 2151 3041 enim
2179 2984 2523 3057 philosophi

85 3053 156 3183 gf·
195 3056 403 3182 niutffi³
429 3054 655 3112 honum
683 3069 697 3108 :
731 3053 937 3123 «Quod
966 3054 1171 3112 omnia
1198 3058 1484 3126 appetunt
1504 3075 1560 3112 n.
1581 3052 1912 3128 cujuslibet
1936 3052 2122 3126 igitur
2147 3056 2235 3113 rei
2264 3054 2405 3115 finis
2432 3060 2528 3114 est

140 3141 155 3182 1
203 3139 297 3185 uo
408 3137 616 3183 onum.

143 3140 314 3265 stem,
361 3194 511 3253 illud
551 3195 625 3253 ad
672 3194 1107 3268 quod‘aliquid
1138 3194 1329 3254 tendit
1365 3208 1553 3268 quum
1582 3200 1749 3255 extra
1770 3194 1970 3268 ipsum
1997 3194 2194 3267 fuerit,
2225 3201 2284 3254 et
2310 3196 2374 3254 in
2401 3210 2524 3271 quo

83 3264 350 3348 quiescit
393 3279 577 3339 quum
620 3265 820 3346 ipsum
862 3265 1291 3348 habuerit‚,est
1333 3265 1476 3325 finis
1503 3265 1658 3338 ejus·
1702 3266 2177 3348 Unumquodque
2205 3271 2426 3337 autem,
2465 3267 2522 3325 si

79 3336 459 3408 perfectione
540 3349 742 3409 ropria
787 3342 1006 3405 careat,
1057 3349 1123 3394 m
1167 3348 1365 3407 ipsam
1408 3342 1703 3407 movetur,
1748 3343 2039 3409 quantum
2083 3350 2151 3395 m
2197 3349 2263 3394 se
2290 3340 2421 3396 est.-
2464 3337 2520 3396 si

79 3420 216 3466 vero
235 3420 384 3466 eam
411 3407 491 3466 ha
531 3413 647 3475 eat,
675 3407 741 3464 in
759 3406 893 3478 ipsa
919 3407 1194 3479 quiescit.
1226 3407 1389 3466 Finis
1417 3407 1604 3480 igitur
1626 3405 2107 3489 uniuscujusque
2146 3407 2233 3466 rei
2270 3412 2362 3466 est
2388 3407 2522 3480 ejus

78 3478 401 3557 perfectio,
447 3478 739 3537 perfectio
779 3483 977 3535 autem
1023 3476 1345 3549 cujuslibet
1389 3484 1484 3537 est
1530 3476 1758 3536 bonum
1788 3478 2004 3550 ipsius.
2048 3476 2524 3552 Unumquodque

80 3548 263 3621 1gitur
306 3546 618 3607 ordinatur
643 3548 708 3605 in
735 3546 958 3606 bonum
983 3548 1142 3606 sicut
1168 3548 1232 3605 in
1259 3547 1462 3606 finem.

143 3621 450 3689 Praeterea,
481 3619 691 3678 eodem
719 3618 901 3677 modo
931 3618 1286 3677 ordinantur
1309 3618 1374 3675 in
1398 3617 1582 3678 finem
1601 3631 1674 3678 ea
1697 3632 1834 3692 quae
1861 3623 2240 3693 cognoscunt
2263 3617 2445 3679 finem
2466 3624 2533 3679 et

83 3701 152 3747 ea
173 3703 322 3765 quae
346 3687 525 3747 finem
555 3701 680 3748 non
709 3695 1106 3762 cognoscunt,
1137 3688 1279 3747 licet
1303 3703 1378 3748 ea
1402 3702 1540 3763 quae
1568 3695 1946 3763 cognoscunt
1970 3687 2152 3748 finem
2179 3703 2286 3761 per
2304 3703 2372 3749 se
2395 3703 2524 3749 mo-

79 3767 342 3822 veantur
386 3761 451 3818 in
495 3759 700 3829 finem,
741 3774 874 3833 quae
923 3764 1120 3818 autem
1160 3771 1284 3817 non
1324 3765 1706 3833 cognoscunt
1730 3760 1933 3830 finem,
1977 3759 2224 3818 tendant
2250 3760 2315 3818 in
2341 3760 2525 3820 finem

79 3833 252 3903 quasi
311 3829 385 3889 ab
431 3829 552 3890 alio
582 3831 827 3900 directa,
868 3830 1028 3890 sicut
1111 3834 1231 3889 atet
1275 3829 1350 3888 de
1392 3843 1460 3889 sa
1505 3831 1714 3890 ittante
1760 3837 1820 3889 et
1846 3829 2085 3913 sagitta.
2126 3830 2242 3889 Sed
2278 3845 2352 3890 θα
2391 3846 2527 3905 quae

81 3905 474 3975 cognoscunt
499 3900 680 3960 finem
709 3915 948 3974 semper
971 3914 1041 3959 or
1084 3901 1327 3959 inantur
1362 3901 1429 3958 in
1498 3914 1683 3960 onum
1727 3901 1886 3961 sicut
1912 3914 1977 3959 in
2003 3900 2187 3959 finem
2208 3919 2222 3932 ·
2255 3914 2395 3961 nam
2419 3915 2524 3962 vo·

79 3968 313 4055 luntas,
338 3984 483 4055 quae·
501 3977 597 4033 est
621 3973 919 4054 appetitus
947 3971 1089 4029 finis
1111 3972 1489 4052 praecogniti,
1510 3984 1636 4030 non
1671 3973 1865 4031 tendit
1889 3972 1954 4030 in
2000 3944 2229 4045 aliquid
2256 3972 2378 4031 nisi
2407 3973 2523 4033 sub

80 4048 321 4102 ratione
340 4042 511 4112 honi,
539 4042 704 4123 quod
727 4048 821 4102 est
865 4056 995 4115 ejus
1028 4042 1348 4123 objectum.
1380 4044 1533 4114 Ergo
1562 4048 1622 4101 et
1648 4056 1721 4101 θα
1747 4056 1883 4125 quae
1910 4043 2092 4100 finem
2115 4054 2239 4100 non
2268 4056 2524 4116 cognos-

82 4120 225 4242 ἰωή
279 4114 643 4174 ordinantur
686 4125 752 4171 in
795 4111 1022 4172 bonum
1080 4113 1242 4173 sicut
1284 4125 1348 4170 m
1395 4111 1601 4172 finem.
1658 4114 1826 4174 Finis
1876 4113 2062 4187 igitur
2110 4113 2381 4173 omnium
2431 4120 2524 4177 est
