3076 5025
393 241 504 312 356
1269 232 1400 302 tin.
1440 231 1540 320 ni,
1568 230 1732 290 cap,
1772 230 1966 286 Lxxv.

398 366 497 422 est
524 358 666 433 quia
694 370 818 417 non
840 370 911 417 co
958 354 1156 420 noscit
1184 367 1275 424 ea,
1311 359 1414 411 aut
1441 353 1584 426 quia
1612 366 1734 411 non
1803 355 1983 422 otest,
2011 356 2112 416 aut
2191 348 2293 431 uia
2320 361 2443 407 non
2474 348 2601 410 vult
2630 363 2850 414 ,rerum

398 427 608 493 duram
631 427 868 494 habere.
952 440 1030 484 on
1051 430 1247 484 autem
1310 429 1466 482 otest
1485 422 1602 481 dici
1633 436 1752 495 quo
1817 424 1972 480 Deus
1994 420 2171 493 singu
2200 433 2328 478 aria
2345 432 2468 501 non
2489 426 2846 500 eognoscat.

399 503 725 566 ostensum
754 498 913 555 enim
935 500 1026 554 est
1047 509 1230 568 supra
1241 438 1384 623 fib.
1415 508 1611 565 1,cap.
1637 492 1727 565 65)
1745 492 1904 565 quod
1932 495 2090 550 Deus
2111 504 2314 550 eorum
2339 493 2609 571 notitiam
2638 489 2846 572 habet.

399 575 524 633 Nec
545 571 722 629 etiam
752 572 951 640 potest
971 566 1086 625 dici
1117 579 1236 639 quo
1300 567 1459 623 Deus
1484 578 1692 622 eorum
1718 577 1920 621 curam
1938 562 2156 620 habere
2175 573 2298 618 non
2321 564 2536 632 possit,
2549 573 2688 618 cum
2708 576 2850 634 eius

445 641 671 701 otentia
699 639 778 697 sit
816 637 1070 706 infinita,
1100 642 1164 694 ut
1201 650 1384 707 supra
1427 634 1747 716 probatum
1785 639 1879 692 est
1930 633 2055 706 (lib.
2087 645 2128 696 ι,
2161 645 2292 760 cas».
2343 635 2460 704 22).
2491 633 2611 690 Nec
2656 631 2848 692 ‚etiam

400 657 534 776 Baec
564 709 898 783 singularia
959 706 1370 765 ubernationis
1398 719 1524 764 non
1545 719 1790 777 capacia
1810 710 1972 773 sunt,
1995 716 2133 762 cum
2161 717 2216 759 vi
2299 713 2472 762 amus
2512 716 2585 761 ea
2628 701 2849 776 guber-

319 841 324 844 .
401 783 537 843 nari
556 780 810 841 rationis
831 779 891 836 in
939 777 1147 858 ustria,
1178 776 1335 836 sicut
1362 782 1523 850 patet
1553 776 1616 857 in
1640 774 2009 857 horninibus,
2032 779 2091 830 et
2107 787 2214 855 per
2234 771 2566 832 naturalem
2588 772 2850 833 instinc-

401 859 533 913 tum
589 852 747 909 sicut
767 853 924 920 patet
950 849 1014 905 in
1044 846 1280 920 apibuS‚
1309 852 1369 906 et
1408 846 1616 906 multis
1660 844 2021 906 animalibus
2047 844 2263 913 brutiS,
2333 856 2426 906 uae
2455 842 2718 917 quodam
2746 856 2852 906 ua·

401 894 587 984 turali
602 921 892 979 instinctu
908 917 1541 999 gubernantur2Neque
1555 916 1732 999 etiam
1753 914 1870 999 dici
1892 920 2092 997 potest
2115 913 2275 985 quod
2291 857 2448 995 gens
2470 925 2593 996 non
2610 912 2756 974 velit
2772 927 2852 975 ea

404 993 765 1068 gubernare,
811 1002 946 1047 cum
992 988 1273 1047 voluntas
1324 1001 1518 1060 ipsius
1563 992 1644 1046 sit
1686 986 2107 1045 universaliter
2152 996 2353 1066 omnis
2397 983 2566 1065 boni.
2611 985 2849 1048 Bonum

405 1068 608 1124 autem
638 1075 845 1119 eorum
919 1073 1008 1117 uae
1054 1058 1482 1132 gubernantur,
1516 1057 1583 1118 in
1628 1057 1837 1115 ordine
1883 1056 2338 1129 gubernationis
2389 1067 2651 1114 maxime
2699 1068 2847 1120 con-

406 1133 591 1193 sistit.
622 1135 752 1192 Non
788 1129 872 1204 igi
901 1144 974 1188 ur
999 1134 1196 1202 potest
1233 1128 1350 1187 dici
1379 1127 1540 1202 quod
1592 1130 1752 1187 Deus
1789 1127 2007 1186 horum
2051 1124 2451 1200 singularium
2482 1139 2691 1186 curam
2721 1138 2848 1188 non

404 1204 755 1355 Μὲῗχξὶἰαε,
785 1283 997 1329 omnes
1025 1284 1224 1329 causae
1252 1269 1554 1339 secundae,
1593 1270 1655 1327 in
1686 1269 1802 1328 hoc
1830 1267 1989 1351 quod
2018 1280 2217 1327 causae
2260 1265 2546 1337 existunt,
2577 1265 2847 1346 divinam

407 1343 870 1404 similitudinem
898 1345 1368 1413 consequuntur,
1400 1346 1466 1398 ut
1504 1355 1579 1398 ex
1616 1339 1976 1411 supradictis
2008 1338 2158 1410 (cap.
2187 1335 2282 1419 21)
2320 1341 2508 1418 patet.
2542 1339 2850 1402 invenitur

405 1420 610 1474 autem
675 1414 791 1472 hoc
833 1423 1231 1474 communiter
1276 1410 1340 1469 in
1383 1411 1587 1469 causis
1635 1408 2105 1482 producentibus
2148 1407 2396 1481 aliquid,
2448 1420 2584 1480 quae
2641 1420 2851 1472 curam

407 1485 634 1544 liabent
659 1497 864 1542 eorum
897 1497 1027 1555 quae
1054 1481 1392 1553 producunt
1422 1500 1436 1539 :
1465 1481 1623 1540 sicut
1651 1480 1936 1539 animalia
1973 1478 2323 1538 naturaliter
2366 1476 2641 1538 nutriunt
2667 1477 2850 1540 soetus

408 1567 580 1615 suos.
608 1557 765 1613 Deus
792 1554 976 1635 igitur
1001 1566 1205 1610 curam
1236 1551 1414 1612 habet
1442 1565 1649 1612 eorum
1697 1565 1951 1625 quorum
1995 1563 2197 1630 causa·
2229 1548 2453 1612 existit.
2499 1549 2602 1606 Est
2645 1553 2847 1612 autem

408 1639 596 1686 causa
620 1626 796 1683 etiam
827 1629 1079 1682 istorum
1112 1623 1578 1695 particularium,
1612 1627 1677 1680 ut
1705 1637 1778 1682 ex
1804 1620 2106 1695 praedictis
2137 1618 2263 1694 (lib.
2292 1632 2360 1690 11,
2391 1631 2522 1690 cap.
2551 1617 2643 1692 ¹5)
2654 1624 2844 1694 patet.

410 1696 602 1755 Habet
627 1694 812 1768 igitur
840 1706 1046 1752 eorum
1076 1707 1303 1752 curam.

480 1767 633 1829 Item,
667 1771 977 1823 ostensum
1011 1770 1105 1822 est
1151 1777 1335 1835 supra
1379 1762 1506 1835 (lib.
1535 1777 1581 1832 1,
1611 1776 1741 1834 cap.
1769 1766 1839 1821 23
1890 1767 1945 1820 et
1989 1761 2103 1835 24),
2139 1759 2298 1833 quod
2338 1760 2501 1826 Deus
2552 1759 2620 1822 tn
2664 1759 2849 1826 rebus

406 1835 629 1894 creatis
655 1848 776 1893 non
804 1835 1158 1892 necessitate
1188 1840 1413 1892 naturae
1444 1834 1588 1906 agit,
1630 1833 1738 1892 sed
1784 1847 1891 1905 per
1934 1832 2302 1890 voluntatem
2354 1834 2413 1888 et
2448 1827 2846 1912 intellectum.

409 1907 495 1966 Ea
523 1910 720 1964 autem
751 1920 883 1978 quae
913 1909 1171 1978 aguntur
1206 1917 1311 1975 per
1348 1902 1711 1961 voluntatem
1761 1909 1820 1961 et
1861 1902 2429 1981 intellectumcurae
2474 1900 2849 1976 providentis

409 1975 771 2043 subduntur,
802 1989 934 2048 quae
972 1976 1035 2032 in
1082 1975 1198 2032 hoc
1234 1974 1567 2033 consistere
1611 1974 1844 2032 videtur
1888 1973 2047 2046 quod
2095 1986 2202 2044 per
2243 1971 2610 2034 intellectum
2640 1969 2851 2045 aliqua

409 2045 855 2118 dispensentur.
890 2045 1113 2103 Divinae
1140 2058 1283 2117 ergo
1312 2043 1698 2116 providentiae
1729 2042 2067 2102 subduntur
2092 2056 2163 2100 ea
2214 2056 2348 2115 quae
2384 2041 2624 2124 abipso
2654 2055 2847 2168 agun-

406 2120 527 2175 tur.
560 2116 890 2196 ostensum
917 2120 1010 2174 est
1052 2120 1250 2173 autem
1280 2128 1463 2186 supra
1492 2113 1584 2186 (ca
1630 2157 1644 2171 .
1671 2115 1765 2188 70)
1796 2114 1955 2187 quod
1983 2116 2140 2172 Deus
2171 2117 2533 2196 operaturin
2556 2125 2697 2194 omn
2729 2109 2847 2194 hus

408 2186 617 2245 causis
645 2186 950 2255 secundm,
978 2190 1036 2243 et
1063 2197 1277 2243 omnes
1305 2198 1501 2243 rerum
1549 2199 1579 2241 e
1629 2191 1797 2243 ectus
1850 2183 2215 2244 reducuntur
2255 2197 2315 2242 in
2366 2185 2549 2248 Deum
2590 2188 2752 2244 sicut
2780 2196 2845 2246 ui

408 2270 676 2318 causam.
710 2258 778 2314 Et
805 2255 893 2314 sic
921 2260 1152 2327 oportet
1202 2254 1364 2329 quod
1400 2269 1474 2313 ea
1517 2269 1650 2328 quae
1696 2254 1760 2311 in
1797 2254 1934 2313 istis
1962 2253 2378 2334 singularibus
2412 2258 2691 2326 aguntur,
2721 2253 2849 2316 sint

407 2326 571 2386 sicut
600 2327 793 2398 ipsius
821 2339 1022 2402 opera.
1053 2327 1241 2399 Igitur
1267 2326 1394 2384 liaec
1412 2325 1747 2399 singularia
1765 2331 1824 2384 et
1850 2330 2052 2386 motus
2072 2331 2130 2381 et
2149 2330 2529 2396 operationes
2550 2323 2847 2402 ipsorum,

407 2397 628 2455 divinae
656 2396 1040 2468 providentiae
1069 2395 1397 2468 subjacent.

486 2470 770 2533 Praeterea,
802 2467 986 2526 stulta
1008 2471 1099 2526 est
1146 2465 1517 2540 providentia
1564 2465 1819 2543 alicujus
1863 2466 1964 2541 qui
2014 2478 2136 2525 non
2167 2469 2333 2524 curat
2362 2479 2433 2529 ea
2461 2463 2595 2531 sine
2811 2478 2843 2525 s

406 2552 484 2598 ea
511 2554 642 2666 (ἒυω
670 2543 840 2598 curat
865 2552 1001 2597 esse
1047 2551 1173 2619 non
1209 2544 1465 2619 possunt
1494 2556 1507 2594 ε
1540 2541 1776 2595 constat
1821 2544 2041 2611 autem,
2071 2536 2343 2619 quod,·s·i
2376 2536 2589 2618 omnia
2658 2535 2843 2619 eiice-

407 2622 517 2668 ren
569 2609 971 2681 particularia,
1003 2609 1368 2667 universalia
1414 2621 1722 2673 remanere
1768 2623 1891 2667 non
1920 2614 2186 2680 possent.
2217 2609 2278 2667 Si
2307 2613 2493 2688 igitur
2516 2610 2677 2666 Deus
2705 2620 2843 2671 unl-

405 2678 668 2761 yersalia
694 2685 922 2760 tantum
963 2683 1154 2760 curat,
1182 2679 1516 2762 singularia
1558 2692 1699 2737 vero
1733 2680 1850 2739 ista
1878 2679 2125 2739 omnino
2170 2676 2551 2751 derelinquit,
2575 2677 2761 2736 stulta
2783 2684 2846 2736 et

406 2750 759 2821 imperfecta
787 2754 899 2807 erit
925 2763 1056 2822 eJus
1122 2749 1472 2811 rovidentia.

479 2821 539 2879 Si
588 2825 785 2879 autem
830 2819 989 2877 dicat
1035 2818 1460 2893 aiquis,quod
1506 2819 1722 2878 horum
1767 2819 2165 2893 singularium
2210 2821 2367 2877 Deus
2410 2832 2615 2877 curam
2662 2818 2844 2879 habet

408 2903 606 2964 usque
635 2891 710 2959 ad
741 2891 875 2959 hoc,
907 2890 1067 2963 quod
1115 2895 1544 2949 conserventur
1573 2891 1636 2947 in
1683 2904 1838 2953 esse,
1872 2903 1996 2949 non
2039 2894 2238 2947 autem
2276 2895 2562 2962 quantum
2592 2887 2667 2947 ad
2695 2890 2839 2962 alia,

407 2960 527 3019 hoc
549 2961 798 3021 omnino
841 2973 975 3019 esse
1006 2973 1127 3017 non
1177 2966 1393 3032 potest.
1421 2963 1569 3021 Nam
1599 2961 1803 3021 omnia
1826 2960 1945 3018 alia
1972 2974 2104 3033 quae
2139 2959 2298 3018 eirca
2324 2959 2417 3018 sin
2469 2959 2659 3019 ularia
2682 2961 2840 3019 acci-

407 3029 560 3088 dunt
600 3029 673 3089 ad
731 3044 937 3088 eorum
988 3031 1501 3089 conservationem
1545 3032 1639 3089 vel
1686 3031 2125 3102 corruptionem
2175 3030 2426 3089 ordinati
2458 3042 2571 3089 urz
2605 3029 2657 3089 si
2693 3043 2837 3104 ergo

407 3102 571 3160 Deus
600 3099 778 3159 habet
799 3115 1000 3159 curam
1024 3101 1417 3173 singularium
1437 3107 1724 3175 quantum
1747 3101 1820 3169 ad
1858 3115 2064 3160 eorum
2094 3101 2631 3170 conservationem,
2660 3100 2837 3167 habet

406 3171 587 3229 ctiam
617 3184 820 3229 curam
851 3171 1118 3228 omnium
1144 3173 1641 3245 contingentium.

479 3243 684 3299 Potest
732 3246 928 3299 autem
979 3241 1199 3313 aliquis
1240 3242 1457 3312 dicere,
1479 3242 1637 3315 quod
1687 3241 1820 3301 sola
1857 3256 2003 3301 cura
2043 3240 2474 3300 universalium
2508 3241 2733 3300 suflicit
2760 3240 2837 3301 ad

404 3310 854 3382 particularium
888 3312 1400 3370 conservationem
1420 3313 1483 3369 in
1511 3326 1669 3371 esse.
1701 3312 1947 3371 Provisa
1972 3317 2114 3371 sunt
2142 3312 2302 3371 enim
2333 3312 2580 3370 cuilibet
2607 3312 2831 3385 speciei

406 3394 482 3439 ea
507 3394 614 3453 per
640 3395 771 3454 quae
801 3380 1108 3453 quodlibet
1134 3381 1506 3440 individuum
1531 3382 1753 3455 speciei
1780 3383 1944 3441 illius
1972 3387 2167 3455 potest
2207 3383 2547 3441 conservari
2577 3382 2641 3440 in
2675 3395 2830 3448 esse,

404 3451 568 3510 sicut
594 3450 731 3509 data
758 3457 901 3509 sunt
931 3452 1293 3511 animalibus
1336 3466 1563 3526 organa
1591 3453 1665 3511 ad
1710 3453 1909 3511 cibum
1940 3452 2299 3512 sumendum
2328 3458 2388 3510 et
2412 3452 2470 3511 di
2518 3451 2831 3535 erendum,

405 3527 468 3580 et
495 3534 720 3580 cornua
756 3521 829 3579 ad
859 3523 1288 3595 protegendum
1321 3536 1407 3581 se.
1441 3524 1736 3581 Utilitates
1764 3528 1963 3581 autem
1992 3523 2207 3582 horum
2236 3536 2360 3581 non
2398 3523 2471 3582 de
2517 3524 2684 3582 ciunt
2710 3522 2833 3582 nisi

404 3591 472 3649 in
499 3591 718 3651 minori
796 3599 939 3661 arte,
966 3607 1105 3651 cum
1131 3607 1203 3652 ea
1229 3607 1362 3667 quae
1404 3599 1548 3652 sunt
1573 3609 1611 3651 a
1641 3600 1854 3652 natura
1896 3593 2232 3666 producant
2256 3592 2505 3652 effectus
2534 3606 2705 3665 suos,
2735 3593 2831 3652 vel

405 3675 665 3744 semper,
692 3607 793 3720 ve?
813 3662 1188 3744 frequentem
1220 3664 1392 3723 etsie
1421 3677 1544 3722 non
1573 3670 1831 3736 possunt
1860 3664 2066 3723 omnia
2091 3663 2399 3722 individua
2420 3662 2697 3734 deficere,
2717 3663 2831 3723 etsi

320 3770 325 3776 -
403 3732 651 3807 aliquod
677 3731 928 3793 deficiat.
956 3731 1068 3792 Sed
1117 3733 1444 3795 secundum
1478 3736 1633 3795 hanc
1678 3735 1992 3806 rationem,
2021 3734 2227 3797 omnia
2249 3749 2381 3808 quae
2410 3735 2569 3793 circa
2617 3734 2832 3797 indivi-

403 3801 526 3862 dua
566 3804 942 3875 contingunt,
968 3804 1353 3876 providentiae
1404 3804 1816 3877 subjacebunt,
1849 3807 2007 3865 sicut
2028 3810 2088 3866 et
2116 3805 2490 3869 conservatio
2530 3818 2738 3869 eorum
2767 3805 2835 3869 ln

403 3886 580 3943 esse;
654 3874 755 3932 uia
797 3874 956 3932 circa
996 3874 1327 3949 singularia
1372 3875 1629 3949 alicujus
1667 3876 1887 3953 speciei
1938 3875 2089 3939 nihil
2118 3880 2314 3948 potest
2350 3874 2638 3943 accidere,
2673 3872 2833 3950 quod

401 3955 528 4024 non
557 3958 619 4002 re
665 3950 873 4013 ucatur
899 3945 1102 4018 aliquo
1152 3945 1332 4009 modo
1360 3945 1435 4007 ad
1475 3945 1771 4020 principia
1798 3947 1964 4006 illius
1992 3947 2236 4019 speciei.
2266 3947 2361 4009 Sic
2406 3946 2592 4023 igitur
2617 3946 2715 4007 sin
2761 3959 2833 4007 u-

403 4011 554 4071 laria
576 4027 702 4095 non
745 4015 938 4087 magis
979 4015 1288 4087 subjacent
1332 4015 1549 4077 divinae
1577 4018 1964 4089 providentiae
2000 4022 2291 4091 quantum
2319 4015 2396 4077 ad
2423 4028 2719 4083 conserva
2764 4029 2828 4074 o·

402 4095 542 4141 nem
569 4098 634 4142 in
662 4097 818 4154 esse,
850 4099 1026 4159 quain
1050 4090 1338 4159 quantum
1366 4086 1439 4149 ad
1467 4087 1606 4146 alia.

472 4152 756 4237 Praeterea,
787 4156 851 4212 in
908 4156 1351 4228 comparatione
1405 4172 1606 4216 rerum
1652 4158 1727 4219 ad
1777 4155 1956 4219 tinem
1995 4158 2136 4227 talis
2181 4157 2329 4221 ordo
2375 4161 2641 4231 apparet,
2668 4156 2831 4235 quod

401 4221 736 4283 accidentia
763 4230 906 4284 sunt
929 4232 1168 4299 propter
1198 4227 1588 4291 substantias,
1621 4233 1687 4286 ut
1708 4241 1814 4300 per
1841 4243 1913 4286 ea
1944 4226 2345 4300 perficiantur.
2374 4231 2443 4291 ln
2473 4226 2831 4293 substantiis

397 4305 543 4351 vero
569 4295 821 4353 materia
847 4302 939 4355 est
965 4302 1204 4369 propter
1231 4297 1503 4357 sormam.
1528 4301 1640 4357 Per
1664 4299 1818 4356 lianc
1847 4299 2007 4357 enim
2036 4300 2351 4372 participat
2378 4298 2641 4358 divinam
2661 4297 2834 4443 burg.-

399 4367 605 4443 tatem,
633 4370 876 4439 propter
917 4381 1095 4439 quam
1149 4368 1354 4429 omnia
1381 4369 1540 4431 facta
1568 4374 1730 4441 sunt,
1757 4373 2033 4443 utsupra
2059 4378 2373 4437 ostensum
2414 4373 2509 4431 est
2532 4367 2693 4451 (cap.
2714 4373 2745 4431 1
