3076 5025
438 311 540 372 128
1331 308 1466 368 Lm.
1505 308 1579 377 11,
1618 307 1772 366 GAP.
1809 308 1960 365 XXV.

440 432 841 493 voluntarium
870 429 1147 503 producit
1174 429 1453 489 effectum
1487 430 1820 490 secundnm
1849 429 2144 490 rationem
2173 428 2271 489 sui
2313 428 2674 510 intellectus,
2707 430 2868 489 Deus

443 510 640 564 autem
672 504 795 576 agit
824 516 929 575 per
974 502 1364 572 voluntatem,
1394 508 1461 560 ut
1493 507 1804 560 ostensum
1834 507 1946 560 est.
1998 501 2188 574 Igitur
2227 512 2335 573 per
2379 500 2737 571 sapientiam
2767 500 2864 561 sui

439 576 780 633 intellectus
810 586 908 631 rcs
944 573 1004 629 in
1031 585 1166 631 esse
1189 572 1481 644 producit.
2917 581 2952 638 ,-

506 646 785 715 Amplius,
809 643 1136 701 secundum
1166 641 1598 714 Philosophum
1617 643 1676 700 in
1699 643 1893 724 primo
1911 641 2150 712 Metapa.
2168 639 2240 713 (c.
2262 639 2318 710 2)
2335 639 2613 699 ordinare
2633 640 2875 713 sapien·

439 714 517 774 tis
545 721 670 781 cst;
703 713 1002 771 ordinatio
1042 714 1202 771 enim
1233 713 1573 787 aliquorum
1603 712 1729 770 fleri
1761 725 1881 770 non
1912 716 2128 793 potest,
2159 710 2274 769 nisi
2326 725 2432 783 per
2457 711 2871 782 cognitionem

446 784 822 845 habitudinis
850 790 909 840 et
936 783 1344 855 proportionis
1369 781 1779 841 ordinatorum
1810 782 1885 841 ad
1911 782 2190 851 invicem,
2217 786 2277 840 et
2303 781 2377 839 ad
2405 781 2631 854 aliquid
2662 780 2869 852 altine,

450 856 610 930 quod
640 862 732 913 est
757 853 898 913 nnis
926 867 1155 913 eorum.
1187 855 1344 913 Ordo
1373 854 1529 912 enim
1561 853 1898 927 aliquorum
1929 852 2001 910 ad
2034 852 2286 911 invicem
2317 856 2410 911 est
2439 856 2680 923 proptor
2707 851 2868 912 ordi-

450 940 588 984 nem
631 939 837 982 eorum
877 924 952 983 ad
980 923 1181 983 finem.
1228 926 1600 998 Cognoscere
1643 928 1843 981 autem
1896 922 2276 981 habitudines
2314 927 2368 979 et
2414 921 2861 994 proportionem

440 997 773 1069 aliquorum
811 995 883 1053 ad
914 995 1167 1052 invicem
1197 1000 1290 1052 est
1327 994 1520 1053 solius
1562 993 1838 1052 habentis
1885 993 2249 1052 intellectum
2281 1010 2298 1057 ς
2330 991 2616 1073 ‘judicare
2666 997 2864 1051 autem

448 1066 520 1125 de
548 1066 852 1138 aliquibus
876 1079 982 1137 per
1008 1078 1251 1123 causam
1298 1065 1653 1123 altissimam
1695 1064 2002 1135 sapientiae
2025 1068 2155 1122 estt
2189 1068 2248 1121 et
2291 1076 2381 1121 sic
2420 1067 2654 1135 oportet
2700 1062 2863 1137 quod

445 1136 648 1195 omnis
677 1136 977 1194 ordinatio
1019 1150 1125 1206 per
1151 1135 1502 1206 sapientiam
1531 1133 1789 1207 alicuius
1808 1134 1994 1191 intelli
2041 1132 2197 1191 entis
2226 1132 2326 1190 flat
2347 1150 2365 1215 ξ
2388 1133 2543 1191 unde
2572 1137 2630 1191 et
2658 1132 2722 1190 in
2751 1146 2872 1192 me-

440 1206 714 1266 chanicis
747 1206 1123 1264 ordinatores
1150 1205 1594 1264 artificiatorum
1636 1205 1939 1275 sapientes
1964 1148 2131 1262 iffius
2158 1202 2388 1285 artificii
2416 1202 2716 1261 dicuntur.
2746 1205 2865 1262 Res

441 1282 645 1336 autem
681 1289 892 1335 omnes
920 1291 1052 1349 quae
1078 1282 1281 1335 sunta
1316 1279 1435 1334 Deo
1454 1276 1756 1348 productae
1784 1275 2054 1333 ordinem
2095 1274 2170 1332 ad
2199 1286 2450 1331 invicem
2482 1273 2703 1332 hahent
2745 1286 2872 1333 non

453 1348 784 1412 casualem,
811 1360 948 1405 cum
979 1348 1099 1405 sint
1129 1360 1384 1418 semper,
1421 1347 1512 1404 vel
1546 1353 1611 1404 ut
1657 1346 1715 1404 in
1765 1344 2065 1418 pluribus;
2094 1350 2154 1402 et
2209 1344 2299 1402 sic
2327 1344 2676 1426 patet-quod
2708 1346 2874 1403 Deus

447 1431 545 1477 res
577 1418 638 1475 in
669 1417 1130 1544 essedproduxit‚
1162 1429 1266 1475 eas
1292 1417 1649 1476 ordinandO.
1671 1418 1828 1475 Deus
1845 1415 2028 1489 igitur
2053 1428 2159 1488 per
2180 1428 2353 1474 suam
2382 1420 2738 1486 sapientiam
2764 1426 2865 1473 res

442 1489 508 1547 in
530 1501 669 1546 esse
739 1503 803 1545 ro
851 1488 993 1545 uxit.

515 1502 736 1622 Adhuc-q
774 1571 845 1615 ea
873 1570 1006 1629 quae
1034 1561 1235 1616 sunta
1262 1556 1589 1625 voluntate,
1628 1556 1720 1615 vel
1768 1562 1912 1615 sunt
1957 1554 2225 1629 agibilia,
2269 1555 2426 1614 sicut
2472 1560 2641 1614 actus
2689 1555 2874 1613 virtu-

447 1634 605 1697 tum,
637 1628 736 1699 qui
769 1634 911 1685 sunt
941 1627 1333 1696 perfectiones
1374 1627 1700 1698 operantis,
1729 1627 1818 1686 vel
1849 1630 2158 1685 transeunt
2185 1626 2248 1684 in
2290 1625 2640 1684 exteriorem
2679 1630 2868 1683 mate·

453 1698 629 1762 riam,
662 1712 794 1769 quae
826 1697 1113 1755 l'actibilia
1139 1696 1448 1766 dicuntum
1474 1703 1532 1754 et
1578 1698 1668 1756 sic
1709 1703 1868 1769 patet
1907 1697 2067 1770 quod
2114 1710 2211 1755 res
2256 1702 2469 1755 creatae
2514 1702 2654 1754 sunt
2681 1697 2868 1754 aDeo

448 1769 610 1827 sicut
642 1770 828 1825 sactae.
877 1766 1248 1825 Factihilium
1291 1774 1487 1826 aulem
1535 1768 1690 1826 ratio
1732 1772 1824 1825 est
1866 1781 1985 1836 arS,
2038 1765 2195 1825 sicut
2249 1766 2651 1839 Philosophus
2697 1766 2869 1824 dicit.

450 1840 883 1918 Comparantur
910 1837 1092 1909 igitur
1122 1851 1333 1896 omnes
1362 1852 1458 1896 res
1486 1845 1698 1897 creatae
1727 1838 1798 1896 ad
1827 1840 2011 1896 Deum
2041 1837 2197 1896 sicut
2234 1836 2544 1895 artificiata
2571 1836 2645 1894 ad
2692 1835 2874 1895 artifi-

447 1922 601 1966 cem.
634 1907 745 1966 Sed
772 1909 982 1965 arusex
1013 1922 1115 1979 per
1142 1908 1413 1967 ordinem
1455 1921 1582 1966 suae
1619 1908 1927 1980 sapientiae
1971 1912 2033 1967 et
2071 1907 2409 1966 intellectus
2454 1907 2767 1965 artificiata
2803 1907 2872 1964 in

449 1992 591 2108 εἶδε-εἷ
617 1977 911 2051 producit.
948 1980 1099 2050 Ergo
1129 1985 1186 2036 et
1209 1980 1367 2038 Deus
1396 1992 1608 2037 omncs
1636 1984 1940 2038 creaturas
1962 1992 2071 2053 per
2095 1978 2364 2037 ordinem
2390 1979 2486 2037 sui
2528 1977 2872 2036 intellectus

473 2063 561 2108 aci
597 2091 610 2105 .

527 2121 648 2177 Hoc
676 2123 875 2177 autem
901 2117 1103 2176 divina
1126 2118 1476 2177 auctoritate
1504 2117 1892 2178 confirmatur
1917 2137 1934 2187 ς
1963 2131 2099 2176 nam
2133 2116 2353 2176 dicitur
2379 2118 2440 2175 in
2472 2121 2568 2177 Ps.
2606 2130 2733 2187 ci1r‚
2762 2121 2870 2178 24:

455 2188 651 2247 Omnia
678 2192 740 2247 ia
764 2190 1039 2262 sapientia
1071 2190 1282 2258 fecisti3
1310 2196 1368 2247 et
1394 2192 1591 2260 ProV„
1619 2194 1800 2260 111,19
1830 2206 1846 2247 t
1874 2191 2135 2248 Dominus
2162 2190 2436 2260 sapientia
2475 2188 2740 2258 fundavit
2760 2193 2872 2248 ter-

444 2274 591 2316 ram.

529 2331 642 2388 Per
672 2329 786 2387 hoc
815 2334 1010 2388 autem
1061 2328 1394 2387 excluditur
1432 2329 1827 2402 quorumdam
1882 2343 2050 2390 error
2090 2330 2193 2403 qui
2239 2329 2516 2389 dicebant
2564 2328 2771 2389 omnia
2797 2343 2873 2388 ex

450 2398 719 2473 simplici
750 2398 952 2459 divina
979 2399 1284 2458 voluntate
1313 2399 1646 2472 dependere
1680 2399 1905 2475 absque
1930 2400 2133 2476 aliqua
2160 2400 2409 2463 ratione.

1418 2621 1671 2688 CAPUT
1718 2623 1901 2688 XXV.

829 2802 1117 2856 numum
1150 2801 1517 2850 omm’ontns
1554 2803 1812 2852 mmmm
1847 2802 2105 2857 numm
2131 2802 2252 2850 Non
2286 2803 2484 2853 POSSE·

514 2965 602 3044 βαι
627 2940 956 3035 praemissis
982 2969 1180 3023 autem
1206 2965 1395 3037 accipi
1422 2969 1620 3038 potest
1647 2965 1829 3039 quod,
1859 2964 2132 3040 quamvis
2159 2968 2319 3026 Deus
2346 2966 2432 3025 sit
2449 2965 2870 3037 omnipotens,

443 3032 651 3105 aliqua
676 3039 871 3115 tamen
903 3033 1120 3115 dicitur
1146 3048 1269 3093 nou
1306 3049 1506 3107 posse.
1530 3039 1849 3096 ostensum
1890 3042 1981 3095 est
2020 3038 2180 3095 enim
2208 3050 2389 3108 supra
2426 3035 2501 3107 (c.
2542 3035 2600 3106 7)
2631 3035 2692 3092 in
2744 3038 2878 3095 Deo

446 3115 587 3161 esse
616 3108 936 3174 potentiam
968 3108 1251 3173 activam;
1284 3107 1609 3177 potentiam
1639 3120 1779 3164 vero
1835 3107 2136 3178 passivam
2184 3107 2245 3163 in
2296 3119 2370 3164 eo
2413 3118 2533 3162 uon
2580 3118 2716 3162 csse
2737 3106 2874 3176 jam

452 3186 634 3254 supra
661 3174 730 3254 ss:
757 3187 802 3242 1,
830 3187 883 3231 c.
918 3172 1004 3246 ¹6)
1062 3176 1255 3233 fuerat
1303 3176 1638 3247 probatum.
1680 3177 2017 3235 Secundum
2066 3182 2259 3235 autem
2305 3183 2612 3246 utramque
2657 3180 2880 3245 poten-

449 3249 589 3325 tiam
617 3244 871 3370 dicignur
892 3257 1093 3316 posse.
1123 3245 1234 3302 Illa
1260 3245 1444 3320 igitur
1470 3249 1629 3306 Deus
1658 3260 1780 3306 non
1808 3252 2005 3319 potest
2031 3259 2164 3322 quae
2199 3259 2379 3319 posse
2422 3244 2702 3317 potentiae
2732 3259 2882 3316 pas-

447 3327 882 3466 suffigi-igulem
914 3384 1259 3455 hujusmodi
1307 3385 1431 3445 sint
1465 3386 1949 3469 investigandum
1997 3393 2108 3448 est.
2127 3386 2340 3470 ‚Primo
2383 3385 2622 3460 quidem
2674 3384 2871 3469 igitur

444 3454 2238 3609 {²133}ssss532¹?ssth„iiffffii’si’zfsassutiiiiii„vitiza
2263 3458 2878 3586 22„533350,¹gg⁰}u¹„⁰

437 3601 681 3668 jectam.
712 3597 854 3676 Cum
886 3601 1068 3667 igitur
1085 3609 1145 3653 in
1169 3599 1289 3655 Deo
1311 3603 1574 3668 potentia
1599 3599 1837 3670 passiva
1863 3613 1982 3681 non
2004 3603 2103 3665 sit,
2127 3598 2410 3673 quicquid
2430 3597 2503 3655 ad
2535 3610 2711 3655 suum
2730 3610 2875 3656 esse

446 3668 1052 3795 nssnupigrggegsssggs
1090 3680 1213 3726 non
1235 3673 1448 3739 potest.
1475 3670 1603 3727 Non
1642 3675 1837 3739 potest
1865 3675 2051 3744 igitur
2097 3672 2254 3729 Deus
2300 3683 2435 3728 esse
2491 3680 2731 3740 corpus,
2763 3672 2877 3727 aut

447 3748 485 3793 a
516 3751 734 3886 flathrae,
825 3778 1123 3876 ujusmo'di
1147 3808 1425 3879 potentiae
1454 3807 1710 3880 passivae
1756 3813 1956 3868 motus
1983 3813 2155 3869 actus
2202 3814 2312 3869 est.
2342 3812 2500 3868 Deus
2528 3808 2728 3882 igitur,
2765 3806 2874 3868 cui

440 3881 712 3947 potentia
742 3879 981 3948 passiva
1008 3891 1131 3936 non
1160 3878 1461 3950 competit,
1489 3879 1702 3937 mutari
1722 3892 1843 3938 non
1872 3885 2089 3952 potest.

516 3947 720 4005 Potest
746 3955 941 4006 autem
976 3947 1227 4007 ulterius
1255 3948 1554 4014 concludi,
1585 3949 1745 4022 quod
1778 3963 1896 4008 non
1930 3948 2356 4021 potestmutari
2381 3948 2713 4008 secundum
2741 3947 2867 4007 siu·

440 4015 624 4096 gulas
652 4019 1013 4100 mutationis·
1030 4019 1285 4090 species,
1309 4025 1375 4077 ut
1401 4020 1560 4100 quod
1593 4033 1713 4078 non
1742 4025 1940 4093 potest
1965 4020 2193 4092 augeri,
2224 4020 2316 4077 vel
2335 4019 2550 4090 minui,
2588 4024 2692 4078 aut
2720 4018 2869 4077 alte·

444 4097 588 4151 rari,
617 4093 721 4144 aut
746 4101 1013 4158 generari
1068 4094 1173 4147 aut
1194 4102 1516 4160 corrumpi.

445 4154 962 4298 ᾱθιέἑνὲιῗὲἰιιέὃᾷιέιιυ
996 4130 1248 4218 d'esscere
1275 4159 1576 4234 quoddam
1604 4159 1904 4232 corrumpi
1933 4157 2034 4231 sit,
2074 4158 2348 4233 sequitur
2396 4159 2558 4234 quod
2600 4159 2668 4218 in
2696 4155 2861 4219 nullo

516 4296 803 4365 Praeterea,
835 4271 1103 4358 desectus
1133 4298 1333 4359 omnis
1362 4301 1693 4359 secundum
1718 4299 2108 4373 privationem
2139 4299 2400 4373 aliquam
2431 4305 2542 4360 est.
2589 4297 2873 4358 Privatio-

443 4363 773 4495 giseautem
799 4367 1134 4440 subjectum
1161 4369 1431 4445 potentia
1453 4372 1718 4431 materiae
1743 4377 1857 4431 est.
1886 4371 2064 4430 Nullo
2093 4370 2279 4446 igitur
2300 4372 2480 4432 modo
2507 4375 2707 4444 potest
2733 4366 2878 4431 detl-
