3076 5025
1092 367 1229 423 LIB.
1269 367 1339 436 tt,
1379 366 1531 423 GAP.
1570 367 1746 423 xxxi.
2535 368 2636 425 137

211 487 616 562 recipiendam
642 487 1104 561 impressionem
1132 501 1450 560 corporum
1476 488 1874 560 superiorum.
1904 489 2000 547 Sic
2028 489 2206 547 etiam
2233 494 2327 548 est
2352 490 2417 548 in
2455 501 2639 562 gene·

210 561 437 620 ratione
468 559 935 628 elementorum3
960 571 1108 640 „nam
1151 558 1343 616 forma
1373 558 1714 640 inducenda
1740 572 1845 631 per
1880 560 2329 640 generationem
2376 572 2498 617 non
2546 566 2638 618 est

211 629 511 690 contraria
537 630 743 703 primae
768 636 1053 699 materiae,
1078 642 1212 702 quae
1235 633 1328 687 est
1342 629 1752 701 generationis
1768 628 2122 701 subjectum,
2146 630 2283 688 iicet
2305 629 2385 687 sit
2399 633 2637 688 contra·

212 703 299 761 ria
326 701 537 760 formae
567 699 936 783 abjiciendae.
966 701 1098 758 Non
1121 699 1285 758 enim
1310 698 1563 758 materia
1583 698 1698 758 sub
1726 700 1917 759 forma
1941 699 2240 760 contraria
2264 699 2528 760 existens
2546 704 2637 763 est

211 772 619 846 generationis
647 770 1005 842 subiectum.

280 845 362 899 Ex
389 840 693 915 praedictis
720 841 905 913 igitur
928 843 1091 913 patet
1115 840 1274 913 quod
1302 840 1636 900 necessitas
1664 854 1797 914 quae
1840 844 1933 899 est
1971 854 2045 898 ex
2076 855 2262 900 causa
2305 845 2539 914 agente,
2573 841 2636 900 in

210 912 568 986 quibusdam
598 910 890 983 dependet
914 925 988 969 ex
1016 911 1415 983 dispositione
1442 910 1679 984 agentis
1706 914 1937 969 tantum
1958 928 1972 942 ·
2000 910 2064 970 in
2092 911 2451 984 quibusdam
2499 925 2640 971 vero

208 996 279 1042 ex
306 982 710 1056 dispositione
736 981 972 1064 agentis
1000 986 1060 1040 et
1083 981 1394 1061 patientis.
1424 981 1487 1040 Si
1534 981 1719 1109 itgitur
1759 980 1899 1039 talis
1981 979 2279 1063 ispositio,
2308 981 2639 1064 secundum

207 1067 382 1128 quam
412 1053 486 1111 de
515 1056 873 1112 necessitate
926 1057 1199 1125 sequitur
1238 1050 1510 1121 effectuS,
1574 1056 1725 1110 uerit
1766 1063 2108 1110 necessaria
2149 1059 2210 1109 et
2251 1052 2530 1111 absoluta
2574 1065 2640 1110 in

207 1129 419 1197 agente
441 1128 503 1181 et
519 1123 798 1204 patiente,
819 1121 932 1181 erit
950 1123 1282 1181 necessitas
1306 1122 1584 1203 absoluta
1602 1121 1669 1179 in
1686 1125 2103 1203 causa-agente
2122 1122 2281 1181 sicut
2298 1122 2363 1180 iii
2383 1122 2482 1182 his
2500 1136 2635 1205 quse

207 1191 2234 1347 &effigittitii-titt&‚terrast38335132021‘22322233321225
2253 1205 2643 1345 ὣξῗῗέἒέἳὲ

208 1342 510 1416 positione
542 1334 962 1417 dispositionis
989 1339 1303 1407 utriusque
1328 1333 1543 1392 debitae
1570 1333 1643 1391 ad
1674 1347 1710 1391 a
1754 1332 2009 1401 endum;
2065 1338 2223 1392 sicut
2249 1347 2314 1390 in
2360 1332 2457 1390 his
2506 1347 2640 1405 qiiae

206 1405 613 1548 ιῑὲιρθξὲἒέιὲῗ
634 1404 1615 1546 ’γῖὲῖἑῗιῗέἓωᾞιῗέὣιὲρῖὲῗέἓᾶἳι
1634 1408 2024 1533 ’θυὲὲιὲοἳξὲἱ
2052 1402 2645 1546 ἐΐέιῗὲᾛὲἱιέἑὲἱ-ωὲῖ

207 1546 988 1698 Βχέιῗὲῗιιεέιῐιᾶὲῗῑὲῗιίιιὲιξειιιῗ
1005 1544 1401 1698 {fifflssss’giffiiqr
1428 1615 1495 1697 in
1523 1615 1705 1696 rebus
1751 1614 2084 1698 necessitas
2129 1613 2466 1686 dupliciter.
2510 1616 2638 1675 Uno

210 1688 450 1760 quidem
478 1687 660 1746 modo
686 1691 866 1759 prout
899 1691 993 1746 est
1035 1699 1296 1758 primurn
1339 1699 1404 1743 in
1448 1690 1783 1744 intentione
1831 1690 2089 1758 agentis,
2133 1691 2194 1744 et
2229 1690 2517 1759 quantum
2564 1686 2640 1744 ad

207 1757 323 1817 lioc
350 1758 563 1817 eodem
586 1758 766 1816 modo
790 1761 886 1815 est
911 1756 1245 1816 necessitas
1272 1771 1346 1814 ex
1372 1756 1492 1815 fine
1520 1761 1580 1814 et
1608 1757 1681 1815 ab
1710 1763 1942 1830 agente.
1971 1759 2171 1829 Agens
2220 1757 2379 1813 enim
2412 1756 2476 1814 in
2507 1760 2638 1814 ten-

208 1833 332 1887 tum
360 1828 579 1902 agitio
605 1833 894 1900 quantum
935 1825 1116 1886 tinem
1143 1827 1419 1896 intendit,
1448 1826 1659 1885 tamin
1688 1826 2064 1885 naturalibus
2100 1839 2279 1900 quain
2310 1827 2374 1884 in
2420 1825 2635 1885 volun-

208 1898 399 1959 tariis.
430 1902 499 1956 In
525 1898 706 1957 rebus
734 1897 896 1956 enim
925 1897 1297 1956 naturalibus
1325 1897 1578 1956 intentio
1608 1896 1747 1955 finis
1776 1897 2057 1970 competit
2082 1897 2282 1971 agenti
2304 1897 2635 1955 seeundum

209 1983 383 2028 suam
409 1969 687 2038 sormam,
718 1982 825 2040 per
849 1981 1027 2041 quam
1058 1967 1197 2026 finis
1247 1972 1338 2026 est
1381 1968 1500 2026 sibi
1552 1967 1938 2049 conveniens
1983 1967 2148 2026 Unde
2193 1972 2447 2040 oportet,
2478 1968 2640 2041 quod

209 2039 545 2099 secundum
571 2039 848 2098 virtutem
875 2038 1081 2097 sormae
1108 2038 1313 2120 tendat
1342 2051 1441 2120 res
1469 2038 1760 2097 naturalis
1787 2052 1852 2095 in
1889 2037 2093 2108 finem,
2124 2037 2284 2096 sicut
2327 2050 2506 2111 grave
2542 2052 2639 2097 se·

208 2110 467 2169 cundum
497 2123 844 2169 mensuram
871 2108 1179 2182 gravitatis
1206 2109 1395 2166 tendit
1412 2108 1486 2167 ad
1511 2108 1794 2167 medium.
1828 2111 1893 2165 in
1921 2109 2102 2168 rebus
2132 2113 2329 2166 autem
2358 2109 2632 2167 volunta-

207 2180 335 2250 riiS,
364 2187 600 2239 tantum
630 2180 910 2239 voluntas
937 2179 1187 2238 inclinat
1222 2179 1298 2238 ad
1338 2179 1634 2252 agendum
1656 2183 1894 2251 propter
1936 2178 2117 2237 finem
2151 2192 2329 2261 quem
2360 2178 2636 2247 intendit,

208 2250 346 2310 ticet
372 2264 499 2310 non
523 2264 761 2324 semper
784 2255 1017 2309 tantum
1043 2249 1367 2309 inclinetur
1409 2250 1485 2307 ad
1530 2250 1830 2323 egendum
1875 2250 2003 2309 haec
2043 2249 2137 2308 vel
2179 2248 2283 2308 illa
2327 2263 2460 2321 quae
2496 2254 2639 2307 sunt

205 2326 449 2450 gropter
474 2321 655 2380 tinem
682 2334 862 2450 guero
883 2321 1130 2402 appetit,
1161 2320 1402 2403 quando
1428 2319 1569 2378 finis
1596 2332 1720 2378 non
1749 2320 1948 2378 solum
1976 2334 2082 2392 per
2107 2319 2235 2378 haec
2261 2319 2354 2376 vel
2391 2319 2498 2377 illa
2522 2319 2632 2400 ,ha-

245 2406 331 2451 eri
358 2396 581 2464 potest,
613 2405 677 2450 se
743 2391 1017 2463 pluribus
1042 2390 1262 2449 modis.
1289 2391 1421 2449 Alio
1447 2404 1589 2449 vero
1633 2390 1838 2460 modo,
1883 2395 1978 2448 est
2018 2404 2092 2448 ex
2133 2389 2253 2447 fine
2301 2394 2635 2448 necessitas

207 2462 543 2523 secundum
571 2463 732 2536 quod
752 2467 844 2522 est
872 2461 1173 2534 posterius
1201 2461 1265 2520 in
1288 2474 1444 2520 esse.
1475 2463 1547 2519 Et
1571 2460 1699 2520 hoec
1726 2466 1820 2520 est
1837 2460 2168 2519 necessitas
2191 2471 2313 2517 non
2334 2459 2634 2530 absoluta,

208 2533 314 2594 sed
337 2534 784 2604 conditionata3
816 2533 977 2593 sicut
999 2532 1258 2593 dicimus
1284 2543 1535 2592 necesse
1582 2532 1710 2592 fore
1733 2535 1803 2589 ut
1827 2544 1993 2590 serra
2020 2532 2101 2589 sit
2140 2531 2352 2602 ferrea,
2375 2530 2427 2589 si
2459 2528 2637 2617 debet

210 2604 430 2664 habere
448 2618 633 2665 serrae
660 2616 837 2678 opus,

1178 2803 1431 2870 CAPUT
1466 2794 1684 2869 ΧΧΧΪ.

529 2996 684 3049 QUOD
716 2994 838 3042 Iton
870 2994 981 3041 EST
1000 2992 1408 3042 nonssuutm
1445 2994 1787 3041 GREATURAS
1831 2994 2057 3042 smus
2102 2996 2325 3043 vuissit.

278 3170 365 3227 Ex
386 3167 721 3242 praemissis
746 3172 946 3250 autem
991 3171 1176 3250 restat
1222 3166 1538 3249 ostendere
1583 3167 1745 3250 quod
1789 3180 1911 3227 non
1947 3173 2041 3229 est
2086 3169 2496 3231 necessarium
2541 3183 2640 3231 res

210 3244 444 3299 creatas
471 3238 548 3297 ab
574 3243 798 3297 aeterno
825 3236 1037 3298 fuisse.
1068 3240 1129 3297 Si
1156 3249 1318 3297 euim
1362 3239 1808 3298 universitatem
1856 3244 2262 3299 creaturarum
2302 3240 2396 3297 vel
2439 3254 2643 3314 quam·

208 3322 472 3384 cumque
497 3321 680 3368 unam
724 3314 1055 3367 creaturam
1102 3321 1352 3368 necesse
1396 3313 1494 3368 est
1530 3322 1691 3378 esse,
1731 3314 1967 3381 oportet
2010 3309 2171 3384 quod
2220 3310 2641 3370 necessitatem

209 3382 393 3440 istam
430 3379 648 3439 habeat
670 3393 744 3438 ex
769 3391 859 3450 se,
888 3379 982 3437 vel
1009 3393 1084 3437 ex
1126 3378 1270 3439 ati0.
1308 3382 1392 3437 Ex
1426 3393 1496 3438 se
1537 3379 1779 3452 quidem
1824 3392 1956 3439 eam
1996 3380 2215 3439 hahere
2254 3394 2378 3439 non
2419 3386 2640 3453 potest.

211 3453 540 3511 ostensum
568 3456 658 3508 est
685 3449 847 3508 enim
871 3462 1055 3522 supra
1081 3447 1157 3522 (c.
1189 3449 1278 3522 15)
1331 3463 1411 3523 qu
1534 3462 1714 3508 omne
1763 3463 1874 3509 ens
1913 3457 2149 3524 oportet
2186 3464 2322 3510 esse
2369 3464 2406 3509 a
2445 3451 2640 3532 primo

209 3527 370 3580 ente.
402 3518 575 3590 Quod
601 3525 800 3579 autem
827 3533 952 3579 non
976 3518 1152 3579 habet
1173 3533 1309 3580 esse
1332 3534 1371 3579 a

208 3591 458 3652 essendi
484 3605 523 3651 a
546 3603 616 3650 se
636 3590 880 3661 naboan
902 3590 1045 3664 quia
1061 3590 1221 3663 quod
1240 3603 1488 3650 necesse
1509 3597 1600 3649 est
1617 3603 1773 3661 esse,
1800 3591 2176 3664 impossihile
2199 3598 2289 3652 est
2312 3607 2436 3655 non
2464 3608 2599 3653 esse
2620 3611 2637 3663 ;

210 3668 273 3721 et
299 3662 395 3721 sic
422 3662 585 3735 quod
614 3661 689 3720 de
714 3674 784 3721 se
811 3660 989 3719 hahet
1015 3659 1174 3734 quod
1198 3661 1277 3719 sit
1300 3674 1550 3720 necesse
1577 3674 1735 3728 esse,
1764 3660 1837 3720 de
1866 3675 1933 3721 se
1952 3661 2130 3722 habet
2164 3663 2325 3736 quod
2349 3677 2472 3723 non
2502 3677 2642 3736 pos-

208 3733 291 3790 sit
305 3745 490 3792 essen
505 3744 586 3791 on
608 3737 817 3801 ens,et
828 3745 934 3804 per
948 3744 1327 3805 consequens
1342 3732 1501 3805 quod
1522 3745 1641 3791 non
1663 3732 1883 3790 sitnon
1903 3737 2105 3803 enS,et
2125 3732 2209 3791 ita
2228 3734 2388 3815 quod
2408 3734 2485 3794 sit
2509 3748 2638 3793 ens.

209 3803 273 3861 Si
302 3808 506 3862 autem
536 3802 664 3862 haec
696 3801 1027 3862 necessitas
1049 3806 1334 3883 creaturae
1365 3808 1459 3861 est
1485 3801 1561 3861 ab
1587 3802 1729 3871 atio,
1759 3807 1993 3874 oportet
2017 3803 2178 3885 quod
2213 3809 2295 3862 sit
2321 3803 2395 3861 ab
2443 3805 2644 3877 aliqua

208 3886 402 4003 3²5&
428 3887 564 3946 quae
590 3873 674 4002 {ig
702 3872 1056 4000 eftrinseca,
1075 3885 1219 3945 quia
1235 3872 1521 3948 quicquid
1551 3872 1877 3944 accipiatur
1912 3873 2305 3933 intrinsecum
2332 3881 2639 3944 creaturae,

286 4015 485 4074 Causa
513 4018 711 4074 autem
739 4012 1075 4074 extrinseca
1099 4017 1192 4074 est
1225 4012 1323 4072 vel
1365 4012 1654 4079 efficiens,
1680 4014 1774 4074 vel
1820 4013 1982 4075 finis.
2023 4014 2444 4075 Enefflciente
2501 4030 2642 4077 vero

210 4087 491 4159 sequitur
515 4084 677 4159 quod
701 4081 980 4143 effectum
1007 4096 1256 4144 necesse
1293 4083 1374 4143 sit
1413 4098 1550 4145 esse
1618 4100 1682 4144 er
1705 4086 1820 4144 hoc
1870 4086 2031 4159 quod
2078 4100 2114 4144 a
2156 4091 2348 4144 entem
2394 4099 2643 4147 necesse

208 4160 309 4213 est
417 4168 556 4236 ere3
585 4168 692 4228 per
717 4155 1014 4214 actionem
1040 4154 1200 4213 enim
1240 4155 1475 4229 agentis
1504 4171 1536 4215 e
1586 4162 1753 4216 ectus
1788 4170 1826 4214 a
1860 4169 2045 4216 causa
2081 4170 2114 4214 e
2184 4157 2374 4215 ciente
2422 4156 2643 4230 depen-

208 4170 426 4286 denffi
469 4225 656 4299 igitur
676 4231 954 4299 agentem
978 4238 1104 4284 non
1127 4238 1375 4285 necesse
1403 4226 1484 4285 sit
1527 4240 1562 4285 a
1606 4241 1704 4286 ere
1746 4226 1822 4285 ad
1870 4227 2323 4310 productionem
2370 4225 2643 4310 effectuS,

208 4309 329 4355 nec
357 4294 639 4355 effectum
670 4309 917 4356 necesse
944 4301 1040 4355 est
1075 4308 1213 4355 esse
1245 4295 1541 4355 absolute.
1619 4310 1729 4357 eus
1769 4302 1968 4356 autem
2002 4310 2124 4356 non
2148 4303 2273 4370 agit
2316 4312 2390 4357 ex
2437 4298 2642 4372 alique

209 4365 583 4449 necessitate
605 4366 684 4426 ad
703 4372 1107 4426 creaturarum
1142 4366 1617 4440 productionem,
1647 4373 1714 4427 ut
1745 4381 1927 4440 supra
1951 4365 2027 4442 (c.
2047 4367 2140 4442 23)
2178 4373 2489 4428 ostensum
2528 4375 2641 4428 est.

208 4438 349 4495 Non
376 4442 521 4496 esti
568 4443 687 4497 itur
721 4438 995 4505 absotute
1030 4449 1279 4497 necesse
1320 4444 1652 4498 creaturam
1695 4452 1854 4510 esse,
1884 4438 2241 4498 necessitate
2278 4439 2570 4512 pendente
2606 4452 2644 4497 a

207 4519 409 4571 causa
440 4521 475 4569 e
544 4507 761 4571 ciente.
789 4508 1079 4570 Similiter
1115 4521 1230 4571 nec
1266 4508 1626 4572 necessitate
1668 4509 1965 4585 pendente
2006 4523 2046 4571 a
2088 4520 2274 4573 causa
2312 4508 2518 4578 flna1i3
2571 4522 2644 4566 ea

1510 3518 1884 3592 impossibile
1903 3527 1997 3581 est
2028 3521 2189 3604 quod
2226 3526 2641 3581 necessitatem
2741 3529 2746 3533 ·
