3076 5025
1169 397 1304 455 ΗΒ.
1342 398 1434 468 Ν,
1471 398 1628 456 CAP.
1662 398 1823 455 xxll.
2610 405 2706 458 531

357 521 427 578 Et
442 520 638 593 primo
662 519 904 594 quidem
919 519 1038 581 lioc
1054 521 1289 580 videtur
1313 535 1449 580 esse
1468 520 1747 580 amicitiae
1765 520 2024 579 maxime
2047 521 2356 595 proprium
2375 521 2555 581 simul
2575 536 2714 581 con-

279 591 509 649 versari
540 591 615 649 ad
644 592 925 650 amicum.
958 592 1341 651 conversatio
1360 597 1558 651 autem
1588 591 1858 650 hominis
1886 591 1961 650 ad
1989 593 2174 651 Deum
2202 599 2299 651 est
2322 606 2429 664 per
2446 599 2713 652 contem-

277 660 614 734 plationem
655 662 849 734 ipsius
910 662 1069 722 sicut
1094 666 1153 721 et
1197 663 1521 735 Apostolus
1549 659 1827 721 dicebat:
1861 664 2066 721 Nostra
2089 665 2422 720 conversatio
2462 665 2527 720 in
2570 665 2716 721 coelis

280 737 385 789 est.
417 733 608 805 (Phil.,
635 745 725 802 111,
766 705 882 804 203
921 734 1075 861 (ἔρια
1114 734 1137 791 i
1182 734 1298 817 itur
1342 733 1595 806 Spiritus
1623 738 1871 815 sanctus
1920 746 2034 791 nos
2076 738 2376 792 amatores
2404 735 2507 792 Dei
2552 735 2711 816 facit,

277 815 667 876 consequens
695 808 788 861 est
812 817 931 876 quo
1001 818 1108 876 per
1167 809 1409 882 piritum
1440 808 1716 863 sanctum
1736 805 1842 861 Dei
1867 804 2369 875 contemplatores
2389 810 2714 864 constitua-

274 887 465 944 mur;
495 874 652 933 unde
673 877 719 932 A
760 869 995 934 ostolus
1026 892 1040 931 :
1071 875 1183 934 Nos
1219 889 1344 931 vero
1365 890 1544 931 omnes
1571 875 1811 931 revelata
1834 875 1980 941 facie
2014 875 2248 944 pluriam
2278 877 2501 931 Domini
2524 891 2713 947 specu·

277 946 480 1007 lantes,
508 946 572 1000 in
596 960 714 1000 eam
863 947 1158 1015 imaginem
1181 949 1338 1003 trans
1367 960 1644 1002 ormamur
1664 961 1703 1002 a
1741 946 1992 1001 claritate
2018 947 2084 1001 in
2121 945 2426 1003 claritatem
2450 949 2715 1017 tanquam

277 1031 320 1072 a
345 1016 572 1072 Domini
595 1017 818 1087 spiritu.
850 1015 929 1088 (Π
952 1015 1096 1080 Gor„
1126 1028 1216 1086 111,
1248 1019 1336 1075 18.
2668 1037 2671 1040 ·

354 1088 459 1144 Est
485 1090 684 1145 autem
713 1090 772 1144 et
797 1085 1075 1145 amicitiae
1110 1087 1418 1160 proprium
1483 1084 1606 1144 nod
1630 1084 1850 1159 aliquis
1888 1083 1953 1144 in
1976 1085 2297 1157 praesentia
2323 1086 2500 1145 amici
2526 1085 2718 1146 delec-

275 1161 466 1226 tetur,
494 1161 554 1214 et
579 1156 641 1213 in
669 1155 801 1229 ejus
828 1157 1026 1216 verbis
1052 1161 1112 1214 et
1138 1158 1309 1217 factis
1375 1172 1450 1215 au
1494 1163 1610 1226 eat,
1656 1160 1735 1239 et·
1764 1156 1830 1214 in
1879 1169 1953 1214 eo
1998 1156 2475 1215 consolationem
2505 1161 2715 1216 contra

277 1239 499 1286 omnes
528 1227 855 1287 anxietates
884 1226 1146 1286 inveniat
1174 1247 1191 1299 ;
1231 1242 1312 1286 un
1357 1243 1389 1287 e
1414 1228 1476 1285 in
1517 1226 1774 1286 tristitiis
1798 1227 2053 1285 maxime
2082 1227 2157 1285 ad
2186 1227 2414 1285 amicos
2441 1227 2716 1286 consola-

273 1296 473 1357 tionis
517 1312 705 1357 causa
748 1296 1151 1372 confugimus.
1198 1300 1327 1368 Qua
1380 1298 1563 1372 igitur
1609 1297 1859 1370 Spiritus
1905 1303 2150 1357 sauctus
2196 1298 2300 1356 Dei
2338 1310 2453 1356 nos
2482 1299 2713 1357 amicos

278 1368 600 1428 constituit
623 1374 683 1426 et
709 1383 848 1427 eum
875 1368 940 1428 in
968 1369 1146 1427 nobis
1172 1368 1440 1428 habitare
1476 1368 1620 1426 facit
1647 1372 1707 1427 et
1734 1381 1852 1450 nos
1874 1366 1985 1427 ini
2030 1382 2122 1437 so,
2152 1374 2218 1428 ut
2254 1373 2567 1427 ostensum
2595 1372 2711 1435 est,

281 1452 667 1512 consequens
695 1442 880 1498 estut
907 1453 1010 1510 per
1037 1440 1320 1511 Spiritum
1348 1444 1624 1499 sanctum
1674 1438 1958 1512 gaudium
2029 1454 2061 1497 e
2091 1441 2214 1497 Deo
2261 1445 2320 1496 et
2356 1439 2718 1498 consolatio-

282 1524 424 1570 nem
449 1509 780 1569 habeamus
807 1515 1018 1569 contra
1034 1523 1247 1571 omnes
1270 1510 1479 1569 muudi
1495 1509 1887 1569 adversitates
1915 1514 1975 1567 ει
1999 1510 2486 1595 impugnationes
2508 1528 2525 1579 3
2553 1508 2714 1569 unde

285 1580 501 1641 dicitur
522 1598 538 1639 ε
563 1581 747 1638 Redde
771 1581 912 1637 milti
940 1582 1188 1637 laetitiam
1224 1582 1488 1639 salutaris
1529 1582 1635 1650 tui,
1674 1584 1728 1636 et
1769 1582 1974 1651 spiritu
1998 1581 2309 1652 principali
2350 1583 2610 1651 confirma
2634 1596 2719 1638 me

307 1652 514 1709 Psalm.
541 1664 597 1720 L,
626 1650 717 1723 14)
735 1692 753 1719 ,
779 1655 839 1710 et
868 1669 884 1709 :
912 1652 1156 1720 Reqnmn
1174 1654 1278 1710 Dei
1302 1656 1355 1708 et
1370 1650 1617 1721 justitia,
1643 1656 1697 1708 et
1759 1667 1856 1715 acc,
1876 1656 1928 1707 et
1944 1651 2210 1720 caudium
2223 1653 2284 1707 in
2390 1653 2516 1708 'ritu
2530 1656 2717 1708 sancto

303 1724 485 1786 Rom„
515 1733 647 1792 xlv,
673 1721 803 1791 i7l;
843 1725 904 1779 et
931 1720 1150 1781 dicitur
1178 1741 1194 1780 ι
1223 1723 1531 1780 Ecclesia...
1568 1722 1704 1778 habe
1739 1726 1799 1778 at
1817 1736 2026 1793 pacem,
2056 1726 2109 1777 et
2126 1722 2336 1792 aedifica
2373 1726 2500 1779 atur
2526 1723 2711 1779 ambu-

215 1795 222 1802 ”
435 1795 500 1849 in
525 1795 717 1849 timore
742 1793 983 1855 Domini,
1012 1796 1063 1848 et
1085 1794 1443 1850 consolatione
1480 1795 1661 1850 sancti
1699 1792 1942 1864 Spiritus
1979 1793 2310 1863 replebatur.
2336 1791 2486 1865 (Act.
2620 1797 2713 1858 st„

275 1875 369 1934 ix,
399 1861 516 1936 36.)
544 1863 778 1943 litt-ideo
805 1863 1097 1922 Dominus
1125 1863 1409 1936 Spiritum
1436 1868 1713 1948 sanctum
1742 1863 2128 1935 paracletum,
2156 1862 2220 1921 id
2247 1867 2342 1921 est
2366 1876 2556 1922 conso
2582 1870 2710 1922 ato-

277 1933 1613 2087 maiitiamemmanitatis&
1630 1934 2429 2087 {tttssigssfflniiifftli
2456 1937 2717 2086 335„ae

278 2074 433 2134 vult.
463 2075 752 2133 Voluntas
778 2078 974 2134 autem
1007 2077 1110 2133 Dei
1139 2075 1317 2134 uobis
1361 2089 1467 2158 per
1492 2080 1789 2148 praecepta
1824 2088 2016 2147 ipsius
2063 2076 2411 2146 explicatur.
2457 2076 2720 2133 Pertinet

279 2147 303 2204 i
351 2146 473 2205 itur
494 2144 568 2203 ad
594 2158 857 2204 amorem
916 2158 994 2204 uo
1018 2148 1201 2205 Deum
1224 2145 1535 2220 diligimus
1555 2149 1622 2204 ut
1638 2145 1770 2219 ejus
1792 2145 2074 2204 mandata
2101 2145 2479 2217 impleamuS,
2508 2158 2720 2205 secun-

327 2230 431 2275 um
464 2215 615 2274 illud
647 2233 663 2274 ε
710 2216 775 2273 Si
816 2216 878 2272 cii
899 2217 1051 2286 iqitis
1097 2232 1200 2280 me,
1233 2217 1501 2273 mandata
1533 2231 1655 2273 mea
1693 2220 1921 2274 servate.
1968 2215 2206 2288 uonna..
2233 2229 2358 2285 ΧΠ,
2389 2215 2501 2288 ¹5.)
2532 2218 2715 2281 Unde,

283 2299 477 2361 quum
501 2300 608 2358 per
635 2287 673 2345 S
715 2286 916 2345 iritum
940 2293 1214 2346 sanctum
1238 2287 1342 2345 Dei
1371 2292 1671 2346 amatores
1698 2288 2157 2355 constituamur,
2218 2300 2283 2344 er
2307 2287 2507 2357 ipsum
2536 2287 2718 2344 etiam

281 2357 1546 2499 tiffqabnuiz‘im‘iffls‘iffiffiffffiiffii
1561 2357 1944 2498 &iiiiii-'iz‘-
1968 2370 2153 2498 iffi
2201 2369 2316 2485 24¹3.
2343 2355 2495 2496 ilfi
2530 2361 2718 2429 ‘¹¹³⁰S'

431 2470 448 2486 ο
1446 2466 1467 2492 5
1947 2466 1962 2482 ο
2143 2467 2180 2490 -9
2320 2468 2335 2495 5
2440 2465 2453 2479 ο

360 2497 871 2558 Considerandum
902 2503 1101 2556 tamen
1137 2501 1228 2558 est
1256 2497 1418 2571 quod
1441 2511 1478 2555 a
1504 2497 1728 2569 Spiritu
1758 2502 1968 2557 sancto
1999 2496 2108 2554 filii
2140 2496 2243 2554 Dei
2285 2500 2565 2569 aguntur,
2593 2509 2719 2557 non

287 2571 454 2630 sicut
473 2570 653 2638 servi,
678 2568 786 2629 sed
812 2569 971 2627 sicut
996 2567 1188 2627 liberi.
1218 2568 1413 2637 Quum
1446 2568 1609 2625 enim
1641 2568 1793 2626 liber
1818 2568 1899 2626 sit
1925 2567 2027 2640 qui
2057 2567 2154 2625 sui
2179 2581 2366 2625 causa
2409 2572 2521 2635 est,
2568 2567 2720 2627 illud

283 2641 477 2700 libere
507 2641 744 2714 agimus
773 2638 934 2713 quod
963 2653 1037 2697 ειι
1064 2637 1241 2697 nobis
1270 2639 1423 2710 ipsis
1449 2638 1689 2710 agimus
1715 2656 1730 2707 3
1762 2638 1878 2696 hoc
1903 2649 2046 2696 vero
2073 2637 2354 2710 estquod
2382 2651 2457 2697 ex
2495 2639 2720 2698 volun-

284 2715 413 2770 tate
443 2712 679 2786 agimus
704 2727 722 2780 ς
751 2709 914 2783 quod
942 2714 1140 2768 autem
1166 2708 1404 2782 agimus
1432 2712 1645 2767 contra
1666 2708 2055 2776 voluntatem,
2080 2721 2205 2766 non
2233 2707 2439 2777 libere,
2465 2707 2571 2767 sed
2600 2723 2723 2768 ser-

282 2781 488 2841 viliter
514 2781 753 2855 agimus
777 2798 792 2812 ·
824 2780 950 2839 sive
978 2780 1060 2838 sit
1084 2780 1371 2837 violentia
1397 2778 1693 2848 absoluta,
1720 2785 1787 2838 ut
1830 2778 2072 2852 quaudo
2112 2784 2305 2837 totum
2359 2778 2718 2852 principium

287 2855 386 2912 est
422 2858 607 2921 extra,
624 2824 795 2934 ‘nihil
823 2850 1167 2933 conferente
1192 2850 1312 2908 vim
1339 2863 1546 2932 passo,
1574 2856 1722 2933 puta
1742 2862 1927 2923 quum
1958 2849 2178 2932 aliquis
2199 2848 2615 2930 vinimpellitur
2643 2850 2715 2909 ad

285 2927 520 2982 motum
546 2941 561 2993 ;
587 2935 712 2982 sive
740 2926 820 2980 sit
840 2920 1123 2980 violentia
1150 2921 1486 2981 voluntario
1514 2926 1722 2990 mixta,
1751 2925 1818 2979 ut
1870 2932 2056 2993 quum
2094 2920 2314 2993 aliquis
2351 2920 2482 2978 vult
2525 2921 2719 2979 iacere

282 2993 384 3053 vel
413 2993 535 3065 pati
562 2990 725 3067 quod
745 2991 949 3050 minus
976 2997 1070 3051 est
1094 2991 1459 3050 contrarium
1486 2992 1800 3059 voluntati,
1829 2997 1897 3049 ιιι
1936 2990 2147 3049 evadat
2190 2990 2352 3064 quod
2397 2990 2718 3071 magis-vo-

285 3064 508 3124 luntati
535 3062 951 3122 contrariatur.
981 3062 1239 3134 Spiritus
1266 3066 1464 3121 autem
1493 3069 1741 3121 sanctus
1768 3061 1859 3122 sic
1886 3074 2001 3120 nos
2030 3061 2107 3120 ad
2138 3061 2437 3136 agendum
2467 3062 2720 3120 inclinat

285 3139 359 3195 ιιι
386 3147 502 3193 nos
528 3133 864 3193 voluntarie
891 3145 1068 3206 agere
1090 3131 1286 3203 faciat,
1308 3133 1371 3191 in
1414 3139 1706 3207 quantum
1744 3146 1860 3191 nos
1897 3138 2195 3191 amatores
2238 3133 2343 3190 Dei
2386 3133 2717 3213 constituit.

287 3204 427 3266 Filii
455 3204 639 3278 igitur
660 3203 763 3261 Dei
786 3202 973 3262 libere
999 3218 1038 3262 a
1064 3204 1285 3275 Spiritu
1313 3209 1521 3263 sancto
1547 3207 1806 3278 aguntur
1825 3217 1901 3261 ex
1928 3216 2150 3267 amore.
2181 3215 2304 3262 nou
2334 3203 2629 3261 serviliter
2647 3216 2722 3263 ex

285 3276 545 3345 timore3
575 3274 736 3332 unde
762 3273 1082 3344 Apostolus
1111 3273 1256 3332 dicit
1283 3292 1301 3328 ε
1323 3275 1445 3332 Non
1472 3277 1755 3345 accepistis
1788 3275 2047 3346 spiritum
2089 3275 2368 3331 seruitutis
2416 3275 2615 3330 iterum
2659 3276 2722 3330 in

288 3348 503 3409 timore,
530 3343 629 3402 sed
653 3346 932 3416 accepistis
957 3346 1215 3416 spiritum
1239 3343 1549 3415 adoptionis
1568 3345 1825 3427 [iliorum.
1857 3343 2052 3417 (Rom.,
2079 3356 2212 3414 vm,
2239 3343 2353 3418 15.)

364 3417 560 3485 Quum
590 3419 790 3474 autem
816 3415 1095 3473 voluntas
1123 3414 1429 3473 ordinetur
1460 3416 1524 3472 in
1571 3415 1633 3473 id
1678 3414 1840 3489 quod
1868 3420 1962 3473 est
2003 3427 2141 3473 vere
2180 3414 2428 3483 honum,
2456 3414 2719 3488 quando,

290 3486 419 3547 sive
443 3491 684 3559 propter
710 3485 1056 3558 passionem
1084 3485 1210 3543 sive
1236 3491 1477 3558 propter
1501 3485 1729 3544 malum
1774 3485 2044 3543 habitum
2087 3490 2193 3544 aut
2238 3484 2723 3557 dispositionem,

287 3557 479 3617 homo
505 3556 580 3615 ab
614 3567 687 3615 eo
716 3555 876 3629 quod
904 3560 998 3614 est
1021 3569 1159 3613 vere
1188 3555 1417 3615 honum
1443 3557 1747 3627 avertitur,
1774 3556 2070 3615 serviliter
2095 3554 2240 3629 agit,
2267 3555 2332 3613 in
2366 3560 2654 3635 quantum
2686 3570 2724 3615 a

289 3627 557 3711 quodam
580 3631 862 3686 extraneo
888 3624 1233 3696 inclinatur,
1261 3627 1314 3686 si
1348 3626 1761 3685 consideretur
1787 3627 1916 3698 ipse
1945 3626 2093 3685 ordo
2136 3625 2428 3685 naturalis
2457 3626 2722 3686 volunta-

289 3704 377 3758 tis
401 3715 419 3769 ;
450 3697 581 3766 sed,
609 3696 664 3756 si
690 3696 1104 3756 consideretur
1131 3702 1300 3756 actus
1317 3697 1640 3756 voluntatis
1658 3702 1724 3756 ut
1747 3695 2046 3756 inclinatae
2065 3696 2128 3754 in
2151 3710 2446 3769 apparens
2469 3696 2720 3767 bonum,

288 3768 482 3829 libere
506 3766 631 3849 agit
657 3781 841 3841 quum
869 3766 1152 3849 ‚sequitur
1191 3767 1536 3839 passionem
1575 3772 1677 3826 aut
1716 3767 1983 3826 habitum
2029 3773 2395 3849 corruptum,
2436 3767 2727 3826 serviliter

290 3845 496 3899 autem
526 3842 650 3912 agit
673 3838 752 3908 si,
779 3837 886 3896 tali
912 3838 1219 3896 voluntate
1255 3844 1556 3909 manente,
1579 3842 1821 3910 propter
1862 3838 2141 3897 timorem
2174 3837 2328 3911 legis
2370 3851 2437 3895 in
2485 3842 2722 3897 contra·

291 3911 457 3970 rium
482 3909 697 3981 posita>
721 3907 982 3967 abstinet
1004 3907 1079 3967 ab
1107 3922 1181 3967 eo
1206 3908 1367 3981 quod
1403 3909 1549 3968 vult.
1593 3910 1790 3978 Quum
1817 3907 2002 3991 igitur
2043 3909 2081 3966 S
2124 3907 2298 3967 iritus
2347 3914 2594 3968 sanctus
2620 3923 2728 3982 per

294 3993 566 4040 amorem
596 3977 962 4037 voluntatem
990 3977 1240 4037 inclinet
1255 3979 1319 4037 in
1350 3993 1551 4039 verum
1572 3978 1821 4049 honum,
1842 3993 1906 4038 ιιι
1933 3993 2052 4053 quo
2117 3978 2465 4038 naturaliter
2491 3980 2727 4039 ordina·

288 4055 415 4122 tur,
443 4049 602 4109 tollit
640 4054 700 4108 et
717 4049 1059 4108 servitutem
1091 4064 1212 4123 qua
1244 4050 1492 4125 (homo),
1521 4062 1732 4109 servus
1760 4049 2064 4122 passionis
2100 4054 2161 4108 et
2188 4050 2415 4121 peccati
2450 4050 2722 4121 effectae,

294 4124 508 4181 contra
523 4119 794 4179 ordinem
808 4119 1136 4202 voluntatis
1149 4119 1294 4194 agit,
1318 4126 1378 4181 et
1391 4121 1739 4180 servitutem
1753 4135 1871 4194 qua
1886 4127 2096 4179 contra
2113 4124 2344 4179 motum
2368 4134 2496 4180 suae
2518 4122 2726 4180 volun-

292 4192 440 4252 tatis
467 4190 801 4252 secundum
819 4191 875 4249 le
919 4203 1014 4248 em
1041 4195 1198 4263 agit..
1218 4191 1393 4265 quasi
1417 4192 1573 4266 legis
1600 4204 1834 4261 servus,
1855 4204 1979 4250 non
2006 4191 2259 4250 amicus.
2288 4192 2538 4264 Propter
2561 4190 2726 4264 quod

291 4262 621 4335 Apostolus
667 4260 813 4319 dicit
840 4204 990 4320 :ffibi
1014 4260 1258 4332 Spiritus
1297 4265 1535 4332 Domini,
1564 4262 1647 4319 ibi
1690 4263 1914 4320 libenas
1977 4261 2039 4342 ῌ
2061 4261 2208 4331 Gor„
2234 4273 2324 4329 111,
2366 4262 2497 4335 ¹7);
2527 4267 2630 4342 et:
2659 4261 2726 4318 Si

293 4334 504 4406 spiritu
527 4332 813 4403 ducimini,
840 4345 952 4389 non
988 4334 1118 4388 estis
1142 4332 1246 4389 suo
1271 4333 1403 4403 leae.
1435 4333 1641 4407 (Galat.
1694 4346 1761 4402 v,
1792 4335 1857 4390 ¹8
1886 4373 1901 4391 .
1983 4345 2080 4390 inc
2128 4336 2222 4390 est
2305 4331 2424 4390 uod
2465 4333 2721 4403 Spiritus

297 4408 552 4462 sanctus
579 4417 687 4475 per
711 4414 978 4487 amorem
1026 4415 1140 4460 nos
1172 4402 1410 4462 ordinat
1446 4371 1779 4464 secundum
1807 4401 1853 4461 il
1880 4401 2000 4462 udi
2029 4402 2095 4461 Si
2119 4402 2275 4474 spiri
2355 4403 2512 4468 tacta
2535 4401 2722 4457 carnis

295 4475 778 4548 mortificaveritis,
804 4475 1024 4534 vivetis.
1056 4472 1251 4546 (Rom.,
1287 4487 1417 4548 viu,
1449 4474 1563 4548 13.)
