3076 5025
486 328 593 385 274
1377 325 1530 394 ,LIB.
1570 326 1669 389 111,
1709 324 1863 383 GAP.
1902 326 2013 382 XV.

491 461 732 521 semper
755 446 916 506 inest
941 451 1154 529 praeter
1180 452 1453 506 naturam
1484 446 1616 519 ejus
1644 447 1741 506 cui
1776 448 1956 518 inest,
2001 462 2186 522 quum
2211 448 2292 508 sit
2318 449 2571 521 privatio
2601 464 2729 523 ejus
2746 450 2887 524 quod

489 525 695 578 natum
746 523 841 577 est
885 518 1111 591 ahquid
1161 523 1221 577 et
1264 517 1440 576 debet
1483 517 1724 576 habere.
1756 520 1944 591 Igitur
1977 523 2212 590 oportet
2251 520 2413 593 quod
2436 521 2658 579 malum
2687 534 2891 593 semper

492 589 710 648 habeat
734 589 997 662 aliquam
1027 602 1274 647 causam
1301 588 1395 646 vel
1419 602 1526 660 per
1551 602 1617 647 se
1645 589 1737 646 vel
1767 588 2070 649 accidens.

557 660 837 731 Amplius,
870 672 1048 717 omne
1100 660 1325 718 malum
1353 659 1746 733 consequitur
1770 660 1844 718 ad
1874 660 2117 732 aliquod
2146 660 2395 729 bonum,
2429 661 2587 720 sicut
2621 660 2886 732 corruptio

489 731 765 804 sequitur
790 729 865 788 ad
895 729 1157 802 aliquam
1187 730 1658 804 generationem.
1690 730 1804 789 Sed
1834 744 2012 789 omne
2041 731 2266 790 bonum
2297 731 2478 790 habet
2503 731 2747 805 aliquam
2765 745 2885 789 cau·

489 813 643 871 sam,
693 804 909 871 praeter
950 801 1210 872 primum
1252 800 1503 870 bonum,
1558 800 1622 858 in
1649 814 1772 873 quo
1796 814 1920 860 non
1950 807 2045 860 est
2065 802 2311 875 aliquod
2340 802 2584 872 malum,
2626 808 2685 860 ut
2721 806 2886 860 osten·

489 875 626 931 su'm
657 876 751 929 est
780 870 845 944 (l.
871 884 916 940 1,
947 884 1002 929 o.
1030 869 1144 943 39).
1181 872 1369 929 Omne
1397 871 1586 944 igitur
1611 872 1834 929 malum
1867 871 2046 930 habet
2081 873 2345 947 aliquam
2372 886 2621 934 causam
2644 871 2715 931 ad
2735 883 2886 945 quam

491 941 768 1015 sequitur
792 955 901 1013 per
921 940 1226 1000 accidens.
1262 943 1308 1016 (Ι
1329 947 1504 1014 part„
1538 956 1601 1015 q.
1631 954 1794 1012 xlm,
1824 948 1934 1000 art.
1968 942 2046 1015 1.)

1473 1160 1731 1226 CAPUT
1767 1161 1935 1225 XIV.

1082 1340 1237 1395 QUOD
1273 1340 1484 1387 mun
1517 1341 1630 1386 EST
1664 1341 1859 1388 CAUSA.
1890 1342 2006 1388 PER
2038 1342 2343 1389 Accmmts,

559 1508 644 1565 Ex
668 1504 897 1564 eisdem
917 1503 1095 1634 etgam
1116 1509 1279 1576 patet
1299 1502 1462 1578 quod
1478 1503 1730 1575 malum,
1751 1504 1866 1563 etsi
1896 1517 2020 1562 non
2049 1505 2131 1564 sit
2160 1518 2345 1564 causa
2370 1518 2479 1579 per
2506 1518 2594 1573 se,
2620 1504 2900 1562 esttamen

487 1589 675 1637 cansa
741 1590 807 1634 er
833 1589 960 1634 acci
1006 1588 1137 1633 ens.

558 1646 617 1706 Si
663 1590 821 1705 egim
853 1646 931 1704 ali
978 1644 1077 1704 uid
1123 1650 1217 1704 est
1243 1657 1428 1703 causa
1470 1643 1730 1717 alicujus
1755 1658 1864 1718 per
1899 1659 1988 1715 se,
2019 1646 2080 1704 id
2103 1647 2266 1719 quod
2292 1646 2512 1707 accidit
2536 1646 2593 1704 ei
2620 1650 2709 1703 est
2734 1652 2905 1701 causa

486 1716 659 1777 illius
684 1731 791 1789 per
817 1717 945 1776 acci
989 1729 1100 1774 ens
1125 1733 1143 1786 3
1172 1715 1331 1775 sicut
1356 1714 1562 1774 album
1580 1714 1743 1788 quod
1769 1715 1989 1774 accidit
2013 1715 2358 1775 aedificatori
2388 1722 2485 1777 est
2509 1728 2690 1776 causa
2704 1713 2902 1771 domus

486 1802 596 1862 per
631 1787 937 1848 accidens.
991 1788 1181 1845 Omne
1227 1790 1426 1845 autem
1473 1786 1701 1845 malum
1747 1791 1841 1845 est
1882 1786 1949 1844 in
1995 1786 2198 1861 aliquo
2238 1788 2444 1859 bono;
2472 1787 2697 1848 bonum
2723 1786 2901 1841 autem

489 1871 669 1918 omne
715 1863 809 1917 est
852 1857 1111 1930 alicujus
1156 1857 1358 1930 aliquo
1405 1856 1586 1915 modo
1631 1869 1854 1928 causa3
1884 1859 2136 1917 materia
2163 1860 2324 1917 enim
2363 1865 2461 1918 est
2485 1849 2901 1933 quodammodo

490 1943 677 1989 causa
700 1928 929 1993 formae,
960 1934 1017 1987 et
1036 1926 1482 2002 quodammodo
1512 1939 1839 1998 convers03
1865 1932 1926 1985 et
1943 1928 2222 1988 similiter
2241 1936 2337 1989 est
2359 1929 2434 1989 de
2462 1934 2676 2002 agente
2702 1930 2758 1984 et
2776 1922 2899 1989 fine3

486 1999 648 2058 unde
684 2012 808 2058 non
859 1999 1133 2080 sequitur
1159 2011 1484 2071 processus
1511 1998 1576 2055 in
1605 1996 1906 2079 infinitum
1933 1999 1996 2057 in
2032 2000 2236 2059 causis
2264 2006 2324 2059 et
2344 2000 2634 2069 causatis,
2660 1995 2713 2056 si
2739 1989 2902 2072 quod·

487 2069 636 2128 libet
661 2075 756 2129 est
784 2070 1043 2142 alicujus
1084 2082 1290 2138 causa,
1323 2073 1567 2141 propter
1593 2068 1884 2128 circulum
1913 2069 2222 2128 inventum
2252 2070 2314 2129 in
2344 2071 2551 2131 causis
2578 2076 2638 2129 et
2660 2067 2899 2146 causans

490 2140 825 2199 secundum
876 2139 1110 2212 species
1163 2139 1433 2198 diversas
1473 2152 1814 2198 causarum.
1858 2140 2074 2199 Malum
2122 2142 2308 2215 igitur
2351 2148 2449 2201 est
2495 2154 2602 2215 per
2645 2134 2898 2197 accidens

556 2282 777 2347 Adhuc,
805 2280 1030 2340 malum
1050 2283 1144 2338 est
1168 2279 1422 2352 privatio
1439 2278 1737 2362 quaedam.
1758 2285 1825 2338 ut
1851 2294 1927 2339 ex
1952 2280 2253 2353 praedictis
2281 2282 2357 2357 (c.
2382 2283 2439 2356 6)
2468 2285 2648 2357 patet.
2666 2272 2897 2358 privatio

487 2359 687 2410 autem
734 2358 828 2410 est
859 2350 1050 2423 princi
1096 2350 1221 2409 ium
1260 2365 1365 2423 per
1393 2350 1674 2409 accidens
1720 2364 1785 2409 tn
1812 2350 1994 2409 rebus
2020 2352 2368 2419 mobilibus,
2402 2354 2564 2414 sicut
2586 2355 2823 2409 materia
2849 2345 2900 2400 et

487 2423 685 2482 forma
709 2437 818 2495 per
845 2436 937 2481 se.
965 2424 1057 2480 Ma
1082 2436 1184 2481 um
1223 2421 1409 2496 igitur
1435 2425 1528 2479 est
1551 2421 1809 2494 alicujus
1837 2435 2024 2480 causa
2049 2437 2157 2494 per
2183 2424 2487 2484 accidens.

557 2495 848 2563 Praeterea,
883 2508 956 2552 ex
983 2492 1220 2552 defectu
1249 2506 1447 2552 causae
1479 2492 1751 2567 sequitur
1781 2491 2048 2552 defectus
2068 2493 2133 2551 in
2164 2492 2399 2555 effectu.
2423 2494 2698 2555 Defectus
2722 2490 2899 2565 autern

486 2565 551 2623 in
591 2578 778 2624 causa
828 2571 922 2624 est
962 2564 1206 2638 aliquod
1236 2564 1499 2632 malum;
1534 2576 1658 2622 non
1686 2569 1885 2622 tamen
1928 2570 2127 2636 potest
2156 2580 2292 2625 esse
2321 2580 2509 2627 causa
2538 2578 2643 2638 per
2668 2575 2753 2628 se,
2775 2567 2899 2631 <1⁰¹³

486 2648 587 2694 res
615 2649 740 2694 non
764 2641 857 2694 est
882 2649 1069 2695 causa
1104 2649 1209 2707 per
1235 2635 1352 2693 hoc
1381 2634 1542 2708 quod
1584 2639 1678 2693 est
1702 2633 1989 2693 deficiens
2040 2634 2148 2694 sed
2175 2651 2282 2710 per
2322 2637 2440 2696 hoc
2469 2634 2745 2714 quodest
2769 2638 2898 2692 ensi

487 2705 543 2765 si
573 2706 895 2834 enimdtota
910 2705 1209 2776 deficeret,
1233 2705 1462 2764 nullius
1486 2710 1647 2764 esset
1676 2718 1882 2764 causa.
1906 2707 1999 2764 Ha
2023 2720 2121 2764 um
2147 2707 2332 2781 igitur
2353 2714 2450 2767 est
2472 2707 2723 2778 aliquus
2737 2707 2901 2758 causa

527 2790 594 2834 er
615 2791 741 2835 accl
786 2790 916 2835 ens.

483 2790 525 2849 p
555 2849 706 2910 Item,
739 2846 1070 2905 secundum
1101 2859 1314 2905 omnes
1344 2846 1578 2918 species
1602 2859 1921 2906 causarum
1948 2847 2341 2907 discurrendo
2370 2847 2672 2908 invenitur
2694 2839 2896 2901 malum

487 2930 623 2975 esse
652 2931 758 2988 per
776 2917 1055 2975 accidens
1084 2930 1288 2976 causa.
1315 2918 1382 2974 In
1412 2917 1613 2989 specie
1643 2918 1881 2990 quidem
1914 2932 2115 2976 causae
2145 2917 2487 2992 efficientis,
2518 2917 2659 2993 quia
2681 2913 2900 2993 prppter

486 2999 685 3045 causae
712 2988 949 3059 agentis
976 2986 1350 3045 deficientem
1365 2987 1643 3046 virtutem
1670 2989 1943 3063 sequitur
1961 2989 2230 3048 defectus
2254 2989 2318 3047 in
2349 2988 2568 3050 effectu
2593 2988 2897 3047 etacttone.

484 3058 551 3113 In
583 3069 613 3114 s
657 3056 782 3114 ecie
811 3070 950 3115 vero
976 3071 1174 3116 causae
1202 3057 1553 3126 materialis,
1584 3058 1727 3132 quia
1754 3074 1827 3117 ex
1853 3060 2117 3118 materiae
2144 3059 2611 3132 indispositione
2640 3054 2901 3115 causatur

483 3126 547 3184 in
574 3140 605 3207 e
655 3132 788 3206 ectu
817 3127 1105 3186 defectus,
1133 3131 1198 3185 ln
1224 3129 1424 3199 specie
1446 3142 1590 3186 vero
1611 3142 1810 3187 causae
1837 3129 2127 3200 formalis,
2155 3131 2300 3205 quia
2327 3132 2430 3190 uni
2457 3132 2661 3191 formae
2683 3126 2899 3205 semper

492 3196 566 3255 ad
594 3203 842 3277 ungitur
868 3198 1119 3256 alterius
1144 3197 1350 3256 formae
1373 3198 1649 3270 privatio,
1682 3202 1749 3258 In
1780 3200 1981 3272 specie
2004 3214 2147 3258 vero
2169 3215 2370 3260 causae
2407 3201 2630 3269 finaliS,
2657 3206 2791 3275 quia
2815 3199 2899 3247 111-

488 3266 575 3397 get
612 3271 697 3325 1to
727 3264 834 3325 fini
863 3268 1211 3342 adjungitur
1248 3268 1498 3339 malum,
1528 3269 1594 3327 in
1621 3275 1908 3343 quantum
1936 3285 2042 3343 per
2078 3272 2277 3344 ipsum
2305 3271 2448 3332 finis
2477 3269 2706 3333 debitus
2729 3270 2897 3333 lmpfl·

532 3352 549 3394 ι
579 3352 670 3396 ur.

481 3410 722 3538 &Patet
772 3408 961 3482 igitur
1003 3409 1166 3483 quod
1209 3410 1434 3470 malum
1472 3416 1567 3469 est
1607 3425 1795 3471 causa
1830 3426 1941 3485 per
1977 3412 2257 3473 accidens
2302 3416 2366 3473 et
2403 3426 2532 3474 non
2556 3410 2749 3486 potest
2773 3409 2896 3462 esso

1479 3638 1739 3704 CAPUT
1773 3639 1905 3704 XV.

597 3817 752 3872 QUOD
779 3817 902 3866 Non
935 3817 1047 3865 Es‘l·
1080 3819 1327 3867 summm
1349 3819 1557 3866 num
1586 3818 1740 3873 QUOD
1765 3820 1861 3866 81⁸1·
1887 3821 2118 3869 omium
2139 3819 2425 3869 mmmm
2452 3810 2794 3868 tummim!-

549 3971 633 4027 Ex
673 3972 789 4053 hoc
830 3978 1029 4055 autem
1077 3979 1239 4046 patet
1281 3973 1445 4047 quod
1477 3986 1606 4054 non
1640 3979 1842 4055 potest
1875 3989 2012 4035 6666
2056 3976 2305 4051 aliquod
2342 3986 2644 4036 summum
2687 3964 2884 4029 malum

479 4040 641 4111 quod
672 4047 753 4100 sit
779 4056 1050 4103 omnium
1079 4043 1376 4102 malorum
1399 4044 1784 4117 principium.
2838 4102 2849 4113 .

515 4110 859 4189 ‚Summum
910 4114 1072 4172 enim
1102 4115 1328 4173 malum
1376 4119 1615 4186 oportet
1661 4129 1799 4175 esse
1842 4116 2070 4199 absque
2114 4119 2424 4178 consortio
2477 4114 2676 4178 omnis
2721 4109 2881 4168 hom,

474 4184 636 4237 sicut
681 4188 739 4239 et
779 4197 1083 4243 summum
1126 4184 1353 4244 honum
1399 4190 1493 4243 est
1517 4186 1681 4258 quod
1708 4191 1803 4246 est
1831 4200 2080 4246 ommno
2123 4195 2464 4260 separatum
2492 4201 2527 4247 a
2556 4184 2731 4246 malo.
2764 4178 2881 4236 Non

474 4254 670 4320 potest
715 4259 915 4333 autem
961 4269 1100 4314 esse
1124 4254 1202 4314 ali
1247 4255 1368 4314 uod
1395 4255 1624 4314 malum
1667 4257 1920 4316 omnino
1950 4265 2291 4330 separatum
2320 4274 2359 4320 a
2383 4258 2567 4328 bon0,
2596 4260 2773 4329 quum
2793 4255 2879 4303 08·

472 4324 714 4449 ffirglslffit
741 4327 823 4380 6η
848 4323 923 4396 (c.
956 4326 1045 4399 11)
1076 4339 1196 4400 quo
1261 4325 1488 4385 malum
1526 4326 1813 4386 fundatur
1846 4328 1911 4386 in
1955 4329 2139 4389 bono.
2175 4331 2331 4404 Ergo
2358 4329 2513 4388 nihil
2550 4332 2645 4386 est
2664 4324 2880 4382 summe

537 4461 755 4528 Adhuc,
785 4462 842 4522 si
869 4463 1096 4539 aliquid
1123 4473 1217 4527 est
1242 4481 1476 4529 summe
1500 4469 1750 4542 malum,
1780 4475 2014 4544 oportet
2046 4469 2207 4546 quod
2234 4484 2341 4545 per
2362 4466 2682 4532 essentiam
2726 4462 2884 4519 sum
