3076 5025
350 366 445 424 m
860 360 1068 419 BERN.
1107 360 1348 417 MARIAE
1384 360 1476 416 DE
1511 357 1763 416 RUBEIS
1801 356 2276 418 DISSERTATIO.

353 518 579 580 contra
629 515 939 576 «Ioannem
990 514 1068 573 de
1116 512 1495 573 Montesono
1542 509 1793 588 scripsit
1830 511 2001 573 circa
2039 527 2283 574 annum
2314 511 2566 574 Domini
2598 514 2782 590 1388,

302 664 307 671 .
354 613 562 692 capite
581 612 644 685 3,
676 612 958 675 conclus.
982 613 1044 684 3,
1068 609 1362 672 corollar.
1388 612 1448 682 1,
1470 609 1639 686 apud
1659 608 1956 670 carolum
1978 608 2379 688 Duplessium
2411 610 2783 690 d’Argentre

308 692 313 705 ⁸
351 712 420 774 in
438 710 825 773 collectione
852 708 1247 789 judiciorum
1277 707 1354 768 de
1399 705 1586 767 Novis
1623 703 1965 781 erroribus,
2013 709 2081 767 et
2124 706 2291 784 apud
2330 707 2687 769 Launoium
2716 708 2782 771 iu

316 799 320 803 ⁴
352 808 516 870 libro
543 806 634 869 De
660 804 836 868 varia
874 803 1206 868 Aristotelis
1230 802 1500 884 fortuna,
1524 820 1665 880 cap.
1697 803 1796 864 10.
1833 822 1863 860 (ι
1892 803 1963 864 In
2009 801 2158 880 ipsis
2201 802 2591 865 arduissimis
2637 804 2784 867 fidei

353 906 661 979 articulis,
691 903 1057 983 inquientis,
1087 907 1156 965 et
1179 901 1529 964 humanam
1558 888 1873 961 rationem
1921 900 2540 977 transcendentibuS,
2581 902 2785 964 utitur

351 1005 485 1083 ipse
508 1003 835 1085 (Thomas)
863 1002 1048 1063 dictis
1066 1000 1444 1073 Aristotelis,
1468 1006 1543 1060 et
1570 997 1887 1060 immiscet
1930 997 2073 1076 ejus
2107 996 2575 1077 philosophiam
2627 1000 2781 1062 doc·

351 1102 539 1163 trinae
568 1101 737 1176 fidei,
785 1099 951 1162 sicut
986 1102 1164 1177 patet
1206 1095 1469 1160 cuilibet
1516 1095 1793 1157 intuenti
1829 1093 2052 1172 :quod
2096 1093 2336 1172 praebet
2379 1096 2783 1159 occasionem

354 1199 605 1260 errandi
648 1218 707 1259 n.
753 1197 904 1258 Haec
950 1194 1297 1256 instaurata
1345 1192 1626 1273 querela,
1653 1210 1692 1253 a
1753 1192 2055 1253 casimiro
2107 1191 2382 1267 Oudin0,
2429 1196 2499 1256 et
2535 1194 2776 1256 Iacobo

351 1294 698 1368 Bruckero,
724 1293 791 1354 in
821 1290 1126 1371 peculiari
1154 1289 1591 1352 dissertatione
1621 1289 1777 1350 mihi
1806 1294 1903 1350 est
1928 1288 2281 1349 refutanda.

433 1393 758 1453 Humanas
794 1389 1073 1450 rationes
1130 1403 1207 1449 ac
1256 1385 1779 1465 philosophorum
1819 1386 1989 1448 dicta
2029 1385 2425 1464 frequentius
2471 1386 2551 1451 ab
2595 1388 2785 1467 Aqui-

353 1496 502 1552 nate
557 1486 839 1549 adhibita
886 1485 1058 1546 haud
1111 1501 1261 1546 sane
1314 1483 1697 1545 inficiamur.
1758 1482 1881 1545 Gur
1934 1499 2084 1545 vero
2137 1481 2237 1545 his
2303 1483 2578 1546 Thomas
2627 1502 2782 1548 usus

357 1585 570 1658 fuerit,
612 1583 863 1663 quodve
906 1581 1061 1642 insit
1104 1580 1341 1644 eisdem
1386 1585 1812 1653 momentum,
1851 1595 2002 1641 cum
2044 1580 2123 1642 ad
2170 1594 2496 1658 supremas
2544 1581 2785 1644 divinas

353 1683 651 1744 veritates
674 1678 1075 1757 exponendas
1101 1677 1471 1752 trahuntur,
1509 1677 1644 1755 ipse
1669 1678 1858 1739 docet
1880 1683 2239 1756 praeceptor
2262 1679 2584 1757 angelicus
2626 1679 2784 1741 locis

358 1778 666 1859 plurimis.
697 1777 1014 1855 Insignem
1045 1773 1238 1835 affero
1266 1779 1541 1847 textum,
1567 1773 1678 1851 qui
1699 1773 1860 1836 libro
1886 1792 1912 1838 1
1939 1776 2172 1854 operiS,
2215 1776 2296 1839 de
2335 1795 2465 1856 quo
2511 1778 2782 1859 agimus,

331 1877 563 1955 .capite
590 1877 654 1949 8,
683 1873 992 1935 habetur:
1031 1892 1062 1930 α
1092 1870 1657 1945 Considerandum,
1687 1872 1860 1950 quod
1893 1889 1994 1935 res
2036 1872 2299 1950 quidem
2326 1872 2647 1936 sensibiles
2692 1874 2786 1955 (et

357 1979 664 2037 creaturae
716 1969 995 2049 omnes),
1049 1986 1126 2031 ex
1176 1966 1385 2050 quibus
1441 1966 1701 2028 humana
1756 1969 1914 2030 ratio
1969 1969 2346 2050 cognitionis
2396 1971 2778 2050 principium

356 2072 572 2146 sumit,
617 2067 879 2149 aliquale
929 2065 1234 2147 veetiqimn
1284 2066 1346 2125 in
1388 2083 1448 2128 se
1497 2064 1710 2126 divine
1758 2065 2102 2127 imitationis
2141 2067 2441 2144 retinent,
2486 2068 2784 2132 videlicet

357 2169 528 2247 quod
558 2172 727 2240 sunt,
759 2170 826 2227 et
850 2164 1019 2227 bona
1044 2167 1192 2225 sunt
1224 2182 1241 2223 :
1273 2163 1363 2224 ita
1406 2167 1626 2224 tamen
1671 2161 2076 2243 imperfectum
2113 2164 2287 2242 quod
2331 2163 2412 2225 ad
2463 2165 2785 2227 declaran-

357 2267 503 2326 dam
533 2264 725 2342 ipsius
743 2261 857 2324 Dei
886 2259 1309 2322 substantiam
1328 2260 1563 2320 omnino
1587 2259 1947 2341 &sufficiens
1971 2259 2313 2322 invenitur.
2335 2260 2584 2324 Habent
2605 2263 2781 2326 enim

358 2361 618 2423 effectus
640 2373 901 2421 suarum
932 2373 1272 2418 causarum
1306 2372 1423 2418 suo
1469 2357 1664 2419 modo
1704 2355 2212 2430 similitudinem,
2239 2374 2390 2419 cum
2420 2375 2610 2439 agens
2638 2365 2785 2437 agat

359 2459 475 2522 sibi
502 2457 707 2520 simile
739 2476 756 2518 ε
789 2471 920 2518 non
944 2459 1163 2516 tamen
1205 2450 1468 2515 effeetus
1494 2453 1576 2515 ad
1613 2452 1961 2531 perfectam
2009 2453 2255 2535 agentis
2298 2454 2779 2520 similitudinem

354 2575 579 2636 semper
605 2553 925 2633 pertingit.
955 2549 1238 2613 Humana
1281 2550 1466 2631 iqituo·
1506 2549 1688 2625 racio,
1719 2550 1798 2610 ad
1828 2552 2336 2631 cognoscendam
2379 2550 2526 2632 fidei
2557 2553 2777 2613 vm'ta-

359 2660 493 2721 tem,
526 2665 671 2728 quae
697 2649 904 2711 solum
930 2647 1288 2710 videntibus
1317 2645 1594 2708 divinam
1621 2647 1960 2710 essentiam
1999 2646 2231 2726 (altiori
2274 2648 2518 2710 lumine
2565 2650 2784 2729 gloriae

354 2745 694 2825 roboratis)
734 2749 944 2822 potest
983 2760 1116 2805 esse
1152 2742 1479 2805 notissima
1502 2788 1520 2818 ,
1569 2743 1662 2806 ita
1700 2761 1768 2806 se
1807 2741 2001 2804 habet
2035 2743 2208 2821 quod
2255 2744 2336 2805 ad
2384 2761 2526 2805 eam
2571 2752 2784 2822 potest

356 2843 586 2923 aliquas
613 2858 782 2901 veras
818 2837 1222 2900 similitudines
1249 2839 1575 2919 colligere,
1602 2856 1748 2918 quae
1775 2845 1992 2902 tamen
2017 2855 2146 2901 non
2171 2841 2497 2903 sufficiunt
2537 2842 2618 2903 ad
2657 2843 2784 2904 hoc

356 2940 527 3018 quod
583 2937 886 3015 proedicta
934 2935 1198 3011 veritas,
1253 2935 1431 3016 quasi
1472 2935 1959 3012 demonstrative,
2015 2937 2115 2998 vel
2171 2954 2285 3016 per
2333 2955 2399 3000 se
2452 2938 2779 2999 intellectu

355 3032 949 3112 comprehendatur.
986 3029 1140 3093 Utile
1167 3034 1386 3093 tamen
1412 3040 1511 3095 est
1538 3037 1613 3095 ut
1654 3025 1721 3095 in
1765 3033 2132 3114 hujusmodi
2176 3032 2546 3109 rationibus,
2584 3052 2781 3114 quan·

357 3142 721 3210 tunel-umque
766 3126 1073 3206 debilibus,
1133 3145 1200 3190 se
1250 3146 1433 3191 mens
1484 3128 1764 3190 humana
1815 3134 2156 3191 exerceat:
2216 3129 2564 3192 dummodo
2618 3130 2783 3191 desit

354 3225 870 3308 comprehendendi
902 3226 1001 3287 vel
1049 3224 1484 3288 demonstrandi
1518 3227 1954 3304 praesumptio,
1989 3226 2140 3303 quia
2165 3225 2238 3287 de
2264 3225 2433 3289 rebus
2457 3226 2777 3302 altissimis,

353 3327 545 3391 etiam
570 3342 766 3405 parea
790 3331 849 3384 et
875 3321 1055 3384 debili
1092 3323 1569 3397 consider-auem,
1610 3324 1848 3403 aliquid
1890 3340 2069 3402 posse
2105 3324 2415 3402 inspicere
2444 3323 2780 3404 jucundis-

354 3425 583 3485 simum
633 3425 730 3483 est
772 3440 836 3481 ιι.
882 3419 1161 3499 Sapienti
1207 3421 1635 3499 prudentique
1683 3421 1945 3483 consilio
1993 3421 2380 3483 adamussim
2439 3423 2784 3499 respondet

355 3539 539 3598 opus,
571 3519 739 3598 quod
769 3518 1050 3596 Aquinas
1080 3517 1492 3579 elucubravit.

432 3617 536 3678 ΙΙΙ.
569 3615 965 3693 Amplissima
992 3615 1058 3675 in
1086 3614 1211 3676 hoc
1239 3631 1420 3692 opus,
1452 3631 1583 3693 quo
1619 3615 1697 3675 de
1725 3615 1993 3694 agimus,
2027 3616 2492 3676 commentaria
2529 3617 2782 3692 scripsit

351 3714 718 3775 Franciscus
746 3712 1064 3785 Silvester,
1094 3712 1299 3788 patria
1324 3718 1394 3772 et
1418 3712 1739 3791 religionis
1767 3712 2150 3790 professione
2185 3713 2617 3787 Ferrarieusis,
2643 3712 2777 3773 Ma-

353 3810 544 3888 gister
574 3807 768 3869 etiam
796 3807 1115 3869 Generalis
1143 3809 1341 3869 totius
1370 3809 1620 3870 Ordinis
1647 3809 2169 3883 Praedicatorum,
2200 3825 2368 3870 anno
2410 3811 2590 3881 ¹525,
2620 3810 2780 3870 elee-

360 3913 477 3964 tus.
512 3904 749 3964 Eadem
778 3905 1208 3981 compleverat
1250 3910 1498 3978 auctor,
1538 3910 1608 3966 et
1651 3906 1958 3966 Clementi
1986 3906 2116 3976 VII,
2163 3905 2456 3968 Pontifici
2503 3906 2780 3968 Maximo

351 4005 827 4077 nuncupaverat
860 4022 890 4059 α
914 4001 1239 4076 Bononiae,
1271 4000 1555 4062 kalendis
1593 4002 1919 4063 sextilibus
1961 4004 2140 4075 1524,
2172 4019 2301 4080 quo
2345 4001 2621 4064 venetiis
2665 4001 2783 4065 im·

354 4116 557 4172 pressa
586 4098 763 4158 sucre
799 4115 1049 4159 summa
1077 4097 1426 4178 diligentia,
1459 4104 1523 4160 et
1551 4099 1838 4177 expensis
1876 4098 2105 4161 nobilis
2148 4099 2264 4160 viri
2304 4100 2382 4160 D.
2414 4100 2603 4161 Lucae
2647 4101 2778 4162 An·

350 4195 504 4254 tonii
535 4195 567 4255 J
577 4199 727 4254 unta
746 4193 1091 4256 Florentini
1129 4195 1229 4256 die
1247 4210 1288 4257 x
1306 4194 1617 4267 Octobris,
1641 4195 1708 4257 in
1725 4195 1836 4256 fol.
1859 4196 2105 4262 Titulus
2129 4203 2231 4257 est
2259 4216 2276 4258 ε
2308 4196 2524 4257 Sancti
2547 4195 2782 4257 Τὴωηω

347 4300 553 4349 centra
580 4287 855 4366 Gentiles,
880 4308 1016 4351 tum
1042 4289 1489 4352 Commentariis
1515 4290 1824 4353 Franz-esci
1843 4290 2271 4369 Fert-ariensis,
2305 4292 2452 4356 Ord.
2483 4292 2783 4354 Praedica-

353 4395 564 4446 lorum.

421 4485 597 4543 Ilanc
638 4483 960 4563 ignorasse
996 4485 1346 4548 editionem
1392 4487 1642 4549 videtur
1682 4486 1958 4550 lacobus
2009 4486 2357 4563 Echardus,
2409 4487 2592 4565 cujus
2631 4485 2782 4547 haec
