3076 5025
2695 7 2850 19 *Arn-
2861 9 2904 12 .-

445 320 553 379 5⁷8
1360 309 1496 364 LIB.
1533 308 1625 377 IV,
1665 306 1819 361 CAP.
1859 306 1974 361 Lu.

448 408 714 500 materiae
754 436 1216 506 consequentes.
1240 433 1500 489 Necesse
1529 433 1623 510 est
1650 428 1810 485 enim
1844 438 2065 497 corpus
2093 425 2448 507 humanum,
2478 438 2673 506 quum
2720 423 2805 507 sit
2824 439 2886 484 ex

449 506 766 568 contrariis
816 504 1235 575 compositum,
1287 499 1674 571 corruptibile
1704 512 1861 568 esse,
1892 501 1953 555 et
1986 496 2337 578 sensibilem
2369 502 2702 566 appetitum
2734 509 2805 553 in
2826 508 2884 556 a

447 593 580 652 quae
606 583 748 635 sunt
770 574 1099 633 secundum
1131 586 1380 631 sensum
1411 569 1788 628 delectabilia
1811 582 2059 635 moveri,
2091 581 2224 648 quae
2253 567 2557 647 interdu-m
2592 572 2739 624 sunt
2761 579 2885 648 con-

448 650 630 707 traria
660 647 898 716 rationi,
943 651 1002 702 et
1042 644 1412 701 intellectum
1453 641 1827 712 possibilem,
1860 652 2044 712 quum
2071 643 2152 695 sit
2176 652 2241 694 in
2270 642 2545 709 petentia
2572 638 2651 695 ad
2690 650 2889 696 omma

446 718 876 789 intelligibilia,
904 715 1137 772 nullum
1177 727 1383 771 eornm
1430 711 1661 769 habens
1708 711 1766 768 in
1813 717 1970 778 actu,
2001 707 2109 766 sed
2140 722 2213 766 ex
2259 708 2545 766 sensibus
2581 714 2797 765 natum
2824 721 2890 765 ea

450 789 780 862 acquirere,
804 785 1120 844 difficulter
1148 784 1220 841 ad
1248 783 1562 865 scientiam
1587 780 1851 838 veritatis
1877 780 2215 852 pertingere
2244 784 2302 836 et
2343 779 2417 836 de
2458 779 2629 837 facili
2658 784 2893 851 propter

457 860 881 935 phantasmata
901 871 939 915 a
958 869 1101 915 vero
1131 854 1387 913 deviare.
1841 922 1852 932 ,
2152 921 2165 932 υ
2200 920 2212 931 ⁸
2504 917 2517 929 ·
2696 919 2708 929 .

522 928 640 987 Sed
675 934 896 996 tamen,
928 928 980 984 si
1002 926 1136 1008 quis
1165 930 1324 983 recte
1351 922 1718 1003 consideret,
1741 927 1892 1003 satis
1919 920 2309 1002 probabiliter
2368 923 2545 977 otei-it
2575 924 2896 983 aestimare,

451 999 658 1060 divina
705 997 1076 1071 providentia
1121 1010 1233 1067 sup
1278 996 1452 1064 osita,
1489 1008 1621 1067 quae
1670 992 1928 1066 singulis
1962 992 2312 1072 perfectioni
2357 1003 2429 1072 us
2457 1002 2576 1047 con
2660 1004 2737 1047 ua
2765 1004 2895 1062 per-

453 1069 741 1130 fectibilia
762 1069 1078 1139 coaptavit,
1107 1082 1185 1139 qu
1295 1068 1452 1123 Deus
1483 1064 1854 1135 superiorem
1886 1069 2158 1120 naturam
2183 1059 2575 1143 ‘inf-enori'ad
2651 1073 2723 1117 oc
2750 1073 2898 1117 con-

450 1141 650 1215 junxit
691 1144 759 1196 iit
798 1139 853 1196 ei
896 1138 1325 1205 dominaretur,
1351 1141 1430 1205 et,
1479 1134 1718 1206 siquod
1745 1133 1927 1205 hujus
1970 1133 2223 1190 dominii
2272 1132 2775 1210 impedimentum
2822 1144 2897 1188 ex

456 1211 689 1271 defectu
719 1215 942 1267 naturae
966 1210 1357 1279 contingeret,
1388 1206 1518 1277 ejus
1549 1205 1790 1286 speciali
1835 1209 1892 1261 et
1920 1203 2357 1275 supernaturali
2387 1199 2692 1260 beneficio
2720 1201 2894 1259 tolle-

457 1288 623 1341 retur
641 1299 658 1349 ;
679 1287 747 1337 ut
769 1280 1019 1348 scilicet,
1040 1292 1225 1350 quum
1253 1278 1454 1334 anima
1482 1276 1794 1333 rationalis
1822 1274 1901 1332 sit
1928 1275 2160 1332 altioris
2188 1278 2417 1354 naturae
2441 1285 2628 1345 quam
2652 1284 2871 1353 corpus

455 1351 560 1410 tali
592 1350 936 1408 conditione
966 1349 1239 1407 credatur
1280 1347 1515 1418 corpori
1548 1358 1683 1403 esse
1725 1345 2045 1416 coniuncta
2074 1343 2233 1416 quod
2267 1356 2328 1399 in
2373 1354 2631 1421 corpore
2671 1343 2839 1414 aliqu

457 1435 594 1481 esse
622 1434 749 1478 non
773 1418 964 1491 possit
991 1418 1352 1477 contrarium
1382 1417 1619 1484 animat,
1648 1429 1755 1486 per
1781 1429 1958 1488 quain
1990 1428 2209 1486 corpus
2236 1413 2409 1494 vivit}
2432 1419 2492 1470 et
2516 1412 2895 1493 similiter-,Usi

456 1492 608 1551 ratio
636 1493 700 1549 in
726 1491 970 1548 homine
995 1489 1278 1560 appetitui
1308 1486 1577 1546 sensuali
1606 1485 1988 1558 conjungitur
2011 1491 2067 1543 et
2088 1484 2223 1542 aliis
2243 1484 2555 1542 sensitivis
2579 1488 2890 1554 potentiis,

457 1561 619 1637 quod
660 1561 816 1619 ratio
857 1575 894 1618 a
931 1559 1238 1618 sensitivis
1284 1557 1569 1629 potentiis
1615 1571 1737 1614 non
1782 1557 1862 1612 im
1906 1556 2157 1625 ediatur,
2189 1555 2296 1613 sed
2340 1555 2536 1626 magis
2585 1554 2678 1611 eis
2708 1552 2897 1611 domi-

461 1638 656 1691 netur.
688 1662 757 1672 —
784 1632 877 1689 Sic
904 1631 1106 1703 igitur,
1137 1629 1468 1687 secundum
1499 1627 1830 1684 doctrinam
1900 1625 2318 1697 dei,ponimus
2341 1624 2655 1681 hominem
2682 1624 2901 1695 aprin-

462 1704 514 1760 ci
558 1702 617 1759 io
672 1702 868 1759 taliter
914 1715 1047 1758 esse
1093 1700 1432 1757 institutum
1477 1698 1659 1770 quod,
1708 1697 1990 1769 quamdiu
2039 1697 2192 1754 ratio
2238 1695 2504 1753 hominis
2560 1696 2683 1752 Deo
2732 1699 2895 1752 esset

571 1772 747 1844 Jecta‚
779 1777 837 1829 et
866 1771 1181 1828 inferiores
1208 1769 1368 1826 vires
1392 1768 1447 1826 ei
1477 1768 1607 1825 siue
1632 1767 2057 1839 impedimento
2087 1767 2473 1836 deservirent,
2495 1769 2557 1822 et
2576 1778 2807 1836 corpus
2827 1763 2899 1822 ab

468 1844 600 1914 eJus
628 1842 1000 1914 subjectione
1028 1839 1300 1912 impediri
1332 1853 1454 1897 non
1490 1844 1696 1910 posset
1740 1852 1844 1910 per
1870 1838 2107 1909 aliquod
2156 1836 2652 1908 impedimentum
2683 1847 2893 1906 corpo·

459 1912 608 1979 tale,
640 1915 761 1969 Deo
785 1917 844 1969 et
869 1925 981 1969 sua
1007 1912 1200 1983 gratia
1223 1911 1537 1981 supplente
1607 1908 1724 1966 uod
1753 1909 1826 1966 ad
1856 1907 1971 1966 hoc
1998 1906 2423 1979 perficiendum
2447 1913 2661 1987 natura
2694 1906 2895 1964 minus

464 1981 756 2050 habebat;
789 1981 1014 2038 ratione
1043 1987 1239 2038 autem
1270 1993 1479 2048 aversa
1507 1994 1544 2036 a
1623 1994 1714 2046 eo,
1753 1985 1810 2035 et
1838 1979 2155 2036 inferiores
2183 1978 2342 2060 vires
2368 1993 2405 2034 a
2451 1983 2688 2058 ratione
2726 1990 2899 2058 repu-

462 2057 716 2125 gnarent
747 2054 806 2108 et
832 2064 1050 2121 corpus
1079 2050 1232 2118 vitae,
1256 2064 1390 2121 quae
1415 2056 1505 2107 est
1534 2064 1642 2119 per
1677 2050 1960 2117 animam,
1991 2054 2322 2106 contrarias
2353 2061 2677 2119 passiones
2706 2061 2898 2105 susci-

460 2128 645 2194 peret.
680 2122 771 2178 Sic
800 2121 1001 2193 igitur,
1023 2120 1365 2191 huJusinodi
1385 2120 1672 2186 defectuS,
1696 2120 1970 2190 quamvis
1992 2119 2292 2177 naturales
2310 2119 2541 2175 homini
2564 2117 2899 2186 videantur,

464 2193 738 2250 absolute
777 2190 1214 2249 considerando
1261 2190 1583 2246 humanam
1614 2195 1887 2246 naturam
1934 2205 2005 2246 ex
2032 2196 2198 2261 parte
2225 2190 2355 2261 ejns
2386 2188 2547 2260 quod
2580 2194 2674 2246 est
2718 2188 2781 2245 in
2830 2201 2903 2245 ea

464 2262 738 2330 inferius,
764 2267 983 2324 tamen,
1014 2260 1450 2318 considerando
1475 2259 1735 2316 divinam
1808 2260 2197 2318 rovidentiarn
2233 2265 2291 2317 et
2319 2259 2677 2331 dignitatem
2724 2271 2901 2330 supe-

463 2333 643 2390 rioris
670 2333 856 2403 partis
889 2332 1165 2389 humanae
1194 2336 1440 2399 natum,
1473 2331 1622 2388 satis
1648 2344 1755 2400 pro
1799 2330 2034 2389 abiliter
2056 2331 2291 2401 probari
2323 2335 2520 2400 potest
2546 2328 2897 2403 hujusmodi

468 2403 734 2461 defectus
786 2416 921 2459 esse
967 2402 1234 2481 poenales
1253 2419 1283 2481 ς.
1320 2407 1378 2457 et
1422 2401 1514 2458 sic
1553 2400 1760 2473 colligi
1807 2407 2006 2472 potest
2047 2401 2377 2459 humanum
2416 2414 2615 2473 genus
2654 2404 2897 2471 peccato

472 2472 676 2545 aliqiio
706 2471 1076 2545 originaliter
1102 2484 1236 2530 esse
1265 2471 1576 2529 infectum.

511 2545 644 2672 bllis
692 2544 874 2615 igitur
912 2543 1095 2612 visis,
1141 2542 1626 2613 respondendum
1668 2548 1761 2600 est
1813 2543 1888 2600 ad
1939 2557 2010 2600 ea
2046 2556 2181 2615 quae
2223 2541 2289 2598 in
2340 2543 2707 2599 contrarium
2755 2544 2901 2598 sunt.

470 2628 508 2674 ο
555 2615 720 2671 ecta.

538 2631 665 2741 ivon
711 2684 870 2741 enim
925 2688 1014 2740 est
1045 2684 1471 2741 inconveniens
1499 2682 1681 2755 quod,
1713 2697 1835 2741 uno
1878 2688 2183 2754 peccante,
2214 2688 2527 2752 peccatum
2573 2682 2638 2740 iu
2684 2694 2893 2742 omnes

468 2755 725 2813 dicimus
789 2768 851 2810 er
878 2753 1172 2826 originem
1196 2768 1331 2812 esse
1368 2760 1781 2827 propagatum,
1812 2753 2085 2825 quamvis
2110 2753 2371 2824 unnsqui
2451 2767 2525 2810 ue
2551 2767 2624 2810 ex
2653 2753 2889 2824 proprio

470 2831 607 2882 actu
638 2823 736 2882 lau
781 2830 911 2881 elur
938 2825 1030 2880 vel
1055 2825 1437 2895 vituperetur,
1472 2830 1536 2880 ut
1566 2825 1758 2894 prima
1784 2825 1937 2881 ratio
1982 2823 2357 2895 procedebat.
2389 2828 2435 2880 A
2461 2824 2574 2881 iter
2619 2824 2774 2880 enim
2804 2827 2891 2879 est

469 2894 533 2952 in
565 2894 660 2951 his
689 2909 819 2967 quae
870 2900 1014 2951 sunt
1040 2896 1221 2952 unius
1272 2894 1561 2951 individui
1591 2899 1652 2952 et
1678 2895 1850 2951 aliter
1874 2894 1936 2951 in
1960 2893 2058 2951 his
2084 2907 2216 2965 quae
2264 2898 2409 2951 sunt
2452 2894 2640 2952 totius
2671 2900 2891 2951 naturae

469 2965 689 3035 speciei
712 2984 726 3030 ;
749 2978 887 3021 nam
904 2965 1352 3035 participatione
1371 2964 1596 3035 speciei
1625 2971 1763 3021 sunt
1795 2964 1997 3035 plures
2022 2965 2300 3022 homines
2320 2964 2483 3021 velut
2505 2978 2666 3022 unus
2692 2964 2887 3032 homo,

468 3039 534 3093 ut
561 3035 923 3106 Porphyrius
962 3035 1123 3091 dicit.
1159 3038 1467 3092 Peccatum
1500 3035 1684 3116 igitur
1729 3035 1887 3115 quod
1935 3034 2007 3093 ad
2059 3034 2301 3107 aliquod
2345 3034 2719 3093 individuum
2766 3036 2887 3114 sive

467 3118 785 3176 personam
819 3105 1078 3162 hominis
1108 3106 1362 3176 pertinet
1388 3107 1557 3162 alteri
1588 3119 1705 3162 non
1738 3111 2062 3176 imputatur
2091 3105 2165 3162 ad
2185 3105 2279 3162 cul
2325 3119 2422 3162 am
2453 3106 2572 3162 nisi
2603 3110 2887 3176 peccanti,

470 3188 542 3232 eo
586 3175 744 3246 quod
775 3176 1164 3254 personaliter
1200 3189 1357 3233 unus
1399 3176 1471 3233 ab
1500 3176 1617 3255 alio
1644 3175 1874 3255 divisus
1903 3181 2029 3243 est;
2059 3176 2109 3232 si
2156 3120 2321 3255 quog
2359 3182 2557 3233 autem
2586 3182 2887 3247 peccatum

470 3250 561 3302 est
590 3245 747 3317 quod
773 3259 962 3316 ipsam
995 3251 1265 3302 naturam
1296 3247 1516 3318 speciei
1560 3248 1861 3316 respiciat,
1894 3259 2015 3303 non
2042 3252 2133 3303 est
2165 3247 2600 3304 inconveniens
2631 3245 2789 3318 quod
2819 3259 2888 3302 ex

468 3328 591 3373 uno
623 3321 977 3388 propagetur
1010 3315 1075 3372 in
1099 3315 1371 3386 alterum,
1411 3318 1569 3375 sicut
1592 3323 1647 3372 et
1691 3323 1903 3374 natura
1931 3316 2150 3387 speciei
2180 3331 2284 3387 per
2311 3330 2497 3374 unum
2549 3317 2689 3374 aliis
2736 3329 2889 3373 com·

466 3386 824 3442 municatur.
850 3387 1042 3452 Quum
1063 3392 1260 3443 autem
1287 3393 1599 3467 peccatum
1629 3388 1851 3444 malum
1878 3387 2177 3460 quoddam
2202 3387 2285 3445 sit
2312 3387 2627 3448 rationalis
2645 3392 2884 3448 naturae.

466 3456 690 3512 malum
735 3462 929 3512 autem
975 3458 1053 3513 sit
1090 3457 1339 3526 privatio
1392 3457 1553 3524 boni,
1586 3458 1915 3515 secundum
1950 3456 2099 3514 illud
2133 3457 2359 3515 bonum
2399 3457 2561 3530 quod
2612 3459 2888 3530 privatur,

461 3524 848 3598 judicandum
880 3530 971 3583 est
996 3533 1301 3597 peccatum
1332 3527 1573 3600 aliquod
1603 3528 1676 3584 ad
1706 3534 1979 3585 naturam
2009 3542 2386 3585 communem
2409 3529 2509 3585 vel·
2533 3528 2609 3585 ad
2631 3528 2886 3600 aliquam

464 3608 784 3667 personam
815 3599 1110 3667 propriam
1147 3598 1456 3667 pertinere.
1500 3602 1746 3654 Peccata
1799 3599 1982 3672 igitur
2027 3599 2305 3667 actualia,
2335 3613 2467 3671 quae
2496 3599 2891 3657 communiter

466 3666 544 3723 ab
565 3665 910 3746 hominibus
947 3672 1229 3748 aguntur,
1256 3668 1529 3748 adimunt
1559 3668 1796 3739 aliquod
1843 3670 2063 3726 bonum
2097 3682 2369 3796 gersonae
2398 3672 2727 3739 peccantis,
2751 3672 2889 3741 puta

465 3743 715 3810 gratiam
748 3744 804 3795 et
833 3737 1104 3795 ordinem
1135 3738 1396 3795 debitum
1441 3739 1695 3809 partium
1727 3739 1980 3807 animae;
2012 3753 2092 3796 uu
2138 3755 2169 3796 e
2198 3739 2541 3811 personalia
2569 3746 2730 3806 sunt,
2759 3754 2886 3806 nec,

465 3820 591 3864 uno
621 3813 919 3879 peccante,
950 3808 1117 3865 alteri
1146 3809 1528 3879 imputantur.
1564 3809 1824 3866 Primum
1855 3815 2050 3868 autem
2086 3815 2390 3881 peccatum
2420 3809 2593 3879 primi
2624 3809 2883 3866 hominis

465 3890 588 3934 non
620 3880 813 3935 solum
863 3885 1203 3948 peccantem
1236 3879 1503 3937 destituit
1531 3880 1774 3959 proprio
1803 3885 1861 3936 et
1901 3880 2201 3951 personali
2233 3880 2415 3948 bono,
2448 3880 2681 3936 scilicet
2705 3880 2889 3952 gratia

467 3952 526 4004 et
570 3948 768 4005 debito
811 3948 1016 4006 ordine
1063 3949 1299 4020 animai,
1330 3950 1434 4007 sed
1466 3956 1645 4006 etiam
1693 3950 1854 4008 bono
1884 3950 1956 4007 ad
2004 3955 2275 4007 naturam
2307 3964 2689 4007 communem
2724 3948 2890 4026 perti3

464 4025 663 4075 neute.
699 4022 767 4076 Ut
795 4019 953 4077 enim
1003 4033 1185 4090 supra
1212 4020 1434 4078 dictum
1465 4026 1575 4082 est,
1610 4022 1698 4077 sic
1725 4027 1938 4078 natura
1964 4019 2227 4078 humana
2260 4021 2368 4077 fuit
2399 4021 2677 4078 instituta
2704 4021 2765 4076 in
2796 4032 2887 4075 sui

465 4088 792 4157 primordio
821 4090 980 4161 quod
1013 4091 1324 4148 inferiores
1371 4091 1526 4149 vires
1571 4091 1828 4162 perfecte
1858 4091 2071 4148 rationi
2103 4091 2563 4162 subjicerentur,
2593 4093 2745 4149 ratio
2770 4092 2888 4146 Deo

465 4162 524 4211 et
570 4160 782 4216 animae
829 4174 1067 4231 corpus,
1101 4163 1221 4217 Deo
1250 4176 1354 4232 per
1396 4162 1646 4233 gratiam
1680 4162 1994 4233 supplente
2023 4161 2084 4219 id
2126 4162 2283 4234 quod
2314 4161 2387 4218 ad
2415 4160 2534 4218 hoc
2561 4161 2764 4218 deerat
2790 4170 2889 4228 per

463 4231 757 4306 naturam.
792 4231 1148 4308 ‚Hujusmodi
1206 4237 1402 4288 autem
1449 4232 1826 4300 beneficium,
1885 4231 2045 4304 quod
2088 4246 2123 4289 a
2168 4231 2529 4304 quibusdam
2579 4233 2666 4289 ori
2717 4231 2889 4287 inuiis

458 4302 692 4367 Justltla
747 4299 981 4370 dicitur,
1029 4302 1117 4359 sic
1171 4303 1363 4372 primo
1409 4300 1642 4359 homini
1690 4304 1973 4360 collatum
2019 4302 2132 4359 fuit
2177 4308 2243 4360 ut
2281 4301 2356 4359 ab
2397 4316 2473 4359 eo
2517 4302 2678 4359 simu
2754 4311 2885 4357 cum

461 4371 674 4446 natura
701 4366 964 4447 humana
994 4379 1418 4442 propageretur
1458 4373 1521 4429 in
1573 4379 1868 4443 posteros.
1922 4372 2170 4430 Ratione
2209 4377 2407 4429 autem
2438 4387 2545 4443 per
2582 4377 2885 4444 peccalum

461 4449 637 4508 primi
649 4435 928 4526 ‘hominis
963 4453 1029 4496 se
1055 4442 1449 4499 'subtrahente
1472 4458 1510 4500 a
1536 4443 1906 4515 subiectione
1930 4443 2148 4513 divina,
2180 4442 2573 4502 subsecutum
2601 4447 2694 4502 est
2727 4438 2886 4514 quod
