<?xml version="1.0" encoding="UTF-8"?>
<!DOCTYPE html PUBLIC "-//W3C//DTD XHTML 1.0 Transitional//EN"
    "http://www.w3.org/TR/xhtml1/DTD/xhtml1-transitional.dtd">
<html xmlns="http://www.w3.org/1999/xhtml" xml:lang="en" lang="en">
 <head>
  <title>
</title>
<meta http-equiv="Content-Type" content="text/html;charset=utf-8" />
  <meta name='ocr-system' content='tesseract 3.04.00' />
  <meta name='ocr-capabilities' content='ocr_page ocr_carea ocr_par ocr_line ocrx_word'/>
</head>
<body>
  <div class='ocr_page' id='page_1' title='image "./deveritatecatho00rubegoog_0596.png"; bbox 0 0 3076 5025; ppageno 0'>
   <div class='ocr_carea' id='block_1_1' title="bbox 486 210 2012 281">
    <p class='ocr_par' dir='ltr' id='par_1_1' title="bbox 486 210 2012 281">
     <span class='ocr_line' id='line_1_1' title="bbox 486 210 2012 281; baseline -0.004 -8"><span class='ocrx_word' id='word_1_1' title='bbox 486 216 597 273; x_wconf 68' lang='lat'><strong>564</strong></span> <span class='ocrx_word' id='word_1_2' title='bbox 1404 212 1538 269; x_wconf 72' lang='grc' dir='ltr'><strong>ΜΒ.</strong></span> <span class='ocrx_word' id='word_1_3' title='bbox 1579 211 1669 281; x_wconf 76' lang='grc' dir='ltr'><strong>Ν,</strong></span> <span class='ocrx_word' id='word_1_4' title='bbox 1711 212 1864 267; x_wconf 79' lang='lat' dir='ltr'><strong>cAP.</strong></span> <span class='ocrx_word' id='word_1_5' title='bbox 1902 210 2012 268; x_wconf 84' lang='lat' dir='ltr'><strong>XL.</strong></span> 
     </span>
    </p>
   </div>
   <div class='ocr_carea' id='block_1_2' title="bbox 449 329 2910 4292">
    <p class='ocr_par' dir='ltr' id='par_1_2' title="bbox 490 329 2910 482">
     <span class='ocr_line' id='line_1_2' title="bbox 491 329 2910 407; baseline -0.002 -12"><span class='ocrx_word' id='word_1_6' title='bbox 491 337 557 396; x_wconf 92' lang='lat' dir='ltr'><strong>in</strong></span> <span class='ocrx_word' id='word_1_7' title='bbox 611 348 830 407; x_wconf 90' lang='lat' dir='ltr'><strong>corpus</strong></span> <span class='ocrx_word' id='word_1_8' title='bbox 854 334 948 393; x_wconf 84' lang='lat' dir='ltr'><strong>vel</strong></span> <span class='ocrx_word' id='word_1_9' title='bbox 977 333 1137 406; x_wconf 87' lang='lat' dir='ltr'><strong>quod</strong></span> <span class='ocrx_word' id='word_1_10' title='bbox 1182 333 1262 392; x_wconf 87' lang='lat' dir='ltr'><strong>sit</strong></span> <span class='ocrx_word' id='word_1_11' title='bbox 1286 332 1476 391; x_wconf 81' lang='lat' dir='ltr'><strong>virtus</strong></span> <span class='ocrx_word' id='word_1_12' title='bbox 1502 332 1563 389; x_wconf 92' lang='lat' dir='ltr'><strong>in</strong></span> <span class='ocrx_word' id='word_1_13' title='bbox 1622 345 1870 402; x_wconf 85' lang='lat' dir='ltr'><strong>corpore</strong></span> <span class='ocrx_word' id='word_1_14' title='bbox 1934 335 2072 404; x_wconf 86' lang='lat' dir='ltr'><strong>post</strong></span> <span class='ocrx_word' id='word_1_15' title='bbox 2105 329 2603 391; x_wconf 79' lang='lat' dir='ltr'><strong>incarnationem.</strong></span> <span class='ocrx_word' id='word_1_16' title='bbox 2633 330 2910 401; x_wconf 87' lang='lat' dir='ltr'><strong>Impossi-</strong></span> 
     </span>
     <span class='ocr_line' id='line_1_3' title="bbox 490 402 2897 482; baseline -0.005 -15"><span class='ocrx_word' id='word_1_17' title='bbox 490 407 613 468; x_wconf 83' lang='lat' dir='ltr'><strong>bile</strong></span> <span class='ocrx_word' id='word_1_18' title='bbox 643 407 826 478; x_wconf 89' lang='lat' dir='ltr'><strong>igitur</strong></span> <span class='ocrx_word' id='word_1_19' title='bbox 851 405 1083 463; x_wconf 87' lang='lat' dir='ltr'><strong>videtur</strong></span> <span class='ocrx_word' id='word_1_20' title='bbox 1110 407 1292 462; x_wconf 89' lang='lat' dir='ltr'><strong>Deum</strong></span> <span class='ocrx_word' id='word_1_21' title='bbox 1326 403 1510 461; x_wconf 86' lang='lat' dir='ltr'><strong>l&#39;uisse</strong></span> <span class='ocrx_word' id='word_1_22' title='bbox 1538 402 1931 459; x_wconf 85' lang='lat' dir='ltr'><strong>incarnatum.</strong></span> <span class='ocrx_word' id='word_1_23' title='bbox 2329 422 2337 429; x_wconf 91' lang='lat'><strong>·</strong></span> <span class='ocrx_word' id='word_1_24' title='bbox 2797 470 2810 482; x_wconf 35' lang='lat'><em>⁶</em></span> <span class='ocrx_word' id='word_1_25' title='bbox 2892 476 2897 481; x_wconf 14' lang='grc' dir='ltr'>ἡ</span> 
     </span>
    </p>

    <p class='ocr_par' dir='ltr' id='par_1_3' title="bbox 492 470 2903 757">
     <span class='ocr_line' id='line_1_4' title="bbox 563 470 2901 548; baseline -0.001 -14"><span class='ocrx_word' id='word_1_26' title='bbox 563 480 714 544; x_wconf 77' lang='lat' dir='ltr'><strong>item,</strong></span> <span class='ocrx_word' id='word_1_27' title='bbox 747 490 925 534; x_wconf 89' lang='lat' dir='ltr'><strong>omne</strong></span> <span class='ocrx_word' id='word_1_28' title='bbox 958 474 1118 548; x_wconf 88' lang='lat' dir='ltr'><strong>quod</strong></span> <span class='ocrx_word' id='word_1_29' title='bbox 1166 473 1418 547; x_wconf 84' lang='lat' dir='ltr'><strong>acquirit</strong></span> <span class='ocrx_word' id='word_1_30' title='bbox 1468 487 1681 530; x_wconf 86' lang='lat' dir='ltr'><strong>novam</strong></span> <span class='ocrx_word' id='word_1_31' title='bbox 1731 479 2002 531; x_wconf 88' lang='lat' dir='ltr'><strong>naturam</strong></span> <span class='ocrx_word' id='word_1_32' title='bbox 2040 475 2134 531; x_wconf 87' lang='lat' dir='ltr'><strong>est</strong></span> <span class='ocrx_word' id='word_1_33' title='bbox 2177 470 2558 532; x_wconf 78' lang='lat' dir='ltr'><strong>substantiali</strong></span> <span class='ocrx_word' id='word_1_34' title='bbox 2604 474 2901 531; x_wconf 73' lang='lat' dir='ltr'><strong>mutatum</strong></span> 
     </span>
     <span class='ocr_line' id='line_1_5' title="bbox 494 541 2902 619; baseline -0.003 -11"><span class='ocrx_word' id='word_1_35' title='bbox 494 549 869 619; x_wconf 78' lang='lat' dir='ltr'><strong>subjectum3</strong></span> <span class='ocrx_word' id='word_1_36' title='bbox 914 545 1242 604; x_wconf 90' lang='lat' dir='ltr'><strong>secundum</strong></span> <span class='ocrx_word' id='word_1_37' title='bbox 1293 544 1408 602; x_wconf 91' lang='lat' dir='ltr'><strong>hoc</strong></span> <span class='ocrx_word' id='word_1_38' title='bbox 1451 545 1611 601; x_wconf 88' lang='lat' dir='ltr'><strong>enim</strong></span> <span class='ocrx_word' id='word_1_39' title='bbox 1661 543 1883 615; x_wconf 81' lang='lat' dir='ltr'><strong>aliquid</strong></span> <span class='ocrx_word' id='word_1_40' title='bbox 1929 546 2247 616; x_wconf 89' lang='lat' dir='ltr'><strong>generatur</strong></span> <span class='ocrx_word' id='word_1_41' title='bbox 2288 542 2447 616; x_wconf 85' lang='lat' dir='ltr'><strong>quod</strong></span> <span class='ocrx_word' id='word_1_42' title='bbox 2494 547 2773 600; x_wconf 88' lang='lat' dir='ltr'><strong>naturam</strong></span> <span class='ocrx_word' id='word_1_43' title='bbox 2816 541 2902 601; x_wconf 85' lang='lat' dir='ltr'><strong>ali·</strong></span> 
     </span>
     <span class='ocr_line' id='line_1_6' title="bbox 494 611 2903 694; baseline -0.001 -19"><span class='ocrx_word' id='word_1_44' title='bbox 494 632 672 691; x_wconf 85' lang='lat' dir='ltr'><strong>quam</strong></span> <span class='ocrx_word' id='word_1_45' title='bbox 702 617 973 688; x_wconf 86' lang='lat' dir='ltr'><strong>acquirit.</strong></span> <span class='ocrx_word' id='word_1_46' title='bbox 1002 617 1062 673; x_wconf 91' lang='lat' dir='ltr'><strong>Si</strong></span> <span class='ocrx_word' id='word_1_47' title='bbox 1087 616 1268 687; x_wconf 89' lang='lat' dir='ltr'><strong>igitur</strong></span> <span class='ocrx_word' id='word_1_48' title='bbox 1296 614 1638 687; x_wconf 80' lang='lat' dir='ltr'><strong>hypostasis</strong></span> <span class='ocrx_word' id='word_1_49' title='bbox 1669 616 1799 671; x_wconf 76' lang='lat' dir='ltr'><strong>Filii</strong></span> <span class='ocrx_word' id='word_1_50' title='bbox 1831 614 1932 671; x_wconf 88' lang='lat' dir='ltr'><strong>Dei</strong></span> <span class='ocrx_word' id='word_1_51' title='bbox 1955 611 2056 694; x_wconf 68' lang='grc' dir='ltr'><strong>βαι</strong></span> <span class='ocrx_word' id='word_1_52' title='bbox 2075 613 2148 671; x_wconf 93' lang='lat' dir='ltr'><strong>de</strong></span> <span class='ocrx_word' id='word_1_53' title='bbox 2179 626 2335 672; x_wconf 85' lang='lat' dir='ltr'><strong>novo</strong></span> <span class='ocrx_word' id='word_1_54' title='bbox 2360 611 2710 672; x_wconf 74' lang='lat' dir='ltr'><strong>subsistens</strong></span> <span class='ocrx_word' id='word_1_55' title='bbox 2736 613 2903 673; x_wconf 75' lang='lat' dir='ltr'><strong>inna-</strong></span> 
     </span>
     <span class='ocr_line' id='line_1_7' title="bbox 492 684 2338 757; baseline -0.003 -10"><span class='ocrx_word' id='word_1_56' title='bbox 492 694 626 747; x_wconf 80' lang='lat' dir='ltr'><strong>tura</strong></span> <span class='ocrx_word' id='word_1_57' title='bbox 654 689 933 750; x_wconf 89' lang='lat' dir='ltr'><strong>humana,</strong></span> <span class='ocrx_word' id='word_1_58' title='bbox 963 686 1197 745; x_wconf 87' lang='lat' dir='ltr'><strong>videtur</strong></span> <span class='ocrx_word' id='word_1_59' title='bbox 1223 686 1381 757; x_wconf 87' lang='lat' dir='ltr'><strong>quod</strong></span> <span class='ocrx_word' id='word_1_60' title='bbox 1413 688 1577 743; x_wconf 87' lang='lat' dir='ltr'><strong>esset</strong></span> <span class='ocrx_word' id='word_1_61' title='bbox 1602 684 2068 742; x_wconf 79' lang='lat' dir='ltr'><strong>substantialiter</strong></span> <span class='ocrx_word' id='word_1_62' title='bbox 2092 688 2338 743; x_wconf 85' lang='lat' dir='ltr'><strong>mutata.</strong></span> 
     </span>
    </p>

    <p class='ocr_par' dir='ltr' id='par_1_4' title="bbox 493 753 2908 1112">
     <span class='ocr_line' id='line_1_8' title="bbox 565 753 2908 830; baseline -0 -15"><span class='ocrx_word' id='word_1_63' title='bbox 565 758 785 824; x_wconf 79' lang='lat' dir='ltr'><strong>Adhuc,</strong></span> <span class='ocrx_word' id='word_1_64' title='bbox 843 756 1008 815; x_wconf 89' lang='lat' dir='ltr'><strong>nulla</strong></span> <span class='ocrx_word' id='word_1_65' title='bbox 1063 756 1403 830; x_wconf 80' lang='lat' dir='ltr'><strong>hypostasis</strong></span> <span class='ocrx_word' id='word_1_66' title='bbox 1457 755 1711 825; x_wconf 86' lang='lat' dir='ltr'><strong>alicujus</strong></span> <span class='ocrx_word' id='word_1_67' title='bbox 1765 762 1991 812; x_wconf 84' lang='lat' dir='ltr'><strong>naturae</strong></span> <span class='ocrx_word' id='word_1_68' title='bbox 2037 753 2368 813; x_wconf 79' lang='lat' dir='ltr'><strong>extenditur</strong></span> <span class='ocrx_word' id='word_1_69' title='bbox 2418 758 2589 812; x_wconf 85' lang='lat' dir='ltr'><strong>extra</strong></span> <span class='ocrx_word' id='word_1_70' title='bbox 2646 758 2908 814; x_wconf 85' lang='lat' dir='ltr'><strong>naturam</strong></span> 
     </span>
     <span class='ocr_line' id='line_1_9' title="bbox 493 823 2908 899; baseline -0.001 -15"><span class='ocrx_word' id='word_1_71' title='bbox 493 827 657 885; x_wconf 84' lang='lat' dir='ltr'><strong>illam</strong></span> <span class='ocrx_word' id='word_1_72' title='bbox 685 846 700 895; x_wconf 86' lang='lat'>;</span> <span class='ocrx_word' id='word_1_73' title='bbox 731 827 872 898; x_wconf 87' lang='lat' dir='ltr'><strong>quin</strong></span> <span class='ocrx_word' id='word_1_74' title='bbox 902 826 1100 899; x_wconf 90' lang='lat' dir='ltr'><strong>potius</strong></span> <span class='ocrx_word' id='word_1_75' title='bbox 1128 831 1338 884; x_wconf 87' lang='lat' dir='ltr'><strong>natura</strong></span> <span class='ocrx_word' id='word_1_76' title='bbox 1361 825 1658 883; x_wconf 87' lang='lat' dir='ltr'><strong>invenitur</strong></span> <span class='ocrx_word' id='word_1_77' title='bbox 1687 829 1851 882; x_wconf 85' lang='lat' dir='ltr'><strong>extra</strong></span> <span class='ocrx_word' id='word_1_78' title='bbox 1893 824 2284 897; x_wconf 82' lang='lat' dir='ltr'><strong>hypostasim,</strong></span> <span class='ocrx_word' id='word_1_79' title='bbox 2313 829 2517 896; x_wconf 82' lang='lat' dir='ltr'><strong>utpote</strong></span> <span class='ocrx_word' id='word_1_80' title='bbox 2558 824 2779 883; x_wconf 85' lang='lat' dir='ltr'><strong>multas</strong></span> <span class='ocrx_word' id='word_1_81' title='bbox 2804 823 2908 898; x_wconf 87' lang='lat' dir='ltr'><strong>hy·</strong></span> 
     </span>
     <span class='ocr_line' id='line_1_10' title="bbox 494 894 2905 970; baseline 0 -15"><span class='ocrx_word' id='word_1_82' title='bbox 494 905 773 970; x_wconf 85' lang='lat' dir='ltr'><strong>postases</strong></span> <span class='ocrx_word' id='word_1_83' title='bbox 805 899 918 956; x_wconf 85' lang='lat' dir='ltr'><strong>suh</strong></span> <span class='ocrx_word' id='word_1_84' title='bbox 946 911 1013 954; x_wconf 84' lang='lat' dir='ltr'><strong>se</strong></span> <span class='ocrx_word' id='word_1_85' title='bbox 1041 897 1289 955; x_wconf 79' lang='lat' dir='ltr'><strong>habenS.</strong></span> <span class='ocrx_word' id='word_1_86' title='bbox 1320 896 1380 954; x_wconf 87' lang='lat' dir='ltr'><strong>Si</strong></span> <span class='ocrx_word' id='word_1_87' title='bbox 1412 897 1596 969; x_wconf 87' lang='lat' dir='ltr'><strong>igitur</strong></span> <span class='ocrx_word' id='word_1_88' title='bbox 1635 895 1975 968; x_wconf 79' lang='lat' dir='ltr'><strong>hypostasis</strong></span> <span class='ocrx_word' id='word_1_89' title='bbox 1998 894 2121 952; x_wconf 72' lang='lat' dir='ltr'><strong>Filii</strong></span> <span class='ocrx_word' id='word_1_90' title='bbox 2145 895 2247 953; x_wconf 83' lang='lat' dir='ltr'><strong>Dei</strong></span> <span class='ocrx_word' id='word_1_91' title='bbox 2265 894 2343 953; x_wconf 91' lang='lat' dir='ltr'><strong>sit</strong></span> <span class='ocrx_word' id='word_1_92' title='bbox 2361 908 2469 965; x_wconf 90' lang='lat' dir='ltr'><strong>per</strong></span> <span class='ocrx_word' id='word_1_93' title='bbox 2485 894 2905 955; x_wconf 86' lang='lat' dir='ltr'><strong>incarnatioem</strong></span> 
     </span>
     <span class='ocr_line' id='line_1_11' title="bbox 499 963 2906 1040; baseline -0 -14"><span class='ocrx_word' id='word_1_94' title='bbox 499 969 658 1026; x_wconf 87' lang='lat' dir='ltr'><strong>facta</strong></span> <span class='ocrx_word' id='word_1_95' title='bbox 683 969 1024 1039; x_wconf 82' lang='lat' dir='ltr'><strong>hypostasis</strong></span> <span class='ocrx_word' id='word_1_96' title='bbox 1054 968 1329 1025; x_wconf 72' lang='lat' dir='ltr'><strong>humanae</strong></span> <span class='ocrx_word' id='word_1_97' title='bbox 1357 974 1604 1034; x_wconf 85' lang='lat' dir='ltr'><strong>naturae,</strong></span> <span class='ocrx_word' id='word_1_98' title='bbox 1633 966 1902 1037; x_wconf 82' lang='lat' dir='ltr'><strong>sequitur</strong></span> <span class='ocrx_word' id='word_1_99' title='bbox 1923 965 2082 1038; x_wconf 89' lang='lat' dir='ltr'><strong>quod</strong></span> <span class='ocrx_word' id='word_1_100' title='bbox 2112 965 2299 1024; x_wconf 87' lang='lat' dir='ltr'><strong>Filius</strong></span> <span class='ocrx_word' id='word_1_101' title='bbox 2321 966 2427 1024; x_wconf 86' lang='lat' dir='ltr'><strong>Dei</strong></span> <span class='ocrx_word' id='word_1_102' title='bbox 2452 977 2578 1024; x_wconf 88' lang='lat' dir='ltr'><strong>non</strong></span> <span class='ocrx_word' id='word_1_103' title='bbox 2604 965 2687 1024; x_wconf 86' lang='lat' dir='ltr'><strong>sit</strong></span> <span class='ocrx_word' id='word_1_104' title='bbox 2704 963 2906 1040; x_wconf 81' lang='lat' dir='ltr'><strong>ubique</strong></span> 
     </span>
     <span class='ocr_line' id='line_1_12' title="bbox 495 1036 2430 1112; baseline -0.002 -16"><span class='ocrx_word' id='word_1_105' title='bbox 495 1045 638 1112; x_wconf 84' lang='lat' dir='ltr'><strong>post</strong></span> <span class='ocrx_word' id='word_1_106' title='bbox 661 1038 1150 1106; x_wconf 81' lang='lat' dir='ltr'><strong>incarnationem,</strong></span> <span class='ocrx_word' id='word_1_107' title='bbox 1180 1052 1363 1111; x_wconf 88' lang='lat' dir='ltr'><strong>quum</strong></span> <span class='ocrx_word' id='word_1_108' title='bbox 1394 1037 1657 1094; x_wconf 89' lang='lat' dir='ltr'><strong>bumana</strong></span> <span class='ocrx_word' id='word_1_109' title='bbox 1698 1041 1908 1095; x_wconf 88' lang='lat' dir='ltr'><strong>natura</strong></span> <span class='ocrx_word' id='word_1_110' title='bbox 1934 1036 2151 1109; x_wconf 88' lang='lat' dir='ltr'><strong>ubique</strong></span> <span class='ocrx_word' id='word_1_111' title='bbox 2178 1049 2303 1095; x_wconf 91' lang='lat' dir='ltr'><strong>non</strong></span> <span class='ocrx_word' id='word_1_112' title='bbox 2330 1037 2430 1094; x_wconf 85' lang='lat' dir='ltr'><strong>sit.</strong></span> 
     </span>
    </p>

    <p class='ocr_par' dir='ltr' id='par_1_5' title="bbox 496 1106 2902 1449">
     <span class='ocr_line' id='line_1_13' title="bbox 568 1106 2902 1179; baseline -0.001 -12"><span class='ocrx_word' id='word_1_113' title='bbox 568 1110 844 1179; x_wconf 79' lang='lat' dir='ltr'><strong>Amplius,</strong></span> <span class='ocrx_word' id='word_1_114' title='bbox 874 1110 958 1166; x_wconf 91' lang='lat' dir='ltr'><strong>rei</strong></span> <span class='ocrx_word' id='word_1_115' title='bbox 1006 1109 1190 1167; x_wconf 90' lang='lat' dir='ltr'><strong>unius</strong></span> <span class='ocrx_word' id='word_1_116' title='bbox 1226 1113 1285 1165; x_wconf 88' lang='lat' dir='ltr'><strong>et</strong></span> <span class='ocrx_word' id='word_1_117' title='bbox 1327 1106 1596 1179; x_wconf 88' lang='lat' dir='ltr'><strong>ejusdem</strong></span> <span class='ocrx_word' id='word_1_118' title='bbox 1645 1120 1765 1163; x_wconf 89' lang='lat' dir='ltr'><strong>non</strong></span> <span class='ocrx_word' id='word_1_119' title='bbox 1796 1111 1889 1165; x_wconf 90' lang='lat' dir='ltr'><strong>est</strong></span> <span class='ocrx_word' id='word_1_120' title='bbox 1929 1107 2049 1165; x_wconf 91' lang='lat' dir='ltr'><strong>nisi</strong></span> <span class='ocrx_word' id='word_1_121' title='bbox 2096 1120 2283 1164; x_wconf 88' lang='lat' dir='ltr'><strong>unum</strong></span> <span class='ocrx_word' id='word_1_122' title='bbox 2327 1106 2475 1179; x_wconf 74' lang='lat' dir='ltr'><strong>quoa</strong></span> <span class='ocrx_word' id='word_1_123' title='bbox 2499 1107 2902 1178; x_wconf 66' lang='lat' dir='ltr'><strong>quidestghoc</strong></span> 
     </span>
     <span class='ocr_line' id='line_1_14' title="bbox 497 1176 2902 1250; baseline -0 -11"><span class='ocrx_word' id='word_1_124' title='bbox 497 1180 659 1239; x_wconf 89' lang='lat' dir='ltr'><strong>enim</strong></span> <span class='ocrx_word' id='word_1_125' title='bbox 692 1178 992 1250; x_wconf 83' lang='lat' dir='ltr'><strong>significat</strong></span> <span class='ocrx_word' id='word_1_126' title='bbox 1020 1178 1413 1237; x_wconf 85' lang='lat' dir='ltr'><strong>substantiam</strong></span> <span class='ocrx_word' id='word_1_127' title='bbox 1442 1177 1547 1245; x_wconf 90' lang='lat' dir='ltr'><strong>rei,</strong></span> <span class='ocrx_word' id='word_1_128' title='bbox 1572 1191 1705 1249; x_wconf 84' lang='lat' dir='ltr'><strong>quae</strong></span> <span class='ocrx_word' id='word_1_129' title='bbox 1740 1179 1919 1236; x_wconf 89' lang='lat' dir='ltr'><strong>unius</strong></span> <span class='ocrx_word' id='word_1_130' title='bbox 1950 1190 2068 1235; x_wconf 90' lang='lat' dir='ltr'><strong>una</strong></span> <span class='ocrx_word' id='word_1_131' title='bbox 2086 1184 2200 1235; x_wconf 87' lang='lat' dir='ltr'><strong>est.</strong></span> <span class='ocrx_word' id='word_1_132' title='bbox 2218 1176 2334 1236; x_wconf 90' lang='lat' dir='ltr'><strong>Sed</strong></span> <span class='ocrx_word' id='word_1_133' title='bbox 2365 1181 2578 1235; x_wconf 86' lang='lat' dir='ltr'><strong>natura</strong></span> <span class='ocrx_word' id='word_1_134' title='bbox 2604 1177 2902 1250; x_wconf 85' lang='lat' dir='ltr'><strong>cujuslibet</strong></span> 
     </span>
     <span class='ocr_line' id='line_1_15' title="bbox 496 1246 2896 1329; baseline 0 -21"><span class='ocrx_word' id='word_1_135' title='bbox 496 1251 586 1308; x_wconf 79' lang='lat' dir='ltr'><strong>rei</strong></span> <span class='ocrx_word' id='word_1_136' title='bbox 620 1250 883 1320; x_wconf 81' lang='lat' dir='ltr'><strong>estquod</strong></span> <span class='ocrx_word' id='word_1_137' title='bbox 909 1250 1046 1319; x_wconf 76' lang='lat' dir='ltr'><strong>quid</strong></span> <span class='ocrx_word' id='word_1_138' title='bbox 1066 1253 1146 1305; x_wconf 80' lang='lat' dir='ltr'><strong>est</strong></span> <span class='ocrx_word' id='word_1_139' title='bbox 1172 1249 1341 1321; x_wconf 87' lang='lat' dir='ltr'><strong>ejus;</strong></span> <span class='ocrx_word' id='word_1_140' title='bbox 1374 1254 1586 1305; x_wconf 89' lang='lat' dir='ltr'><strong>natura</strong></span> <span class='ocrx_word' id='word_1_141' title='bbox 1617 1247 1772 1304; x_wconf 90' lang='lat' dir='ltr'><strong>enim</strong></span> <span class='ocrx_word' id='word_1_142' title='bbox 1806 1247 1890 1305; x_wconf 87' lang='lat' dir='ltr'><strong>rei</strong></span> <span class='ocrx_word' id='word_1_143' title='bbox 1935 1253 2027 1305; x_wconf 88' lang='lat' dir='ltr'><strong>est</strong></span> <span class='ocrx_word' id='word_1_144' title='bbox 2054 1261 2231 1319; x_wconf 79' lang='lat' dir='ltr'><strong>quam</strong></span> <span class='ocrx_word' id='word_1_145' title='bbox 2279 1246 2584 1329; x_wconf 77' lang='lat' dir='ltr'><strong>significat</strong></span> <span class='ocrx_word' id='word_1_146' title='bbox 2635 1247 2896 1309; x_wconf 83' lang='lat' dir='ltr'><strong>definitio.</strong></span> 
     </span>
     <span class='ocr_line' id='line_1_16' title="bbox 497 1316 2898 1448; baseline 0 -69"><span class='ocrx_word' id='word_1_147' title='bbox 497 1320 877 1448; x_wconf 56' lang='lat' dir='ltr'><strong>Imtpossibile</strong></span> <span class='ocrx_word' id='word_1_148' title='bbox 906 1325 1000 1377; x_wconf 88' lang='lat' dir='ltr'><strong>est</strong></span> <span class='ocrx_word' id='word_1_149' title='bbox 1023 1319 1223 1392; x_wconf 89' lang='lat' dir='ltr'><strong>igitur,</strong></span> <span class='ocrx_word' id='word_1_150' title='bbox 1253 1325 1320 1377; x_wconf 88' lang='lat' dir='ltr'><strong>ut</strong></span> <span class='ocrx_word' id='word_1_151' title='bbox 1345 1317 1597 1388; x_wconf 88' lang='lat' dir='ltr'><strong>videtur,</strong></span> <span class='ocrx_word' id='word_1_152' title='bbox 1625 1317 1786 1390; x_wconf 86' lang='lat' dir='ltr'><strong>quod</strong></span> <span class='ocrx_word' id='word_1_153' title='bbox 1812 1330 1932 1376; x_wconf 88' lang='lat' dir='ltr'><strong>una</strong></span> <span class='ocrx_word' id='word_1_154' title='bbox 1955 1316 2298 1390; x_wconf 82' lang='lat' dir='ltr'><strong>hypostasis</strong></span> <span class='ocrx_word' id='word_1_155' title='bbox 2323 1330 2388 1376; x_wconf 78' lang='lat' dir='ltr'><strong>in</strong></span> <span class='ocrx_word' id='word_1_156' title='bbox 2425 1317 2665 1377; x_wconf 90' lang='lat' dir='ltr'><strong>duabus</strong></span> <span class='ocrx_word' id='word_1_157' title='bbox 2693 1320 2898 1380; x_wconf 80' lang='lat' dir='ltr'><strong>naturis</strong></span> 
     </span>
     <span class='ocr_line' id='line_1_17' title="bbox 499 1397 813 1449; baseline -0.013 0"><span class='ocrx_word' id='word_1_158' title='bbox 499 1403 572 1449; x_wconf 92' lang='lat' dir='ltr'><strong>su</strong></span> <span class='ocrx_word' id='word_1_159' title='bbox 619 1397 813 1448; x_wconf 80' lang='lat' dir='ltr'><strong>sistat.</strong></span> 
     </span>
    </p>

    <p class='ocr_par' dir='ltr' id='par_1_6' title="bbox 495 1459 2899 1815">
     <span class='ocr_line' id='line_1_18' title="bbox 570 1459 2899 1534; baseline 0.002 -17"><span class='ocrx_word' id='word_1_160' title='bbox 570 1464 858 1527; x_wconf 79' lang='lat' dir='ltr'><strong>Praeterea,</strong></span> <span class='ocrx_word' id='word_1_161' title='bbox 881 1461 940 1517; x_wconf 90' lang='lat' dir='ltr'><strong>in</strong></span> <span class='ocrx_word' id='word_1_162' title='bbox 961 1460 1071 1522; x_wconf 83' lang='lat' dir='ltr'><strong>his</strong></span> <span class='ocrx_word' id='word_1_163' title='bbox 1096 1474 1230 1533; x_wconf 75' lang='lat' dir='ltr'><strong>quae</strong></span> <span class='ocrx_word' id='word_1_164' title='bbox 1255 1465 1397 1518; x_wconf 89' lang='lat' dir='ltr'><strong>sunt</strong></span> <span class='ocrx_word' id='word_1_165' title='bbox 1424 1459 1555 1519; x_wconf 89' lang='lat' dir='ltr'><strong>sine</strong></span> <span class='ocrx_word' id='word_1_166' title='bbox 1585 1459 1848 1521; x_wconf 84' lang='lat' dir='ltr'><strong>materia,</strong></span> <span class='ocrx_word' id='word_1_167' title='bbox 1880 1470 2002 1516; x_wconf 91' lang='lat' dir='ltr'><strong>non</strong></span> <span class='ocrx_word' id='word_1_168' title='bbox 2032 1461 2230 1531; x_wconf 85' lang='lat' dir='ltr'><strong>potest</strong></span> <span class='ocrx_word' id='word_1_169' title='bbox 2252 1472 2390 1518; x_wconf 87' lang='lat' dir='ltr'><strong>esse</strong></span> <span class='ocrx_word' id='word_1_170' title='bbox 2433 1460 2594 1519; x_wconf 86' lang='lat' dir='ltr'><strong>aliud</strong></span> <span class='ocrx_word' id='word_1_171' title='bbox 2624 1462 2899 1534; x_wconf 78' lang='lat' dir='ltr'><strong>quidditas</strong></span> 
     </span>
     <span class='ocr_line' id='line_1_19' title="bbox 499 1530 2899 1610; baseline 0.001 -20"><span class='ocrx_word' id='word_1_172' title='bbox 499 1531 586 1591; x_wconf 88' lang='lat' dir='ltr'><strong>rei</strong></span> <span class='ocrx_word' id='word_1_173' title='bbox 611 1534 671 1587; x_wconf 82' lang='lat' dir='ltr'><strong>et</strong></span> <span class='ocrx_word' id='word_1_174' title='bbox 695 1531 855 1588; x_wconf 90' lang='lat' dir='ltr'><strong>aliud</strong></span> <span class='ocrx_word' id='word_1_175' title='bbox 889 1543 1006 1598; x_wconf 81' lang='lat' dir='ltr'><strong>reS,</strong></span> <span class='ocrx_word' id='word_1_176' title='bbox 1035 1534 1305 1602; x_wconf 86' lang='lat' dir='ltr'><strong>utsupra</strong></span> <span class='ocrx_word' id='word_1_177' title='bbox 1331 1531 1393 1602; x_wconf 81' lang='lat' dir='ltr'><strong>(l.</strong></span> <span class='ocrx_word' id='word_1_178' title='bbox 1420 1544 1464 1599; x_wconf 93' lang='lat'><strong>1,</strong></span> <span class='ocrx_word' id='word_1_179' title='bbox 1488 1545 1543 1588; x_wconf 86' lang='lat' dir='ltr'><strong>c.</strong></span> <span class='ocrx_word' id='word_1_180' title='bbox 1573 1535 1637 1587; x_wconf 79' lang='lat'><strong>21</strong></span> <span class='ocrx_word' id='word_1_181' title='bbox 1672 1534 1732 1587; x_wconf 84' lang='lat' dir='ltr'><strong>et</strong></span> <span class='ocrx_word' id='word_1_182' title='bbox 1778 1530 1870 1610; x_wconf 70' lang='lat'><strong>22)</strong></span> <span class='ocrx_word' id='word_1_183' title='bbox 1898 1533 2208 1588; x_wconf 89' lang='lat' dir='ltr'><strong>ostensum</strong></span> <span class='ocrx_word' id='word_1_184' title='bbox 2237 1534 2369 1602; x_wconf 86' lang='lat' dir='ltr'><strong>est;</strong></span> <span class='ocrx_word' id='word_1_185' title='bbox 2398 1537 2460 1589; x_wconf 88' lang='lat' dir='ltr'><strong>et</strong></span> <span class='ocrx_word' id='word_1_186' title='bbox 2486 1531 2605 1591; x_wconf 88' lang='lat' dir='ltr'><strong>hoc</strong></span> <span class='ocrx_word' id='word_1_187' title='bbox 2632 1535 2899 1605; x_wconf 79' lang='lat' dir='ltr'><strong>praecipue</strong></span> 
     </span>
     <span class='ocr_line' id='line_1_20' title="bbox 500 1599 2899 1681; baseline 0.001 -21"><span class='ocrx_word' id='word_1_188' title='bbox 500 1601 675 1660; x_wconf 87' lang='lat' dir='ltr'><strong>estin</strong></span> <span class='ocrx_word' id='word_1_189' title='bbox 709 1604 848 1664; x_wconf 85' lang='lat' dir='ltr'><strong>Deo,</strong></span> <span class='ocrx_word' id='word_1_190' title='bbox 878 1601 1129 1673; x_wconf 81' lang='lat' dir='ltr'><strong>quinon</strong></span> <span class='ocrx_word' id='word_1_191' title='bbox 1163 1606 1253 1658; x_wconf 86' lang='lat' dir='ltr'><strong>est</strong></span> <span class='ocrx_word' id='word_1_192' title='bbox 1281 1601 1481 1659; x_wconf 90' lang='lat' dir='ltr'><strong>solum</strong></span> <span class='ocrx_word' id='word_1_193' title='bbox 1523 1614 1637 1659; x_wconf 90' lang='lat' dir='ltr'><strong>sua</strong></span> <span class='ocrx_word' id='word_1_194' title='bbox 1665 1600 1981 1673; x_wconf 78' lang='lat' dir='ltr'><strong>quidditas,</strong></span> <span class='ocrx_word' id='word_1_195' title='bbox 2005 1600 2118 1681; x_wconf 43' lang='lat' dir='ltr'><strong>‚sed</strong></span> <span class='ocrx_word' id='word_1_196' title='bbox 2151 1599 2331 1658; x_wconf 90' lang='lat' dir='ltr'><strong>etiam</strong></span> <span class='ocrx_word' id='word_1_197' title='bbox 2377 1615 2558 1660; x_wconf 90' lang='lat' dir='ltr'><strong>suum</strong></span> <span class='ocrx_word' id='word_1_198' title='bbox 2608 1617 2765 1661; x_wconf 86' lang='lat' dir='ltr'><strong>esse.</strong></span> <span class='ocrx_word' id='word_1_199' title='bbox 2803 1604 2899 1663; x_wconf 85' lang='lat' dir='ltr'><strong>Sed</strong></span> 
     </span>
     <span class='ocr_line' id='line_1_21' title="bbox 495 1670 2897 1748; baseline 0 -16"><span class='ocrx_word' id='word_1_200' title='bbox 495 1671 768 1732; x_wconf 87' lang='lat' dir='ltr'><strong>humana</strong></span> <span class='ocrx_word' id='word_1_201' title='bbox 797 1678 1009 1729; x_wconf 90' lang='lat' dir='ltr'><strong>natura</strong></span> <span class='ocrx_word' id='word_1_202' title='bbox 1032 1684 1151 1729; x_wconf 90' lang='lat' dir='ltr'><strong>non</strong></span> <span class='ocrx_word' id='word_1_203' title='bbox 1181 1675 1379 1742; x_wconf 89' lang='lat' dir='ltr'><strong>potest</strong></span> <span class='ocrx_word' id='word_1_204' title='bbox 1407 1685 1541 1729; x_wconf 89' lang='lat' dir='ltr'><strong>esse</strong></span> <span class='ocrx_word' id='word_1_205' title='bbox 1566 1671 1722 1728; x_wconf 86' lang='lat' dir='ltr'><strong>idem</strong></span> <span class='ocrx_word' id='word_1_206' title='bbox 1753 1670 1911 1742; x_wconf 80' lang='lat' dir='ltr'><strong>quod</strong></span> <span class='ocrx_word' id='word_1_207' title='bbox 1961 1670 2158 1728; x_wconf 78' lang='lat' dir='ltr'><strong>divina</strong></span> <span class='ocrx_word' id='word_1_208' title='bbox 2201 1671 2569 1743; x_wconf 83' lang='lat' dir='ltr'><strong>hypostasis.</strong></span> <span class='ocrx_word' id='word_1_209' title='bbox 2616 1675 2768 1748; x_wconf 84' lang='lat' dir='ltr'><strong>Ergo</strong></span> <span class='ocrx_word' id='word_1_210' title='bbox 2810 1674 2897 1734; x_wconf 85' lang='lat' dir='ltr'><strong>im·</strong></span> 
     </span>
     <span class='ocr_line' id='line_1_22' title="bbox 500 1740 2894 1815; baseline 0.001 -14"><span class='ocrx_word' id='word_1_211' title='bbox 500 1742 791 1815; x_wconf 88' lang='lat' dir='ltr'><strong>possibile</strong></span> <span class='ocrx_word' id='word_1_212' title='bbox 819 1756 953 1800; x_wconf 88' lang='lat' dir='ltr'><strong>esse</strong></span> <span class='ocrx_word' id='word_1_213' title='bbox 970 1740 1201 1799; x_wconf 84' lang='lat' dir='ltr'><strong>videtur</strong></span> <span class='ocrx_word' id='word_1_214' title='bbox 1225 1741 1382 1815; x_wconf 87' lang='lat' dir='ltr'><strong>quod</strong></span> <span class='ocrx_word' id='word_1_215' title='bbox 1408 1741 1611 1799; x_wconf 88' lang='lat' dir='ltr'><strong>divina</strong></span> <span class='ocrx_word' id='word_1_216' title='bbox 1636 1740 1977 1814; x_wconf 84' lang='lat' dir='ltr'><strong>hypostasis</strong></span> <span class='ocrx_word' id='word_1_217' title='bbox 2004 1740 2290 1799; x_wconf 89' lang='lat' dir='ltr'><strong>subsistat</strong></span> <span class='ocrx_word' id='word_1_218' title='bbox 2314 1742 2379 1800; x_wconf 94' lang='lat' dir='ltr'><strong>in</strong></span> <span class='ocrx_word' id='word_1_219' title='bbox 2406 1743 2669 1802; x_wconf 89' lang='lat' dir='ltr'><strong>humana</strong></span> <span class='ocrx_word' id='word_1_220' title='bbox 2690 1748 2894 1804; x_wconf 76' lang='lat' dir='ltr'><strong>natura.</strong></span> 
     </span>
    </p>

    <p class='ocr_par' dir='ltr' id='par_1_7' title="bbox 449 1811 2898 2165">
     <span class='ocr_line' id='line_1_23' title="bbox 571 1811 2894 1884; baseline 0.001 -15"><span class='ocrx_word' id='word_1_221' title='bbox 571 1815 726 1880; x_wconf 82' lang='lat' dir='ltr'><strong>Item,</strong></span> <span class='ocrx_word' id='word_1_222' title='bbox 759 1819 970 1869; x_wconf 85' lang='lat' dir='ltr'><strong>natura</strong></span> <span class='ocrx_word' id='word_1_223' title='bbox 998 1817 1090 1870; x_wconf 89' lang='lat' dir='ltr'><strong>est</strong></span> <span class='ocrx_word' id='word_1_224' title='bbox 1115 1812 1228 1870; x_wconf 89' lang='lat' dir='ltr'><strong>sim</strong></span> <span class='ocrx_word' id='word_1_225' title='bbox 1277 1812 1448 1870; x_wconf 87' lang='lat' dir='ltr'><strong>licior</strong></span> <span class='ocrx_word' id='word_1_226' title='bbox 1477 1819 1535 1869; x_wconf 91' lang='lat' dir='ltr'><strong>et</strong></span> <span class='ocrx_word' id='word_1_227' title='bbox 1566 1812 1875 1870; x_wconf 80' lang='lat' dir='ltr'><strong>formatior</strong></span> <span class='ocrx_word' id='word_1_228' title='bbox 1897 1811 2204 1884; x_wconf 84' lang='lat' dir='ltr'><strong>hypostasi</strong></span> <span class='ocrx_word' id='word_1_229' title='bbox 2227 1825 2361 1884; x_wconf 85' lang='lat' dir='ltr'><strong>quae</strong></span> <span class='ocrx_word' id='word_1_230' title='bbox 2404 1812 2469 1871; x_wconf 92' lang='lat' dir='ltr'><strong>in</strong></span> <span class='ocrx_word' id='word_1_231' title='bbox 2512 1826 2586 1872; x_wconf 91' lang='lat' dir='ltr'><strong>ea</strong></span> <span class='ocrx_word' id='word_1_232' title='bbox 2614 1815 2894 1881; x_wconf 84' lang='lat' dir='ltr'><strong>subsistit;</strong></span> 
     </span>
     <span class='ocr_line' id='line_1_24' title="bbox 449 1827 2898 1963; baseline 0.002 -23"><span class='ocrx_word' id='word_1_233' title='bbox 449 1890 458 1905; x_wconf 86' lang='grc'><em>·</em></span> <span class='ocrx_word' id='word_1_234' title='bbox 502 1896 644 1940; x_wconf 87' lang='lat' dir='ltr'><strong>nam</strong></span> <span class='ocrx_word' id='word_1_235' title='bbox 677 1898 779 1953; x_wconf 88' lang='lat' dir='ltr'><strong>per</strong></span> <span class='ocrx_word' id='word_1_236' title='bbox 803 1882 1164 1940; x_wconf 87' lang='lat' dir='ltr'><strong>additionem</strong></span> <span class='ocrx_word' id='word_1_237' title='bbox 1196 1827 2049 1963; x_wconf 41' lang='lat' dir='ltr'><strong>alicujus·materialismatura</strong></span> <span class='ocrx_word' id='word_1_238' title='bbox 2066 1882 2898 1963; x_wconf 79' lang='lat' dir='ltr'><strong>communisindividuaturad</strong></span> 
     </span>
     <span class='ocr_line' id='line_1_25' title="bbox 500 1950 2896 2032; baseline 0.002 -21"><span class='ocrx_word' id='word_1_239' title='bbox 500 1952 658 2011; x_wconf 88' lang='lat' dir='ltr'><strong>hanc</strong></span> <span class='ocrx_word' id='word_1_240' title='bbox 689 1953 1077 2025; x_wconf 84' lang='lat' dir='ltr'><strong>hypostasim.</strong></span> <span class='ocrx_word' id='word_1_241' title='bbox 1106 1952 1163 2010; x_wconf 91' lang='lat' dir='ltr'><strong>Si</strong></span> <span class='ocrx_word' id='word_1_242' title='bbox 1197 1952 1380 2025; x_wconf 87' lang='lat' dir='ltr'><strong>igitur</strong></span> <span class='ocrx_word' id='word_1_243' title='bbox 1402 1952 1604 2010; x_wconf 77' lang='lat' dir='ltr'><strong>divina</strong></span> <span class='ocrx_word' id='word_1_244' title='bbox 1626 1953 1968 2032; x_wconf 75' lang='lat' dir='ltr'><strong>hypostasis</strong></span> <span class='ocrx_word' id='word_1_245' title='bbox 1983 1950 2274 2011; x_wconf 75' lang='lat' dir='ltr'><strong>subsistat</strong></span> <span class='ocrx_word' id='word_1_246' title='bbox 2303 1954 2367 2010; x_wconf 93' lang='lat' dir='ltr'><strong>in</strong></span> <span class='ocrx_word' id='word_1_247' title='bbox 2396 1953 2663 2014; x_wconf 88' lang='lat' dir='ltr'><strong>humana</strong></span> <span class='ocrx_word' id='word_1_248' title='bbox 2690 1961 2896 2027; x_wconf 80' lang='lat' dir='ltr'><strong>natura,</strong></span> 
     </span>
     <span class='ocr_line' id='line_1_26' title="bbox 500 2021 2896 2103; baseline 0.004 -25"><span class='ocrx_word' id='word_1_249' title='bbox 500 2021 736 2079; x_wconf 77' lang='lat' dir='ltr'><strong>videtur</strong></span> <span class='ocrx_word' id='word_1_250' title='bbox 759 2024 929 2094; x_wconf 84' lang='lat' dir='ltr'><strong>sequi</strong></span> <span class='ocrx_word' id='word_1_251' title='bbox 957 2021 1117 2103; x_wconf 87' lang='lat' dir='ltr'><strong>quod</strong></span> <span class='ocrx_word' id='word_1_252' title='bbox 1150 2023 1409 2079; x_wconf 86' lang='lat' dir='ltr'><strong>humana</strong></span> <span class='ocrx_word' id='word_1_253' title='bbox 1439 2029 1654 2080; x_wconf 87' lang='lat' dir='ltr'><strong>natura</strong></span> <span class='ocrx_word' id='word_1_254' title='bbox 1676 2030 1757 2080; x_wconf 80' lang='lat' dir='ltr'><strong>sit</strong></span> <span class='ocrx_word' id='word_1_255' title='bbox 1792 2023 1907 2080; x_wconf 89' lang='lat' dir='ltr'><strong>sim</strong></span> <span class='ocrx_word' id='word_1_256' title='bbox 1954 2022 2127 2082; x_wconf 88' lang='lat' dir='ltr'><strong>licior</strong></span> <span class='ocrx_word' id='word_1_257' title='bbox 2149 2027 2213 2081; x_wconf 85' lang='lat' dir='ltr'><strong>et</strong></span> <span class='ocrx_word' id='word_1_258' title='bbox 2257 2022 2569 2084; x_wconf 81' lang='lat' dir='ltr'><strong>formatior</strong></span> <span class='ocrx_word' id='word_1_259' title='bbox 2610 2040 2789 2100; x_wconf 88' lang='lat' dir='ltr'><strong>quam</strong></span> <span class='ocrx_word' id='word_1_260' title='bbox 2823 2025 2896 2087; x_wconf 86' lang='lat' dir='ltr'><strong>di·</strong></span> 
     </span>
     <span class='ocr_line' id='line_1_27' title="bbox 502 2092 2059 2165; baseline 0.001 -17"><span class='ocrx_word' id='word_1_261' title='bbox 502 2092 645 2151; x_wconf 79' lang='lat' dir='ltr'><strong>vina</strong></span> <span class='ocrx_word' id='word_1_262' title='bbox 678 2092 1058 2165; x_wconf 85' lang='lat' dir='ltr'><strong>hypostas1s;</strong></span> <span class='ocrx_word' id='word_1_263' title='bbox 1090 2092 1250 2164; x_wconf 88' lang='lat' dir='ltr'><strong>quod</strong></span> <span class='ocrx_word' id='word_1_264' title='bbox 1273 2098 1366 2149; x_wconf 84' lang='lat' dir='ltr'><strong>est</strong></span> <span class='ocrx_word' id='word_1_265' title='bbox 1391 2093 1639 2151; x_wconf 90' lang='lat' dir='ltr'><strong>omnino</strong></span> <span class='ocrx_word' id='word_1_266' title='bbox 1667 2093 1916 2162; x_wconf 90' lang='lat' dir='ltr'><strong>impossi</strong></span> <span class='ocrx_word' id='word_1_267' title='bbox 1960 2093 2059 2153; x_wconf 91' lang='lat' dir='ltr'><strong>ile.</strong></span> 
     </span>
    </p>

    <p class='ocr_par' dir='ltr' id='par_1_8' title="bbox 501 2162 2900 2728">
     <span class='ocr_line' id='line_1_28' title="bbox 573 2162 2900 2234; baseline 0.004 -15"><span class='ocrx_word' id='word_1_268' title='bbox 573 2162 792 2225; x_wconf 79' lang='lat' dir='ltr'><strong>Adhuc,</strong></span> <span class='ocrx_word' id='word_1_269' title='bbox 824 2163 887 2219; x_wconf 91' lang='lat' dir='ltr'><strong>in</strong></span> <span class='ocrx_word' id='word_1_270' title='bbox 918 2162 1014 2220; x_wconf 87' lang='lat' dir='ltr'><strong>his</strong></span> <span class='ocrx_word' id='word_1_271' title='bbox 1059 2162 1257 2220; x_wconf 90' lang='lat' dir='ltr'><strong>solum</strong></span> <span class='ocrx_word' id='word_1_272' title='bbox 1286 2177 1418 2234; x_wconf 83' lang='lat' dir='ltr'><strong>quae</strong></span> <span class='ocrx_word' id='word_1_273' title='bbox 1447 2168 1590 2219; x_wconf 88' lang='lat' dir='ltr'><strong>sunt</strong></span> <span class='ocrx_word' id='word_1_274' title='bbox 1615 2177 1692 2220; x_wconf 83' lang='lat' dir='ltr'><strong>ex</strong></span> <span class='ocrx_word' id='word_1_275' title='bbox 1729 2163 1979 2222; x_wconf 88' lang='lat' dir='ltr'><strong>materia</strong></span> <span class='ocrx_word' id='word_1_276' title='bbox 2002 2169 2061 2221; x_wconf 92' lang='lat' dir='ltr'><strong>et</strong></span> <span class='ocrx_word' id='word_1_277' title='bbox 2086 2164 2281 2223; x_wconf 84' lang='lat' dir='ltr'><strong>forma</strong></span> <span class='ocrx_word' id='word_1_278' title='bbox 2303 2178 2438 2225; x_wconf 88' lang='lat' dir='ltr'><strong>com</strong></span> <span class='ocrx_word' id='word_1_279' title='bbox 2483 2168 2661 2233; x_wconf 83' lang='lat' dir='ltr'><strong>osita,</strong></span> <span class='ocrx_word' id='word_1_280' title='bbox 2692 2166 2900 2228; x_wconf 76' lang='lat' dir='ltr'><strong>differre</strong></span> 
     </span>
     <span class='ocr_line' id='line_1_29' title="bbox 505 2231 2897 2316; baseline 0.003 -24"><span class='ocrx_word' id='word_1_281' title='bbox 505 2233 810 2292; x_wconf 82' lang='lat' dir='ltr'><strong>invenitur</strong></span> <span class='ocrx_word' id='word_1_282' title='bbox 855 2231 1162 2305; x_wconf 89' lang='lat' dir='ltr'><strong>singulare</strong></span> <span class='ocrx_word' id='word_1_283' title='bbox 1190 2239 1250 2290; x_wconf 91' lang='lat' dir='ltr'><strong>et</strong></span> <span class='ocrx_word' id='word_1_284' title='bbox 1332 2231 1590 2312; x_wconf 81' lang='lat' dir='ltr'><strong>uidditas</strong></span> <span class='ocrx_word' id='word_1_285' title='bbox 1629 2233 1780 2304; x_wconf 84' lang='lat' dir='ltr'><strong>ejuS,</strong></span> <span class='ocrx_word' id='word_1_286' title='bbox 1814 2247 1890 2291; x_wconf 85' lang='lat' dir='ltr'><strong>ex</strong></span> <span class='ocrx_word' id='word_1_287' title='bbox 1919 2247 1994 2292; x_wconf 91' lang='lat' dir='ltr'><strong>eo</strong></span> <span class='ocrx_word' id='word_1_288' title='bbox 2043 2235 2205 2316; x_wconf 86' lang='lat' dir='ltr'><strong>quod</strong></span> <span class='ocrx_word' id='word_1_289' title='bbox 2250 2236 2430 2310; x_wconf 85' lang='lat' dir='ltr'><strong>singu</strong></span> <span class='ocrx_word' id='word_1_290' title='bbox 2457 2251 2559 2295; x_wconf 88' lang='lat' dir='ltr'><strong>are</strong></span> <span class='ocrx_word' id='word_1_291' title='bbox 2591 2246 2688 2296; x_wconf 89' lang='lat' dir='ltr'><strong>est</strong></span> <span class='ocrx_word' id='word_1_292' title='bbox 2711 2240 2897 2298; x_wconf 83' lang='lat' dir='ltr'><strong>indivi-</strong></span> 
     </span>
     <span class='ocr_line' id='line_1_30' title="bbox 503 2302 2896 2383; baseline 0.003 -22"><span class='ocrx_word' id='word_1_293' title='bbox 503 2302 746 2362; x_wconf 89' lang='lat' dir='ltr'><strong>duatum</strong></span> <span class='ocrx_word' id='word_1_294' title='bbox 793 2317 899 2374; x_wconf 89' lang='lat' dir='ltr'><strong>per</strong></span> <span class='ocrx_word' id='word_1_295' title='bbox 927 2302 1230 2361; x_wconf 90' lang='lat' dir='ltr'><strong>materiam</strong></span> <span class='ocrx_word' id='word_1_296' title='bbox 1323 2308 1675 2374; x_wconf 75' lang='lat' dir='ltr'><strong>esignatam,</strong></span> <span class='ocrx_word' id='word_1_297' title='bbox 1707 2316 1840 2375; x_wconf 82' lang='lat' dir='ltr'><strong>quae</strong></span> <span class='ocrx_word' id='word_1_298' title='bbox 1879 2304 1946 2362; x_wconf 90' lang='lat' dir='ltr'><strong>in</strong></span> <span class='ocrx_word' id='word_1_299' title='bbox 1984 2305 2310 2377; x_wconf 78' lang='lat' dir='ltr'><strong>quidditate</strong></span> <span class='ocrx_word' id='word_1_300' title='bbox 2341 2312 2403 2364; x_wconf 89' lang='lat' dir='ltr'><strong>et</strong></span> <span class='ocrx_word' id='word_1_301' title='bbox 2444 2313 2663 2367; x_wconf 88' lang='lat' dir='ltr'><strong>natura</strong></span> <span class='ocrx_word' id='word_1_302' title='bbox 2701 2309 2896 2383; x_wconf 79' lang='lat' dir='ltr'><strong>speciei</strong></span> 
     </span>
     <span class='ocr_line' id='line_1_31' title="bbox 502 2372 2895 2450; baseline 0.003 -18"><span class='ocrx_word' id='word_1_303' title='bbox 502 2386 627 2432; x_wconf 92' lang='lat' dir='ltr'><strong>non</strong></span> <span class='ocrx_word' id='word_1_304' title='bbox 656 2372 981 2430; x_wconf 87' lang='lat' dir='ltr'><strong>includitur</strong></span> <span class='ocrx_word' id='word_1_305' title='bbox 1006 2390 1024 2441; x_wconf 89' lang='lat'>;</span> <span class='ocrx_word' id='word_1_306' title='bbox 1047 2372 1113 2430; x_wconf 90' lang='lat' dir='ltr'><strong>in</strong></span> <span class='ocrx_word' id='word_1_307' title='bbox 1141 2373 1482 2446; x_wconf 80' lang='lat' dir='ltr'><strong>signatione</strong></span> <span class='ocrx_word' id='word_1_308' title='bbox 1507 2377 1667 2430; x_wconf 89' lang='lat' dir='ltr'><strong>enim</strong></span> <span class='ocrx_word' id='word_1_309' title='bbox 1698 2375 1963 2433; x_wconf 86' lang='lat' dir='ltr'><strong>Socratis</strong></span> <span class='ocrx_word' id='word_1_310' title='bbox 1991 2374 2318 2434; x_wconf 82' lang='lat' dir='ltr'><strong>includitur</strong></span> <span class='ocrx_word' id='word_1_311' title='bbox 2345 2377 2473 2435; x_wconf 80' lang='lat' dir='ltr'><strong>baec</strong></span> <span class='ocrx_word' id='word_1_312' title='bbox 2500 2381 2769 2450; x_wconf 86' lang='lat' dir='ltr'><strong>materia,</strong></span> <span class='ocrx_word' id='word_1_313' title='bbox 2792 2393 2895 2439; x_wconf 89' lang='lat' dir='ltr'><strong>non</strong></span> 
     </span>
     <span class='ocr_line' id='line_1_32' title="bbox 501 2442 2897 2520; baseline 0.003 -18"><span class='ocrx_word' id='word_1_314' title='bbox 501 2450 702 2502; x_wconf 88' lang='lat' dir='ltr'><strong>autem</strong></span> <span class='ocrx_word' id='word_1_315' title='bbox 758 2442 819 2500; x_wconf 90' lang='lat' dir='ltr'><strong>in</strong></span> <span class='ocrx_word' id='word_1_316' title='bbox 867 2443 1098 2500; x_wconf 90' lang='lat' dir='ltr'><strong>ratione</strong></span> <span class='ocrx_word' id='word_1_317' title='bbox 1141 2443 1419 2499; x_wconf 64' lang='lat' dir='ltr'><strong>humanae</strong></span> <span class='ocrx_word' id='word_1_318' title='bbox 1461 2448 1708 2499; x_wconf 84' lang='lat' dir='ltr'><strong>naturae.</strong></span> <span class='ocrx_word' id='word_1_319' title='bbox 1741 2445 1950 2502; x_wconf 88' lang='lat' dir='ltr'><strong>Omnis</strong></span> <span class='ocrx_word' id='word_1_320' title='bbox 1995 2444 2181 2518; x_wconf 87' lang='lat' dir='ltr'><strong>igitur</strong></span> <span class='ocrx_word' id='word_1_321' title='bbox 2219 2446 2566 2520; x_wconf 85' lang='lat' dir='ltr'><strong>hypostasis</strong></span> <span class='ocrx_word' id='word_1_322' title='bbox 2602 2450 2666 2508; x_wconf 91' lang='lat' dir='ltr'><strong>in</strong></span> <span class='ocrx_word' id='word_1_323' title='bbox 2712 2456 2897 2509; x_wconf 78' lang='lat' dir='ltr'><strong>natura</strong></span> 
     </span>
     <span class='ocr_line' id='line_1_33' title="bbox 502 2512 2895 2594; baseline 0.003 -20"><span class='ocrx_word' id='word_1_324' title='bbox 502 2515 768 2574; x_wconf 86' lang='lat' dir='ltr'><strong>humana</strong></span> <span class='ocrx_word' id='word_1_325' title='bbox 794 2514 1136 2571; x_wconf 87' lang='lat' dir='ltr'><strong>subsistens</strong></span> <span class='ocrx_word' id='word_1_326' title='bbox 1159 2517 1254 2571; x_wconf 91' lang='lat' dir='ltr'><strong>est</strong></span> <span class='ocrx_word' id='word_1_327' title='bbox 1278 2512 1605 2571; x_wconf 85' lang='lat' dir='ltr'><strong>constituta</strong></span> <span class='ocrx_word' id='word_1_328' title='bbox 1622 2527 1728 2584; x_wconf 90' lang='lat' dir='ltr'><strong>per</strong></span> <span class='ocrx_word' id='word_1_329' title='bbox 1746 2516 2052 2579; x_wconf 74' lang='lat' dir='ltr'><strong>mater-,iam</strong></span> <span class='ocrx_word' id='word_1_330' title='bbox 2078 2517 2377 2590; x_wconf 85' lang='lat' dir='ltr'><strong>signatam</strong></span> <span class='ocrx_word' id='word_1_331' title='bbox 2399 2535 2417 2589; x_wconf 77' lang='lat'>3</span> <span class='ocrx_word' id='word_1_332' title='bbox 2442 2520 2605 2594; x_wconf 86' lang='lat' dir='ltr'><strong>quod</strong></span> <span class='ocrx_word' id='word_1_333' title='bbox 2626 2521 2699 2580; x_wconf 89' lang='lat' dir='ltr'><strong>de</strong></span> <span class='ocrx_word' id='word_1_334' title='bbox 2720 2522 2895 2582; x_wconf 81' lang='lat' dir='ltr'><strong>divina</strong></span> 
     </span>
     <span class='ocr_line' id='line_1_34' title="bbox 503 2583 2892 2666; baseline 0.003 -22"><span class='ocrx_word' id='word_1_335' title='bbox 503 2584 816 2658; x_wconf 72' lang='lat' dir='ltr'><strong>hypostasi</strong></span> <span class='ocrx_word' id='word_1_336' title='bbox 870 2583 982 2640; x_wconf 91' lang='lat' dir='ltr'><strong>dici</strong></span> <span class='ocrx_word' id='word_1_337' title='bbox 1038 2596 1162 2640; x_wconf 91' lang='lat' dir='ltr'><strong>non</strong></span> <span class='ocrx_word' id='word_1_338' title='bbox 1215 2588 1431 2655; x_wconf 90' lang='lat' dir='ltr'><strong>potest.</strong></span> <span class='ocrx_word' id='word_1_339' title='bbox 1462 2586 1595 2640; x_wconf 90' lang='lat' dir='ltr'><strong>Non</strong></span> <span class='ocrx_word' id='word_1_340' title='bbox 1650 2590 1743 2640; x_wconf 86' lang='lat' dir='ltr'><strong>est</strong></span> <span class='ocrx_word' id='word_1_341' title='bbox 1793 2583 1976 2655; x_wconf 86' lang='lat' dir='ltr'><strong>igitur</strong></span> <span class='ocrx_word' id='word_1_342' title='bbox 2020 2587 2336 2656; x_wconf 89' lang='lat' dir='ltr'><strong>possibile,</strong></span> <span class='ocrx_word' id='word_1_343' title='bbox 2363 2593 2434 2644; x_wconf 85' lang='lat' dir='ltr'><strong>ut</strong></span> <span class='ocrx_word' id='word_1_344' title='bbox 2476 2591 2733 2662; x_wconf 81' lang='lat' dir='ltr'><strong>videtur,</strong></span> <span class='ocrx_word' id='word_1_345' title='bbox 2759 2592 2892 2666; x_wconf 82' lang='lat' dir='ltr'><strong>quod</strong></span> 
     </span>
     <span class='ocr_line' id='line_1_35' title="bbox 505 2652 2143 2728; baseline -0.002 -14"><span class='ocrx_word' id='word_1_346' title='bbox 505 2654 851 2728; x_wconf 86' lang='lat' dir='ltr'><strong>hypostasis</strong></span> <span class='ocrx_word' id='word_1_347' title='bbox 874 2653 1046 2711; x_wconf 81' lang='lat' dir='ltr'><strong>Verbi</strong></span> <span class='ocrx_word' id='word_1_348' title='bbox 1076 2653 1180 2711; x_wconf 88' lang='lat' dir='ltr'><strong>Dei</strong></span> <span class='ocrx_word' id='word_1_349' title='bbox 1211 2654 1502 2712; x_wconf 90' lang='lat' dir='ltr'><strong>subsistat</strong></span> <span class='ocrx_word' id='word_1_350' title='bbox 1530 2654 1594 2711; x_wconf 88' lang='lat' dir='ltr'><strong>in</strong></span> <span class='ocrx_word' id='word_1_351' title='bbox 1619 2652 1881 2712; x_wconf 87' lang='lat' dir='ltr'><strong>humana</strong></span> <span class='ocrx_word' id='word_1_352' title='bbox 1913 2658 2143 2713; x_wconf 87' lang='lat' dir='ltr'><strong>natura.</strong></span> 
     </span>
    </p>

    <p class='ocr_par' dir='ltr' id='par_1_9' title="bbox 499 2724 2891 3227">
     <span class='ocr_line' id='line_1_36' title="bbox 573 2724 2887 2806; baseline 0.005 -24"><span class='ocrx_word' id='word_1_353' title='bbox 573 2725 849 2795; x_wconf 82' lang='lat' dir='ltr'><strong>Amplius,</strong></span> <span class='ocrx_word' id='word_1_354' title='bbox 876 2724 1078 2781; x_wconf 90' lang='lat' dir='ltr'><strong>anima</strong></span> <span class='ocrx_word' id='word_1_355' title='bbox 1103 2730 1162 2781; x_wconf 87' lang='lat' dir='ltr'><strong>et</strong></span> <span class='ocrx_word' id='word_1_356' title='bbox 1188 2737 1408 2804; x_wconf 83' lang='lat' dir='ltr'><strong>corpus</strong></span> <span class='ocrx_word' id='word_1_357' title='bbox 1436 2724 1751 2805; x_wconf 58' lang='lat' dir='ltr'><strong>inphristo</strong></span> <span class='ocrx_word' id='word_1_358' title='bbox 1776 2737 1896 2806; x_wconf 81' lang='lat' dir='ltr'><strong>non</strong></span> <span class='ocrx_word' id='word_1_359' title='bbox 1927 2724 2169 2784; x_wconf 82' lang='lat' dir='ltr'><strong>fuerunt</strong></span> <span class='ocrx_word' id='word_1_360' title='bbox 2195 2728 2451 2788; x_wconf 89' lang='lat' dir='ltr'><strong>minoris</strong></span> <span class='ocrx_word' id='word_1_361' title='bbox 2470 2729 2710 2790; x_wconf 81' lang='lat' dir='ltr'><strong>virtutis</strong></span> <span class='ocrx_word' id='word_1_362' title='bbox 2736 2747 2887 2805; x_wconf 77' lang='lat' dir='ltr'><strong>quam</strong></span> 
     </span>
     <span class='ocr_line' id='line_1_37' title="bbox 503 2793 2891 2863; baseline 0.004 -10"><span class='ocrx_word' id='word_1_363' title='bbox 503 2794 568 2853; x_wconf 92' lang='lat' dir='ltr'><strong>in</strong></span> <span class='ocrx_word' id='word_1_364' title='bbox 598 2795 736 2852; x_wconf 88' lang='lat' dir='ltr'><strong>aliis</strong></span> <span class='ocrx_word' id='word_1_365' title='bbox 786 2793 1156 2852; x_wconf 79' lang='lat' dir='ltr'><strong>hominibus,</strong></span> <span class='ocrx_word' id='word_1_366' title='bbox 1186 2793 1301 2852; x_wconf 89' lang='lat' dir='ltr'><strong>Sed</strong></span> <span class='ocrx_word' id='word_1_367' title='bbox 1345 2808 1408 2851; x_wconf 91' lang='lat' dir='ltr'><strong>1n</strong></span> <span class='ocrx_word' id='word_1_368' title='bbox 1439 2796 1577 2853; x_wconf 83' lang='lat' dir='ltr'><strong>alus</strong></span> <span class='ocrx_word' id='word_1_369' title='bbox 1628 2796 1977 2854; x_wconf 78' lang='lat' dir='ltr'><strong>hominibus</strong></span> <span class='ocrx_word' id='word_1_370' title='bbox 2020 2809 2093 2859; x_wconf 79' lang='lat' dir='ltr'><strong>ex</strong></span> <span class='ocrx_word' id='word_1_371' title='bbox 2121 2809 2236 2857; x_wconf 89' lang='lat' dir='ltr'><strong>sua</strong></span> <span class='ocrx_word' id='word_1_372' title='bbox 2279 2798 2502 2858; x_wconf 89' lang='lat' dir='ltr'><strong>unione</strong></span> <span class='ocrx_word' id='word_1_373' title='bbox 2548 2804 2891 2863; x_wconf 87' lang='lat' dir='ltr'><strong>constituunt</strong></span> 
     </span>
     <span class='ocr_line' id='line_1_38' title="bbox 504 2864 2891 2947; baseline 0.004 -24"><span class='ocrx_word' id='word_1_374' title='bbox 504 2865 906 2946; x_wconf 84' lang='lat' dir='ltr'><strong>suppositum,</strong></span> <span class='ocrx_word' id='word_1_375' title='bbox 957 2864 1339 2946; x_wconf 40' lang='lat' dir='ltr'><strong>hypostasim·</strong></span> <span class='ocrx_word' id='word_1_376' title='bbox 1374 2871 1434 2945; x_wconf 76' lang='lat' dir='ltr'><strong>et</strong></span> <span class='ocrx_word' id='word_1_377' title='bbox 1480 2878 1825 2947; x_wconf 32' lang='lat' dir='ltr'><strong>personam..</strong></span> <span class='ocrx_word' id='word_1_378' title='bbox 1851 2867 2038 2936; x_wconf 79' lang='lat' dir='ltr'><strong>Igitur</strong></span> <span class='ocrx_word' id='word_1_379' title='bbox 2081 2870 2142 2925; x_wconf 88' lang='lat' dir='ltr'><strong>et</strong></span> <span class='ocrx_word' id='word_1_380' title='bbox 2184 2869 2246 2926; x_wconf 90' lang='lat' dir='ltr'><strong>in</strong></span> <span class='ocrx_word' id='word_1_381' title='bbox 2297 2868 2532 2930; x_wconf 85' lang='lat' dir='ltr'><strong>Christo</strong></span> <span class='ocrx_word' id='word_1_382' title='bbox 2579 2886 2653 2931; x_wconf 80' lang='lat' dir='ltr'><strong>ex</strong></span> <span class='ocrx_word' id='word_1_383' title='bbox 2702 2875 2891 2932; x_wconf 80' lang='lat' dir='ltr'><strong>unione</strong></span> 
     </span>
     <span class='ocr_line' id='line_1_39' title="bbox 499 2936 2886 3014; baseline 0.003 -18"><span class='ocrx_word' id='word_1_384' title='bbox 499 2949 723 2996; x_wconf 75' lang='lat' dir='ltr'><strong>animae</strong></span> <span class='ocrx_word' id='word_1_385' title='bbox 754 2942 813 2992; x_wconf 89' lang='lat' dir='ltr'><strong>et</strong></span> <span class='ocrx_word' id='word_1_386' title='bbox 839 2947 1105 3005; x_wconf 77' lang='lat' dir='ltr'><strong>corporis</strong></span> <span class='ocrx_word' id='word_1_387' title='bbox 1146 2941 1533 2993; x_wconf 77' lang='lat' dir='ltr'><strong>constituitur</strong></span> <span class='ocrx_word' id='word_1_388' title='bbox 1579 2942 1980 3008; x_wconf 77' lang='lat' dir='ltr'><strong>suppositum,</strong></span> <span class='ocrx_word' id='word_1_389' title='bbox 2009 2936 2357 3009; x_wconf 87' lang='lat' dir='ltr'><strong>hypostasis</strong></span> <span class='ocrx_word' id='word_1_390' title='bbox 2386 2945 2446 2999; x_wconf 87' lang='lat' dir='ltr'><strong>et</strong></span> <span class='ocrx_word' id='word_1_391' title='bbox 2471 2955 2750 3014; x_wconf 87' lang='lat' dir='ltr'><strong>persona.</strong></span> <span class='ocrx_word' id='word_1_392' title='bbox 2777 2947 2886 3003; x_wconf 77' lang='lat' dir='ltr'><strong>Non</strong></span> 
     </span>
     <span class='ocr_line' id='line_1_40' title="bbox 504 3005 2886 3085; baseline 0.003 -21"><span class='ocrx_word' id='word_1_393' title='bbox 504 3009 704 3064; x_wconf 87' lang='lat' dir='ltr'><strong>autem</strong></span> <span class='ocrx_word' id='word_1_394' title='bbox 744 3005 1143 3076; x_wconf 87' lang='lat' dir='ltr'><strong>suppositum,</strong></span> <span class='ocrx_word' id='word_1_395' title='bbox 1178 3006 1519 3078; x_wconf 85' lang='lat' dir='ltr'><strong>hypostasis</strong></span> <span class='ocrx_word' id='word_1_396' title='bbox 1569 3014 1629 3064; x_wconf 93' lang='lat' dir='ltr'><strong>et</strong></span> <span class='ocrx_word' id='word_1_397' title='bbox 1671 3020 1931 3077; x_wconf 89' lang='lat' dir='ltr'><strong>persona</strong></span> <span class='ocrx_word' id='word_1_398' title='bbox 1976 3008 2146 3066; x_wconf 86' lang='lat' dir='ltr'><strong>Verbi</strong></span> <span class='ocrx_word' id='word_1_399' title='bbox 2204 3010 2330 3080; x_wconf 88' lang='lat' dir='ltr'><strong>Dei,</strong></span> <span class='ocrx_word' id='word_1_400' title='bbox 2358 3025 2493 3085; x_wconf 80' lang='lat' dir='ltr'><strong>quae</strong></span> <span class='ocrx_word' id='word_1_401' title='bbox 2537 3021 2632 3071; x_wconf 89' lang='lat' dir='ltr'><strong>est</strong></span> <span class='ocrx_word' id='word_1_402' title='bbox 2678 3020 2886 3072; x_wconf 78' lang='lat' dir='ltr'><strong>aeterna.</strong></span> 
     </span>
     <span class='ocr_line' id='line_1_41' title="bbox 505 3075 2886 3157; baseline 0.003 -21"><span class='ocrx_word' id='word_1_403' title='bbox 505 3075 694 3149; x_wconf 82' lang='lat' dir='ltr'><strong>Igitur</strong></span> <span class='ocrx_word' id='word_1_404' title='bbox 729 3075 791 3132; x_wconf 91' lang='lat' dir='ltr'><strong>in</strong></span> <span class='ocrx_word' id='word_1_405' title='bbox 838 3077 1073 3134; x_wconf 86' lang='lat' dir='ltr'><strong>Christo</strong></span> <span class='ocrx_word' id='word_1_406' title='bbox 1120 3082 1214 3134; x_wconf 88' lang='lat' dir='ltr'><strong>est</strong></span> <span class='ocrx_word' id='word_1_407' title='bbox 1253 3075 1417 3134; x_wconf 89' lang='lat' dir='ltr'><strong>aliud</strong></span> <span class='ocrx_word' id='word_1_408' title='bbox 1465 3079 1866 3148; x_wconf 88' lang='lat' dir='ltr'><strong>suppositum,</strong></span> <span class='ocrx_word' id='word_1_409' title='bbox 1896 3077 2241 3150; x_wconf 89' lang='lat' dir='ltr'><strong>hypostasis</strong></span> <span class='ocrx_word' id='word_1_410' title='bbox 2291 3086 2352 3139; x_wconf 90' lang='lat' dir='ltr'><strong>et</strong></span> <span class='ocrx_word' id='word_1_411' title='bbox 2403 3095 2663 3154; x_wconf 87' lang='lat' dir='ltr'><strong>persona</strong></span> <span class='ocrx_word' id='word_1_412' title='bbox 2707 3090 2886 3157; x_wconf 76' lang='lat' dir='ltr'><strong>prieter</strong></span> 
     </span>
     <span class='ocr_line' id='line_1_42' title="bbox 507 3145 2484 3227; baseline 0.006 -26"><span class='ocrx_word' id='word_1_413' title='bbox 507 3145 906 3216; x_wconf 89' lang='lat' dir='ltr'><strong>suppositum,</strong></span> <span class='ocrx_word' id='word_1_414' title='bbox 934 3145 1312 3227; x_wconf 42' lang='lat' dir='ltr'><strong>hypostasim·</strong></span> <span class='ocrx_word' id='word_1_415' title='bbox 1336 3152 1395 3204; x_wconf 91' lang='lat' dir='ltr'><strong>et</strong></span> <span class='ocrx_word' id='word_1_416' title='bbox 1420 3161 1739 3217; x_wconf 86' lang='lat' dir='ltr'><strong>personam</strong></span> <span class='ocrx_word' id='word_1_417' title='bbox 1769 3147 1941 3206; x_wconf 86' lang='lat' dir='ltr'><strong>Verbi</strong></span> <span class='ocrx_word' id='word_1_418' title='bbox 1986 3149 2110 3217; x_wconf 87' lang='lat' dir='ltr'><strong>Dei,</strong></span> <span class='ocrx_word' id='word_1_419' title='bbox 2140 3156 2204 3208; x_wconf 88' lang='lat' dir='ltr'><strong>ut</strong></span> <span class='ocrx_word' id='word_1_420' title='bbox 2231 3150 2484 3212; x_wconf 81' lang='lat' dir='ltr'><strong>videtur.</strong></span> 
     </span>
    </p>

    <p class='ocr_par' dir='ltr' id='par_1_10' title="bbox 499 3219 2888 3790">
     <span class='ocr_line' id='line_1_43' title="bbox 575 3219 2888 3297; baseline 0.005 -23"><span class='ocrx_word' id='word_1_421' title='bbox 575 3219 1055 3297; x_wconf 41' lang='lat' dir='ltr'><strong>Praeterea-sicut</strong></span> <span class='ocrx_word' id='word_1_422' title='bbox 1099 3231 1172 3274; x_wconf 84' lang='lat' dir='ltr'><strong>ex</strong></span> <span class='ocrx_word' id='word_1_423' title='bbox 1216 3230 1418 3275; x_wconf 77' lang='lat' dir='ltr'><strong>anima</strong></span> <span class='ocrx_word' id='word_1_424' title='bbox 1463 3224 1521 3275; x_wconf 92' lang='lat' dir='ltr'><strong>et</strong></span> <span class='ocrx_word' id='word_1_425' title='bbox 1571 3232 1820 3292; x_wconf 87' lang='lat' dir='ltr'><strong>corpore</strong></span> <span class='ocrx_word' id='word_1_426' title='bbox 1865 3220 2252 3279; x_wconf 87' lang='lat' dir='ltr'><strong>constituitur</strong></span> <span class='ocrx_word' id='word_1_427' title='bbox 2294 3222 2560 3284; x_wconf 88' lang='lat' dir='ltr'><strong>humana</strong></span> <span class='ocrx_word' id='word_1_428' title='bbox 2606 3231 2807 3285; x_wconf 85' lang='lat' dir='ltr'><strong>natura</strong></span> <span class='ocrx_word' id='word_1_429' title='bbox 2838 3226 2888 3285; x_wconf 87' lang='lat' dir='ltr'><strong>in</strong></span> 
     </span>
     <span class='ocr_line' id='line_1_44' title="bbox 499 3286 2884 3365; baseline 0.004 -19"><span class='ocrx_word' id='word_1_430' title='bbox 499 3300 832 3353; x_wconf 76' lang='lat' dir='ltr'><strong>communi,</strong></span> <span class='ocrx_word' id='word_1_431' title='bbox 866 3292 950 3343; x_wconf 82' lang='lat' dir='ltr'><strong>tta</strong></span> <span class='ocrx_word' id='word_1_432' title='bbox 988 3301 1062 3343; x_wconf 82' lang='lat' dir='ltr'><strong>ex</strong></span> <span class='ocrx_word' id='word_1_433' title='bbox 1089 3286 1203 3346; x_wconf 85' lang='lat' dir='ltr'><strong>hac</strong></span> <span class='ocrx_word' id='word_1_434' title='bbox 1249 3289 1452 3345; x_wconf 90' lang='lat' dir='ltr'><strong>anima</strong></span> <span class='ocrx_word' id='word_1_435' title='bbox 1476 3292 1537 3345; x_wconf 89' lang='lat' dir='ltr'><strong>et</strong></span> <span class='ocrx_word' id='word_1_436' title='bbox 1581 3304 1655 3347; x_wconf 84' lang='lat' dir='ltr'><strong>ex</strong></span> <span class='ocrx_word' id='word_1_437' title='bbox 1701 3291 1815 3347; x_wconf 91' lang='lat' dir='ltr'><strong>boc</strong></span> <span class='ocrx_word' id='word_1_438' title='bbox 1857 3303 2107 3360; x_wconf 88' lang='lat' dir='ltr'><strong>corpore</strong></span> <span class='ocrx_word' id='word_1_439' title='bbox 2137 3293 2527 3353; x_wconf 87' lang='lat' dir='ltr'><strong>constituitur</strong></span> <span class='ocrx_word' id='word_1_440' title='bbox 2567 3295 2667 3354; x_wconf 90' lang='lat' dir='ltr'><strong>hic</strong></span> <span class='ocrx_word' id='word_1_441' title='bbox 2716 3297 2884 3365; x_wconf 88' lang='lat' dir='ltr'><strong>bomo,</strong></span> 
     </span>
     <span class='ocr_line' id='line_1_45' title="bbox 504 3355 2885 3438; baseline 0.004 -25"><span class='ocrx_word' id='word_1_442' title='bbox 504 3357 664 3431; x_wconf 86' lang='lat' dir='ltr'><strong>quod</strong></span> <span class='ocrx_word' id='word_1_443' title='bbox 696 3363 787 3415; x_wconf 91' lang='lat' dir='ltr'><strong>est</strong></span> <span class='ocrx_word' id='word_1_444' title='bbox 811 3355 1158 3429; x_wconf 89' lang='lat' dir='ltr'><strong>hypostasis</strong></span> <span class='ocrx_word' id='word_1_445' title='bbox 1202 3356 1491 3438; x_wconf 83' lang='lat' dir='ltr'><strong>hominis.</strong></span> <span class='ocrx_word' id='word_1_446' title='bbox 1527 3358 1641 3417; x_wconf 87' lang='lat' dir='ltr'><strong>Sed</strong></span> <span class='ocrx_word' id='word_1_447' title='bbox 1669 3360 1732 3417; x_wconf 88' lang='lat' dir='ltr'><strong>in</strong></span> <span class='ocrx_word' id='word_1_448' title='bbox 1777 3359 2014 3419; x_wconf 86' lang='lat' dir='ltr'><strong>Christo</strong></span> <span class='ocrx_word' id='word_1_449' title='bbox 2044 3360 2152 3418; x_wconf 76' lang='lat' dir='ltr'><strong>suit</strong></span> <span class='ocrx_word' id='word_1_450' title='bbox 2181 3362 2308 3420; x_wconf 60' lang='lat' dir='ltr'><strong>haic</strong></span> <span class='ocrx_word' id='word_1_451' title='bbox 2335 3364 2536 3423; x_wconf 89' lang='lat' dir='ltr'><strong>anima</strong></span> <span class='ocrx_word' id='word_1_452' title='bbox 2565 3373 2624 3423; x_wconf 89' lang='lat' dir='ltr'><strong>et</strong></span> <span class='ocrx_word' id='word_1_453' title='bbox 2650 3366 2762 3426; x_wconf 82' lang='lat' dir='ltr'><strong>hoe</strong></span> <span class='ocrx_word' id='word_1_454' title='bbox 2782 3379 2885 3425; x_wconf 85' lang='lat' dir='ltr'><strong>cor·</strong></span> 
     </span>
     <span class='ocr_line' id='line_1_46' title="bbox 499 3427 2884 3558; baseline 0.005 -74"><span class='ocrx_word' id='word_1_455' title='bbox 499 3440 640 3558; x_wconf 55' lang='lat'><strong>93⁸⁶</strong></span> <span class='ocrx_word' id='word_1_456' title='bbox 673 3427 856 3556; x_wconf 50' lang='lat' dir='ltr'><strong>igitucll·</strong></span> <span class='ocrx_word' id='word_1_457' title='bbox 880 3440 1191 3508; x_wconf 42' lang='lat' dir='ltr'><strong>eit-eorum</strong></span> <span class='ocrx_word' id='word_1_458' title='bbox 1220 3441 1444 3486; x_wconf 80' lang='lat' dir='ltr'><strong>unione</strong></span> <span class='ocrx_word' id='word_1_459' title='bbox 1470 3430 1799 3489; x_wconf 88' lang='lat' dir='ltr'><strong>constituta</strong></span> <span class='ocrx_word' id='word_1_460' title='bbox 1824 3434 1919 3489; x_wconf 85' lang='lat' dir='ltr'><strong>est</strong></span> <span class='ocrx_word' id='word_1_461' title='bbox 1953 3430 2321 3503; x_wconf 85' lang='lat' dir='ltr'><strong>hypostasis,</strong></span> <span class='ocrx_word' id='word_1_462' title='bbox 2351 3440 2417 3492; x_wconf 89' lang='lat' dir='ltr'><strong>ut</strong></span> <span class='ocrx_word' id='word_1_463' title='bbox 2441 3435 2677 3495; x_wconf 84' lang='lat' dir='ltr'><strong>videtur</strong></span> <span class='ocrx_word' id='word_1_464' title='bbox 2705 3456 2721 3506; x_wconf 88' lang='lat'>;</span> <span class='ocrx_word' id='word_1_465' title='bbox 2745 3436 2884 3496; x_wconf 78' lang='lat' dir='ltr'><strong>etsie</strong></span> 
     </span>
     <span class='ocr_line' id='line_1_47' title="bbox 504 3510 2886 3652; baseline 0.005 -28"><span class='ocrx_word' id='word_1_466' title='bbox 504 3511 525 3555; x_wconf 68' lang='lat'>¹</span> <span class='ocrx_word' id='word_1_467' title='bbox 571 3511 727 3631; x_wconf 55' lang='lat' dir='ltr'><strong>ngq</strong></span> <span class='ocrx_word' id='word_1_468' title='bbox 738 3512 854 3627; x_wconf 54' lang='lat' dir='ltr'><strong>uhic</strong></span> <span class='ocrx_word' id='word_1_469' title='bbox 873 3510 1073 3650; x_wconf 54' lang='lat' dir='ltr'><strong>ssffissg’</strong></span> <span class='ocrx_word' id='word_1_470' title='bbox 1098 3569 1202 3642; x_wconf 83' lang='lat' dir='ltr'><strong>qui</strong></span> <span class='ocrx_word' id='word_1_471' title='bbox 1225 3573 1319 3628; x_wconf 87' lang='lat' dir='ltr'><strong>est</strong></span> <span class='ocrx_word' id='word_1_472' title='bbox 1344 3569 1638 3638; x_wconf 51' lang='lat' dir='ltr'><strong>Christus</strong></span> <span class='ocrx_word' id='word_1_473' title='bbox 1662 3570 2297 3652; x_wconf 54' lang='lat' dir='ltr'><strong>proutssonsideratur</strong></span> <span class='ocrx_word' id='word_1_474' title='bbox 2321 3589 2397 3635; x_wconf 87' lang='lat' dir='ltr'><strong>ex</strong></span> <span class='ocrx_word' id='word_1_475' title='bbox 2422 3576 2625 3635; x_wconf 89' lang='lat' dir='ltr'><strong>anima</strong></span> <span class='ocrx_word' id='word_1_476' title='bbox 2647 3578 2886 3639; x_wconf 77' lang='lat' dir='ltr'><strong>solumet</strong></span> 
     </span>
     <span class='ocr_line' id='line_1_48' title="bbox 505 3640 2883 3722; baseline 0.005 -23"><span class='ocrx_word' id='word_1_477' title='bbox 505 3651 685 3699; x_wconf 84' lang='lat' dir='ltr'><strong>carne</strong></span> <span class='ocrx_word' id='word_1_478' title='bbox 717 3646 1080 3708; x_wconf 74' lang='lat' dir='ltr'><strong>consistens,</strong></span> <span class='ocrx_word' id='word_1_479' title='bbox 1110 3645 1204 3698; x_wconf 88' lang='lat' dir='ltr'><strong>est</strong></span> <span class='ocrx_word' id='word_1_480' title='bbox 1250 3641 1520 3713; x_wconf 83' lang='lat' dir='ltr'><strong>quaedam</strong></span> <span class='ocrx_word' id='word_1_481' title='bbox 1574 3640 1931 3700; x_wconf 77' lang='lat' dir='ltr'><strong>substantia.</strong></span> <span class='ocrx_word' id='word_1_482' title='bbox 1961 3644 2095 3700; x_wconf 86' lang='lat' dir='ltr'><strong>Non</strong></span> <span class='ocrx_word' id='word_1_483' title='bbox 2121 3652 2322 3704; x_wconf 88' lang='lat' dir='ltr'><strong>autem</strong></span> <span class='ocrx_word' id='word_1_484' title='bbox 2349 3646 2730 3707; x_wconf 85' lang='lat' dir='ltr'><strong>universalis.</strong></span> <span class='ocrx_word' id='word_1_485' title='bbox 2763 3651 2883 3722; x_wconf 73' lang='lat' dir='ltr'><strong>Ergo</strong></span> 
     </span>
     <span class='ocr_line' id='line_1_49' title="bbox 504 3708 1613 3790; baseline 0.002 -23"><span class='ocrx_word' id='word_1_486' title='bbox 504 3708 886 3783; x_wconf 88' lang='lat' dir='ltr'><strong>particularis</strong></span> <span class='ocrx_word' id='word_1_487' title='bbox 908 3727 926 3790; x_wconf 58' lang='grc' dir='ltr'>ξ</span> <span class='ocrx_word' id='word_1_488' title='bbox 955 3722 1099 3780; x_wconf 85' lang='lat' dir='ltr'><strong>ergo</strong></span> <span class='ocrx_word' id='word_1_489' title='bbox 1123 3714 1218 3768; x_wconf 88' lang='lat' dir='ltr'><strong>est</strong></span> <span class='ocrx_word' id='word_1_490' title='bbox 1244 3710 1613 3783; x_wconf 76' lang='lat' dir='ltr'><strong>hypostasis,</strong></span> 
     </span>
    </p>

    <p class='ocr_par' dir='ltr' id='par_1_11' title="bbox 502 3779 2883 4069">
     <span class='ocr_line' id='line_1_50' title="bbox 573 3779 2880 3858; baseline 0.004 -20"><span class='ocrx_word' id='word_1_491' title='bbox 573 3779 792 3847; x_wconf 79' lang='lat' dir='ltr'><strong>Adhuc,</strong></span> <span class='ocrx_word' id='word_1_492' title='bbox 817 3781 868 3837; x_wconf 91' lang='lat' dir='ltr'><strong>si</strong></span> <span class='ocrx_word' id='word_1_493' title='bbox 905 3779 1059 3838; x_wconf 78' lang='lat' dir='ltr'><strong>idem</strong></span> <span class='ocrx_word' id='word_1_494' title='bbox 1109 3786 1203 3838; x_wconf 89' lang='lat' dir='ltr'><strong>est</strong></span> <span class='ocrx_word' id='word_1_495' title='bbox 1238 3782 1615 3852; x_wconf 83' lang='lat' dir='ltr'><strong>suppositum</strong></span> <span class='ocrx_word' id='word_1_496' title='bbox 1655 3783 1932 3842; x_wconf 86' lang='lat' dir='ltr'><strong>humanae</strong></span> <span class='ocrx_word' id='word_1_497' title='bbox 1964 3788 2024 3842; x_wconf 85' lang='lat' dir='ltr'><strong>et</strong></span> <span class='ocrx_word' id='word_1_498' title='bbox 2057 3784 2277 3845; x_wconf 58' lang='lat' dir='ltr'><strong>divinas</strong></span> <span class='ocrx_word' id='word_1_499' title='bbox 2294 3791 2524 3847; x_wconf 80' lang='lat' dir='ltr'><strong>naturae</strong></span> <span class='ocrx_word' id='word_1_500' title='bbox 2568 3788 2635 3847; x_wconf 92' lang='lat' dir='ltr'><strong>in</strong></span> <span class='ocrx_word' id='word_1_501' title='bbox 2663 3788 2880 3858; x_wconf 80' lang='lat' dir='ltr'><strong>Christo,</strong></span> 
     </span>
     <span class='ocr_line' id='line_1_51' title="bbox 505 3849 2881 3940; baseline 0.004 -32"><span class='ocrx_word' id='word_1_502' title='bbox 505 3855 737 3920; x_wconf 87' lang='lat' dir='ltr'><strong>oportet</strong></span> <span class='ocrx_word' id='word_1_503' title='bbox 764 3849 924 3923; x_wconf 89' lang='lat' dir='ltr'><strong>quod</strong></span> <span class='ocrx_word' id='word_1_504' title='bbox 947 3851 1025 3908; x_wconf 88' lang='lat' dir='ltr'><strong>de</strong></span> <span class='ocrx_word' id='word_1_505' title='bbox 1044 3851 1349 3931; x_wconf 76' lang='lat' dir='ltr'><strong>intellectu</strong></span> <span class='ocrx_word' id='word_1_506' title='bbox 1384 3851 1644 3909; x_wconf 87' lang='lat' dir='ltr'><strong>hominis</strong></span> <span class='ocrx_word' id='word_1_507' title='bbox 1677 3854 1777 3925; x_wconf 87' lang='lat' dir='ltr'><strong>qui</strong></span> <span class='ocrx_word' id='word_1_508' title='bbox 1810 3861 1902 3911; x_wconf 88' lang='lat' dir='ltr'><strong>est</strong></span> <span class='ocrx_word' id='word_1_509' title='bbox 1928 3855 2200 3915; x_wconf 88' lang='lat' dir='ltr'><strong>Christus</strong></span> <span class='ocrx_word' id='word_1_510' title='bbox 2228 3856 2307 3914; x_wconf 91' lang='lat' dir='ltr'><strong>sit</strong></span> <span class='ocrx_word' id='word_1_511' title='bbox 2331 3857 2675 3940; x_wconf 87' lang='lat' dir='ltr'><strong>hypostasis</strong></span> <span class='ocrx_word' id='word_1_512' title='bbox 2701 3859 2881 3917; x_wconf 77' lang='lat' dir='ltr'><strong>divina.</strong></span> 
     </span>
     <span class='ocr_line' id='line_1_52' title="bbox 502 3920 2883 4003; baseline 0.005 -26"><span class='ocrx_word' id='word_1_513' title='bbox 502 3921 636 3977; x_wconf 72' lang='lat' dir='ltr'><strong>Non</strong></span> <span class='ocrx_word' id='word_1_514' title='bbox 659 3928 854 3978; x_wconf 83' lang='lat' dir='ltr'><strong>autem</strong></span> <span class='ocrx_word' id='word_1_515' title='bbox 886 3925 979 3978; x_wconf 90' lang='lat' dir='ltr'><strong>est</strong></span> <span class='ocrx_word' id='word_1_516' title='bbox 1004 3921 1077 3979; x_wconf 89' lang='lat' dir='ltr'><strong>de</strong></span> <span class='ocrx_word' id='word_1_517' title='bbox 1105 3920 1408 3980; x_wconf 79' lang='lat' dir='ltr'><strong>intellectu</strong></span> <span class='ocrx_word' id='word_1_518' title='bbox 1440 3921 1693 3987; x_wconf 90' lang='lat' dir='ltr'><strong>aliorum</strong></span> <span class='ocrx_word' id='word_1_519' title='bbox 1724 3924 2055 3982; x_wconf 88' lang='lat' dir='ltr'><strong>hominum.</strong></span> <span class='ocrx_word' id='word_1_520' title='bbox 2090 3928 2279 3985; x_wconf 83' lang='lat' dir='ltr'><strong>Homo</strong></span> <span class='ocrx_word' id='word_1_521' title='bbox 2304 3927 2491 4002; x_wconf 80' lang='lat' dir='ltr'><strong>igitur</strong></span> <span class='ocrx_word' id='word_1_522' title='bbox 2515 3934 2806 4003; x_wconf 80' lang='lat' dir='ltr'><strong>aequivoee</strong></span> <span class='ocrx_word' id='word_1_523' title='bbox 2825 3927 2883 3988; x_wconf 79' lang='lat' dir='ltr'><strong>de</strong></span> 
     </span>
     <span class='ocr_line' id='line_1_53' title="bbox 506 3989 2695 4069; baseline 0.006 -23"><span class='ocrx_word' id='word_1_524' title='bbox 506 3989 740 4048; x_wconf 86' lang='lat' dir='ltr'><strong>Christo</strong></span> <span class='ocrx_word' id='word_1_525' title='bbox 770 3990 999 4049; x_wconf 89' lang='lat' dir='ltr'><strong>dicetur</strong></span> <span class='ocrx_word' id='word_1_526' title='bbox 1024 3997 1085 4049; x_wconf 90' lang='lat' dir='ltr'><strong>et</strong></span> <span class='ocrx_word' id='word_1_527' title='bbox 1111 3992 1286 4061; x_wconf 89' lang='lat' dir='ltr'><strong>aliis;</strong></span> <span class='ocrx_word' id='word_1_528' title='bbox 1314 3997 1372 4049; x_wconf 91' lang='lat' dir='ltr'><strong>et</strong></span> <span class='ocrx_word' id='word_1_529' title='bbox 1400 3994 1491 4050; x_wconf 90' lang='lat' dir='ltr'><strong>sic</strong></span> <span class='ocrx_word' id='word_1_530' title='bbox 1516 4007 1639 4050; x_wconf 92' lang='lat' dir='ltr'><strong>non</strong></span> <span class='ocrx_word' id='word_1_531' title='bbox 1669 3995 1782 4051; x_wconf 88' lang='lat' dir='ltr'><strong>erit</strong></span> <span class='ocrx_word' id='word_1_532' title='bbox 1810 3995 2074 4067; x_wconf 73' lang='lat' dir='ltr'><strong>eiusdem</strong></span> <span class='ocrx_word' id='word_1_533' title='bbox 2105 3998 2327 4069; x_wconf 87' lang='lat' dir='ltr'><strong>speciei</strong></span> <span class='ocrx_word' id='word_1_534' title='bbox 2355 4000 2695 4059; x_wconf 87' lang='lat' dir='ltr'><strong>nobiseum.</strong></span> 
     </span>
    </p>

    <p class='ocr_par' dir='ltr' id='par_1_12' title="bbox 501 4062 2881 4292">
     <span class='ocr_line' id='line_1_54' title="bbox 572 4062 2877 4144; baseline 0.007 -29"><span class='ocrx_word' id='word_1_535' title='bbox 572 4062 849 4140; x_wconf 63' lang='grc' dir='ltr'><strong>ᾼρηριίαε,</strong></span> <span class='ocrx_word' id='word_1_536' title='bbox 881 4063 943 4118; x_wconf 91' lang='lat' dir='ltr'><strong>in</strong></span> <span class='ocrx_word' id='word_1_537' title='bbox 990 4062 1222 4120; x_wconf 88' lang='lat' dir='ltr'><strong>Christo</strong></span> <span class='ocrx_word' id='word_1_538' title='bbox 1252 4063 1365 4121; x_wconf 85' lang='lat' dir='ltr'><strong>tria</strong></span> <span class='ocrx_word' id='word_1_539' title='bbox 1407 4064 1810 4133; x_wconf 87' lang='lat' dir='ltr'><strong>inveniuntur,</strong></span> <span class='ocrx_word' id='word_1_540' title='bbox 1839 4071 1904 4123; x_wconf 91' lang='lat' dir='ltr'><strong>ut</strong></span> <span class='ocrx_word' id='word_1_541' title='bbox 1944 4080 2019 4123; x_wconf 84' lang='lat' dir='ltr'><strong>ex</strong></span> <span class='ocrx_word' id='word_1_542' title='bbox 2044 4066 2221 4126; x_wconf 87' lang='lat' dir='ltr'><strong>dictis</strong></span> <span class='ocrx_word' id='word_1_543' title='bbox 2253 4067 2329 4140; x_wconf 84' lang='lat' dir='ltr'><strong>(e.</strong></span> <span class='ocrx_word' id='word_1_544' title='bbox 2357 4072 2429 4127; x_wconf 84' lang='lat'><strong>28</strong></span> <span class='ocrx_word' id='word_1_545' title='bbox 2456 4076 2517 4128; x_wconf 88' lang='lat' dir='ltr'><strong>et</strong></span> <span class='ocrx_word' id='word_1_546' title='bbox 2556 4072 2707 4140; x_wconf 77' lang='lat' dir='ltr'><strong>seq.)</strong></span> <span class='ocrx_word' id='word_1_547' title='bbox 2734 4074 2877 4144; x_wconf 82' lang='lat' dir='ltr'><strong>patet,</strong></span> 
     </span>
     <span class='ocr_line' id='line_1_55' title="bbox 501 4129 2876 4211; baseline 0.003 -21"><span class='ocrx_word' id='word_1_548' title='bbox 501 4129 736 4190; x_wconf 75' lang='lat' dir='ltr'><strong>scilicet</strong></span> <span class='ocrx_word' id='word_1_549' title='bbox 761 4145 1000 4205; x_wconf 89' lang='lat' dir='ltr'><strong>corpus,</strong></span> <span class='ocrx_word' id='word_1_550' title='bbox 1031 4134 1232 4191; x_wconf 90' lang='lat' dir='ltr'><strong>anima</strong></span> <span class='ocrx_word' id='word_1_551' title='bbox 1259 4139 1320 4191; x_wconf 88' lang='lat' dir='ltr'><strong>et</strong></span> <span class='ocrx_word' id='word_1_552' title='bbox 1345 4132 1647 4192; x_wconf 87' lang='lat' dir='ltr'><strong>divinitas.</strong></span> <span class='ocrx_word' id='word_1_553' title='bbox 1676 4137 1889 4193; x_wconf 80' lang='lat' dir='ltr'><strong>Anima</strong></span> <span class='ocrx_word' id='word_1_554' title='bbox 1914 4143 2133 4205; x_wconf 86' lang='lat' dir='ltr'><strong>autem,</strong></span> <span class='ocrx_word' id='word_1_555' title='bbox 2159 4151 2344 4211; x_wconf 90' lang='lat' dir='ltr'><strong>quum</strong></span> <span class='ocrx_word' id='word_1_556' title='bbox 2385 4140 2465 4199; x_wconf 90' lang='lat' dir='ltr'><strong>sit</strong></span> <span class='ocrx_word' id='word_1_557' title='bbox 2490 4141 2749 4199; x_wconf 84' lang='lat' dir='ltr'><strong>nobilior</strong></span> <span class='ocrx_word' id='word_1_558' title='bbox 2775 4153 2876 4199; x_wconf 85' lang='lat' dir='ltr'><strong>cor·</strong></span> 
     </span>
     <span class='ocr_line' id='line_1_56' title="bbox 501 4203 2881 4292; baseline 0.006 -36"><span class='ocrx_word' id='word_1_559' title='bbox 501 4210 670 4279; x_wconf 85' lang='lat' dir='ltr'><strong>pore,</strong></span> <span class='ocrx_word' id='word_1_560' title='bbox 702 4215 823 4259; x_wconf 90' lang='lat' dir='ltr'><strong>non</strong></span> <span class='ocrx_word' id='word_1_561' title='bbox 866 4209 957 4260; x_wconf 88' lang='lat' dir='ltr'><strong>est</strong></span> <span class='ocrx_word' id='word_1_562' title='bbox 988 4203 1366 4275; x_wconf 87' lang='lat' dir='ltr'><strong>suppositum</strong></span> <span class='ocrx_word' id='word_1_563' title='bbox 1394 4207 1685 4276; x_wconf 87' lang='lat' dir='ltr'><strong>corporis,</strong></span> <span class='ocrx_word' id='word_1_564' title='bbox 1716 4206 1820 4263; x_wconf 83' lang='lat' dir='ltr'><strong>sed</strong></span> <span class='ocrx_word' id='word_1_565' title='bbox 1868 4208 2063 4279; x_wconf 88' lang='lat' dir='ltr'><strong>magis</strong></span> <span class='ocrx_word' id='word_1_566' title='bbox 2093 4208 2285 4267; x_wconf 85' lang='lat' dir='ltr'><strong>forma</strong></span> <span class='ocrx_word' id='word_1_567' title='bbox 2328 4209 2482 4282; x_wconf 86' lang='lat' dir='ltr'><strong>ejus.</strong></span> <span class='ocrx_word' id='word_1_568' title='bbox 2515 4213 2713 4292; x_wconf 78' lang='lat' dir='ltr'><strong>Neque</strong></span> <span class='ocrx_word' id='word_1_569' title='bbox 2737 4211 2881 4284; x_wconf 80' lang='lat' dir='ltr'><strong>igitur</strong></span> 
     </span>
    </p>
   </div>
   <div class='ocr_carea' id='block_1_3' title="bbox 501 4267 2874 4416">
    <p class='ocr_par' dir='ltr' id='par_1_13' title="bbox 501 4267 2874 4416">
     <span class='ocr_line' id='line_1_57' title="bbox 501 4267 2874 4357; baseline 0.007 -31"><span class='ocrx_word' id='word_1_570' title='bbox 501 4267 565 4350; x_wconf 75' lang='lat' dir='ltr'><strong>id</strong></span> <span class='ocrx_word' id='word_1_571' title='bbox 595 4272 752 4341; x_wconf 88' lang='lat' dir='ltr'><strong>quod</strong></span> <span class='ocrx_word' id='word_1_572' title='bbox 781 4277 873 4329; x_wconf 89' lang='lat' dir='ltr'><strong>est</strong></span> <span class='ocrx_word' id='word_1_573' title='bbox 916 4272 1182 4332; x_wconf 89' lang='lat' dir='ltr'><strong>divinum</strong></span> <span class='ocrx_word' id='word_1_574' title='bbox 1208 4281 1300 4333; x_wconf 88' lang='lat' dir='ltr'><strong>est</strong></span> <span class='ocrx_word' id='word_1_575' title='bbox 1337 4277 1715 4349; x_wconf 91' lang='lat' dir='ltr'><strong>suppositum</strong></span> <span class='ocrx_word' id='word_1_576' title='bbox 1747 4278 2023 4336; x_wconf 73' lang='lat' dir='ltr'><strong>humanae</strong></span> <span class='ocrx_word' id='word_1_577' title='bbox 2057 4284 2305 4352; x_wconf 79' lang='lat' dir='ltr'><strong>naturae,</strong></span> <span class='ocrx_word' id='word_1_578' title='bbox 2332 4280 2442 4348; x_wconf 85' lang='lat' dir='ltr'><strong>sed</strong></span> <span class='ocrx_word' id='word_1_579' title='bbox 2467 4293 2665 4357; x_wconf 78' lang='lat' dir='ltr'><strong>magis</strong></span> <span class='ocrx_word' id='word_1_580' title='bbox 2692 4284 2874 4343; x_wconf 73' lang='lat' dir='ltr'><strong>sorma-</strong></span> 
     </span>
     <span class='ocr_line' id='line_1_58' title="bbox 502 4336 1335 4416; baseline 0.01 -18"><span class='ocrx_word' id='word_1_581' title='bbox 502 4336 644 4398; x_wconf 86' lang='lat' dir='ltr'><strong>hter</strong></span> <span class='ocrx_word' id='word_1_582' title='bbox 669 4353 737 4398; x_wconf 90' lang='lat' dir='ltr'><strong>se</strong></span> <span class='ocrx_word' id='word_1_583' title='bbox 769 4340 997 4401; x_wconf 88' lang='lat' dir='ltr'><strong>hahens</strong></span> <span class='ocrx_word' id='word_1_584' title='bbox 1019 4344 1092 4403; x_wconf 91' lang='lat' dir='ltr'><strong>ad</strong></span> <span class='ocrx_word' id='word_1_585' title='bbox 1122 4345 1335 4416; x_wconf 86' lang='lat' dir='ltr'><strong>ipsam.</strong></span> 
     </span>
    </p>
   </div>
   <div class='ocr_carea' id='block_1_4' title="bbox 3003 1193 3009 2140">
    <p class='ocr_par' dir='ltr' id='par_1_14' title="bbox 3003 1193 3009 2140">
     <span class='ocr_line' id='line_1_59' title="bbox 3003 1193 3009 2140; baseline 0 0"><span class='ocrx_word' id='word_1_586' title='bbox 3003 1193 3009 2140; x_wconf 95' lang='lat' dir='ltr'><strong> </strong></span> 
     </span>
    </p>
   </div>
   <div class='ocr_carea' id='block_1_5' title="bbox 3002 2407 3012 3620">
    <p class='ocr_par' dir='ltr' id='par_1_15' title="bbox 3002 2407 3012 3620">
     <span class='ocr_line' id='line_1_60' title="bbox 3002 2407 3012 3620; baseline 0 0"><span class='ocrx_word' id='word_1_587' title='bbox 3002 2407 3012 3620; x_wconf 95' lang='lat' dir='ltr'><strong> </strong></span> 
     </span>
    </p>
   </div>
   <div class='ocr_carea' id='block_1_6' title="bbox 3002 3813 3011 4751">
    <p class='ocr_par' dir='ltr' id='par_1_16' title="bbox 3002 3813 3011 4751">
     <span class='ocr_line' id='line_1_61' title="bbox 3002 3813 3011 4751; baseline 0 0"><span class='ocrx_word' id='word_1_588' title='bbox 3002 3813 3011 4751; x_wconf 95' lang='lat' dir='ltr'><strong> </strong></span> 
     </span>
    </p>
   </div>
  </div>
 </body>
</html>
