3076 5025
467 245 576 299 230
1347 236 1480 291 Lm.
1521 235 1620 302 ul,
1661 234 1815 291 ΟΜ).
1854 233 2035 289 ΧΧΝ.

1446 504 1703 570 CAPUT
1728 504 1943 569 XXIV.

671 691 825 746 QUOD
861 689 1051 738 olum
1081 687 1389 736 Asturum·
1410 686 1638 744 BONUM,
1671 685 1861 733 mmt
1893 685 2029 739 011AE
2061 684 2416 734 memnona
2450 683 2707 732 mnam.

545 855 608 915 si
633 859 834 913 autem
861 865 1083 925 corpus
1108 851 1404 911 coelestea
1421 848 1762 909 substantia
1780 848 2168 907 intellectuali
2188 854 2481 919 movetur,
2500 853 2570 909 ut
2589 853 2908 909 ostensum

472 931 570 986 est
594 925 670 997 (c.
698 925 813 996 23),
841 928 1044 982 motus
1086 927 1287 982 autem
1326 920 1599 993 corporis
1627 919 1894 978 coelestis
1919 919 2232 978 ordinatur
2261 919 2337 979 ad
2366 920 2822 993 generationem
2847 921 2922 979 in

472 995 886 1064 inferioribus,
917 1007 1167 1052 necesse
1194 992 1470 1066 estquod
1493 990 1918 1065 generationes
1945 995 2233 1071 etmotus
2260 990 2519 1050 istorum
2559 990 2925 1049 inferiorum

517 1065 801 1125 recedant
827 1079 901 1123 ex
925 1063 1260 1123 intentione
1287 1062 1639 1122 substantiae
1666 1060 2082 1134 intelligenuS.
2114 1063 2182 1120 In
2203 1061 2480 1121 eumdem
2519 1061 2682 1119 enim
2731 1061 2927 1120 fertur

472 1082 655 1197 {nem
719 1135 975 1194 intentio
1022 1133 1375 1208 principalis
1426 1133 1664 1206 agentis
1693 1137 1751 1190 et
1805 1132 2216 1191 instrumenti.
2279 1132 2510 1191 Coelum
2576 1137 2777 1191 autem
2828 1137 2933 1191 est

473 1221 661 1268 causa
685 1206 1040 1265 inferiorum
1069 1210 1363 1274 motuum,
1395 1203 1727 1263 secundum
1754 1216 1934 1262 suum
1962 1209 2192 1260 motum
2220 1216 2341 1278 quo
2382 1207 2658 1262 movetur
2699 1217 2740 1263 a
2772 1202 2929 1263 sub-

475 1278 700 1339 stantia
720 1276 1111 1336 intellectuali
1133 1294 1149 1344 3
1175 1276 1449 1349 sequitur
1472 1289 1536 1334 er
1580 1288 1617 1333 o
1641 1273 1803 1346 quod
1833 1274 1916 1333 sit
1941 1273 2102 1332 sicut
2137 1273 2606 1355 instrumentum
2646 1272 2926 1335 intellec·

474 1348 659 1409 tualis
696 1347 1069 1407 substantiae.
1116 1348 1268 1405 Sunt
1307 1346 1493 1418 igitur
1562 1358 1745 1405 ormae
1791 1349 1849 1402 et
1887 1349 2090 1403 motus
2133 1346 2488 1403 inferiorum
2515 1357 2847 1417 corporum
2888 1359 2936 1404 a

477 1418 819 1480 substantia
861 1417 1253 1477 intellectuali
1296 1422 1559 1476 causatae
1607 1421 1668 1474 et
1707 1416 1955 1474 intentae
2002 1416 2162 1474 sicut
2205 1429 2241 1473 a
2269 1415 2584 1488 principali
2609 1422 2855 1497 agente,
2887 1430 2933 1476 a

476 1504 726 1564 corpore
764 1502 906 1548 vero
943 1488 1186 1547 coelesti
1231 1487 1389 1547 sicut
1433 1487 1507 1546 ab
1550 1487 1941 1545 intrumento.
1974 1487 2217 1558 Oportet
2244 1492 2443 1545 autem
2484 1486 2649 1560 quod
2681 1500 2928 1559 spectes

475 1574 686 1621 eorum
711 1573 845 1642 quae
895 1563 1224 1618 causantur
1251 1563 1310 1617 et
1340 1557 1738 1616 intenduntur
1786 1558 1860 1617 ab
1912 1556 2305 1615 intellectuali
2352 1564 2587 1639 agente,
2632 1557 2928 1629 praeexis·

474 1638 608 1692 tant
633 1633 696 1690 in
725 1630 1031 1689 intellectu
1057 1630 1275 1703 ipsiuS,
1309 1629 1468 1688 sicut
1493 1629 1703 1687 formae
1732 1626 2180 1686 artificiatorum
2209 1633 2599 1699 praeexlstuut
2624 1627 2689 1686 in
2743 1628 2925 1687 intel·

473 1704 635 1762 lectu
678 1700 948 1769 artificis,
991 1706 1051 1758 et
1091 1714 1166 1758 ex
1201 1700 1291 1759 eis
1322 1698 1668 1759 derivantur
1687 1699 1751 1756 iu
1781 1696 2053 1757 effectus.
2080 1699 2302 1780 anes
2322 1699 2507 1772 igitur
2536 1698 2746 1781 formae
2829 1712 2927 1759 uae

476 1777 622 1834 sunt
645 1773 713 1831 in
736 1772 873 1831 istis
897 1769 1284 1830 inferioribus
1303 1775 1365 1829 et
1390 1782 1605 1830 omnes
1631 1775 1835 1828 motus
1855 1770 2328 1827 determinantur
2345 1783 2383 1827 a
2405 1769 2617 1829 formis
2644 1769 2796 1828 1ntel
2824 1783 2924 1827 ec·

473 1842 742 1903 tualibus
787 1855 921 1916 quae
963 1846 1108 1901 sunt
1151 1842 1217 1899 in
1258 1841 1566 1899 intellectu
1611 1840 1871 1913 alicujus
1914 1839 2268 1899 substantiae
2306 1838 2399 1898 vel
2437 1840 2808 1914 aliquarum.
2854 1842 2927 1899 Et

472 1920 717 1989 propter
743 1913 859 1971 boc
883 1912 1030 1971 dicit
1057 1912 1300 1971 Boetius
1331 1912 1429 1984 (De
1456 1914 1680 1982 Trinit..
1710 1925 1763 1969 c.
1792 1911 1846 1983 3)
1875 1910 2037 1992 quod
2066 1910 2273 1970 sormae
2302 1924 2435 1984 quae
2460 1916 2607 1970 sunt
2639 1911 2706 1970 in
2735 1916 2922 1970 mate·

474 1986 571 2044 ria
597 1989 890 2043 venerunt
909 1997 946 2040 a
972 1982 1184 2041 formis
1206 1995 1340 2056 quae
1362 1987 1507 2040 sunt
1531 1982 1666 2040 sine
1693 1983 2092 2051 mater1a;‘et‚
2127 1987 2418 2055 quantum
2446 1981 2519 2040 ad
2547 1979 2689 2054 hoc,
2716 1981 2918 2041 verifi-

475 2061 647 2116 catur
662 2054 887 2114 dictum
912 2052 1374 2128 Platonis‚quod
1401 2052 1609 2111 sormae
1637 2058 1926 2125 separatae
1946 2059 2090 2110 sunt
2115 2052 2412 2125 principia
2430 2052 2759 2113 formarum
2778 2066 2914 2135 quae

476 2132 622 2186 sunt
665 2126 730 2184 in
768 2124 1037 2193 materia,
1068 2123 1208 2181 licet
1295 2124 1525 2182 osuerit
1551 2137 1657 2182 eas
1685 2136 1792 2195 per
1823 2135 1889 2181 se
1919 2122 2322 2182 subsistentes
2351 2129 2411 2181 et
2433 2130 2758 2183 causantes
2797 2136 2915 2182 im·

475 2196 732 2255 mediate
761 2196 987 2254 formas
1014 2138 1426 2276 sensibiflum
1457 2206 1573 2253 nos
1584 2206 1726 2251 vero
1742 2194 2034 2276 ponimus·
2047 2207 2154 2255 eas
2172 2194 2236 2254 in
2256 2194 2566 2253 intellectu
2583 2196 2912 2254 existentes

477 2272 538 2327 et
563 2271 885 2326 causantes
913 2265 1140 2324 formas
1169 2265 1485 2323 inferiores
1514 2279 1620 2336 per
1642 2270 1873 2323 motum
1900 2265 2060 2324 coeli.

547 2338 702 2407 Quia
730 2349 869 2395 vero
901 2349 1080 2395 omne
1107 2334 1270 2409 quod
1299 2340 1572 2393 movetur
1591 2334 1666 2394 ab
1695 2335 1899 2409 aliquo
1932 2349 2039 2408 per
2064 2349 2133 2394 se
2159 2340 2216 2394 et
2244 2349 2369 2394 non
2398 2336 2735 2396 secundum
2761 2336 2917 2397 acci·

480 2407 653 2478 dens,
685 2407 964 2488 dirigitur
990 2406 1066 2465 ab
1088 2406 1252 2465 eoin
1279 2404 1461 2465 finem
1493 2408 1592 2464 sui
1622 2411 1846 2474 motus,
1876 2419 2096 2478 corpus
2125 2411 2325 2465 autem
2366 2407 2614 2466 coeleste
2640 2413 2915 2466 movetur

477 2493 518 2539 a
543 2479 883 2538 substantia
914 2476 1305 2537 intellectuali
1347 2481 1406 2535 et
1432 2483 1644 2536 causat
1668 2491 1777 2550 per
1804 2477 1900 2537 sui
1928 2482 2159 2536 motum
2189 2490 2404 2536 omnes
2433 2484 2636 2538 motus
2662 2478 2729 2538 in
2774 2477 2910 2539 istis

474 2549 889 2620 inferioribus,
925 2548 1338 2608 necessarium
1365 2548 1648 2622 estquod
1668 2561 1890 2622 corpus
1915 2548 2159 2608 coeleste
2188 2548 2480 2619 dirigatur
2505 2550 2572 2607 iu
2600 2550 2785 2610 finem
2812 2550 2911 2608 sui

478 2626 683 2703 motus
710 2635 817 2694 per
853 2618 1254 2747 substagltiam
1274 2619 1764 2690 intellectualem,
1793 2624 1852 2678 et
1879 2633 1985 2692 per
2025 2631 2410 2692 consequens
2449 2619 2740 2680 inferiora
2780 2634 2913 2680 cor·

522 2703 721 2750 oram
791 2704 858 2750 ro
902 2703 1027 2749 rios
1099 2704 1209 2749 nes

477 2704 519 2764 p
551 2761 650 2821 Sic
678 2706 1012 2835 ing-pnon
1040 2765 1134 2819 est
1159 2758 1404 2820 difficile
1428 2759 1633 2820 videre
1660 2759 1918 2833 qualiter
1958 2759 2258 2819 naturalia
2283 2773 2539 2834 corpora
2561 2761 2917 2835 cognitione

477 2832 742 2892 carentia
807 2837 1162 2890 moveantur
1204 2836 1264 2890 et
1331 2837 1515 2903 agant
1575 2836 1819 2904 propter
1870 2829 2075 2889 finem.
2105 2830 2378 2889 Tendunt
2404 2831 2567 2890 enim
2594 2831 2661 2889 in
2726 2829 2915 2892 finem

476 2903 637 2960 sicut
674 2900 904 2961 directa
934 2902 998 2958 in
1037 2900 1219 2959 finem
1266 2915 1302 2959 a
1347 2901 1686 2961 substantia
1726 2900 2100 2982 intelli-gente
2127 2917 2235 2974 per
2261 2901 2508 2961 modum
2539 2916 2660 2977 quo
2689 2903 2919 2976 sagitta

475 2971 669 3052 tendit
706 2971 781 3053 ad
833 2972 1078 3045 signum
1124 2971 1348 3030 directa
1390 2986 1443 3053 a·
1469 2972 1830 3045 sagittante;
1875 2978 2033 3030 sicut
2069 2972 2231 3030 enim
2257 2972 2478 3045 sagitta
2513 2973 2918 3101 cousetlluitur

474 3041 933 3122 1ncl1nationem
985 3041 1062 3101 ad
1114 3041 1355 3115 signum
1392 3054 1520 3101 sive
1560 3042 1636 3100 ad
1682 3040 1864 3100 finem
1909 3041 2366 3101 determinatum
2410 3057 2485 3101 ex
2537 3042 2703 3116 impu
2732 3043 2915 3104 sione

475 3112 844 3184 sagittantis,
875 3113 961 3171 ita
1004 3124 1257 3185 corpora
1303 3112 1604 3172 naturalia
1647 3120 2098 3187 consequuntur
2137 3113 2594 3174 inclinationem
2635 3114 2703 3172 in
2750 3112 2914 3176 fines

475 3181 781 3241 naturales
809 3197 883 3241 ex
910 3180 1290 3242 moventibus
1318 3183 1716 3254 naturalibus,
1747 3197 1821 3242 ex
1848 3184 2071 3258 quibus
2098 3185 2434 3243 sortiuntur
2459 3198 2606 3245 suas
2650 3184 2913 3256 formas,

473 3258 538 3311 et
575 3253 827 3312 virtutes
871 3258 954 3334 et·
974 3259 1195 3312 motus.
1227 3253 1392 3335 Unde
1442 3254 1623 3312 etiam
1650 3259 1813 3327 patet
1838 3254 1999 3327 quod
2026 3254 2337 3327 quodlibet
2360 3269 2516 3327 opus
2552 3262 2783 3315 naturae
2813 3262 2916 3315 est

475 3337 631 3395 opus
658 3322 1010 3383 substantiae
1033 3323 1455 3398 intelligent1s;
1488 3339 1629 3386 nam
1656 3323 1906 3383 effectus
1934 3326 2328 3406 principalius
2344 3326 2692 3386 attribuitur
2710 3326 2915 3399 primo

473 3394 737 3453 moventi
762 3394 1042 3476 dirigenti
1069 3395 1134 3453 in
1152 3394 1333 3453 finem
1358 3409 1538 3469 quam
1567 3397 1987 3455 instrumentis
2015 3396 2091 3454 ab
2119 3409 2193 3455 eo
2222 3395 2468 3455 directis
2491 3415 2508 3468 ;
2556 3402 2619 3456 et
2665 3403 2919 3478 propter

473 3464 592 3525 hoe
618 3471 1001 3536 operationes
1046 3470 1274 3525 naturae
1318 3466 1711 3526 inveniuntur
1735 3466 2007 3526 ordinate
2036 3466 2360 3538 procedere
2386 3467 2462 3527 ad
2510 3465 2714 3537 finem,
2745 3472 2919 3527 sicut

455 3537 856 3609 ,operationes
902 3536 1215 3609 sapientis,
1247 3537 1500 3596 Planum
1530 3538 1710 3614 igitur
1737 3538 1804 3595 fit
1830 3536 1993 3611 quod
2035 3551 2110 3595 ea
2144 3538 2325 3597 etiam
2372 3552 2506 3611 quae
2554 3538 2917 3612 cognitione

473 3612 678 3665 carent
703 3614 961 3678 possunt
989 3607 1221 3680 operari
1237 3613 1478 3680 propter
1495 3607 1699 3678 finem,
1721 3615 1781 3666 et
1793 3614 2069 3681 appetere
2088 3605 2317 3668 bonum
2334 3609 2594 3668 naturali
2614 3609 2913 3682 appetitu,

473 3684 533 3736 et
560 3691 632 3750 ap
675 3683 834 3736 etere
854 3678 1117 3737 divinam
1136 3677 1596 3738 similitudinem
1626 3683 1686 3737 et
1709 3679 2012 3751 propriam
2037 3679 2485 3751 perfectionem.
2516 3683 2650 3739 Non
2675 3686 2772 3753 est
2798 3694 2912 3739 au·

469 3753 592 3806 tem
660 3745 960 3808 ifferentia
983 3749 1110 3807 sive
1145 3748 1262 3808 hoc
1286 3749 1413 3807 sive
1435 3748 1589 3807 illud
1617 3748 1868 3808 dicatur.
1902 3751 2051 3809 Nam
2079 3763 2186 3823 per
2209 3750 2325 3809 boc
2352 3750 2608 3810 tendunt
2635 3750 2700 3811 in
2729 3762 2913 3811 suam

513 3819 899 3878 erfectionem
943 3819 1105 3893 quod
1154 3818 1408 3878 tendunt
1443 3819 1519 3878 ad
1564 3819 1812 3890 bonum,
1840 3833 2028 3893 quum
2079 3820 2550 3895 unumquodque
2578 3822 2912 3882 intantum

555 3903 700 3949 num
729 3890 900 3948 sitin
928 3895 1219 3963 quantum
1244 3895 1337 3949 est
1361 3891 1711 3963 perfectum.
1741 3890 2081 3950 Secundum
2106 3904 2246 3950 vero
2276 3891 2439 3965 quod
2467 3892 2660 3951 tendit
2686 3893 2764 3951 ad
2793 3890 2910 3951 hoc

472 3959 767 4089 guodffit
790 3960 1246 4090 bonumttendilt
1279 3961 1342 4018 in
1367 3960 2159 4090 αἰνίηἷιωϋείωίιίῐιιᾱίῶιοωὴ,
2192 3964 2315 4020 Deo
2330 3962 2519 4091 lerhiu}1
2535 3963 2912 4090 assimilatur

468 4043 664 4156 1133?ss
694 4044 857 4174 qtssa
870 4043 1856 4185 qdi?a¹1iffetl1?1¹it¹,¹{¹13⁸<fuassl²u¹ffl¹
1874 4045 1969 4160 3⁸¹}
2012 4044 2348 4185 ὲῗωῧῗηῖιῖ,
2374 4039 2908 4187 ὶτῗωέἳῖἒζὲἴέἑὲ

467 4174 712 4250 propter
762 4171 879 4231 boc
922 4177 1111 4246 igitur
1155 4171 1348 4231 tendit
1386 4186 1454 4231 in
1496 4186 1805 4246 proprium
1852 4171 2081 4231 bonum
2163 4187 2265 4232 uia
2307 4173 2500 4233 tendit
2539 4187 2604 4233 m
2639 4175 2913 4235 divinam

468 4239 954 4322 similitudinem,
982 4249 1042 4301 et
1059 4256 1186 4302 non
1212 4256 1246 4302 e
1275 4255 1589 4304 converso.
1623 4244 1787 4303 Unde
1808 4248 1972 4316 patet
1993 4256 2116 4318 quo
2194 4244 2404 4304 omnia
2428 4250 2721 4318 appetunt
2765 4243 2916 4304 divi-

472 4318 616 4366 nam
644 4310 1112 4372 sumlitudinem
1139 4313 1315 4388 quasi
1343 4314 1622 4374 ultimum
1649 4314 1850 4375 finem·

543 4380 775 4440 Bonum
796 4387 997 4442 autem
1020 4397 1201 4445 suum
1227 4383 1554 4458 cujuslibet
1577 4387 1664 4447 rei
1685 4390 1888 4458 potest
1915 4386 2107 4461 accipi
2130 4385 2560 4459 multipliciter.
2598 4388 2731 4446 Uno
2762 4385 2917 4460 ⁴qui-
