3076 5025
1122 343 1257 400 Lm.
1298 344 1345 412 1,
1383 344 1535 401 ΠΛΡ.
1571 343 1779 401 van.
2589 349 2670 408 71

214 470 325 525 tem
360 464 881 524 circumferentiis
908 463 1068 524 facit.
1105 466 1381 522 Centrum
1411 479 1553 524 vero
1584 464 1744 539 quod
1788 469 1881 523 est
1908 468 2076 523 extra
2099 465 2667 537 circumferentiam

218 537 286 598 ad
318 536 645 609 quodlibet
688 543 973 617 punctum
1006 535 1069 592 in
1106 535 1586 593 circumferentia
1629 536 1930 607 signatum
1960 534 2180 593 directe
2223 538 2666 607 oppositionem

218 606 414 668 habet.
445 606 755 678 Quicquid
784 606 967 686 igitur
994 605 1056 662 in
1084 620 1459 688 quacumque
1490 612 1655 677 parte
1681 605 1967 676 temporis
1989 609 2099 673 est,
2122 607 2397 663 coexistit
2419 613 2665 681 aeternO,

220 677 386 751 quasi
486 683 724 734 raesens
772 675 984 743 eidem,
1016 682 1128 733 etsi
1179 681 1451 747 respectu
1480 675 1729 735 alterius
1757 676 1940 757 partis
1970 676 2256 746 temporis
2286 677 2365 734 sit
2403 681 2665 749 praeteri-

219 751 339 806 tum
362 762 439 804 ve
500 747 798 804 futurum.
830 749 1065 804 AEterno
1095 755 1292 804 autem
1323 760 1442 803 non
1474 753 1672 817 potest
1699 746 1922 818 aliquid
1957 747 2408 816 praesentialiter
2438 750 2668 810 coexis-

221 825 358 886 tere,
392 818 513 875 nisi
563 817 699 884 toti,
737 817 881 889 quia
921 817 1330 875 successionis
1361 818 1732 874 dui-ationem
1765 831 1888 874 non
1927 817 2124 875 habet.
2157 817 2451 890 Quicquid
2488 820 2669 892 igitur

222 903 323 962 per
350 893 553 945 totum
580 889 905 945 decursum
935 889 1223 959 temporis
1249 888 1464 960 agitur.
1490 888 1731 945 divinus
1760 887 2100 945 intellectus
2129 887 2193 943 in
2221 893 2346 946 tota
2367 903 2479 947 sua
2503 899 2666 949 aeter-

224 961 409 1017 nitate
442 959 717 1015 intuetur
766 958 938 1031 quasi
986 972 1273 1029 praesenS‚
1322 973 1428 1015 nec
1461 965 1662 1016 tamen
1694 958 1854 1031 quod
1896 958 2148 1030 quadam
2182 964 2345 1028 parte
2379 961 2666 1031 temporis

226 1031 439 1103 agitur,
472 1042 716 1098 semper
743 1028 858 1086 fuit
884 1028 1168 1086 existens.
1193 1029 1573 1101 Relinquitur
1604 1029 1804 1100 igitur,
1827 1027 1986 1100 quod
2035 1042 2241 1087 eorum
2283 1045 2415 1102 quae
2459 1044 2669 1098 secun·

229 1099 364 1158 dnm
398 1098 729 1156 decursum
758 1098 1046 1179 temporis
1078 1098 1346 1156 nondum
1377 1105 1537 1166 sunt,
1573 1102 1731 1157 Deus
1761 1098 2035 1156 notitiam
2065 1098 2262 1156 habet.

290 1171 404 1227 Per
434 1170 551 1227 has
580 1170 768 1241 igitur
792 1176 1056 1228 rationes
1086 1174 1347 1241 apparet,
1372 1169 1533 1240 quod
1566 1171 1720 1228 Deus
1751 1184 1872 1227 non
1895 1170 2119 1227 entium
2153 1169 2423 1226 notitiam
2451 1170 2663 1231 habet:

226 1253 348 1299 non
372 1246 579 1297 tamen
610 1240 820 1296 omnia
849 1254 968 1298 non
998 1241 1160 1297 entia
1188 1239 1456 1297 eamdem
1490 1240 1710 1297 habent
1757 1239 2164 1298 habitudinem
2198 1240 2268 1296 ad
2308 1240 2436 1312 ejns
2463 1242 2666 1299 scien-

224 1311 384 1370 tiam.
429 1314 512 1367 Ea
559 1311 721 1367 enim
771 1324 903 1390 quae
942 1325 1064 1368 non
1114 1315 1275 1379 sunt,
1314 1325 1424 1367 nec
1468 1316 1661 1377 erunt,
1695 1323 1803 1366 nec
1845 1310 2107 1379 fuerunt,
2149 1327 2185 1367 a
2226 1312 2344 1367 Deo
2394 1311 2668 1370 sciuntur

224 1382 394 1509 iluasi
430 1381 567 1452 ejus
596 1380 800 1437 virtuti
844 1381 1181 1452 possibilia.
1213 1380 1377 1437 Unde
1409 1394 1528 1438 non
1562 1379 1874 1452 cognoscit
1901 1395 1972 1438 ea
1999 1387 2062 1438 ut
2093 1380 2408 1438 existentia
2437 1381 2667 1454 aliqua-

249 1457 358 1509 lter
378 1451 441 1507 in
464 1451 711 1521 seipsis,
744 1451 852 1508 sed
882 1457 942 1508 ut
973 1452 1291 1508 existentia
1318 1452 1516 1509 solum
1549 1452 1607 1508 in
1637 1451 1904 1522 potentia
1930 1450 2130 1508 divina
2152 1470 2170 1506 .·
2202 1465 2334 1523 quae
2360 1451 2603 1523 quidem
2626 1467 2665 1512 a

304 1521 587 1579 ibusdam
619 1521 902 1579 dicuntur
929 1536 966 1578 a
992 1525 1114 1579 Deo
1142 1522 1450 1593 cognosci,
1485 1522 1815 1579 secundum
1857 1522 2130 1578 notitiam
2162 1521 2456 1592 simplicis
2487 1522 2665 1580 intel-

271 1595 509 1665 gentiae.
546 1595 627 1649 Ea
654 1605 797 1648 vero
828 1607 959 1664 quae
988 1597 1130 1649 sunt
1156 1593 1494 1662 praesentia,
1522 1593 1840 1664 praeterita‚
1871 1592 1965 1649 vel
1997 1593 2195 1650 futura
2225 1593 2422 1661 nobis,
2446 1607 2667 1666 coguo-

232 1664 344 1720 scit
371 1666 531 1720 Deus
554 1662 892 1720 secundum
924 1663 1085 1735 quod
1128 1669 1272 1720 sunt
1313 1665 1376 1720 in
1416 1679 1528 1720 sua
1576 1663 1859 1734 potentia,
1894 1663 2036 1718 etin
2067 1662 2324 1733 propriis
2354 1665 2577 1731 causiS‚
2611 1668 2669 1722 et

235 1732 303 1790 ‘in
339 1733 573 1804 seipsis.
618 1735 688 1790 Et
727 1733 942 1790 horum
978 1733 1252 1805 ¹cognitio
1299 1733 1517 1790 dicitur
1559 1734 1774 1790 notitia
1811 1733 2091 1791 visionis,
2124 1735 2255 1790 Non
2301 1734 2460 1790 enim
2505 1737 2666 1794 Deus

241 1815 433 1862 rerum
459 1818 586 1875 quae
616 1801 779 1874 apud
805 1816 919 1859 nos
945 1803 1210 1861 nondum
1242 1810 1403 1873 sunt,
1424 1804 1584 1861 videt
1609 1804 1806 1860 solum
1836 1818 1971 1861 esse
2001 1801 2158 1876 quod
2192 1802 2410 1860 liabent
2438 1804 2500 1861 in
2532 1804 2664 1863 suis

242 1874 452 1939 causis,
473 1873 581 1931 sed
613 1874 797 1931 etiam
826 1873 970 1931 illud
1046 1873 1160 1931 uod
1196 1874 1418 1932 habent
1442 1874 1503 1930 in
1535 1875 1775 1945 seipsiS,
1798 1873 1861 1930 in
1891 1880 2177 1947 quantum
2208 1875 2337 1945 eJus
2365 1875 2674 1935 aeternitas·

237 1950 325 2002 est
360 1957 629 2025 praesens
667 1944 729 2000 in
778 1957 891 2003 sua
922 1887 1405 2025 ingivisitiilitate
1446 1945 1607 2026 omni
1649 1945 1923 2015 tempori.
1957 1946 2025 2001 Et
2063 1949 2257 2002 tamen
2293 1959 2431 2003 esse
2460 1945 2676 2025 cujus&

231 2027 483 2086 cumque
532 2027 619 2071 rei
672 2016 833 2072 Deus
878 2021 1191 2086 cognoscit
1228 2030 1331 2086 per
1369 2021 1694 2073 essentiam
1736 2029 1931 2072 suam.
1959 2016 2107 2072 Nam
2137 2029 2249 2072 sua
2277 2021 2542 2072 essentia
2571 2021 2675 2082 est,

222 2084 735 2165 mpraesentabilis
778 2099 883 2155 per
928 2087 1112 2142 multa
1163 2099 1295 2158 quae
1344 2100 1467 2142 non
1514 2090 1683 2147 sunt,
1723 2100 1832 2142 nec
1862 2091 2064 2154 erunt,
2099 2099 2205 2141 nec
2237 2086 2494 2143 fuerunt.
2529 2088 2667 2158 Ipsa

220 2160 402 2214 etiam
434 2161 531 2213 est
561 2155 896 2213 similitudo
927 2156 1162 2214 virtutis
1191 2156 1507 2227 cujuslibet
1548 2170 1768 2224 causae,
1800 2156 2129 2214 secundum
2161 2171 2337 2227 quam
2381 2156 2662 2227 praeexis-

220 2228 359 2285 tunt
387 2224 645 2283 effectus
674 2225 736 2282 in
767 2226 990 2283 causis.
1040 2228 1181 2284 Esse
1221 2228 1399 2283 etiam
1435 2226 1757 2306 cujuslibet
1795 2224 1902 2294 rei,
1934 2226 2094 2298 quod
2125 2225 2301 2283 habet
2339 2227 2401 2283 in
2438 2228 2666 2298 seipsa,

223 2302 317 2355 est
344 2298 421 2354 ab
452 2311 527 2354 ea
556 2297 971 2367 exemplariter
1009 2296 1346 2354 deductum.
1378 2296 1470 2354 Sic
1509 2297 1692 2378 igitur
1719 2311 1840 2354 non
1882 2296 2041 2354 entia
2069 2297 2385 2368 cognoscit
2415 2297 2571 2355 Deus
2598 2296 2666 2356 in

222 2373 519 2439 quantum
552 2369 756 2439 aliquo
779 2367 955 2424 modo
982 2367 1200 2424 hahent
1230 2382 1385 2434 esse,
1408 2366 1499 2424 vel
1531 2381 1591 2424 in
1625 2367 1890 2438 potentia
1912 2367 2037 2429 Dei,
2060 2367 2154 2424 vel
2183 2367 2247 2424 in
2270 2367 2474 2444 causis
2504 2366 2660 2439 suis,

221 2437 315 2496 vel
347 2439 411 2494 in
442 2437 689 2507 seipsis,
721 2438 879 2510 quod
910 2437 1126 2494 rationi
1159 2437 1426 2495 scientiae
1458 2452 1580 2494 non
1622 2438 1882 2496 obsistit.

294 2510 403 2566 His
432 2516 634 2566 autem
666 2522 797 2581 quae
824 2508 1136 2580 praemissa
1164 2516 1305 2566 sunt
1335 2510 1511 2566 etiam
1552 2524 1736 2566 sacrae
1782 2509 2094 2578 scripturae
2125 2509 2451 2566 auctoritas
2489 2510 2659 2568 testi-

228 2581 505 2637 monium
547 2579 836 2650 perhibet.
868 2580 1092 2637 Dicitur
1109 2579 1509 2648 enim,Eccli.,
1540 2592 1709 2641 xxiii,
1738 2582 1808 2636 29
1841 2596 1853 2635 :
1884 2582 2113 2635 Domino
2140 2582 2244 2635 Deo
2270 2584 2472 2649 nostro,
2503 2585 2662 2637 ante-

224 2664 392 2719 quam
419 2654 757 2712 crearentur,
793 2655 922 2705 nota
948 2653 1079 2707 sunt
1104 2653 1305 2712 omnia,
1334 2652 1478 2704 sicut
1505 2655 1556 2704 et
1580 2654 1702 2718 post
1725 2650 2026 2718 perfectum
2054 2652 2322 2716 coquoscn
2350 2653 2571 2719 omma,-
2601 2654 2665 2711 et

223 2721 467 2789 ierem„
498 2734 542 2788 1,
576 2724 607 2775 5
642 2739 655 2775 :
687 2722 1012 2790 Priusquam
1042 2725 1093 2775 te
1114 2722 1409 2788 formarem
1436 2723 1496 2773 in
1522 2725 1694 2786 utero,
1724 2721 1850 2773 novi
1878 2723 1947 2775 te.

293 2793 468 2847 Patet
508 2795 709 2847 autem
761 2805 833 2847 ex
879 2791 1229 2860 praemissiS,
1266 2788 1429 2861 quod
1482 2803 1603 2846 non
1649 2789 1919 2860 cogimur
1955 2786 2174 2854 dicere,
2206 2789 2363 2845 sicut
2410 2790 2656 2869 quidam

223 2857 526 2926 dixerunt,
562 2861 750 2916 Deum
781 2860 1195 2918 universaliter
1220 2859 1548 2932 singularia
1579 2872 1965 2932 cognoscere,
1993 2858 2134 2929 quia
2153 2866 2468 2930 cognoscit
2492 2876 2564 2919 ea
2592 2862 2659 2920 in

221 2931 432 2989 causis
466 2928 912 2988 universalibus
947 2936 1198 3000 tantum,
1231 2931 1388 2988 sicut
1428 2930 1530 3002 qui
1577 2934 1968 3000 cognosceret
2013 2928 2281 3000 eclipsim
2329 2928 2504 3000 lianc,
2536 2944 2665 3059 nckn

218 3006 405 3073 prout
433 2999 588 3068 haec,
611 3001 716 3058 sed
742 3006 921 3072 prout
946 3003 1218 3075 provenit
1241 3016 1327 3082 ex.
1342 2999 1744 3076 oppositione,
1770 3014 1907 3058 cum
1936 3004 2246 3058 ostensum
2276 3000 2357 3057 sit
2396 3000 2550 3074 (cap.
2568 3005 2601 3059 ὅ
2637 2996 2662 3075 )

298 3074 379 3135 od
419 3074 631 3134 divina
670 3074 942 3146 cognitio
984 3086 1050 3147 se
1094 3075 1360 3135 extendit
1401 3075 1481 3132 ad
1518 3074 1857 3146 singularia
1901 3075 2084 3147 prout
2127 3077 2276 3134 sunt
2308 3072 2377 3133 in
2415 3078 2661 3148 seipsis,

290 3151 477 3220 part„
506 3157 727 3221 mxiv,
756 3149 867 3203 art.
894 3142 977 3216 9.)

1186 3291 1441 3358 CAPUT
1477 3290 1713 3359 LXVII.

534 3465 694 3519 QUOD
728 3464 880 3511 DEUS
906 3464 1224 3510 coenosum
1259 3463 1617 3512 smennnu
1649 3460 2080 3515 mmmmm
2107 3462 2363 3514 mm·

290 3608 377 3663 Ex
423 3602 527 3660 his
572 3608 773 3660 autem
817 3601 939 3682 jain
986 3601 1325 3674 aliqualiter
1366 3605 1814 3681 pateretpotest
1853 3603 2015 3673 quod
2061 3603 2542 3675 contingentium
2588 3599 2666 3664 ab

221 3681 451 3735 aeterno
482 3677 644 3731 Deus
675 3673 1048 3729 infallibilem
1078 3673 1388 3729 scientiam
1426 3671 1651 3739 habuit,
1681 3684 1790 3728 nec
1825 3676 2026 3730 tamen
2079 3674 2492 3744 contingentia
2521 3683 2665 3734 csso

221 3746 551 3806 desistunt.
601 3744 811 3801 contin
860 3755 968 3799 ens
1011 3743 1171 3799 enim
1218 3743 1558 3799 certitudini
1605 3742 1975 3813 cognitionis
2023 3757 2144 3802 non
2191 3749 2502 3816 repugnat,
2544 3743 2667 3805 nisi

223 3816 566 3875 secundum
611 3814 772 3886 quod
846 3820 1083 3870 uturum
1124 3818 1236 3880 est,
1286 3826 1406 3870 non
1454 3819 1655 3870 autem
1694 3813 2024 3871 secundum
2049 3815 2213 3886 quod
2242 3827 2510 3887 praesens
2549 3819 2662 3874 est.

225 3889 603 3959 contingens
629 3886 814 3950 enini,
843 3898 981 3941 cum
1013 3885 1275 3940 futurum
1306 3890 1417 3949 est,
1448 3890 1643 3954 potest
1673 3896 1796 3940 non
1819 3897 1979 3953 esse,
2007 3891 2068 3941 et
2094 3886 2183 3942 sic
2206 3887 2476 3957 cognitio
2505 3886 2662 3944 aisti·

230 3959 448 4015 mantis
476 3958 679 4028 ipsum
716 3955 978 4012 futurum
1006 3968 1162 4021 esse,
1188 3954 1311 4010 salli
1334 3961 1548 4025 potest.
1571 3954 1896 4012 fullei-etur
1919 3954 2103 4024 enim,
2130 3955 2181 4013 si
2214 3970 2336 4013 non
2357 3959 2468 4014 erit
2502 3955 2665 4030 quod

233 4026 495 4086 futurum
538 4040 679 4083 esse
724 4025 1057 4093 aestimavit,
1105 4028 1183 4081 Ex
1226 4038 1347 4096 quo
1393 4032 1590 4082 autem
1633 4037 1898 4095 praesens
1940 4030 2052 4093 est,
2083 4038 2191 4095 pro
2235 4026 2340 4082 illo
2370 4034 2659 4099 tempore.

227 4111 344 4157 non
370 4105 581 4170 potest
610 4108 733 4153 non
761 4109 942 4153 esse:
974 4101 1169 4166 potest
1216 4100 1416 4152 autem
1464 4096 1525 4151 in
1573 4097 1839 4152 futurum
1883 4108 2006 4152 non
2045 4108 2205 4154 esse.
2238 4096 2346 4153 Sed
2381 4098 2494 4154 hoc
2537 4110 2666 4157 non

212 4168 338 4242 jam
372 4171 641 4243 pertinet
666 4166 741 4223 ad
774 4167 1134 4239 contingens
1179 4172 1355 4236 prout
1401 4179 1668 4235 praesens
1715 4172 1828 4235 est,
1877 4165 1986 4223 sed
2027 4172 2204 4238 prout
2251 4167 2512 4224 futurum
2551 4173 2665 4241 est,

218 4243 377 4299 nude
410 4240 573 4297 niliil
607 4238 948 4295 certitudini
978 4250 1197 4296 sensus
1226 4237 1476 4307 deperit,
1497 4251 1635 4293 curn
1666 4238 1802 4308 quis
1831 4235 2045 4293 viderit
2069 4250 2308 4295 currere
2337 4237 2664 4308 hominem,

215 4313 502 4385 quamvis
556 4310 674 4366 hoc
726 4307 948 4365 dictum
997 4308 1076 4364 sit
1114 4308 1499 4378 contingens,
1534 4310 1746 4364 Omnis
1793 4306 1979 4377 igitur
2005 4308 2291 4382 cognitio,
2321 4322 2455 4388 quae
2486 4320 2671 4380 supra.

213 4384 597 4453 contingens
644 4379 849 4446 fertur,
900 4384 1076 4449 prout
1114 4391 1383 4449 praesens
1429 4384 1542 4446 est,
1594 4384 1753 4434 certa
1797 4390 1935 4435 esse
1981 4384 2195 4449 potest.
2240 4380 2432 4436 bivini
2468 4385 2667 4436 autem

212 4453 581 4511 intellectus
612 4449 868 4531 intuitus
897 4450 972 4507 ab
996 4454 1223 4509 aeterno
1255 4449 1441 4507 sertui·
1469 4448 1533 4505 in
1571 4448 2041 4522 unumquodque
2087 4462 2296 4508 eorum
2340 4461 2475 4520 quae
2520 4452 2668 4505 tem·
