3076 5025
326 369 396 426 ¹2
618 373 629 385 ¹
1259 360 1391 418 LIB.
1430 361 1479 429 1,
1517 361 1671 418 CAP.
1708 361 1822 416 XII.

1325 588 1581 653 CAPUT
1619 588 1751 652 XII.

571 790 652 837 DE
678 787 955 836 omnuim
977 785 1296 837 mmmm!
1326 785 1480 839 QUOD
1506 785 1670 830 mam!
1697 785 1836 831 ESSE
1868 783 2015 832 son
2043 785 2178 833 1211)ss
2213 782 2499 844 mmm,

1065 876 1143 922 m·
1165 874 1575 923 nunonsmm
1607 875 1727 920 NON
1774 875 2012 922 Pomsr.

403 1050 505 1110 Est
534 1055 731 1107 autem
772 1047 1045 1121 quaedam
1073 1048 1325 1106 aliorum
1370 1048 1598 1120 opini0,
1644 1049 1939 1121 praedictae
1990 1047 2274 1120 positioni
2302 1046 2621 1118 contraria,
2649 1060 2758 1119 per

333 1135 511 1197 quam
539 1121 713 1178 etiam
742 1120 977 1178 inutilis
1018 1119 1360 1177 redderetur
1385 1124 1637 1178 conatus
1662 1119 2095 1177 intendentium
2141 1118 2391 1190 probare
2426 1120 2595 1174 Deum
2623 1133 2754 1177 εεεε.

402 1193 618 1249 Dicunt
647 1190 805 1247 enim
860 1186 1017 1263 quod
1045 1192 1216 1246 Deum
1252 1205 1362 1247 esse
1392 1204 1511 1248 non
1543 1196 1737 1261 potest
1760 1204 1863 1262 per
1890 1189 2182 1250 rationem
2211 1187 2489 1259 inveniri,
2517 1188 2623 1247 sed
2652 1201 2760 1261 per

329 1263 524 1323 solam
553 1261 708 1318 viam
732 1259 868 1317 fidei
893 1265 950 1317 et
976 1260 1355 1319 revelationis
1380 1266 1473 1319 est
1495 1266 1821 1332 acceptum.

400 1332 485 1390 Ad
517 1332 630 1388 hoc
660 1337 857 1388 autem
905 1331 1221 1388 dicendum
1252 1331 1397 1389 moti
1440 1335 1584 1390 sunt
1625 1332 1865 1403 quidam
1910 1334 2147 1402 propter
2175 1329 2536 1387 debilitatem
2577 1328 2757 1387 ratio·

330 1416 499 1466 num,
532 1415 683 1474 quas
712 1400 896 1472 aliqui
945 1401 1310 1459 inducebant
1337 1401 1410 1459 ad
1459 1402 1833 1473 probandum
1882 1403 2067 1459 Deum
2098 1413 2252 1458 esse.
2306 1403 2517 1457 Posset
2555 1405 2758 1457 tamen

332 1473 433 1531 hic
468 1486 635 1530 error
661 1470 1072 1528 fulcimentum
1102 1471 1342 1543 aliquod
1376 1471 1529 1529 salso
1558 1472 1672 1529 sibi
1704 1485 2010 1541 assumere
2051 1485 2124 1527 ex
2151 1471 2539 1543 quorumdam
2571 1469 2761 1542 pbilo-

331 1544 662 1614 sophorum
695 1542 891 1609 dictis,
941 1542 1043 1613 qui
1074 1541 1415 1610 ostendunt,
1464 1557 1572 1613 per
1598 1543 1909 1607 rationem,
1955 1541 2017 1599 in
2046 1543 2167 1598 Deo
2201 1539 2355 1598 idem
2387 1554 2522 1599 esse
2559 1553 2763 1599 essen-

332 1614 476 1671 tiam
501 1617 559 1668 et
590 1626 749 1680 esse,
792 1612 1022 1669 scilicet
1049 1612 1108 1669 id
1133 1626 1252 1685 quo
1283 1612 1675 1682 respondetur
1701 1612 1771 1669 ad
1804 1612 1938 1682 quid
1963 1616 2061 1674 est,
2092 1617 2151 1667 et
2177 1611 2251 1668 ad
2282 1611 2656 1683 questionem
2683 1626 2759 1666 an

333 1687 431 1739 est.
463 1682 570 1739 Via
615 1689 808 1739 autem
843 1682 1093 1741 rationis
1145 1683 1437 1754 perveniri
1482 1696 1600 1740 non
1631 1689 1847 1753 potest,
1877 1688 1940 1739 ut
1969 1683 2194 1740 sciatur
2231 1681 2304 1739 dc
2334 1684 2457 1739 Deo
2498 1681 2634 1753 quid
2659 1684 2758 1738 est.

335 1753 498 1811 Unde
525 1766 635 1810 nec
666 1753 894 1810 ratione
921 1753 1153 1812 videtur
1179 1766 1359 1825 posse
1384 1753 1777 1810 demonstrari
1808 1767 1882 1811 an
1912 1755 2069 1810 Deus
2098 1752 2196 1810 sit.

404 1825 557 1890 Item,
601 1823 652 1881 si
705 1828 769 1881 ut
810 1823 1165 1894 principium
1213 1824 1286 1882 ad
1335 1823 1863 1881 demonstrandum
1911 1839 1986 1878 an
2030 1826 2135 1892 est,
2188 1823 2516 1880 secundum
2575 1827 2762 1879 artem

334 1892 709 1964 Philosophi,
734 1900 965 1964 oportet
987 1894 1253 1966 accipere
1304 1894 1445 1967 quid
1476 1893 1772 1966 significet
1799 1906 2019 1951 nomen
2049 1892 2220 1966 (ratio
2246 1906 2385 1950 vero
2424 1891 2764 1963 significata

334 1978 444 2036 per
487 1978 705 2021 nomen
751 1969 842 2021 est
870 1963 1157 2045 definitio,
1212 1966 1538 2023 secundum
1589 1964 2040 2036 Philosophum,
2070 1963 2132 2020 in
2183 1969 2392 2035 quai-to
2430 1964 2764 2033 Metaphysi-

337 2050 538 2103 corum,
570 2040 712 2091 text.
738 2034 852 2107 28),
881 2035 1045 2091 nulla
1071 2035 1255 2108 igitur
1281 2035 1610 2093 remanebit
1638 2050 1733 2093 via
1757 2036 1831 2093 ad
1859 2034 2388 2092 demonstrandum
2417 2037 2602 2091 Deum
2626 2047 2764 2092 esse

337 2111 568 2164 remota
596 2105 810 2162 divinae
838 2105 1115 2163 essentiae
1143 2105 1235 2163 vel
1265 2106 1612 2179 quidditatis
1643 2106 2007 2178 cognitione.
2542 2174 2553 2184 ·

408 2177 562 2241 Item,
627 2175 678 2232 si
753 2175 1282 2233 demonstrationis
1347 2177 1640 2248 principia
1687 2192 1723 2233 a
1778 2189 1963 2234 sensu
2029 2175 2396 2248 cognitionis
2468 2174 2764 2245 originem

339 2251 606 2311 sumunt,
640 2245 784 2302 utin
832 2247 1221 2302 Posterior-ibus
1251 2247 1585 2304 ostenditur
1636 2247 1798 2318 (text.
1831 2248 1942 2374 332,
1971 2260 2042 2303 ea
2069 2260 2202 2317 quae
2232 2259 2469 2303 omnem
2515 2258 2763 2303 sensum

340 2321 398 2374 et
427 2315 739 2373 sensibilia
769 2317 1080 2386 excedunt,
1112 2317 1386 2374 videnlur
1413 2317 1882 2376 indemonstrabi
1913 2318 1971 2373 ia
2000 2329 2155 2374 esse.
2190 2315 2543 2387 Hujusmodi
2564 2322 2765 2374 autem

338 2392 433 2445 est
458 2390 625 2442 Deum
649 2401 790 2454 esse;
822 2393 914 2444 est
940 2387 1122 2459 igitur
1149 2387 1699 2446 indemonstrabile.

409 2457 762 2528 Hujusinodi
794 2463 992 2516 autem
1029 2459 1338 2517 sententiae
1365 2459 1595 2517 falsitas
1621 2458 1797 2518 nobis
1826 2456 2160 2517 ostenditur
2190 2474 2204 2515 ε
2233 2461 2360 2516 tum
2385 2471 2459 2516 ex
2486 2455 2766 2516 demons-

338 2529 619 2587 trationis
670 2533 814 2598 arte‚
885 2543 974 2586 uie
1020 2544 1091 2586 ex
1121 2528 1431 2588 effectibus
1478 2544 1694 2588 causas
1724 2530 2077 2588 concludere
2125 2529 2334 2598 docet;
2365 2533 2488 2587 tum
2528 2543 2601 2585 ex
2632 2528 2766 2598 ipso

340 2599 730 2659 scientiarum
780 2612 849 2656 or
892 2601 989 2656 ine
1019 2617 1032 2668 ;
1060 2613 1199 2657 nam
1255 2600 1307 2658 si
1356 2614 1477 2658 non
1525 2601 1606 2657 sit
1648 2600 1848 2672 aliqua
1910 2598 2140 2658 scibilis
2204 2599 2541 2657 substantia
2585 2611 2770 2669 supra

339 2669 740 2729 substantiam
786 2670 1157 2740 sensibilem,
1205 2683 1326 2728 non
1373 2671 1484 2729 erit
1529 2671 1730 2743 aliqua
1776 2670 2028 2729 scientia
2068 2682 2249 2741 supra
2296 2669 2648 2738 naturalem,
2702 2674 2767 2724 ut

338 2739 558 2798 dicitur
587 2741 648 2796 in
678 2746 889 2813 quarto
916 2741 1408 2811 Metaphysicorum
1438 2741 1601 2812 (text.
1630 2755 1845 2798 comm.
1874 2741 1931 2812 7)
1955 2758 1971 2808 3
2002 2745 2128 2797 tum
2167 2754 2239 2797 ex
2268 2739 2765 2819 philosophorum

340 2811 564 2879 studi0,
597 2811 697 2882 qui
752 2814 933 2868 Deum
985 2824 1118 2868 esse
1157 2812 1566 2869 demonstrare
1610 2813 1805 2869 conati
1838 2817 2016 2879 sunt;
2055 2815 2179 2867 tum
2224 2811 2397 2867 etiam
2437 2810 2771 2881 apostolica

338 2881 583 3023 ἶὲῐίῑειε
604 2887 909 3022 asgssrente
932 2882 1380 2938 :InvisibiliaDei
1394 2898 1492 2952 per
1510 2899 1575 2937 ea
1589 2898 1708 2952 quae
1728 2885 1884 2950 sacta
1905 2885 2051 2951 sunt,
2073 2882 2344 2936 intellecta
2357 2883 2769 2951 conspiciuntur

416 2965 559 3020 om„
592 2965 632 3017 i,
754 2992 767 3006 .

412 3024 531 3078 Nec
562 3021 674 3078 hoc
697 3021 869 3078 debet
897 3035 1155 3091 movere,
1185 3022 1342 3094 quod
1369 3022 1432 3079 in
1462 3026 1583 3081 Deo
1612 3023 1770 3080 idem
1796 3026 1890 3080 est
1915 3022 2181 3079 essentia
2217 3026 2276 3079 et
2304 3035 2460 3090 esse,
2489 3027 2556 3079 ut
2575 3020 2764 3091 prima

340 3091 496 3148 ratio
525 3092 910 3161 proponebat.
961 3095 1105 3150 Nam
1142 3092 1257 3150 hoc
1287 3093 1642 3163 intelligitur
1673 3093 1746 3150 de
1782 3106 1938 3161 esse,
1967 3105 2087 3164 quo
2117 3094 2275 3150 Deus
2302 3092 2366 3149 in
2398 3092 2598 3164 seipso
2629 3087 2762 3147 sub-

339 3161 529 3242 sistit,
553 3162 713 3242 quod
767 3162 942 3220 nobis
967 3163 1141 3235 quale
1168 3163 1248 3221 sit
1290 3162 1561 3234 ignotum
1593 3169 1706 3231 est,
1738 3163 1895 3220 sicut
1925 3161 2055 3234 eJ'us
2086 3163 2387 3231 essentia;
2417 3176 2537 3242 non
2567 3165 2762 3238 autem

339 3232 697 3303 intelligitur
725 3232 795 3289 de
824 3246 979 3302 esse,
1011 3233 1170 3305 quod
1199 3233 1499 3305 significat
1547 3233 2044 3304 compositionem
2075 3233 2435 3290 intellectus.
2467 3234 2564 3290 Sic
2603 3242 2762 3311 enim

340 3317 452 3359 εεεε
479 3305 649 3358 Deum
677 3303 789 3360 sub
840 3303 1346 3362 demonstratione
1388 3305 1566 3373 cadit,
1611 3305 1750 3361 dum
1782 3319 1849 3361 ex
1895 3303 2233 3361 rationibus
2283 3304 2765 3361 demonstrativis

341 3386 514 3431 mens
558 3381 763 3431 nostra
808 3373 1112 3433 inducitur
1158 3374 1505 3447 hujusmodi
1553 3375 2029 3447 propositionem
2057 3373 2130 3432 de
2177 3376 2300 3432 Deo
2330 3374 2610 3442 formare,
2648 3384 2769 3443 qua.

341 3445 632 3514 exprimat
658 3447 843 3502 Deum
884 3459 1038 3502 esse.

412 3517 477 3570 In
509 3516 842 3573 rationibus
873 3521 1067 3572 autem
1098 3515 1161 3573 in
1190 3516 1411 3589 quibus
1457 3517 1901 3574 demonstratur
1928 3517 2113 3573 Deum
2150 3528 2311 3585 esse,
2358 3528 2480 3572 non
2534 3515 2771 3585 oportet

342 3586 573 3641 assumi
646 3600 711 3643 ro
741 3585 938 3644 medio
970 3585 1229 3644 divinam
1261 3587 1587 3644 essentiam
1618 3587 1743 3644 sive
1767 3584 2180 3659 quidditatem,
2211 3591 2277 3644 ut
2320 3585 2586 3644 secunda
2615 3583 2768 3662 ratio

342 3667 607 3782 {repone
652 3663 742 3725 at;
771 3657 874 3715 sed
908 3658 1040 3714 loco
1072 3657 1419 3729 quidditatis
1453 3658 1743 3728 accipitur
1772 3657 2109 3736 promedio
2131 3655 2402 3725 effectus,
2434 3656 2591 3735 sicut
2618 3667 2770 3710 acci-

346 3795 359 3806 ·
386 3732 432 3782 it
455 3739 515 3780 in
549 3726 1162 3785 demonstrationibus
1186 3731 1338 3799 quia,
1371 3734 1427 3784 et
1457 3742 1529 3785 ex
1563 3728 1902 3797 hujusmodi
1938 3726 2155 3785 effectu
2184 3727 2444 3785 sumitur
2472 3732 2624 3782 ratio
2653 3723 2766 3781 hu·

335 3808 440 3866 Jus
466 3797 730 3854 nominis
758 3800 918 3854 Deus.
954 3801 1099 3854 Nam
1132 3798 1336 3856 omnia
1363 3798 1566 3855 divina
1597 3799 1840 3855 nomina
1870 3798 2261 3869 imponuntur
2310 3797 2400 3853 vel
2450 3811 2523 3853 ex
2569 3806 2764 3851 remo-

343 3865 858 3993 tignetelieetuum
887 3868 1226 3927 divinorum
1250 3869 1326 3928 ab
1354 3869 1509 3941 ipso,
1540 3868 1636 3925 vel
1665 3883 1738 3925 ex
1766 3869 1969 3942 aliqua
1989 3867 2343 3928 habitudine
2371 3866 2476 3925 Dei
2502 3864 2578 3924 ad
2616 3875 2767 3922 suos

343 3949 378 3993 ε
427 3951 495 3992 ec
524 3949 618 3994 us.
2160 3989 2166 3998 .

417 4009 583 4063 Patet
611 4008 787 4065 etiam
817 4024 892 4066 ex
918 4010 1034 4069 hoc
1059 4011 1241 4083 quod,
1279 4010 1390 4069 etsi
1422 4012 1582 4069 Deus
1607 4009 1924 4069 sensibilia
1947 4009 2155 4068 omnia
2200 4012 2262 4065 et
2294 4020 2543 4066 sensum
2594 4018 2761 4062 exce·

342 4077 464 4143 dat,
497 4077 627 4147 ejus
652 4084 851 4136 tamen
877 4080 1144 4151 effectus,
1174 4096 1248 4140 ex
1272 4082 1493 4156 quibus
1522 4081 1956 4141 demonstratio
1987 4079 2246 4138 sumitur
2272 4078 2346 4137 ad
2380 4076 2763 4149 probandum

344 4150 529 4230 Deum
563 4163 716 4230 esse,
742 4150 1061 4210 sensibiles
1099 4158 1278 4221 sunt;
1307 4157 1366 4209 et
1394 4153 1484 4209 sic
1514 4157 1735 4213 nostrae
1759 4149 2129 4227 cognitionis
2151 4148 2323 4223 origo
2351 4148 2417 4209 in
2445 4160 2634 4207 sensu
2650 4150 2767 4217 est,

346 4223 527 4277 etiam
547 4219 620 4277 de
647 4220 744 4280 his
772 4235 905 4295 quae
938 4235 1186 4285 sensum
1226 4224 1538 4284 excedunt.
