3076 5025
210 200 267 241 ,ξς
300 200 339 241 ”41
448 230 453 233 .

140 248 403 375 st,firi
436 246 477 269 'f
592 286 595 291 ’
842 288 1052 347 BERN.
1090 285 1329 343 mnus
1366 285 1459 341 nn
1493 282 1747 341 nunms
1784 282 2258 342 nissnnrmo.

142 456 187 533 *a
202 424 259 515 {31
288 516 289 519 Ἴ
333 438 688 504 versionem
720 438 1090 501 Maurorum
1135 440 1204 501 et
1244 432 1626 509 infidelium,
1677 435 2007 499 memoriae
2055 438 2460 517 posterorum
2509 435 2770 499 tradidit

54 524 221 617 ἑέιεῗέὶξζ
261 542 307 585 Ἀ
332 536 561 602 Petrus
589 535 922 599 Marsilius.
952 532 1419 600 Tertiodecimo
1449 531 1711 609 saeculo,
1740 535 1809 595 et
1852 530 2211 613 insequenti
2257 531 2543 605 ineunte,
2578 533 2768 596 llore-

106 684 115 687 -
326 624 450 699 ‘bat
491 632 586 696 vir
630 632 915 709 illustris,
963 630 1297 695 catalenus
1347 628 1631 705 natione,
1679 627 1914 691 domus
1954 632 2190 690 nostrae
2242 627 2770 692 Barchinonensis

72 758 211 815 ²2.»
336 728 657 813 protessus
680 727 932 791 Ordinis
948 727 1473 799 Praedicatorum‚
1503 724 1720 787 multis
1745 723 2110 788 nominibus
2136 723 2467 805 probitatis
2494 728 2562 788 et
2584 724 2764 789 litte-
2809 786 2816 793 .

164 876 167 877 ⁷
337 842 557 891 rarum
585 824 828 905 peritiae
862 822 1244 906 spectabilis.
1276 820 1819 885 commentarium
1862 820 2115 903 scripsit
2140 819 2233 884 De
2270 821 2450 904 pestis
2474 819 2688 884 lucebi
2709 821 2768 899 I,

15 922 131 1003 iaz-ff
339 922 499 1006 regis
525 921 869 1004 Araqonum
895 938 926 999 ,·
951 937 1084 1001 quo
1111 938 1190 983 ex
1218 936 1412 999 opere
1436 918 1750 983 hactenus
1786 916 2029 981 inedito
2078 918 2396 999 prolixum
2442 918 2521 980 de
2549 922 2770 982 sancto
2887 992 2900 1003 „

108 1008 115 1013 ’
337 1018 700 1084 Raimundo
753 1017 1192 1081 testimonium
1238 1016 1646 1094 desumptum
1687 1017 1932 1094 prostat
1966 1014 2136 1093 apud
2185 1014 2595 1079 Franciscum
2624 1006 2806 1098 Dia-f

340 1131 492 1200 gum
539 1114 608 1176 in
652 1112 927 1177 Historia
969 1112 1258 1195 ejusdem
1304 1112 1508 1176 sancti
1562 1110 1889 1191 hispanice
1936 1110 2171 1191 scripta
2194 1155 2212 1187 ,
2262 1127 2337 1175 ac
2384 1112 2552 1194 typis
2595 1111 2770 1176 edita
2797 1100 2807 1118 '

341 1228 510 1278 anno
543 1212 722 1288 1601,
751 1216 817 1274 et
843 1210 1012 1292 apud
1039 1211 1349 1274 Ioannem
1381 1210 1661 1288 'tamayo
1699 1209 1779 1271 de
1800 1208 2057 1271 salazar
2079 1212 2260 1272 tomo
2282 1208 2310 1270 1
2337 1206 2773 1291 martyrologii

338 1307 677 1388 hispanici,
700 1324 777 1371 ac
805 1308 1066 1371 demum
1094 1306 1261 1370 inter
1305 1305 1695 1369 'testimonia
1735 1306 1992 1382 selecta,
2020 1321 2167 1386 quae
2204 1303 2467 1369 samm
2492 1304 2773 1370 naiman·

342 1402 496 1468 dinae
524 1401 845 1482 praemissa
871 1402 1139 1482 legimus
1165 1402 1230 1464 in
1255 1401 1534 1466 editione
1556 1403 1637 1465 ab
1663 1403 1987 1466 Honorato
2001 1401 2335 1467 Vincentio
2364 1404 2561 1484 Laget
2586 1417 2773 1467 accu-

340 1502 502 1574 rata,
523 1513 600 1559 ac
614 1497 902 1570 Veronae,
923 1513 1090 1560 anno
1111 1499 1293 1570 1744,
1313 1513 1558 1560 recusa.
1577 1496 1781 1561 Verba
1798 1503 1946 1562 sunt
1967 1518 1985 1562 z
2012 1521 2044 1557 α
2065 1497 2553 1563 conversionem
2573 1497 2768 1562 etiam

343 1592 699 1657 infidelium
747 1593 1044 1665 ardenter
1096 1592 1481 1667 desiderans,
1535 1593 1780 1674 rogavit
1829 1594 2135 1658 eximium
2189 1594 2519 1658 doctorem
2572 1608 2768 1657 sacrae

342 1690 599 1773 Paginae
629 1689 996 1771 Magistrum
1012 1685 1078 1752 i'n
1104 1689 1448 1770 Theologia
1466 1690 1537 1752 Β.
1569 1689 1881 1752 'rhomam
1902 1691 1979 1753 de
1996 1691 2270 1770 Aquino,
2292 1689 2578 1771 ejusdem
2596 1688 2772 1753 Ordi-

343 1786 469 1851 nis.
491 1834 509 1852 .
532 1833 549 1851 .
583 1790 655 1849 ut
680 1804 846 1866 opus
869 1786 1130 1867 aliquod
1157 1788 1397 1850 faceret
1425 1792 1648 1850 contra
1677 1786 2029 1851 infidelium
2057 1804 2323 1863 errores,
2355 1802 2470 1867 per
2503 1787 2678 1866 quod
2705 1790 2774 1850 et

345 1883 755 1947 tenebrarum
770 1883 1104 1948 tolleretur
1130 1882 1359 1965 caligo,
1389 1888 1458 1948 et
1481 1884 1614 1948 veri
1641 1883 1788 1947 solis
1814 1882 2105 1945 doctrina
2120 1883 2378 1946 credere
2402 1881 2771 1946 nolentibus

344 1980 755 2060 panderetur.
775 1979 953 2042 Fecit
984 1979 1281 2061 magister
1305 1978 1437 2056 ille,
1464 1981 1639 2060 quod
1666 1980 1829 2043 tanti
1856 1980 2064 2044 Patris
2100 1978 2360 2042 humilis
2406 1979 2768 2059 deprecatio

343 2076 747 2158 requirebat:
778 2082 846 2139 et
869 2075 1201 2153 Summam,
1230 2094 1376 2157 quae
1398 2086 1606 2139 contra
1654 2075 1905 2140 Gentiles
1950 2076 2339 2153 intitulatur,
2385 2075 2766 2156 composuit,

346 2189 493 2251 quae
522 2190 636 2251 pro
655 2173 765 2236 illa
794 2174 1057 2236 materia
1084 2191 1216 2236 non
1242 2172 1536 2236 habuisse
1560 2190 1778 2253 parem
1799 2171 2102 2238 creditur.
2132 2172 2400 2252 Suppari
2419 2173 2569 2236 testi
2585 2173 2771 2238 dene-

343 2271 550 2352 ganda
580 2271 733 2333 fldes
759 2287 888 2332 non
912 2276 1030 2335 est.
1051 2270 1147 2333 Ad
1174 2288 1415 2333 annum
1444 2273 1603 2334 1275
1652 2272 1842 2335 vitam
1885 2270 2015 2352 egit
2041 2269 2105 2333 S.
2152 2270 2543 2334 Raimundus
2572 2290 2590 2333 ε
2619 2287 2769 2351 pro-

345 2382 472 2446 que
492 2366 652 2441 zelo,
682 2385 813 2447 quo
840 2367 1299 2431 Saracenorum
1324 2373 1390 2431 et
1416 2369 1768 2432 infidelium
1798 2369 2068 2432 salutem
2087 2373 2388 2433 aeternam
2410 2367 2764 2448 deperibat,
2804 2446 2808 2450 ,

344 2463 558 2543 potuit
599 2463 898 2546 Aquinati
944 2482 1105 2545 opus
1146 2465 1500 2548 injungere,
1552 2471 1665 2529 aut
1708 2465 1917 2547 operis
1947 2465 2085 2548 jam
2141 2466 2432 2545 concepti
2481 2467 2766 2548 comple·
2819 2494 2820 2497 ¹

347 2565 637 2624 mentum
682 2563 971 2642 suadere,
1000 2564 1173 2643 quod
1194 2579 1436 2635 ,eorum
1466 2564 1546 2626 ad
1577 2564 2049 2627 conversionem
2091 2564 2362 2627 maxime
2390 2563 2548 2629 utile
2575 2566 2768 2627 soret.

346 2656 600 2722 Galamo
626 2659 797 2721 Petri
827 2658 1084 2723 Marsilii
1101 2659 1337 2741 scripta
1356 2664 1599 2740 prostat
1619 2659 1694 2724 S.
1722 2659 2045 2724 Raimrmdi
2075 2658 2228 2736 Vita,
2243 2660 2598 2740 eademque
2624 2662 2772 2724 Bar·

345 2752 641 2828 chinone,
659 2772 828 2818 anno
852 2757 1031 2832 1601,
1049 2756 1215 2836 typis
1234 2756 1405 2818 edita
1431 2773 1616 2836 :quae
1636 2762 1851 2818 tamen
1869 2773 1999 2821 non
2023 2760 2145 2834 est,
2160 2755 2280 2819 nisi
2300 2754 2675 2839 Exest-ptum
2692 2774 2771 2821 ex

345 2851 813 2914 Commentario
840 2851 931 2914 De
956 2851 1126 2914 rebus
1149 2853 1326 2935 qestis
1354 2852 1567 2914 Jacobi
1599 2852 1656 2929 l,
1685 2854 1839 2936 reqis
1878 2851 2244 2935 Araqonum.
2297 2853 2588 2934 Elegium
2619 2853 2759 2935 ejus

345 2947 894 3012 accuratissimum
941 2948 1203 3012 consule
1248 2949 1418 3030 apud
1465 2948 1828 3013 Echardum
1851 2994 1869 3026 ,
1916 2947 2085 3013 inter
2133 2949 2474 3030 scriptores
2518 2950 2769 3013 Ordinis

342 3043 864 3106 Praedicatorum.

421 3140 501 3202 11.
547 3140 1151 3204 Praestantissimum
1189 3157 1349 3221 opus
1393 3142 1460 3205 in
1513 3142 1700 3205 editis
1746 3142 1978 3223 passim
2023 3143 2328 3222 exemplis
2373 3143 2762 3221 inscribitur,

342 3235 592 3299 Summa
619 3236 919 3299 catholicae
940 3237 1087 3320 fidei
1122 3245 1332 3301 eontra
1361 3235 1615 3302 Gentiles
1645 3256 1670 3302 .·
1694 3243 1808 3301 aut
1846 3236 2108 3303 Summas
2132 3239 2435 3303 catholica
2458 3239 2605 3323 fidei
2626 3259 2767 3303 eon·

344 3342 442 3398 tra
470 3334 723 3397 Gentiles
762 3333 906 3396 libri
939 3342 1215 3415 quatuor.
1255 3336 1347 3396 De
1388 3333 1559 3397 tituli
1603 3333 1984 3414 antiquitate
2028 3334 2321 3399 dubitare
2365 3353 2497 3399 non
2546 3336 2771 3401 sinunt

339 3430 697 3496 Bernardus
726 3430 1050 3506 Guidonis,
1082 3432 1356 3495 «loannes
1377 3429 1712 3506 Columna,
1731 3432 1960 3494 Petrus
1978 3430 2309 3496 Marsilius.
2339 3432 2444 3496 Ait
2472 3433 2717 3512 primus
2745 3453 2766 3497 z

338 3526 601 3605 Scripsit
627 3534 691 3591 et
736 3526 967 3589 librum
986 3528 1096 3608 qui
1116 3527 1478 3591 intitulatur
1492 3526 1742 3589 Summa
1764 3535 1983 3590 corilo-a
2013 3525 2289 3594 Gentiles.
2318 3528 2498 3593 Alter
2527 3548 2550 3594 z
2580 3527 2764 3592 Sum·

338 3641 500 3688 mam
534 3632 743 3686 contra
791 3622 1045 3687 Gentiles
1085 3625 1258 3688 fecit.
1302 3626 1669 3688 Postremus
1700 3623 2059 3689 :Summam
2100 3643 2233 3708 quas
2257 3634 2467 3690 eontra
2512 3623 2769 3690 Gentiles

336 3717 724 3797 intitulatur,
780 3721 1223 3799 composuit».
1268 3723 1409 3786 Non
1463 3724 1626 3786 adeo
1667 3726 2067 3786 constantem
2109 3721 2276 3786 banc
2315 3723 2509 3788 ruisse
2549 3721 2762 3802 operis

335 3812 842 3893 inscriptionem,
886 3814 1155 3880 aliorum
1186 3819 1550 3881 testimonia
1577 3817 1866 3883 evincere
1909 3817 2226 3884 videntur.
2274 3818 2439 3882 Illud
2486 3818 2767 3899 appellat

300 3963 305 3994 κς
334 3909 728 3975 Ptolomaeus
752 3913 1077 3990 Lucensis,
1112 3911 1359 3976 Librum
1380 3923 1588 3977 eontra
1620 3911 1872 3978 Gentiles
1886 3932 1917 3993 ,·
1940 3913 2315 3997 Logotheta,
2351 3912 2513 3996 opus
2551 3922 2766 3980 contra

302 4015 310 4054 ²
338 4003 591 4072 Gentiles
617 4009 1039 4089 ,·Guillelmus
1054 4011 1134 4073 de
1159 4012 1393 4086 Tocco,
1424 4010 1670 4073 Librum
1691 4012 1800 4094 qui
1837 4010 2182 4074 enuntiatur
2216 4019 2423 4075 contra
2480 4007 2762 4078 Gentiles.

334 4103 408 4168 ln
439 4121 584 4166 mss.
613 4106 875 4170 demum
912 4106 1235 4171 codicibus
1274 4108 1520 4171 dictum
1569 4108 1861 4189 legimus,
1906 4106 2157 4173 Librum
2199 4107 2272 4171 de
2327 4105 2585 4173 Vei-itate
2622 4107 2771 4192 fidei

332 4212 543 4263 contra
566 4221 796 4265 errores
812 4201 1158 4285 infidelium.
1222 4277 1227 4282 ,

410 4296 932 4362 Secundumlibri
962 4301 1147 4380 primi
1173 4307 1367 4379 caput
1394 4302 1758 4383 diligentius
1781 4303 2144 4383 expendens
2167 4319 2313 4384 ego,
2333 4300 2756 4368 intentionem

331 4396 610 4458 auctoris
634 4401 702 4458 et
729 4397 1127 4476 propositum
1164 4415 1467 4479 assequor
1497 4419 1516 4465 z
1548 4399 2154 4480 inscribendumque
2197 4400 2554 4481 putaverim
2602 4417 2764 4480 opus
