3076 5025
942 247 1073 302 ΗΒ.
1117 247 1211 313 111,
1253 247 1403 303 CAP.
1446 246 1662 301 CXXIV.
2404 251 2509 308 429

144 373 564 443 ignosceretur.
617 370 719 426 Est
759 366 942 441 igitur
978 374 1186 426 contra
1229 368 1561 426 naturalem
1588 368 1937 427 instinctum
1975 367 2196 439 speciei
2225 368 2503 429 humanae

144 441 243 500 iod
273 439 482 496 mulier
510 454 549 497 a
574 440 707 496 viro
737 445 1061 510 separetur.
1092 440 1187 495 Sic
1217 439 1399 510 igitur
1430 453 1547 496 non
1581 441 1775 497 solum
1807 438 2168 509 diuturnam,
2202 441 2304 497 sed
2352 441 2504 500 indi-

144 514 344 579 ssduam,
364 514 604 581 oportet
635 522 768 567 esse
790 509 850 565 in
883 510 1143 589 humana
1172 511 1368 580 specie
1399 509 1583 568 maris
1605 515 1664 566 et
1694 511 1926 567 feminee
1950 510 2456 580 conjunctionem.

158 584 418 651 Amplius,
453 580 727 638 amicitia
754 586 978 653 quanto
1010 594 1198 650 major
1223 588 1333 646 est,
1362 586 1527 637 tanto
1564 580 1737 636 debet
1764 594 1898 637 esse
1929 579 2157 638 firmior
2190 588 2247 638 et
2276 581 2508 640 diutur-

144 653 238 711 ior.
285 655 439 708 Inter
483 651 687 708 virum
733 657 929 708 autem
981 657 1039 706 et
1085 651 1393 707 mulierem
1442 652 1702 707 maxima
1743 651 2003 708 amicitia
2053 665 2187 709 esse
2237 653 2504 723 videtur3

144 724 413 781 innantur
442 722 609 778 enim
667 734 786 779 non
817 723 1012 779 solum
1045 721 1105 777 in
1146 728 1279 778 actu
1322 721 1582 779 carnalis
1631 723 1881 802 copulae,
1932 735 2064 792 quae
2117 723 2290 779 etiam
2352 723 2508 782 inter

144 795 303 851 estias
328 793 653 866 quamdam
680 806 923 851 suavem
953 791 1300 849 societatem
1329 792 1486 858 facit,
1518 791 1626 848 sed
1653 799 1828 849 etiam
1854 791 1929 848 ad
1949 793 2135 849 totius
2157 794 2502 853 domesticae

144 863 558 924 ›nversationis
581 863 994 932 consortium;
1026 862 1180 919 unde
1208 862 1270 919 in
1299 862 1540 935 signum
1571 862 1959 933 hujus,h0mo
1990 870 2226 933 propter
2254 878 2501 923 uxorem

147 935 260 992 ziam
315 941 535 1005 patrem
599 940 660 991 et
701 939 948 991 matrem
1006 932 1249 990 dimittit
1271 975 1285 1000 ,
1340 939 1405 989 ut
1459 933 1678 990 dicitur
1708 935 1871 1001 Gen„
1915 946 1981 1002 11,
2021 936 2111 989 24.
2132 934 2504 993 Conveniens

144 1005 267 1075 :itur
307 1004 577 1076 estquod
615 1004 1062 1062 matrimonium
1093 1004 1173 1061 sit
1194 1003 1443 1061 omnino
1473 1003 1915 1061 indissolubile.

165 1075 402 1134 Ulterius
461 1081 671 1133 autem
715 1074 1215 1133 considerandum
1253 1074 1412 1147 quod
1455 1074 1609 1131 inter
1648 1073 1951 1132 naturales
1978 1079 2148 1132 actus
2179 1075 2310 1133 sola
2338 1088 2514 1147 gene-

144 1146 238 1204 tlio
283 1146 352 1203 ad
392 1146 628 1205 bonum
663 1151 887 1204 naturae
931 1145 1274 1202 ordinatur:
1337 1158 1473 1202 nam
1528 1145 1819 1202 comestio
1881 1147 1940 1202 et
1992 1146 2243 1203 aliarum
2301 1160 2512 1217 super-

146 1216 370 1274 nitatum
416 1217 677 1275 emissio
724 1215 797 1273 ad
840 1214 1211 1272 individuum
1242 1216 1559 1287 pertinent,
1595 1215 1902 1288 generatio
1926 1228 2067 1272 vero
2088 1215 2161 1273 ad
2192 1229 2510 1275 conserva·

152 1299 304 1343 onem
335 1287 579 1358 speciei.
618 1286 804 1356 Unde,
837 1300 971 1343 cum
1006 1286 1100 1342 lex
1144 1286 1488 1344 instituatur
1531 1286 1606 1343 ad
1636 1287 1860 1344 bonum
1898 1298 2216 1344 commune
2273 1301 2345 1343 ea
2371 1300 2507 1359 quae

144 1357 373 1414 ertinent
406 1357 481 1415 ad
522 1357 978 1430 generationem
1035 1357 1221 1427 prolis
1267 1362 1498 1428 oportet
1544 1356 1778 1428 legibus
1822 1355 2084 1414 ordinari
2117 1362 2176 1414 et
2202 1329 2423 1414 divinis
2451 1363 2514 1416 et

146 1429 379 1507 umanis.
394 1430 587 1499 Leges
600 1434 800 1486 autem
819 1427 1029 1499 positae
1049 1426 1462 1508 oportet-quod
1484 1441 1555 1484 ex
1578 1427 1833 1484 naturali
1857 1426 2142 1507 instinctu
2165 1428 2510 1509 procedant,

146 1497 437 1556 thumanae
479 1504 650 1567 sunt,
698 1498 854 1556 sicut
899 1498 1075 1555 etiam
1122 1498 1185 1555 in
1212 1504 1485 1557 scientiis
1514 1497 1997 1556 demonstrativis
2020 1505 2221 1556 omnis
2252 1499 2513 1558 humana

146 1569 345 1626 aventio
388 1584 460 1626 ex
509 1568 830 1641 principiis
862 1569 1205 1626 naturaliter
1253 1568 1512 1640 cognitis
1534 1569 1771 1626 initium
1806 1568 2025 1627 sumit:
2057 1569 2108 1626 si
2140 1575 2336 1627 autem
2370 1569 2513 1626 divi·

153 1651 194 1694 ae
231 1644 377 1706 sunt,
417 1653 539 1697 non
592 1640 796 1697 solum
837 1639 1183 1697 instinctum
1228 1645 1451 1697 naturae
1499 1640 1817 1720 explicant,
1864 1638 1970 1697 sed
2001 1639 2177 1696 etiam
2214 1638 2507 1697 defectum

153 1710 368 1767 aturalis
399 1710 733 1768 instinctus
761 1710 1059 1790 supplent,
1087 1710 1241 1767 sicut
1263 1724 1331 1767 ea
1366 1709 1815 1782 quaezlivinitus
1843 1709 2198 1778 revelantur,
2227 1715 2515 1781 superant

151 1780 372 1857 aturalis
402 1781 663 1839 rationis
688 1785 1095 1852 capacitatem.
1129 1782 1270 1837 Cum
1302 1780 1485 1861 igitur
1511 1780 1838 1838 instinctus
1865 1780 2156 1838 naturalis
2184 1780 2263 1838 sit
2293 1782 2352 1835 in
2377 1794 2514 1852 speu

153 1863 194 1905 ie
233 1849 483 1908 humana
530 1851 607 1908 ad
660 1852 777 1910 hoc
821 1850 980 1923 quod
1034 1850 1377 1921 conjunctio
1422 1851 1607 1908 maris
1638 1856 1697 1908 et
1724 1851 1960 1908 feminee
1990 1850 2071 1907 sit
2098 1850 2425 1919 individua,
2457 1856 2517 1909 et

154 1919 251 1976 uod
276 1922 350 1978 sit
370 1936 488 1979 una
505 1923 696 1980 unius
723 1939 738 1990 ;
770 1921 1032 1992 oportuit
1053 1921 1165 1978 hoc
1195 1922 1323 1994 lege
1354 1923 1619 1979 humana
1645 1922 1982 1979 ordinatum
2003 1934 2158 1978 esse.
2181 1923 2296 1977 Lex
2316 1928 2513 1980 autem

155 1989 293 2047 ivina
310 1991 830 2064 supernaturalem
898 1992 1172 2050 uamdam
1209 1992 1500 2050 rationem
1529 1993 1776 2063 apponit
1804 2007 1877 2049 ex
1895 1990 2336 2064 significatione
2361 1992 2517 2051 inse-

157 2060 365 2139 arahilis
389 2062 842 2134 conjunctionis
906 2062 1076 2120 hristi
1109 2067 1165 2119 et
1196 2062 1495 2132 Ecclesiae,
1544 2077 1678 2135 quae
1728 2068 1820 2120 est
1871 2076 1993 2121 una
2045 2063 2244 2120 unius.
2276 2063 2373 2119 Sic
2401 2062 2516 2136 igi-

154 2133 698 2191 iirinordinationes
745 2133 903 2191 circa
946 2138 1143 2190 actum
1173 2132 1580 2205 generationis
1626 2146 1742 2191 non
1775 2133 1975 2191 solum
2003 2132 2312 2190 instinctui
2344 2140 2515 2193 natu-

153 2199 213 2256 ali
252 2209 600 2275 repugnant,
653 2203 763 2261 sed
806 2203 982 2261 etiam
1023 2203 1185 2275 leges
1224 2203 1458 2262 divinas
1502 2209 1563 2260 et
1607 2203 1903 2262 humanas
1956 2203 2512 2276 transgrediuntur:

157 2270 256 2328 nde
276 2274 446 2352 ‚circa
482 2276 598 2332 hoc
630 2273 827 2345 magis
866 2288 938 2331 ex
967 2274 1407 2332 inordinatione
1436 2279 1716 2345 peccatur
1738 2288 1916 2347 quam
1946 2273 2105 2331 circa
2138 2274 2514 2344 supeifluita-

155 2353 221 2396 im
244 2343 368 2412 cibi,
399 2350 499 2402 aut
528 2345 783 2403 alterius
802 2343 1169 2415 hujusmodi.

183 2412 313 2491 Quia
338 2429 472 2473 vero
496 2429 752 2473 necesse
773 2415 958 2473 estad
984 2416 1040 2471 id
1064 2414 1223 2486 quod
1240 2418 1332 2471 est
1346 2414 1636 2486 optimum
1658 2414 1723 2471 in
1740 2413 1982 2472 homine
2003 2412 2122 2472 alia
2141 2414 2347 2471 omnia
2361 2414 2516 2473 ordi-

156 2493 255 2551 tam,
292 2485 632 2557 conjunctio
673 2486 857 2544 maris
905 2491 962 2542 et
1011 2484 1248 2542 seminae
1287 2497 1406 2541 non
1459 2485 1655 2543 solum
1708 2484 1797 2543 sic
1841 2483 2116 2542 ordinata
2161 2490 2253 2541 est
2280 2485 2514 2557 legibus

155 2554 419 2613 -ecundum
466 2558 631 2630 quod
672 2556 747 2615 ad
777 2556 1002 2628 prolem
1032 2554 1431 2634 generandam
1459 2555 1734 2626 pertinet,
1767 2559 1831 2611 ut
1858 2560 1950 2612 est
1978 2553 2040 2610 in
2079 2554 2216 2613 aliis
2244 2556 2515 2634 animali·

157 2634 245 2699 πρε,
267 2627 362 2682 sed
392 2629 569 2686 etiam
595 2627 930 2686 secundum
1005 2626 1120 2683 uod
1150 2630 1427 2683 convenit
1456 2625 1526 2683 ad
1545 2625 1741 2682 honos
1770 2638 1988 2694 moreS,
2019 2639 2172 2696 quos
2193 2630 2339 2682 ratio
2355 2632 2517 2685 recta

157 2688 357 2763 lisponit
397 2698 486 2755 vel
529 2703 824 2771 quantum
868 2695 943 2754 ad
1019 2697 1280 2753 ominem
1328 2697 1657 2753 secundum
1706 2709 1793 2764 se,
1834 2695 1929 2753 vel
1981 2695 2311 2752 secundum
2355 2697 2513 2768 quod

156 2772 281 2821 ionio
315 2772 401 2825 est
445 2783 585 2839 pars
614 2767 963 2828 domesticae
991 2765 1230 2823 familiae
1256 2771 1360 2823 aut
1399 2766 1595 2824 civilis
1623 2765 1948 2823 societatis.
1982 2765 2066 2845 Ad
2092 2778 2245 2837 quos
2272 2767 2512 2846 quidem

157 2843 293 2911 >onos
337 2852 530 2898 mores
579 2841 838 2912 pertinet
883 2837 1191 2895 individua
1239 2836 1581 2907 conjunctio
1629 2837 1812 2895 maris
1842 2841 1900 2893 et
1928 2836 2202 2893 feminae:
2235 2849 2323 2893 sic
2353 2838 2510 2895 enim

155 2904 467 2983 int—fidelior
506 2924 684 2969 amor
724 2909 905 2967 unius
953 2908 1025 2965 ad
1078 2908 1350 2976 alterum,
1397 2906 1537 2963 dum
1570 2911 1945 2980 cognoscunt
1972 2919 2038 2964 se
2068 2905 2514 2965 indivisibiliter

155 2982 461 3043 zonJunctos.
519 2982 644 3038 Erit
692 2980 869 3037 etiam
908 2979 1218 3051 utriusque
1267 2976 1586 3036 sollicitior
1630 2992 1773 3035 cura
1816 2979 1876 3034 in
1924 2976 2102 3035 rebus
2143 2976 2511 3049 domesticiS,

156 3038 252 3100 lum
281 3058 338 3103 se
364 3059 645 3122 perpetuo
677 3062 1135 3108 commensuros
1163 3050 1227 3105 in
1270 3049 1607 3106 earumdem
1634 3062 1833 3106 rerum
1880 3048 2270 3119 possessione
2311 3049 2515 3106 existi-

155 3118 272 3191 nam
293 3134 308 3183 ς
333 3120 764 3179 subtrahuntur
790 3121 966 3178 etiam
994 3134 1066 3176 ex
1096 3120 1208 3176 hoc
1237 3118 1670 3176 discordiarum
1702 3119 1991 3192 origineS,
2038 3132 2188 3191 quas
2216 3125 2515 3189 oporteret

155 3184 387 3269 incidere,
416 3192 467 3248 si
491 3193 583 3248 vir
613 3205 859 3249 uxorem
888 3190 1229 3259 dimitteret,
1255 3190 1411 3247 inter
1437 3195 1659 3246 eumet
1686 3190 2057 3261 propinquos
2084 3189 2289 3247 uxoris
2316 3207 2331 3256 ;
2365 3196 2424 3245 et
2450 3188 2517 3246 fit

155 3247 328 3313 irmior
367 3265 518 3318 inter
559 3262 776 3320 affines
806 3261 1045 3319 dilectio
1070 3279 1084 3317 ε
1114 3260 1407 3317 tolluntur
1437 3260 1615 3317 etiam
1662 3260 2087 3318 adulteriorum
2137 3259 2510 3329 occasiones,

155 3332 247 3401 1113ss
281 3326 567 3402 darentur,
612 3333 668 3391 si
704 3332 796 3388 vir
836 3345 1079 3388 uxorem
1122 3331 1416 3388 dimittere
1445 3336 1669 3401 posset,
1720 3335 1823 3388 aut
1850 3345 1882 3387 e
1915 3341 2228 3388 converso.
2260 3331 2372 3386 Per
2399 3330 2514 3388 hoc

154 3400 271 3473 imm
291 3398 514 3459 daretur
537 3404 636 3461 via
668 3402 900 3460 facilior
923 3400 1286 3459 sollicitandi
1315 3401 1698 3458 matrimonia
1725 3401 1939 3458 aliena.

153 3530 161 3549 ι
199 3462 324 3551 Huic
347 3476 432 3527 est
460 3473 617 3545 quod
653 3472 890 3542 dicitur,
921 3470 1145 3540 Matth„
1165 3485 1210 3529 v
1237 3476 1297 3527 et
1321 3483 1446 3541 xix,
1476 3476 1530 3539 9,
1563 3477 1620 3528 et
1649 3474 1671 3527 1
1697 3471 1984 3541 Corinth„
2012 3484 2123 3542 vn,
2155 3475 2260 3529 10:
2291 3473 2515 3540 quau·

153 3542 225 3585 em
245 3535 349 3592 dtco
370 3543 515 3598 vobis
545 3559 771 3601 umorem
798 3543 873 3598 ad
900 3544 1117 3598 libitum
1144 3558 1181 3597 a
1203 3544 1322 3596 viro
1357 3557 1466 3597 non
1485 3540 1773 3597 discedere.

153 3666 158 3675 .
199 3603 292 3661 Per
314 3608 419 3690 hoc
444 3620 639 3673 autem
672 3612 1004 3673 excluditur
1022 3611 1394 3670 consuetudo
1417 3611 1841 3670 dimittentium
1871 3625 2111 3682 uxores,
2133 3611 2292 3685 quod
2318 3617 2514 3671 tamen

151 3680 196 3747 ιβ
228 3683 388 3736 veteri
419 3682 544 3756 lege
576 3685 935 3757 permissum
992 3683 1105 3740 fuit
1129 3682 1351 3741 Judaeis
1380 3688 1621 3754 propter
1649 3695 1855 3740 eorum
1886 3683 2185 3752 duritiam,
2230 3682 2371 3763 quia
2399 3682 2513 3741 sci-

151 3735 257 3798 lieet
289 3753 448 3817 proni
494 3761 662 3812 erant
707 3755 783 3813 ad
826 3753 1195 3813 occisionem
1245 3766 1519 3811 uxorum.
1567 3754 1934 3811 Permissum
1983 3766 2127 3825 ergo
2171 3753 2283 3809 fuit
2312 3752 2512 3812 minus

148 3811 334 3960 &lat-13
377 3822 448 3880 ad
492 3825 924 3885 excludendum
962 3824 1158 3897 majus
1206 3822 1451 3882 malum.
1500 3822 1549 3897 (1
1592 3823 1927 3894 Sent.,dist.
1956 3835 2168 3895 xxxin,
2198 3828 2389 3896 quaest
2429 3836 2514 3895 xi,

1040 4018 1293 4083 CAPUT
1351 4016 1614 4082 CXXIV.

507 4181 656 4235 QUOD
691 4181 1112 4230 namnetum
1147 4180 1382 4226 DEBEAT
1414 4178 1558 4226 Essa
1594 4179 1772 4226 umus
1801 4178 1883 4225 An
1921 4177 2106 4225 UNAM.

208 4300 678 4383 Considerandum
706 4327 903 4381 autem
923 4321 1158 4378 videtur
1185 4318 1345 4394 quod
1364 4318 1638 4376 innatum
1666 4324 1759 4376 est
1774 4318 2079 4377 mentibus
2108 4319 2374 4377 omnium
2395 4321 2509 4376 ani·

155 4370 362 4438 manum
398 4398 521 4457 ⁴111ae
549 4392 710 4453 coitu
745 4396 994 4453 utuntur
1026 4390 1187 4466 quod
1238 4389 1610 4451 consortium
1640 4389 1706 4449 in
1731 4389 1995 4463 compari
2018 4402 2140 4451 non
2161 4392 2511 4464 patiuntur:
