3076 5025
397 318 502 375 428
1248 305 1381 363 LIB.
1421 304 1521 371 111,
1561 302 1715 359 CAP.
1755 300 1981 358 CXXIII.
2958 2 3008 268 1

398 440 515 498 bus
538 433 764 507 aliquid
793 435 1070 503 operetur
1096 427 1375 487 manibus
1404 425 1773 506 operandum
1799 442 1816 492 ;
1876 423 1984 504 ‘uia
2010 435 2117 502 per
2147 417 2494 500 hujusmodi
2531 416 2829 499 inordina·

398 516 496 567 tos
530 521 674 564 usus
702 504 924 561 bonum
955 500 1219 559 bominis
1249 512 1370 556 non
1394 497 1648 554 multum
1672 507 1827 565 impe
1873 500 2020 562 itur;
2043 490 2384 549 inordinata
2406 502 2548 546 vero
2575 501 2828 546 seminis

402 579 652 638 emissio
689 577 982 645 repugnat
1009 571 1169 629 bono
1196 575 1440 631 naturae,
1513 566 1631 624 uod
1663 572 1755 623 est
1782 563 2159 622 conservatio
2201 561 2423 643 speciei
2460 579 2474 617 :
2512 560 2677 617 unde
2708 564 2837 639 post

443 655 709 707 eccatum
740 642 1070 711 homicidii,
1101 655 1220 714 quo
1251 646 1464 697 natura
1538 649 1757 694 uniana
1777 635 1902 706 jam
1933 636 1994 691 in
2026 637 2161 691 actu
2187 637 2452 689 existens
2483 630 2833 712 destruitur,

399 664 750 790 Rujusmodi
781 728 973 785 genus
1001 711 1221 785 peccati
1247 710 1480 767 videtur
1507 706 1842 765 secundum
1872 706 2073 764 locum
2110 709 2331 774 tenere,
2363 715 2482 775 quo
2516 700 2839 772 impeditur

405 788 712 865 generatio
738 787 1012 842 humanae
1035 789 1283 840 naturae.
1975 845 1987 858 ⁹
2766 841 2778 853 .

479 863 614 917 Haec
642 862 840 914 autem
870 868 1004 936 quae
1029 854 1339 925 praemissa
1367 855 1510 909 sunt
1536 849 1741 906 divina
1761 850 2113 927 auctoritate
2131 842 2836 927 tirmanturnuodenim

407 931 657 990 emissio
687 927 938 985 seminis
960 940 1034 981 ex
1060 938 1179 997 qua
1206 922 1406 994 proles
1434 920 1606 992 sequi
1639 932 1759 976 non
1790 921 2094 1001 potest-sit
2141 915 2353 1000 illicita
2382 919 2541 999 patet
2573 929 2588 966 ε
2623 913 2839 971 dicitur

405 1002 589 1068 enim,
622 1001 776 1064 Lem,
806 1008 976 1058 xvm.
1001 999 1092 1063 22,
1126 998 1195 1052 23
1224 1011 1239 1050 ε
1270 994 1402 1050 Cum
1424 991 1662 1047 masculo
1688 1005 1796 1045 non
1813 1002 2204 1044 commiscearis
2221 990 2364 1042 cottu
2379 986 2640 1052 femmeo,
2656 988 2709 1039 et
2726 999 2842 1040 cum

405 1073 554 1128 omni
577 1084 778 1195 ἔρευνα
804 1082 912 1122 nen
937 1066 1136 1131 coibis:
1169 1070 1228 1121 et
1254 1062 1547 1131 Corinth„
1574 1073 1660 1128 vl,
1686 1064 1751 1118 ¹0
1783 1075 1797 1112 ε
1828 1061 2013 1130 Neque
2037 1057 2240 1121 moues,
2271 1071 2441 1126 neque
2475 1056 2841 1112 masculorum

408 1157 573 1200 coucu
611 1142 771 1195 iteres
798 1152 1025 1207 reanum
1042 1137 1141 1192 Dei
1157 1134 1533 1205 possidebunt.
2660 1196 2672 1207 .
2736 1195 2749 1206 .
2801 1195 2814 1205 .
3010 1151 3016 1244 ¹

480 1210 648 1280 Quod
675 1209 853 1266 etiam
885 1205 1200 1264 fornicatio
1229 1210 1288 1262 et
1315 1205 1515 1261 omnis
1540 1204 1738 1262 coitus
1765 1204 1979 1275 praeter
2003 1197 2303 1283 propriam
2337 1209 2584 1281 uxorem
2620 1200 2712 1280 sit
2732 1195 2844 1253 illi·

408 1282 564 1340 citus
601 1285 796 1352 patet:
850 1277 1068 1336 dicitur
1104 1276 1286 1342 enim,
1310 1277 1699 1342 Deut.‚xx111,
1750 1278 1853 1331 17:
1898 1272 2021 1329 Non
2059 1272 2165 1325 erit
2205 1271 2462 1352 metrice
2514 1267 2582 1321 de
2623 1267 2846 1350 filiabus

406 1352 598 1415 Israel,
644 1366 741 1407 uec
767 1352 1031 1405 scortator
1055 1346 1123 1402 de
1146 1348 1280 1417 titiis
1303 1344 1491 1408 Israel,
1523 1351 1583 1402 et
1608 1344 1738 1412 soh,
1767 1356 1855 1410 lv,
1883 1345 1945 1399 17
1972 1358 1988 1398 ε
2018 1338 2252 1396 Attende
2272 1339 2373 1394 tibi
2398 1338 2467 1392 ab
2485 1351 2636 1418 onim
2664 1338 2845 1404 forni-

410 1425 636 1485 catione,
686 1425 738 1476 et
775 1423 978 1490 praetei·
1001 1432 1226 1474 uxorem
1265 1419 1418 1472 tuam
1443 1431 1553 1471 non
1583 1416 1827 1486 patiaris
1856 1413 2060 1468 crimen
2084 1412 2242 1479 scire,
2275 1414 2333 1467 et
2377 1410 2402 1466 1
2431 1408 2732 1477 Corinth„
2760 1419 2845 1475 lv,

413 1496 517 1551 18:
548 1494 740 1561 Fuqite
765 1490 1202 1558 fornicationem.
1606 1503 1610 1508 ·
1823 1553 1836 1564 ,
1979 1552 1990 1563 ·
2169 1549 2181 1561 ·
2261 1548 2272 1559 ⁸
2563 1548 2575 1558 ·
2633 1548 2646 1559 ·

481 1565 593 1620 Per
638 1563 752 1618 hoc
799 1567 996 1616 autem
1043 1556 1378 1615 excluditur
1424 1569 1591 1614 error
1619 1555 1945 1612 dicentium
1975 1564 2049 1633 in·
2067 1562 2396 1630 emissione
2425 1561 2689 1629 seminis
2716 1561 2844 1628 non

412 1646 547 1691 esse
590 1632 786 1703 majus
831 1634 1138 1701 peccatum
1168 1641 1347 1700 quam
1390 1627 1453 1683 in
1482 1626 1737 1684 aliarum
1766 1621 2245 1695 superfluitatum
2276 1632 2632 1689 emissione,
2671 1624 2735 1678 et
2757 1619 2844 1677 di·

411 1702 676 1764 centium
705 1700 1159 1760 fornicationem
1191 1710 1314 1756 non
1343 1710 1481 1757 esse
1509 1703 1844 1769 peccatum.

1344 1919 1598 1984 CAPUT
1658 1916 1923 1982 CXXIII.

871 2094 1025 2149 QUOD
1058 2092 1477 2141 flammemur(
1511 2091 1749 2138 nlenten·
1782 2091 1926 2137 Essa·
1963 2091 2363 2139 mmvlslmm.

484 2258 546 2317 Si
590 2257 728 2331 quis
756 2260 954 2315 autem
984 2262 1144 2315 recte
1178 2255 1537 2324 consideret,
1583 2254 1864 2328 praedicta
1890 2255 2041 2314 ratio
2070 2269 2197 2315 non
2225 2256 2424 2316 solum
2455 2255 2529 2314 ad
2556 2256 2675 2314 hoc
2718 2269 2853 2329 per-

415 2329 630 2388 ducere
657 2327 910 2397 videtur,
938 2333 1004 2386 ut
1028 2326 1286 2386 societas
1314 2327 1498 2384 maris
1526 2332 1587 2382 et
1616 2327 1851 2384 feminae
1878 2326 1940 2383 in
1972 2326 2236 2385 humana
2259 2334 2491 2396 natura,
2511 2341 2698 2399 quam
2728 2342 2854 2386 ma-

411 2399 761 2458 trimonium
790 2399 1183 2469 appellamuS,
1211 2398 1291 2456 sit
1317 2397 1621 2466 diuturna,
1649 2397 1756 2454 sed
1784 2397 1963 2454 etiam
1991 2397 2071 2455 sit
2100 2412 2205 2469 per
2236 2403 2420 2456 totam
2457 2399 2662 2455 vitam.
2698 2400 2849 2457 Pos-

414 2470 726 2529 sessiones
763 2469 923 2527 enim
970 2469 1045 2527 ad
1092 2469 1611 2528 conservationem
1659 2467 1950 2527 naturalis
1994 2467 2130 2526 vitae
2178 2468 2568 2537 ordinantur;
2601 2474 2660 2527 et
2705 2470 2851 2543 quia

414 2541 708 2599 naturalis
744 2541 885 2621 vita,
923 2554 1055 2612 quae
1092 2540 1433 2598 conservari
1478 2539 2121 2666 nonpotestintfatre
2150 2545 2459 2612 perpetu0,
2491 2540 2665 2620 quasi
2743 2555 2849 2598 ua·

414 2611 550 2670 dam
599 2624 985 2669 successione
1028 2610 1358 2670 secundum
1403 2624 1625 2681 speciei
1677 2609 1927 2667 similitu
1974 2622 2153 2678 inem,
2203 2616 2594 2668 conservatur
2622 2623 2685 2666 in
2763 2611 2850 2668 lio

414 2681 747 2739 secundum
780 2686 1075 2747 naturam,
1105 2688 1198 2739 est
1224 2681 1590 2739 conveniens
1618 2679 1774 2737 utin
1805 2679 1899 2738 his
1929 2694 2063 2752 quae
2099 2686 2242 2739 sunt
2269 2680 2456 2752 patris
2477 2680 2767 2739 succedat
2792 2687 2857 2738 et

413 2752 597 2810 filius.
628 2752 904 2809 Naturale
929 2757 1024 2810 est
1049 2751 1233 2823 igitur
1259 2755 1323 2809 ut
1347 2750 1691 2810 sollicitudo
1722 2750 1907 2822 patris
1932 2750 2004 2807 ad
2034 2749 2223 2809 filium
2275 2756 2514 2809 maneat
2543 2764 2741 2823 usque
2777 2751 2857 2810 ad

415 2821 596 2879 finem
625 2822 758 2879 vitae
795 2835 960 2889 suae3
1001 2820 1052 2878 si
1095 2821 1277 2893 igitur
1316 2818 1665 2880 sollicitudo
1707 2821 1894 2891 patris
1924 2820 1997 2878 de
2024 2818 2151 2879 tilio
2184 2827 2396 2879 causat
2417 2821 2596 2879 etiam
2629 2823 2692 2879 in
2725 2822 2851 2880 avi-

416 2892 530 2949 bus
560 2891 1040 2950 convenientiam
1068 2892 1252 2950 maris
1295 2898 1355 2949 et
1383 2892 1641 2960 feminee,
1671 2890 1820 2948 ordo
1849 2891 2142 2950 naturalis
2184 2892 2435 2963 requirit
2461 2892 2623 2964 quod
2656 2905 2858 2967 usque

417 2962 492 3021 ad
523 2961 701 3020 finem
729 2962 863 3019 vitae
895 2961 954 3018 in
980 2962 1245 3019 humana
1272 2962 1470 3033 specie
1499 2967 1668 3033 pater
1695 2967 1755 3018 et
1779 2967 1968 3019 mater
1987 2960 2169 3020 simul
2195 2968 2638 3020 commaneant.

486 3032 727 3089 Videtur
773 3031 950 3088 etiam
995 3032 1258 3104 aequitati
1302 3045 1635 3104 repugnare
1684 3031 1737 3090 si
1781 3031 2066 3104 praedicta
2122 3032 2385 3091 societas
2436 3032 2851 3102 dissolvatur;

418 3102 642 3160 femina
665 3101 825 3160 enim
854 3101 1080 3174 indiget
1109 3115 1271 3160 mare
1301 3116 1423 3160 non
1449 3103 1648 3160 solum
1675 3108 1915 3172 propter
1941 3103 2412 3175 generationem,
2435 3103 2594 3161 sicut
2622 3104 2686 3160 in
2708 3104 2854 3163 aliis

415 3172 800 3241 animalibus,
850 3172 964 3253 sed·
1002 3172 1178 3230 etiam
1227 3178 1468 3245 propter
1512 3172 2031 3244 gubernationem,
2073 3173 2215 3254 quia
2243 3187 2373 3232 mas
2403 3179 2495 3231 est
2523 3179 2583 3230 et
2612 3175 2854 3233 ratione

413 3243 750 3315 perfectior,
803 3246 862 3298 et
910 3247 1124 3301 virtute
1173 3244 1421 3301 fortior:
1473 3243 1690 3300 mulier
1717 3255 1859 3301 vero
1889 3242 1963 3300 ad
1991 3243 2101 3301 viri
2133 3243 2480 3302 societatem
2511 3245 2852 3304 assumitur

413 3320 656 3441 gropter
676 3313 1100 3395 ⁸necessitatem
1117 3313 1555 3442 generationis.
1587 3314 1871 3393 Cessante
1901 3312 2085 3394 igitur
2105 3313 2466 3372 fecunditate
2495 3313 2773 3374 mulieris
2792 3320 2857 3374 et

457 3397 651 3453 ecore,
671 3383 991 3455 impeditur
1014 3397 1087 3442 ne
1211 3384 1332 3442 alio
1351 3390 1715 3442 assumatur.
1741 3385 1800 3442 Si
1825 3396 1961 3456 quis
1982 3388 2165 3457 igitur
2184 3385 2493 3443 mulierem
2521 3399 2851 3447 assumens

414 3459 680 3525 tempore
716 3453 1068 3526 juventutis,
1112 3468 1232 3527 quo
1279 3460 1338 3512 et
1366 3454 1547 3512 decor
1587 3459 1646 3511 et
1674 3453 2009 3512 fecunditas
2032 3455 2089 3512 ei
2117 3454 2359 3523 adsunt,
2386 3469 2517 3514 eam
2545 3452 2885 3515 dimittere²

414 3531 621 3594 posset
658 3531 974 3605 postquam
1011 3530 1180 3583 aetate
1221 3531 1502 3598 provecta
1530 3524 1732 3594 fuerit,
1776 3523 2061 3584 damnum
2098 3525 2345 3584 inferret
2367 3526 2605 3585 mulieri
2635 3522 2879 3587 contra'

412 3595 751 3653 naturalem
782 3610 829 3652 ae
877 3599 1141 3654 uitatem.

483 3667 634 3729 Item,
682 3666 842 3723 mani
872 3670 999 3723 este
1040 3670 1285 3738 apparet
1323 3666 1758 3724 inconveniens
1796 3678 1933 3724 esse
1974 3665 2029 3725 si
2077 3665 2292 3726 mulier
2317 3666 2512 3726 virum
2542 3663 2848 3728 dimittere

411 3737 626 3863 Rossit,
676 3749 813 3794 cum
856 3736 1072 3817 mulier
1112 3736 1461 3796 naturaliter
1499 3737 1630 3794 viro
1672 3735 1943 3809 subJ‘ecta
1986 3737 2067 3796 sit
2115 3743 2399 3810 tanquam
2427 3737 2841 3819 gubernatori.

466 3820 544 3864 on
575 3809 667 3864 est
692 3812 887 3864 autem
912 3820 977 3863 in
1001 3811 1291 3878 potestate
1315 3807 1446 3879 ejus
1475 3807 1579 3880 qui
1606 3806 1778 3865 alteri
1823 3806 2158 3879 subjicitur,
2189 3813 2257 3866 ut
2283 3811 2358 3865 ab
2388 3822 2518 3880 ejus
2547 3809 2846 3881 regimine

414 3876 701 3935 discedat.
742 3878 959 3936 Contra
993 3878 1321 3936 naturalem
1369 3877 1555 3949 igitur
1578 3877 1849 3936 ordinem
1904 3884 2087 3948 esset,
2117 3877 2173 3936 si
2202 3878 2418 3936 mulier
2444 3880 2638 3937 virum
2671 3879 2844 3938 dese-

412 3960 543 4004 rere
575 3952 797 4019 posset.
829 3947 891 4005 Si
919 3960 1065 4020 ergo
1088 3947 1179 4006 vir
1205 3948 1480 4006 deserere
1506 3953 1716 4021 posset
1742 3949 2077 4019 mulierem,
2101 3961 2224 4008 non
2252 3955 2414 4007 esset
2442 3963 2616 4022 aequa
2643 3951 2842 4011 socie·

413 4022 507 4074 tas
535 4018 645 4074 viri
675 4018 749 4076 ad
770 4017 1103 4087 mulierem,
1132 4018 1240 4077 sed
1272 4019 1529 4077 servitus
1565 4019 1838 4092 quaedam
1867 4034 1940 4077 ex
1961 4025 2127 4091 parte
2154 4019 2447 4078 mulieris,

484 4088 769 4151 Praeterea,
821 4089 1167 4148 bominibus
1194 4089 1485 4148 naturalis
1524 4090 1799 4163 quaedam
1827 4089 2173 4149 sollicitudo
2200 4089 2360 4148 inest
2379 4090 2453 4148 de
2479 4089 2840 4150 certitudine

413 4158 642 4229 prolis;
678 4158 837 4240 quod
885 4164 1126 4232 propter
1168 4159 1284 4218 hoc
1319 4161 1729 4220 necessarium
1766 4166 1878 4229 est,
1923 4159 2067 4241 quia
2114 4159 2278 4219 filius
2318 4160 2603 4219 diuturna
2690 4160 2839 4220 atris

413 4227 846 4300 gubernatione
871 4229 1118 4303 indiget.
1166 4231 1567 4303 Quaecumque
1605 4231 1793 4304 igitur
1815 4230 2231 4290 certitudinem
2256 4232 2447 4303 prolis
2479 4231 2635 4302 impe
2680 4231 2838 4301 iunt,

412 4304 557 4379 eunt
601 4305 809 4357 contra
851 4303 1181 4360 naturalem
1225 4302 1577 4361 instinctum
1612 4303 1889 4361 humanae
1917 4302 2161 4373 speciei.
2193 4301 2253 4359 Si
2282 4307 2482 4360 autem
2510 4303 2603 4359 vir
2629 4307 2839 4373 posset

411 4373 592 4426 etiam
630 4370 937 4429 mulierem
977 4371 1291 4436 dimittere,
1339 4373 1430 4431 vel
1473 4372 1688 4430 mulier
1711 4373 1926 4440 virum,
1966 4376 2025 4429 et
2052 4372 2219 4431 alteri
2249 4372 2551 4444 copulare,
2584 4371 2837 4444 impedi·

409 4444 577 4498 retur
601 4439 891 4500 certitudo
917 4442 1128 4515 prolis,
1155 4443 1298 4503 dum
1318 4443 1532 4505 mulier
1558 4457 1596 4501 a
1612 4442 1807 4515 primo
1831 4443 2094 4518 cognita,
2111 4443 2495 4515 postmodum
2514 4442 2837 4504 asecundo
