3076 5025
349 285 460 342 308
1224 277 1360 335 LIB.
1401 277 1498 339 111,
1540 276 1695 333 CAP.
1732 276 1918 334 me.

356 404 444 464 dit
470 400 801 483 Alexander
815 399 986 474 quod
1011 398 1352 458 intellectus
1379 397 1694 470 possibilis
1717 397 1810 455 vel
1841 396 2181 456 intellectus
2206 398 2291 479 in·
2310 396 2516 480 habitu
2551 397 2789 479 ,intelli-

355 474 1193 624 {issfflssss‘ssiffffl's'ffi
1210 468 1590 620 ’isstssliigffl
1607 467 2792 620 ‚333253‘23S310330131iiffigfflffi'ss'{3333

353 608 2795 762 ξ’ἕέξέἓὲιῗρἳέἓῖἳὶέἰξῖῧέὲὲἓῑῖἱὲΐίἑῖῗί,ἒξὲἑὲξεέἓῖἒῗὲῖἓῖιέἓὲῖὲῗιῖἓῶῗὲἳὲῗῑὲοέε

356 762 556 815 autem
588 767 723 811 esse
754 766 876 810 non
905 757 1121 824 potest,
1152 764 1272 809 nisi
1321 764 1394 808 ex
1421 749 1760 809 substantia
1781 749 2121 808 intellectus
2150 754 2386 830 agentis
2417 756 2476 807 et
2505 750 2786 830 substan-

357 827 442 884 tia
473 825 738 884 hominis
764 822 867 881 flat
895 835 1081 880 unum
1128 821 1459 880 secundum
1476 833 1652 891 esse;
1681 820 2056 893 impossihile
2084 827 2177 878 est
2201 833 2383 888 enim,
2429 820 2481 880 si
2514 825 2637 879 sint
2654 821 2791 879 duae

362 894 716 955 substantiae
745 892 1073 951 secundum
1106 905 1241 950 esse
1272 891 1543 961 diversae,
1571 891 1736 964 quod
1764 891 2032 963 operatio
2052 891 2235 949 unius
2258 891 2341 949 sit
2363 891 2631 963 operatio
2653 890 2792 950 alte·

361 967 514 1025 rius.
546 964 664 1022 Erit
694 963 878 1037 igitur
915 963 1255 1020 intellectus
1300 975 1485 1034 agens
1529 975 1716 1019 unum
1763 960 2094 1021 secundum
2136 974 2271 1021 esse
2318 974 2454 1020 cum
2504 961 2795 1031 homine;

363 1050 490 1095 non
516 1040 713 1094 autem
748 1033 1079 1092 secundum
1109 1046 1244 1091 esse
1272 1032 1659 1096 accidentale,
1694 1032 1837 1105 quia
1875 1032 2002 1104 jam
2058 1044 2181 1090 non
2236 1037 2401 1090 esset
2450 1032 2786 1091 intellectus

363 1119 555 1179 agens
584 1104 943 1173 substantia,
974 1103 1081 1162 sed
1110 1102 1422 1171 accidens3
1459 1103 1549 1161 sic
1579 1103 1738 1161 enim
1768 1118 1843 1161 ex
1868 1103 2071 1162 colore
2100 1108 2161 1160 et
2204 1115 2451 1174 corpore
2490 1101 2557 1160 fii
2602 1114 2792 1162 unum

364 1176 699 1237 secundum
733 1188 869 1233 esse
892 1174 1279 1232 accidentale.
1312 1173 1688 1245 Relinquitur
1711 1173 1896 1245 igitur
1923 1173 2082 1245 quod
2111 1173 2450 1232 intellectus
2479 1185 2667 1244 agens
2708 1172 2794 1232 sit

359 1261 501 1306 cum
532 1245 777 1304 homine
801 1258 988 1304 unum
1015 1244 1346 1305 secundum
1376 1257 1511 1302 esse
1537 1243 1952 1303 substantiale.
1981 1244 2099 1301 Erit
2127 1244 2311 1316 igitur
2339 1244 2431 1301 vel
2460 1244 2661 1301 anima
2680 1242 2792 1301 hu·

361 1332 540 1376 mana
568 1315 661 1374 vel
692 1328 830 1387 pars
857 1315 1010 1388 ejuS,
1041 1321 1098 1372 et
1127 1328 1249 1373 non
1293 1313 1494 1387 aliqua
1541 1315 1876 1373 substantia
1916 1320 2211 1386 separata,
2256 1314 2411 1372 sicut
2462 1312 2795 1372 Alexander

361 1388 551 1460 ponit.
604 1390 734 1444 Non
789 1385 994 1458 igitur,
1020 1385 1350 1444 secundum
1406 1385 1757 1456 opinionem
1806 1384 2143 1454 Alexandri,
2186 1388 2386 1455 potest
2432 1385 2576 1455 poni
2633 1382 2796 1457 quod

376 1460 559 1518 homo
585 1456 879 1537 intelligat
906 1456 1274 1515 substantias
1300 1460 1627 1526 separatae.

438 1529 714 1598 Amplius,
746 1539 799 1584 si
831 1526 1170 1584 intellectus
1197 1538 1385 1598 agens
1413 1526 1772 1606 quandoque
1799 1524 1901 1583 fiet
1944 1524 2135 1584 forma
2176 1525 2358 1583 istius
2386 1524 2679 1595 hominis,
2708 1523 2798 1584 ita

367 1598 524 1671 quod
556 1611 661 1668 per
687 1597 886 1668 ipsum
910 1596 1247 1668 intelligere
1278 1601 1489 1666 possit,
1519 1596 1727 1653 eadem
1755 1596 1987 1653 ratione
2028 1596 2244 1669 poterit
2271 1594 2397 1653 fieri
2426 1595 2619 1658 forma
2645 1594 2795 1653 alte·

363 1670 493 1726 rius
519 1667 783 1725 hominis
811 1681 917 1739 per
950 1667 1149 1737 ipsum
1199 1666 1475 1724 similiter
1519 1666 1932 1738 intelligentis.
1965 1666 2243 1740 Sequitur
2269 1678 2413 1738 ergo
2467 1665 2625 1738 quod
2674 1664 2800 1723 duo

363 1738 642 1797 homines
672 1736 853 1795 simul
900 1751 1006 1809 per
1055 1737 1423 1795 intellectum
1475 1741 1747 1809 agentem
1799 1735 2137 1809 intelligent
2180 1737 2337 1793 sicut
2383 1749 2488 1806 per
2540 1735 2798 1793 formam

370 1822 562 1867 suam.
596 1809 717 1866 Hoc
745 1813 944 1866 autem
967 1812 1060 1865 cst
1094 1808 1176 1865 ita
1228 1807 1387 1880 quod
1439 1807 1636 1878 ipsum
1684 1806 2017 1879 intelligere
2062 1806 2402 1865 intellectus
2451 1821 2483 1863 a
2529 1805 2685 1864 entis
2716 1805 2802 1864 sit

370 1878 704 1951 intelligere
731 1877 1123 1951 intelligentis
1152 1891 1256 1949 per
1283 1879 1503 1949 ipsum,
1527 1883 1592 1934 ut
1608 1878 1731 1950 jam
1757 1875 1979 1935 dictum
2005 1882 2115 1935 est.
2140 1877 2259 1934 Erit
2278 1890 2420 1950 ergo
2443 1877 2461 1933 i
2506 1890 2599 1933 em
2626 1875 2798 1934 intel-

369 1949 553 2022 ligere
583 1948 838 2006 duorum
867 1948 1371 2029 intelligentium3
1405 1948 1564 2021 quod
1597 1953 1688 2007 est
1717 1947 2113 2019 impossihile.

436 2018 605 2099 {tatio
635 2018 810 2076 etiam
842 2017 972 2099 ejus
1004 2018 1216 2099 tsrivola
1242 2024 1335 2076 est
1361 2018 1631 2076 omnino,
1667 2018 1863 2076 Primo
1902 2018 2172 2147 guidem,
2199 2017 2635 2098 quim-quando
2658 2027 2794 2099 pei·-
2870 2037 2877 2044 -

364 2088 563 2147 ficitur
592 2094 899 2161 generatio
945 2087 1202 2161 alicujus
1268 2090 1486 2157 eneriS,
1518 2094 1753 2160 oportet
1777 2102 1898 2162 quo
1969 2087 2307 2161 perficiatur
2335 2103 2465 2160 ejus
2506 2092 2798 2160 operatio,

367 2159 473 2216 sed
501 2165 699 2217 tamen
727 2159 1060 2217 secundum
1102 2172 1201 2217 mo
1247 2173 1346 2216 um
1375 2161 1472 2217 sui
1519 2160 1780 2231 generis,
1808 2171 1930 2218 non
1968 2164 2161 2218 autem
2194 2159 2523 2216 secundum
2551 2157 2799 2216 modum

357 2230 604 2302 generis
639 2229 909 2299 altioris;
942 2242 1125 2301 quum
1178 2230 1336 2286 enim
1376 2228 1680 2301 perficitur
1707 2230 2014 2302 generatio
2048 2230 2226 2298 aeriS‚
2256 2229 2433 2286 habet
2460 2228 2798 2299 generatio·

365 2312 501 2356 nem
548 2305 606 2357 et
635 2306 863 2358 motum
909 2300 1268 2371 completum
1319 2313 1582 2368 sursum,
1615 2313 1738 2359 non
1785 2305 1981 2357 tamen
2024 2305 2089 2357 ut
2126 2305 2434 2357 moveatur
2481 2299 2556 2357 ad
2595 2299 2799 2358 locum

365 2370 548 2442 ignis.
579 2370 862 2428 Similiter
912 2375 1132 2438 autem,
1159 2385 1342 2450 quum
1373 2371 1707 2441 completur
1751 2370 2056 2444 generatio
2090 2370 2427 2428 intellectus
2476 2369 2538 2427 in
2565 2370 2797 2440 habitu,

357 2440 759 2511 complebitur
785 2443 915 2512 ejus
965 2445 1251 2512 operatio,
1278 2455 1410 2514 quae
1437 2446 1529 2498 est
1559 2440 1745 2499 intelli
1792 2455 1910 2510 ere,
1943 2441 2270 2500 secundum
2313 2454 2490 2498 suum
2523 2440 2795 2509 modum,

366 2524 488 2569 non
535 2519 729 2570 autem
777 2512 1106 2571 secundum
1156 2511 1401 2570 modum
1448 2526 1567 2585 quo
1610 2511 1752 2570 intel
1783 2512 1953 2585 igunt
1989 2511 2339 2572 substantiae
2389 2517 2699 2592 separatae,
2728 2517 2799 2570 ut

365 2582 593 2639 scilicet
620 2582 916 2656 intelligat
956 2583 1324 2641 substantias
1373 2588 1699 2653 separatas,
1732 2582 1896 2652 Unde
1919 2597 1991 2641 ex
2020 2582 2405 2655 generatione
2447 2583 2791 2640 intellectus

361 2652 428 2732 in
460 2652 663 2710 habitu
693 2666 814 2711 non
843 2658 1041 2724 potest
1069 2654 1344 2712 concludi
1390 2653 1549 2726 quod
1582 2654 1762 2711 homo
1796 2653 2152 2726 quandoque
2187 2653 2484 2725 intelligat
2506 2652 2789 2711 substan-

362 2727 479 2802 tias
499 2728 832 2803 separatas.
861 2724 1326 2803 secundm-quia
1350 2724 1618 2796 ejusdem
1646 2723 1883 2782 virtutis
1912 2728 2004 2782 est
2047 2724 2546 2795 complementum
2576 2736 2789 2803 opera-

363 2797 547 2850 tionis
594 2807 766 2864 quus
817 2800 909 2851 est
954 2799 1219 2864 operatio
1262 2795 1413 2865 ipsa.
1439 2796 1499 2851 Si
1558 2794 1891 2866 intelligere
1938 2793 2309 2856 substantias
2355 2800 2661 2866 separatas
2709 2799 2794 2852 sit

364 2863 864 2944 complementum
907 2864 1290 2945 ‚operationis
1335 2864 1676 2922 intellectus
1716 2865 1778 2921 in
1824 2863 2050 2945 habitu,
2081 2864 2352 2937 sequitur
2402 2864 2562 2937 quod
2618 2863 2791 2921 intel-

360 2933 554 2990 lectus
584 2947 645 2989 in
673 2933 877 2992 habitu
902 2934 1198 3006 intelligat
1212 2934 1571 3007 quandoque
1601 2934 1972 2995 substantias
1997 2939 2327 3006 separatas,
2358 2934 2518 3007 quod
2546 2936 2801 2992 Alexan-

363 3001 469 3060 der
495 3017 619 3083 non
661 3004 866 3075 ponit;
896 3009 1245 3077 sequeretur
1289 3006 1448 3062 enini
1476 3004 1639 3077 quod
1683 3005 1872 3062 intelli
1919 3019 2018 3063 ere
2064 3005 2436 3064 substantias
2483 3010 2800 3074 separatas

365 3079 740 3146 contingeret
767 3088 873 3145 per
901 3075 1186 3134 scientias
1216 3077 1633 3147 speculativas,
1663 3088 1795 3148 quae
1825 3089 1896 3134 sii
1971 3076 2275 3134 intellectu
2301 3076 2363 3132 in
2393 3074 2596 3134 habitu
2627 3088 2799 3133 com—

359 3143 832 3224 prehenduntur.
878 3145 1091 3215 Tertio,
1124 3146 1267 3217 quia
1332 3160 1540 3203 eorum
1587 3161 1719 3219 quae
1783 3146 2056 3219 generari
2104 3146 2403 3217 incipiunt
2456 3145 2797 3216 completur

403 3220 666 3271 eneratio
695 3215 847 3272 utin
878 3215 1173 3287 pluribuS,
1203 3230 1387 3289 quum
1416 3230 1627 3274 omnes
1673 3217 2091 3288 generationes
2136 3230 2334 3275 rerum
2376 3216 2498 3274 sint
2522 3231 2557 3273 a
2585 3216 2797 3274 causis

361 3227 794 3366 {mermi-iaus,
826 3300 958 3358 quae
1008 3292 1459 3396 consequuntur
1512 3286 1760 3344 effectus
1785 3300 1937 3368 suos
1962 3287 2058 3345 vel
2099 3300 2337 3359 semper
2363 3287 2454 3367 yel
2483 3287 2545 3343 in
2581 3287 2798 3358 majori

363 3360 548 3424 parte.
582 3355 642 3410 Si
685 3361 871 3426 igitur
911 3355 986 3414 ad
1028 3363 1487 3428 comp.etionem
1531 3361 1940 3429 generationis
1987 3358 2258 3431 sequitur
2303 3361 2483 3415 etiam
2531 3357 2797 3429 comple-

360 3430 629 3481 mentum
659 3426 937 3495 actionis,
969 3432 1202 3498 oportet
1236 3427 1417 3484 etiam
1463 3429 1622 3500 quod
1653 3428 1919 3509 operatio
1964 3429 2260 3509 completa
2293 3433 2701 3500 consequatur
2724 3440 2801 3486 ea

361 3508 493 3573 quae
522 3500 884 3566 generantur
905 3497 999 3554 vel
1029 3511 1263 3568 semper
1290 3498 1379 3554 vel
1407 3498 1470 3554 in
1500 3498 1711 3570 majori
1734 3499 2272 3571 parte.lntelligere
2293 3504 2490 3556 autem
2514 3498 2799 3556 substan-

361 3569 477 3621 tias
528 3570 833 3636 separatas
884 3580 1007 3624 non
1059 3581 1243 3626 conse
1288 3575 1510 3626 uuntur
1561 3569 1660 3640 qui
1717 3568 1791 3626 ad
1838 3569 2285 3641 generationem
2337 3569 2679 3636 intellectus
2728 3568 2797 3626 in

362 3633 566 3692 habitu
597 3635 857 3701 student,
888 3650 1081 3711 neque
1105 3639 1167 3695 in
1215 3652 1251 3710 p
1280 3632 1488 3696 uribus
1535 3652 1730 3711 neque
1778 3652 2045 3710 semper3
2096 3639 2367 3713 quinimo
2403 3639 2609 3696 nullus
2656 3651 2798 3710 pro·

361 3705 560 3763 fessus
591 3711 684 3764 est
730 3719 796 3764 se
824 3706 898 3764 ad
940 3707 1094 3766 hanc
1142 3709 1565 3779 perfectionem
1616 3709 1977 3779 pervenisse.
2009 3712 2139 3768 Non
2195 3715 2288 3767 est
2311 3709 2496 3781 igitur
2533 3708 2796 3780 comple-

360 3781 625 3903 {ffifflum
670 3777 1041 3848 operationis
1093 3778 1434 3880 intellectus
1479 3779 1545 3835 in
1587 3778 1794 3837 habitu
1840 3778 2175 3853 intelligere
2220 3779 2594 3840 substantias
2621 3791 2794 3851 sepa·

1323 3964 1578 4029 CAPUT
1619 3964 1832 4030 XLIII.

404 4117 557 4169 QUOD
593 4121 713 4169 NON
747 4124 1043 4172 Possumus
1092 4125 1473 4173 inniti-mmm
1509 4128 1573 4173 IN
1608 4128 1726 4175 HAG
1773 4127 1917 4176 VITA
1950 4127 2345 4188 smis'ramlas
2400 4127 2756 4184 suranus,

1160 4206 1325 4252 SICUT
1370 4206 1576 4252 POSUIT
1622 4206 1994 4255 Ammianus·

430 4333 582 4415 Quia
614 4347 755 4394 vero
799 4338 1059 4398 maxima
1108 4336 1429 4402 difficultas
1460 4350 1554 4402 est
1581 4345 1644 4401 in
1686 4343 1972 4415 opinione
2015 4344 2357 4414 Alexandri,
2387 4358 2460 4403 ex
2488 4344 2603 4403 hoc
2674 4342 2798 4403 uod

356 4409 525 4473 ponit
553 4405 923 4468 intellectum
948 4410 1302 4483 possibilem
1328 4415 1393 4473 in
1422 4416 1629 4473 habitu
1658 4414 1922 4476 totaliter
1961 4417 2435 4490 corruptibilem,
2461 4420 2640 4474 Averr
2686 4427 2798 4476 oes
