3076 5025
32 7 182 285 Γ
1079 275 1210 330 Lm.
1254 276 1342 343 w,
1381 276 1537 332 CAP.
1576 277 1693 332 m.
2498 282 2608 336 579

169 413 282 459 nec
310 398 634 457 inferiores
648 397 805 456 vires
831 396 1088 469 perfecte
1110 398 1326 456 rationi
1352 396 1747 469 subjiciantur
1764 410 1875 456 nec
1895 397 2106 456 animae
2127 411 2385 471 corpus;
2414 400 2604 461 ethoc

172 485 295 529 non
327 474 561 526 tantum
592 470 655 526 in
694 468 885 539 primo
915 474 1215 538 peccante,
1248 469 1354 526 sed
1395 469 1551 525 idem
1578 469 1845 527 desectus
1868 471 2207 527 communis
2237 472 2505 541 pervenit
2528 472 2605 531 ad

171 546 476 624 posteroS,
509 540 583 597 ad
615 552 771 611 quos
819 538 997 619 etiam
1049 538 1208 619 dicta
1252 539 1566 611 originalis
1614 539 1850 611 justitia
1902 546 2254 611 perventura
2306 549 2450 598 erat.
2508 544 2606 602 Sic

171 628 190 670 1
239 612 360 669 itur
405 615 714 681 peccatum
744 622 916 679 primi
946 608 1235 676 hominm,
1283 624 1319 666 a
1347 622 1468 682 quo
1494 622 1707 668 omnes
1734 609 1862 679 alii,
1906 611 2235 668 secundum
2268 611 2602 672 doctrinam

213 681 310 739 dei
332 724 347 751 ,
406 688 547 738 sunt
603 679 850 737 derivati
876 722 892 750 ,
949 686 1008 736 et
1053 680 1371 761 personale
1423 681 1534 737 suit
1556 723 1572 751 ,
1631 681 1697 737 in
1748 685 2033 753 quantum
2089 682 2283 752 ipsum
2347 684 2604 755 primum

171 752 488 810 hominem
517 752 757 822 proprio
795 750 955 807 bono
983 751 1252 821 privavit,
1280 755 1337 807 et
1379 750 1671 819 naturale,
1704 751 1765 807 in
1798 756 2085 823 quantum
2115 753 2359 809 abstulit
2402 754 2518 811 sibi
2550 760 2608 811 et

173 824 306 882 suis
336 822 599 893 posteris
626 823 1066 892 consequenter
1091 820 1452 879 beneficium
1483 822 1769 879 collatum
1798 822 1905 879 toti
1934 821 2212 879 humanae
2244 829 2489 881 naturae·
2513 824 2606 883 Sic

170 894 188 953 i
235 895 359 951 itur
387 891 735 963 huJusmodi
765 891 1051 958 desectuS‚
1076 892 1138 948 in
1171 892 1305 949 aliis
1333 905 1713 964 consequens
1743 907 1821 965 ea
1839 892 2031 963 primo
2049 898 2313 964 parente,
2342 895 2521 951 etiam
2544 897 2606 952 in

170 978 205 1023 a
230 963 311 1022 iis
344 965 638 1020 rationem
656 962 845 1033 culpae
867 961 1070 1029 habet,
1091 969 1268 1035 prout
1286 976 1381 1019 om
1393 976 1498 1020 nes
1518 962 1799 1020 homines
1812 968 2232 1033 computantur
2246 978 2402 1021 unus
2421 964 2606 1023 homo

210 1049 275 1092 er
323 1033 839 1106 participationem
883 1038 1110 1090 naturae
1157 1033 1517 1097 communis.
1548 1034 1646 1091 Sic
1686 1034 1847 1090 enim
1876 1034 2178 1091 invenitur
2203 1036 2606 1097 voluntarium

251 1104 521 1176 jusmodi
568 1109 875 1176 peccatum
917 1103 1220 1162 voluntate
1263 1104 1435 1175 primi
1484 1104 1772 1175 parentis,
1802 1104 2304 1177 quemadmodum
2348 1110 2407 1162 et
2448 1106 2606 1164 actio

169 1188 393 1234 manus
451 1175 744 1233 rationem
778 1174 967 1244 culpae
1017 1172 1195 1232 habet
1249 1190 1322 1232 ex
1374 1174 1679 1232 voluntate
1734 1175 1909 1246 primi
1964 1176 2280 1244 moventis,
2313 1174 2472 1246 quod
2516 1181 2609 1235 est

170 1246 363 1314 ratio;
393 1250 461 1302 ut
487 1245 576 1303 sic
603 1246 975 1304 aestimentur
1002 1244 1064 1302 in
1094 1251 1338 1318 peccato
1369 1249 1596 1303 naturae
1624 1245 1842 1303 diversi
1875 1244 2149 1303 homines
2178 1247 2351 1318 quasi
2380 1252 2608 1304 naturae

172 1316 519 1443 communis
573 1321 795 1388 partes,
835 1315 995 1373 sicut
1037 1315 1104 1373 in
1154 1321 1401 1388 peccato
1444 1315 1748 1387 personali
1807 1315 2057 1374 diversae
2111 1319 2295 1375 unius
2337 1316 2606 1376 hominis

171 1400 210 1461 p
243 1455 590 1516 Secundum
642 1456 760 1515 boc
812 1457 999 1531 igitur
1043 1470 1252 1515 verum
1297 1461 1392 1515 est
1443 1454 1642 1514 dicere
1685 1456 1868 1531 quod,
1897 1470 2022 1515 uno
2055 1462 2363 1529 peccante,
2391 1472 2607 1518 omnes

172 1531 571 1602 peccaverunt
616 1527 680 1584 in
717 1528 878 1599 ipse,
911 1531 976 1585 ut
1013 1527 1335 1599 Apostolus
1381 1527 1528 1585 dicit
1563 1527 1759 1600 (Rom,
1790 1541 1855 1598 V,
1898 1528 2026 1600 19);
2066 1529 2398 1587 secundum
2444 1529 2609 1602 quod

177 1598 445 1659 secunda
475 1597 629 1655 ratio
654 1598 1022 1670 proponebat
1049 1612 1170 1655 uon
1197 1597 1357 1670 quod
1382 1603 1588 1656 essent
1616 1604 1751 1656 actu
1779 1598 2003 1670 inipso
2036 1599 2141 1656 alii
2167 1598 2468 1668 homines,
2500 1599 2609 1658 sed

176 1669 412 1738 virtute,
441 1668 601 1727 sicut
641 1670 703 1726 in
749 1669 1026 1741 originali
1074 1669 1408 1741 principio;
1458 1681 1569 1726 nec
1599 1668 1879 1727 dicuntur
1924 1682 2209 1741 peccasse
2238 1670 2303 1726 in
2332 1683 2404 1728 eo
2432 1670 2607 1742 quasi

177 1738 438 1812 aliquem
471 1743 667 1796 actum
697 1745 1063 1808 exercenteS,
1091 1739 1216 1803 sed,
1247 1740 1311 1797 in
1338 1745 1627 1813 quantum
1658 1738 1956 1810 pertinent
1981 1740 2057 1798 ad
2086 1745 2361 1798 naturam
2388 1741 2605 1814 ipsius,

178 1824 314 1885 quae
345 1823 456 1882 per
484 1815 790 1881 peccatum
823 1815 1102 1882 corrupta
1134 1815 1245 1867 est.

250 1884 370 1939 Nec
425 1884 628 1937 tamen
677 1881 984 1952 sequitur,
1034 1881 1089 1938 si
1145 1886 1454 1952 peccatum
1500 1896 1541 1940 a
1590 1881 1787 1952 primo
1836 1884 2081 1953 parente
2129 1886 2496 1956 propagatur
2540 1881 2610 1939 iu

128 2005 132 2007 r
169 1956 480 2026 posteroS‚
548 1963 689 2008 uum
720 1952 1054 2023 subjectum
1079 1952 1307 2022 peccati
1332 1951 1413 2009 sit
1441 1950 1641 2009 anima
1669 1950 2001 2021 rationalis„
2017 1950 2178 2025 quod
2209 1955 2408 2010 anima
2434 1951 2612 2011 ratio-

169 2022 334 2080 nalis
363 2022 525 2080 simu
579 2036 716 2078 cum
748 2022 977 2079 semine
999 2036 1104 2093 pro
1148 2028 1373 2094 agetur,
1397 2022 1729 2080 secundum
1759 2034 2107 2094 processum
2127 2025 2317 2080 tertiae
2334 2022 2606 2081 rationis.

169 2094 298 2152 Hoc
329 2092 703 2150 enim-modo
729 2099 1088 2165 propagatur
1159 2106 1232 2150 oc
1259 2097 1831 2164 peccatumnaturae,
1862 2091 2023 2165 quod
2050 2093 2343 2167 originale
2371 2093 2607 2162 dicitur,

170 2163 336 2222 sicut
375 2167 438 2220 et
479 2162 614 2234 ipsa
640 2169 852 2221 natura
878 2163 1122 2233 speciei,
1153 2178 1307 2235 quae,
1336 2163 1610 2236 quamvis
1634 2176 1739 2243 per
1765 2163 2025 2221 animam
2052 2164 2404 2221 rationalem
2434 2162 2609 2236 perfi-

169 2233 368 2294 ciatur
392 2277 408 2303 ‚
430 2304 442 2315 υ
467 2246 590 2289 non
638 2238 838 2315 tamen
895 2240 1255 2314 propagatur
1308 2248 1446 2292 cum
1500 2247 1733 2294 semine
1758 2276 1774 2303 ,
1830 2233 1937 2292 sed
1994 2234 2194 2292 solum
2256 2247 2478 2305 corpus
2533 2233 2609 2293 ad

170 2317 355 2364 susce
401 2308 623 2360 tionem
653 2305 791 2361 talis
812 2317 1026 2362 animae
1051 2309 1252 2375 aptum
1276 2311 1507 2374 natum,
1535 2310 1604 2362 ut
1633 2309 1944 2362 ostensum
1970 2309 2061 2362 est
2090 2304 2154 2375 (l.
2192 2315 2260 2366 11,
2284 2318 2339 2361 c.
2368 2305 2479 2375 86).

247 2376 336 2443 Et,
392 2375 510 2431 icet
547 2374 816 2432 Christus
845 2389 881 2432 a
906 2376 1101 2446 primo
1129 2380 1371 2446 parente
1402 2374 1733 2432 secundum
1774 2387 2014 2432 carnem
2061 2374 2455 2442 descenderit,
2486 2385 2609 2432 non

169 2450 383 2505 tamen
417 2445 892 2526 inquinationem
922 2445 1235 2518 originalis
1262 2445 1489 2516 peccati
1523 2443 1797 2514 incurrit,
1825 2447 1894 2502 ut
1933 2449 2145 2516 quarta
2189 2445 2341 2501 ratio
2370 2444 2611 2502 conclu·

170 2518 392 2586 debat;
426 2531 571 2588 quia
595 2517 903 2574 materiam
930 2515 1178 2573 humani
1205 2516 1477 2586 corporis
1517 2515 1717 2572 solum
1746 2529 1785 2573 a
1824 2512 2021 2588 primo
2049 2521 2291 2586 parente
2318 2515 2606 2586 suscepit,

167 2588 365 2647 virtus
410 2592 608 2644 autem
657 2588 968 2644 formativa
994 2586 1265 2658 corporis
1293 2587 1424 2658 ejus
1457 2598 1583 2643 non
1611 2585 1725 2643 fuit
1752 2599 1789 2643 a
1874 2585 2026 2642 rimo
2050 2591 2291 2656 parente
2321 2585 2605 2655 derivata,

172 2657 285 2718 sed
335 2657 454 2714 fuit
500 2657 688 2715 virtus
731 2657 984 2728 spiritus
1032 2656 1249 2727 sancti,
1291 2661 1360 2715 ut
1407 2668 1593 2726 supra
1636 2654 1713 2737 (c.
1764 2658 1834 2713 46
1909 2661 2221 2714 ostensum
2274 2661 2405 2725 est;
2447 2655 2606 2713 unde

171 2736 459 2788 naturam
491 2726 813 2785 humanam
855 2740 981 2785 non
1009 2727 1085 2785 ab
1120 2726 1322 2808 Adam·
1347 2728 1773 2808 accep-it0s1cut
1813 2724 1890 2784 ab
1930 2731 2166 2799 agente,
2191 2726 2330 2785 licet
2354 2739 2487 2784 eam
2535 2725 2609 2783 de

173 2800 366 2860 Adam
396 2797 723 2869 susceperit
755 2798 913 2857 sicut
937 2798 1010 2857 de
1036 2798 1324 2856 materiali
1349 2810 1667 2869 principio.

247 2868 767 2928 Considerandum
810 2873 903 2927 est
943 2868 1118 2925 etiam
1203 2868 1317 2925 uod
1365 2868 1629 2939 praedicti
1674 2865 1942 2926 defectus
1988 2882 2092 2939 per
2129 2868 2459 2926 naturalem
2490 2866 2609 2925 ori·

173 2941 384 3070 {mem
414 2939 824 3008 traducuntur,
845 2953 916 2996 ex
937 2951 1010 2997 eo
1037 2883 1198 3011 quog
1227 2942 1439 2996 natura
1468 2938 1747 2996 destituta
1774 2941 1867 3019 est
1895 2938 2120 2996 auxilio
2141 2939 2346 3011 gratiae
2373 2939 2535 3010 quod
2553 2937 2609 3019 ei

243 3016 375 3069 erat
415 3011 480 3066 in
522 3010 716 3082 primo
767 3012 1008 3082 parente
1052 3009 1354 3078 collatum,
1394 3008 1468 3066 ad
1516 3013 1789 3080 posteros
1817 3008 1995 3067 simul
2042 3021 2179 3066 cum
2218 3013 2430 3067 natura
2459 3009 2609 3066 dert-

171 3080 443 3140 vandum
467 3098 482 3148 ;
513 3087 592 3151 et,
619 3080 758 3153 quia
785 3081 908 3138 baec
933 3079 1236 3138 destitutio
1263 3094 1336 3136 ex
1358 3079 1697 3137 voluntario
1722 3084 1965 3150 peccato
1999 3080 2315 3150 processit,
2340 3079 2612 3138 defectus

174 3164 566 3223 consequens
619 3151 869 3221 suscipit
907 3150 1096 3220 culpae
1138 3150 1450 3209 rationem.
1483 3150 1580 3207 Sic
1631 3150 1813 3222 igitur
1856 3149 2124 3208 defectus
2165 3150 2511 3222 buJusmodi
2553 3154 2615 3209 et

175 3222 514 3292 culpabiles
545 3227 688 3279 sunt
711 3236 814 3293 per
841 3220 1341 3291 comparationem
1368 3219 1444 3277 ad
1472 3220 1727 3292 primum
1756 3219 2134 3291 principium,
2173 3221 2333 3294 quod
2364 3226 2456 3279 est
2484 3234 2615 3293 pec-

173 3298 383 3353 catum
414 3291 571 3360 Adae,
603 3296 661 3348 et
688 3292 989 3349 naturales
1019 3297 1162 3349 sunt
1183 3305 1292 3371 per
1319 3291 1826 3361 comparationem
1855 3289 1928 3348 ad
1973 3294 2244 3348 naturam
2285 3291 2409 3363 jam
2439 3291 2616 3349 desti·

171 3366 371 3422 tutam
398 3380 412 3430 ;
447 3362 606 3419 unde
633 3365 694 3419 et
734 3361 1054 3433 Apostolus
1083 3361 1223 3419 dicit
1251 3379 1269 3418 :
1299 3363 1536 3420 Eramus
1556 3364 1764 3417 natura
1786 3361 1898 3431 filii
1921 3362 2039 3418 irae.
2066 3361 2307 3433 (Effice,
2331 3375 2403 3431 11,
2432 3361 2513 3433 3.)
2545 3363 2614 3420 Et

172 3448 292 3506 per
319 3432 440 3489 hoc
469 3431 722 3489 solvitur
750 3431 898 3489 ratio
928 3430 1155 3504 quinta.

247 3505 430 3561 Pater
455 3502 636 3575 igitur
658 3502 987 3561 secundum
1018 3501 1294 3573 praedicta
1317 3502 1480 3575 quod
1505 3501 1717 3560 vitium
1745 3501 2015 3582 origini8‚
2044 3515 2117 3559 ex
2142 3515 2264 3574 quo
2302 3507 2612 3574 peccatum

171 3573 479 3647 originale
510 3577 809 3639 causatur,
840 3573 1111 3644 provenit
1137 3587 1209 3629 ex
1233 3573 1465 3630 defectu
1492 3572 1746 3644 alicujus
1773 3572 2065 3642 principii,
2101 3573 2327 3630 scilicet
2370 3572 2612 3646 gratuiti

169 3645 327 3706 doni
347 3643 509 3716 quod
535 3647 758 3701 naturae
783 3642 1061 3701 humanae
1085 3643 1149 3699 in
1171 3643 1267 3701 sui
1299 3643 1673 3700 institutione
1698 3642 1809 3700 fuit
1832 3642 2114 3701 collatum
2138 3660 2153 3710 ;
2185 3641 2341 3715 quod
2373 3641 2613 3716 quidem

169 3716 412 3777 donum
444 3714 883 3786 quodammodo
915 3713 1024 3771 fuit
1051 3713 1340 3783 naturale,
1368 3727 1488 3771 non
1528 3712 1701 3786 quasi
1730 3727 1806 3770 ex
1849 3712 2158 3783 principiis
2197 3715 2421 3771 naturae
2468 3725 2617 3771 oau-

169 3791 408 3854 satum,
434 3785 537 3842 sed
565 3787 707 3857 quia
729 3785 819 3842 sic
841 3784 950 3841 fuit
973 3784 1200 3842 homini
1228 3783 1430 3843 datum
1466 3788 1531 3841 ut
1558 3782 1738 3842 simul
1768 3796 1906 3841 cum
1936 3788 2147 3840 natura
2162 3790 2610 3864 propagaretur.

171 3856 459 3937 objectio
484 3861 681 3913 autem
706 3860 875 3913 sexta
901 3855 1259 3927 procedebat
1283 3854 1618 3913 secundum
1636 3853 1799 3927 quod
1825 3854 2096 3913 naturale
2123 3853 2340 3911 dicitur
2358 3852 2520 3926 quod
2540 3864 2616 3914 ex

169 3926 496 4002 principiis
523 3931 751 3984 naturae
778 3930 1080 3983 causatur.

251 3997 533 4055 Procedit
558 3997 736 4054 etiam
762 3996 1016 4077 septima
1044 3995 1197 4054 ratio
1222 4007 1330 4067 per
1369 3993 1617 4053 modum
1657 3993 1947 4075 eumdem·
1973 3992 2049 4052 de
2076 3992 2307 4052 defectu
2337 3994 2616 4068 principii

169 4068 483 4129 naturalis
508 4067 667 4140 quod
698 4073 948 4139 pertinet
974 4066 1047 4124 ad
1078 4071 1351 4124 naturam
1381 4065 1624 4137 speciei.
1651 4064 1822 4134 Quod
1853 4077 2013 4123 enim
2064 4079 2137 4122 ex
2173 4064 2405 4123 defectu
2430 4064 2614 4139 hujus

169 4137 481 4200 naturalis
509 4137 780 4209 principii
807 4136 1077 4210 provenit
1120 4136 1337 4195 accidit
1363 4136 1512 4193 utin
1543 4135 1927 4208 paucioribus
1950 4153 1967 4204 ;
1998 4134 2105 4192 sed
2132 4133 2400 4194 defectus
2428 4138 2614 4213 origi·

170 4210 345 4341 31⁹¹?
365 4209 592 4336 peccati
622 4207 895 4281 provenit
911 4222 985 4266 ex
1011 4206 1242 4267 defectu
1269 4206 1549 4280 principii
1578 4205 1942 4279 superadditi
1969 4206 2265 4278 principio
2294 4208 2535 4280 speciei,
2549 4212 2617 4269 ut

254 4350 581 4410 Sciendum
610 4354 704 4408 est
742 4349 919 4408 etiam
960 4347 1123 4432 quod
1163 4348 1230 4406 in
1262 4351 1408 4430 ,actu
1493 4347 1808 4407 enerativae
1839 4344 2078 4429 virtutis
2104 4359 2228 4406 non
2255 4352 2453 4430 potest
2480 4360 2617 4407 esse

174 4421 393 4484 vitium
421 4421 499 4480 de
526 4433 746 4495 genere
772 4419 1023 4481 actualis
1049 4422 1300 4492 peccati,
1327 4430 1449 4492 quo
1516 4432 1591 4477 ex
1634 4418 1940 4478 voluntate
1984 4420 2314 4492 singularis
2337 4429 2614 4492 personae
