<?xml version="1.0" encoding="UTF-8"?>
<!DOCTYPE html PUBLIC "-//W3C//DTD XHTML 1.0 Transitional//EN"
    "http://www.w3.org/TR/xhtml1/DTD/xhtml1-transitional.dtd">
<html xmlns="http://www.w3.org/1999/xhtml" xml:lang="en" lang="en">
 <head>
  <title>
</title>
<meta http-equiv="Content-Type" content="text/html;charset=utf-8" />
  <meta name='ocr-system' content='tesseract 3.04.00' />
  <meta name='ocr-capabilities' content='ocr_page ocr_carea ocr_par ocr_line ocrx_word'/>
</head>
<body>
  <div class='ocr_page' id='page_1' title='image "./deveritatecatho00rubegoog_0163.png"; bbox 0 0 3076 5025; ppageno 0'>
   <div class='ocr_carea' id='block_1_1' title="bbox 1091 295 2644 366">
    <p class='ocr_par' dir='ltr' id='par_1_1' title="bbox 1091 295 2644 366">
     <span class='ocr_line' id='line_1_1' title="bbox 1091 295 2644 366; baseline 0.001 -12"><span class='ocrx_word' id='word_1_1' title='bbox 1091 295 1223 356; x_wconf 86' lang='lat' dir='ltr'><strong>LIB.</strong></span> <span class='ocrx_word' id='word_1_2' title='bbox 1266 295 1339 366; x_wconf 84' lang='lat'><strong>11,</strong></span> <span class='ocrx_word' id='word_1_3' title='bbox 1376 295 1533 354; x_wconf 78' lang='lat' dir='ltr'>CAP-</span> <span class='ocrx_word' id='word_1_4' title='bbox 1571 295 1746 356; x_wconf 76' lang='lat' dir='ltr'><strong>XXIV.</strong></span> <span class='ocrx_word' id='word_1_5' title='bbox 2543 296 2644 355; x_wconf 73' lang='lat'><strong>127</strong></span> 
     </span>
    </p>
   </div>
   <div class='ocr_carea' id='block_1_2' title="bbox 226 417 2694 3038">
    <p class='ocr_par' dir='ltr' id='par_1_2' title="bbox 226 417 2652 906">
     <span class='ocr_line' id='line_1_2' title="bbox 226 417 2645 497; baseline 0 -16"><span class='ocrx_word' id='word_1_6' title='bbox 226 423 376 497; x_wconf 81' lang='lat' dir='ltr'><strong>quod</strong></span> <span class='ocrx_word' id='word_1_7' title='bbox 434 427 527 481; x_wconf 82' lang='lat' dir='ltr'><strong>est</strong></span> <span class='ocrx_word' id='word_1_8' title='bbox 575 434 683 495; x_wconf 89' lang='lat' dir='ltr'><strong>per</strong></span> <span class='ocrx_word' id='word_1_9' title='bbox 734 419 899 480; x_wconf 87' lang='lat' dir='ltr'><strong>aliud</strong></span> <span class='ocrx_word' id='word_1_10' title='bbox 926 418 1229 478; x_wconf 83' lang='lat' dir='ltr'>reducitur</span> <span class='ocrx_word' id='word_1_11' title='bbox 1282 417 1435 477; x_wconf 86' lang='lat' dir='ltr'><strong>inid</strong></span> <span class='ocrx_word' id='word_1_12' title='bbox 1490 418 1652 491; x_wconf 84' lang='lat' dir='ltr'><strong>quod</strong></span> <span class='ocrx_word' id='word_1_13' title='bbox 1703 432 1808 491; x_wconf 89' lang='lat' dir='ltr'><strong>per</strong></span> <span class='ocrx_word' id='word_1_14' title='bbox 1846 432 1914 478; x_wconf 87' lang='lat' dir='ltr'><strong>se</strong></span> <span class='ocrx_word' id='word_1_15' title='bbox 1959 423 2073 490; x_wconf 82' lang='lat' dir='ltr'><strong>est,</strong></span> <span class='ocrx_word' id='word_1_16' title='bbox 2101 431 2179 478; x_wconf 87' lang='lat' dir='ltr'><strong>ne</strong></span> <span class='ocrx_word' id='word_1_17' title='bbox 2233 418 2300 477; x_wconf 91' lang='lat' dir='ltr'><strong>in</strong></span> <span class='ocrx_word' id='word_1_18' title='bbox 2342 418 2645 481; x_wconf 85' lang='lat' dir='ltr'><strong>infinitum</strong></span> 
     </span>
     <span class='ocr_line' id='line_1_3' title="bbox 227 489 2645 573; baseline -0.001 -21"><span class='ocrx_word' id='word_1_19' title='bbox 227 491 598 567; x_wconf 70' lang='lat' dir='ltr'>procedatur.</span> <span class='ocrx_word' id='word_1_20' title='bbox 628 491 739 560; x_wconf 85' lang='lat' dir='ltr'><strong>Qui</strong></span> <span class='ocrx_word' id='word_1_21' title='bbox 789 497 986 549; x_wconf 88' lang='lat' dir='ltr'><strong>autem</strong></span> <span class='ocrx_word' id='word_1_22' title='bbox 1018 503 1144 548; x_wconf 79' lang='lat' dir='ltr'><strong>suae</strong></span> <span class='ocrx_word' id='word_1_23' title='bbox 1189 489 1447 548; x_wconf 86' lang='lat' dir='ltr'><strong>aetionis</strong></span> <span class='ocrx_word' id='word_1_24' title='bbox 1494 503 1616 547; x_wconf 92' lang='lat' dir='ltr'><strong>non</strong></span> <span class='ocrx_word' id='word_1_25' title='bbox 1647 495 1740 547; x_wconf 91' lang='lat' dir='ltr'><strong>est</strong></span> <span class='ocrx_word' id='word_1_26' title='bbox 1766 490 2048 550; x_wconf 90' lang='lat' dir='ltr'><strong>dominus</strong></span> <span class='ocrx_word' id='word_1_27' title='bbox 2077 503 2197 549; x_wconf 89' lang='lat' dir='ltr'><strong>non</strong></span> <span class='ocrx_word' id='word_1_28' title='bbox 2240 504 2345 561; x_wconf 89' lang='lat' dir='ltr'><strong>per</strong></span> <span class='ocrx_word' id='word_1_29' title='bbox 2382 505 2449 550; x_wconf 92' lang='lat' dir='ltr'><strong>se</strong></span> <span class='ocrx_word' id='word_1_30' title='bbox 2484 492 2645 573; x_wconf 58' lang='lat' dir='ltr'><strong>agiu</strong></span> 
     </span>
     <span class='ocr_line' id='line_1_4' title="bbox 230 561 2646 637; baseline 0 -15"><span class='ocrx_word' id='word_1_31' title='bbox 230 563 343 637; x_wconf 79' lang='lat' dir='ltr'><strong>agit</strong></span> <span class='ocrx_word' id='word_1_32' title='bbox 375 563 536 620; x_wconf 91' lang='lat' dir='ltr'><strong>enim</strong></span> <span class='ocrx_word' id='word_1_33' title='bbox 567 562 739 636; x_wconf 90' lang='lat' dir='ltr'><strong>quasi</strong></span> <span class='ocrx_word' id='word_1_34' title='bbox 768 562 842 620; x_wconf 84' lang='lat' dir='ltr'><strong>ab</strong></span> <span class='ocrx_word' id='word_1_35' title='bbox 872 561 991 619; x_wconf 88' lang='lat' dir='ltr'><strong>alio</strong></span> <span class='ocrx_word' id='word_1_36' title='bbox 1019 565 1237 630; x_wconf 89' lang='lat' dir='ltr'><strong>actum,</strong></span> <span class='ocrx_word' id='word_1_37' title='bbox 1270 573 1393 618; x_wconf 88' lang='lat' dir='ltr'><strong>non</strong></span> <span class='ocrx_word' id='word_1_38' title='bbox 1423 561 1596 632; x_wconf 83' lang='lat' dir='ltr'>quasi</span> <span class='ocrx_word' id='word_1_39' title='bbox 1627 561 1894 632; x_wconf 84' lang='lat' dir='ltr'><strong>seipsum</strong></span> <span class='ocrx_word' id='word_1_40' title='bbox 1935 574 2142 633; x_wconf 77' lang='lat' dir='ltr'><strong>agens.</strong></span> <span class='ocrx_word' id='word_1_41' title='bbox 2177 562 2417 632; x_wconf 88' lang='lat' dir='ltr'><strong>Oportet</strong></span> <span class='ocrx_word' id='word_1_42' title='bbox 2457 563 2646 635; x_wconf 78' lang='lat' dir='ltr'><strong>igitur</strong></span> 
     </span>
     <span class='ocr_line' id='line_1_5' title="bbox 226 631 2649 712; baseline 0 -19"><span class='ocrx_word' id='word_1_43' title='bbox 226 635 479 709; x_wconf 88' lang='lat' dir='ltr'><strong>primum</strong></span> <span class='ocrx_word' id='word_1_44' title='bbox 523 646 712 706; x_wconf 76' lang='lat' dir='ltr'><strong>agens</strong></span> <span class='ocrx_word' id='word_1_45' title='bbox 755 633 875 691; x_wconf 85' lang='lat' dir='ltr'><strong>hoe</strong></span> <span class='ocrx_word' id='word_1_46' title='bbox 920 631 1101 712; x_wconf 73' lang='lat' dir='ltr'><strong>modo</strong></span> <span class='ocrx_word' id='word_1_47' title='bbox 1129 644 1327 704; x_wconf 83' lang='lat' dir='ltr'><strong>agere,</strong></span> <span class='ocrx_word' id='word_1_48' title='bbox 1375 631 1537 712; x_wconf 78' lang='lat' dir='ltr'><strong>quod</strong></span> <span class='ocrx_word' id='word_1_49' title='bbox 1578 631 1674 691; x_wconf 87' lang='lat' dir='ltr'><strong>sui</strong></span> <span class='ocrx_word' id='word_1_50' title='bbox 1717 637 1888 691; x_wconf 87' lang='lat' dir='ltr'><strong>actus</strong></span> <span class='ocrx_word' id='word_1_51' title='bbox 1934 632 2218 691; x_wconf 89' lang='lat' dir='ltr'><strong>dominus</strong></span> <span class='ocrx_word' id='word_1_52' title='bbox 2265 632 2365 691; x_wconf 90' lang='lat' dir='ltr'><strong>sit.</strong></span> <span class='ocrx_word' id='word_1_53' title='bbox 2391 635 2524 691; x_wconf 87' lang='lat' dir='ltr'><strong>Non</strong></span> <span class='ocrx_word' id='word_1_54' title='bbox 2554 637 2649 693; x_wconf 86' lang='lat' dir='ltr'><strong>est</strong></span> 
     </span>
     <span class='ocr_line' id='line_1_6' title="bbox 226 701 2652 778; baseline 0 -14"><span class='ocrx_word' id='word_1_55' title='bbox 226 711 421 764; x_wconf 87' lang='lat' dir='ltr'><strong>autem</strong></span> <span class='ocrx_word' id='word_1_56' title='bbox 473 703 696 777; x_wconf 85' lang='lat' dir='ltr'><strong>aliquis</strong></span> <span class='ocrx_word' id='word_1_57' title='bbox 724 702 823 762; x_wconf 90' lang='lat' dir='ltr'><strong>sui</strong></span> <span class='ocrx_word' id='word_1_58' title='bbox 866 701 1151 761; x_wconf 82' lang='lat' dir='ltr'><strong>dominus</strong></span> <span class='ocrx_word' id='word_1_59' title='bbox 1197 706 1390 770; x_wconf 77' lang='lat' dir='ltr'><strong>actae,</strong></span> <span class='ocrx_word' id='word_1_60' title='bbox 1420 714 1541 759; x_wconf 75' lang='lat' dir='ltr'><strong>nisi</strong></span> <span class='ocrx_word' id='word_1_61' title='bbox 1590 715 1695 772; x_wconf 87' lang='lat' dir='ltr'><strong>per</strong></span> <span class='ocrx_word' id='word_1_62' title='bbox 1736 702 2128 763; x_wconf 85' lang='lat' dir='ltr'><strong>voluntatem.</strong></span> <span class='ocrx_word' id='word_1_63' title='bbox 2174 704 2416 775; x_wconf 84' lang='lat' dir='ltr'><strong>Oportet</strong></span> <span class='ocrx_word' id='word_1_64' title='bbox 2462 705 2652 778; x_wconf 80' lang='lat' dir='ltr'><strong>igitur</strong></span> 
     </span>
     <span class='ocr_line' id='line_1_7' title="bbox 228 772 2652 906; baseline 0.001 -71"><span class='ocrx_word' id='word_1_65' title='bbox 228 778 434 906; x_wconf 27' lang='grc' dir='ltr'><strong>ίΙῖὶῆεέθιιιιι,</strong></span> <span class='ocrx_word' id='word_1_66' title='bbox 466 776 569 850; x_wconf 87' lang='lat' dir='ltr'><strong>qui</strong></span> <span class='ocrx_word' id='word_1_67' title='bbox 602 780 694 834; x_wconf 87' lang='lat' dir='ltr'><strong>est</strong></span> <span class='ocrx_word' id='word_1_68' title='bbox 740 773 1000 846; x_wconf 86' lang='lat' dir='ltr'><strong>primum</strong></span> <span class='ocrx_word' id='word_1_69' title='bbox 1038 784 1251 845; x_wconf 83' lang='lat' dir='ltr'><strong>agens,</strong></span> <span class='ocrx_word' id='word_1_70' title='bbox 1281 786 1386 843; x_wconf 89' lang='lat' dir='ltr'><strong>per</strong></span> <span class='ocrx_word' id='word_1_71' title='bbox 1430 772 1796 831; x_wconf 81' lang='lat' dir='ltr'><strong>voluntatem</strong></span> <span class='ocrx_word' id='word_1_72' title='bbox 1843 788 2041 847; x_wconf 79' lang='lat' dir='ltr'><strong>agere,</strong></span> <span class='ocrx_word' id='word_1_73' title='bbox 2081 785 2204 833; x_wconf 92' lang='lat' dir='ltr'><strong>non</strong></span> <span class='ocrx_word' id='word_1_74' title='bbox 2250 788 2358 848; x_wconf 85' lang='lat' dir='ltr'><strong>per</strong></span> <span class='ocrx_word' id='word_1_75' title='bbox 2386 775 2652 838; x_wconf 82' lang='lat' dir='ltr'><strong>necessi·</strong></span> 
     </span>
    </p>

    <p class='ocr_par' dir='ltr' id='par_1_3' title="bbox 227 912 2647 1202">
     <span class='ocr_line' id='line_1_8' title="bbox 295 912 2646 989; baseline 0.002 -14"><span class='ocrx_word' id='word_1_76' title='bbox 295 916 496 975; x_wconf 65' lang='lat' dir='ltr'><strong>mue</strong></span> <span class='ocrx_word' id='word_1_77' title='bbox 547 916 740 987; x_wconf 82' lang='lat' dir='ltr'><strong>primo</strong></span> <span class='ocrx_word' id='word_1_78' title='bbox 759 914 960 988; x_wconf 79' lang='lat' dir='ltr'><strong>agenti</strong></span> <span class='ocrx_word' id='word_1_79' title='bbox 988 913 1236 972; x_wconf 88' lang='lat' dir='ltr'><strong>debetur</strong></span> <span class='ocrx_word' id='word_1_80' title='bbox 1262 913 1454 985; x_wconf 88' lang='lat' dir='ltr'><strong>prima</strong></span> <span class='ocrx_word' id='word_1_81' title='bbox 1481 912 1660 984; x_wconf 80' lang='lat' dir='ltr'><strong>aetiO,</strong></span> <span class='ocrx_word' id='word_1_82' title='bbox 1688 914 1847 974; x_wconf 90' lang='lat' dir='ltr'><strong>sicut</strong></span> <span class='ocrx_word' id='word_1_83' title='bbox 1873 920 1933 974; x_wconf 86' lang='lat' dir='ltr'><strong>et</strong></span> <span class='ocrx_word' id='word_1_84' title='bbox 1957 915 2152 988; x_wconf 87' lang='lat' dir='ltr'><strong>primo</strong></span> <span class='ocrx_word' id='word_1_85' title='bbox 2177 916 2385 976; x_wconf 88' lang='lat' dir='ltr'><strong>mobili</strong></span> <span class='ocrx_word' id='word_1_86' title='bbox 2412 917 2646 989; x_wconf 87' lang='lat' dir='ltr'><strong>primus</strong></span> 
     </span>
     <span class='ocr_line' id='line_1_9' title="bbox 228 959 2642 1069; baseline 0 -22"><span class='ocrx_word' id='word_1_87' title='bbox 228 992 448 1047; x_wconf 85' lang='lat' dir='ltr'><strong>motus.</strong></span> <span class='ocrx_word' id='word_1_88' title='bbox 486 959 604 1069; x_wconf 30' lang='lat' dir='ltr'><strong>&#39;fied</strong></span> <span class='ocrx_word' id='word_1_89' title='bbox 654 986 1004 1065; x_wconf 76' lang='lat' dir='ltr'><strong>naturaliter</strong></span> <span class='ocrx_word' id='word_1_90' title='bbox 1040 984 1202 1066; x_wconf 72' lang='lat' dir='ltr'><strong>actio</strong></span> <span class='ocrx_word' id='word_1_91' title='bbox 1245 984 1571 1043; x_wconf 86' lang='lat' dir='ltr'><strong>voluntatis</strong></span> <span class='ocrx_word' id='word_1_92' title='bbox 1618 990 1712 1043; x_wconf 89' lang='lat' dir='ltr'><strong>est</strong></span> <span class='ocrx_word' id='word_1_93' title='bbox 1779 986 1903 1066; x_wconf 81' lang='lat' dir='ltr'><strong>rior</strong></span> <span class='ocrx_word' id='word_1_94' title='bbox 1946 1000 2125 1068; x_wconf 77' lang='lat' dir='ltr'><strong>quam</strong></span> <span class='ocrx_word' id='word_1_95' title='bbox 2173 989 2339 1069; x_wconf 41' lang='lat' dir='ltr'><strong>,actio</strong></span> <span class='ocrx_word' id='word_1_96' title='bbox 2371 996 2642 1048; x_wconf 72' lang='lat' dir='ltr'><strong>natum:</strong></span> 
     </span>
     <span class='ocr_line' id='line_1_10' title="bbox 227 1055 2647 1135; baseline 0 -17"><span class='ocrx_word' id='word_1_97' title='bbox 227 1058 373 1118; x_wconf 83' lang='lat' dir='ltr'><strong>illud</strong></span> <span class='ocrx_word' id='word_1_98' title='bbox 396 1070 565 1115; x_wconf 83' lang='lat' dir='ltr'><strong>enim</strong></span> <span class='ocrx_word' id='word_1_99' title='bbox 594 1057 942 1115; x_wconf 79' lang='lat' dir='ltr'><strong>naturaiiter</strong></span> <span class='ocrx_word' id='word_1_100' title='bbox 988 1068 1156 1127; x_wconf 81' lang='lat' dir='ltr'><strong>prius</strong></span> <span class='ocrx_word' id='word_1_101' title='bbox 1185 1061 1279 1112; x_wconf 88' lang='lat' dir='ltr'><strong>est</strong></span> <span class='ocrx_word' id='word_1_102' title='bbox 1303 1055 1463 1127; x_wconf 86' lang='lat' dir='ltr'><strong>quod</strong></span> <span class='ocrx_word' id='word_1_103' title='bbox 1490 1060 1729 1135; x_wconf 35' lang='lat' dir='ltr'><strong>est-per</strong></span> <span class='ocrx_word' id='word_1_104' title='bbox 1756 1062 1968 1126; x_wconf 66' lang='lat' dir='ltr'><strong>echos,</strong></span> <span class='ocrx_word' id='word_1_105' title='bbox 2003 1058 2141 1115; x_wconf 78' lang='lat' dir='ltr'><strong>licet</strong></span> <span class='ocrx_word' id='word_1_106' title='bbox 2167 1072 2230 1115; x_wconf 80' lang='lat' dir='ltr'><strong>in</strong></span> <span class='ocrx_word' id='word_1_107' title='bbox 2281 1073 2647 1133; x_wconf 85' lang='lat' dir='ltr'><strong>unoquoque</strong></span> 
     </span>
     <span class='ocr_line' id='line_1_11' title="bbox 232 1126 2644 1202; baseline -0 -13"><span class='ocrx_word' id='word_1_108' title='bbox 232 1129 312 1189; x_wconf 81' lang='lat' dir='ltr'><strong>sit</strong></span> <span class='ocrx_word' id='word_1_109' title='bbox 334 1134 604 1200; x_wconf 88' lang='lat' dir='ltr'><strong>tempore</strong></span> <span class='ocrx_word' id='word_1_110' title='bbox 634 1128 953 1200; x_wconf 82' lang='lat' dir='ltr'><strong>posterius.</strong></span> <span class='ocrx_word' id='word_1_111' title='bbox 986 1126 1152 1185; x_wconf 76' lang='lat' dir='ltr'><strong>Actio</strong></span> <span class='ocrx_word' id='word_1_112' title='bbox 1180 1129 1378 1183; x_wconf 88' lang='lat' dir='ltr'><strong>autem</strong></span> <span class='ocrx_word' id='word_1_113' title='bbox 1409 1130 1644 1198; x_wconf 77' lang='lat' dir='ltr'><strong>egenus</strong></span> <span class='ocrx_word' id='word_1_114' title='bbox 1665 1140 1773 1197; x_wconf 88' lang='lat' dir='ltr'><strong>per</strong></span> <span class='ocrx_word' id='word_1_115' title='bbox 1798 1127 2160 1185; x_wconf 82' lang='lat' dir='ltr'><strong>voluntatem</strong></span> <span class='ocrx_word' id='word_1_116' title='bbox 2192 1134 2284 1187; x_wconf 90' lang='lat' dir='ltr'><strong>est</strong></span> <span class='ocrx_word' id='word_1_117' title='bbox 2308 1133 2644 1202; x_wconf 74' lang='lat' dir='ltr'><strong>pei-tectior,</strong></span> 
     </span>
    </p>

    <p class='ocr_par' dir='ltr' id='par_1_4' title="bbox 228 1197 2648 1411">
     <span class='ocr_line' id='line_1_12' title="bbox 270 1197 2648 1272; baseline 0 -14"><span class='ocrx_word' id='word_1_118' title='bbox 270 1199 387 1258; x_wconf 83' lang='lat' dir='ltr'><strong>uod</strong></span> <span class='ocrx_word' id='word_1_119' title='bbox 425 1214 504 1257; x_wconf 84' lang='lat' dir='ltr'><strong>ex</strong></span> <span class='ocrx_word' id='word_1_120' title='bbox 541 1200 655 1258; x_wconf 83' lang='lat' dir='ltr'><strong>hoc</strong></span> <span class='ocrx_word' id='word_1_121' title='bbox 700 1203 862 1270; x_wconf 84' lang='lat' dir='ltr'><strong>patet</strong></span> <span class='ocrx_word' id='word_1_122' title='bbox 895 1197 1054 1272; x_wconf 85' lang='lat' dir='ltr'><strong>quod</strong></span> <span class='ocrx_word' id='word_1_123' title='bbox 1095 1197 1451 1268; x_wconf 76' lang='lat' dir='ltr'><strong>perfectiora</strong></span> <span class='ocrx_word' id='word_1_124' title='bbox 1493 1202 1637 1253; x_wconf 89' lang='lat' dir='ltr'><strong>sunt</strong></span> <span class='ocrx_word' id='word_1_125' title='bbox 1660 1211 1733 1254; x_wconf 82' lang='lat' dir='ltr'><strong>ea</strong></span> <span class='ocrx_word' id='word_1_126' title='bbox 1779 1198 1934 1269; x_wconf 90' lang='lat' dir='ltr'><strong>apud</strong></span> <span class='ocrx_word' id='word_1_127' title='bbox 1981 1211 2096 1256; x_wconf 88' lang='lat' dir='ltr'><strong>nos</strong></span> <span class='ocrx_word' id='word_1_128' title='bbox 2123 1212 2256 1271; x_wconf 83' lang='lat' dir='ltr'><strong>quae</strong></span> <span class='ocrx_word' id='word_1_129' title='bbox 2299 1214 2405 1271; x_wconf 85' lang='lat' dir='ltr'><strong>per</strong></span> <span class='ocrx_word' id='word_1_130' title='bbox 2434 1201 2648 1259; x_wconf 81' lang='lat' dir='ltr'><strong>volun-</strong></span> 
     </span>
     <span class='ocr_line' id='line_1_13' title="bbox 228 1215 2644 1397; baseline 0.001 -69"><span class='ocrx_word' id='word_1_131' title='bbox 228 1215 408 1329; x_wconf 57' lang='lat' dir='ltr'><strong>gitem</strong></span> <span class='ocrx_word' id='word_1_132' title='bbox 429 1275 636 1343; x_wconf 82' lang='lat' dir='ltr'><strong>agunt.</strong></span> <span class='ocrx_word' id='word_1_133' title='bbox 662 1282 1022 1397; x_wconf 46' lang='lat' dir='ltr'><strong>guamsquae</strong></span> <span class='ocrx_word' id='word_1_134' title='bbox 1046 1281 1156 1350; x_wconf 86' lang='lat' dir='ltr'><strong>per</strong></span> <span class='ocrx_word' id='word_1_135' title='bbox 1180 1273 1406 1325; x_wconf 83' lang='lat' dir='ltr'><strong>naturae</strong></span> <span class='ocrx_word' id='word_1_136' title='bbox 1452 1267 1893 1325; x_wconf 84' lang='lat' dir='ltr'><strong>necessitatem.</strong></span> <span class='ocrx_word' id='word_1_137' title='bbox 1924 1270 2078 1341; x_wconf 77' lang='lat' dir='ltr'><strong>Ergo</strong></span> <span class='ocrx_word' id='word_1_138' title='bbox 2101 1271 2248 1339; x_wconf 88' lang='lat' dir='ltr'><strong>Deo,</strong></span> <span class='ocrx_word' id='word_1_139' title='bbox 2274 1270 2374 1343; x_wconf 88' lang='lat' dir='ltr'><strong>qui</strong></span> <span class='ocrx_word' id='word_1_140' title='bbox 2406 1276 2501 1328; x_wconf 88' lang='lat' dir='ltr'><strong>est</strong></span> <span class='ocrx_word' id='word_1_141' title='bbox 2527 1271 2644 1343; x_wconf 83' lang='lat' dir='ltr'><strong>pri·</strong></span> 
     </span>
     <span class='ocr_line' id='line_1_14' title="bbox 228 1338 1928 1411; baseline -0.003 -11"><span class='ocrx_word' id='word_1_142' title='bbox 228 1354 395 1400; x_wconf 79' lang='lat' dir='ltr'><strong>mum</strong></span> <span class='ocrx_word' id='word_1_143' title='bbox 425 1354 637 1410; x_wconf 73' lang='lat' dir='ltr'><strong>agens.</strong></span> <span class='ocrx_word' id='word_1_144' title='bbox 706 1339 916 1398; x_wconf 85' lang='lat' dir='ltr'><strong>ebetur</strong></span> <span class='ocrx_word' id='word_1_145' title='bbox 944 1344 1101 1398; x_wconf 81' lang='lat' dir='ltr'><strong>actio</strong></span> <span class='ocrx_word' id='word_1_146' title='bbox 1131 1351 1263 1411; x_wconf 81' lang='lat' dir='ltr'><strong>quae</strong></span> <span class='ocrx_word' id='word_1_147' title='bbox 1292 1342 1385 1395; x_wconf 86' lang='lat' dir='ltr'><strong>est</strong></span> <span class='ocrx_word' id='word_1_148' title='bbox 1411 1351 1516 1408; x_wconf 90' lang='lat' dir='ltr'><strong>per</strong></span> <span class='ocrx_word' id='word_1_149' title='bbox 1542 1338 1928 1396; x_wconf 83' lang='lat' dir='ltr'><strong>voluntatem.</strong></span> 
     </span>
    </p>

    <p class='ocr_par' dir='ltr' id='par_1_5' title="bbox 232 1407 2652 1837">
     <span class='ocr_line' id='line_1_15' title="bbox 303 1407 2649 1493; baseline 0.001 -24"><span class='ocrx_word' id='word_1_150' title='bbox 303 1412 583 1493; x_wconf 73' lang='lat' dir='ltr'><strong>Amplius,</strong></span> <span class='ocrx_word' id='word_1_151' title='bbox 611 1425 682 1469; x_wconf 84' lang='lat' dir='ltr'><strong>ex</strong></span> <span class='ocrx_word' id='word_1_152' title='bbox 711 1410 845 1491; x_wconf 66' lang='lat' dir='ltr'><strong>Jioc</strong></span> <span class='ocrx_word' id='word_1_153' title='bbox 898 1409 1041 1467; x_wconf 87' lang='lat' dir='ltr'><strong>item</strong></span> <span class='ocrx_word' id='word_1_154' title='bbox 1092 1412 1335 1490; x_wconf 81' lang='lat' dir='ltr'><strong>apparet</strong></span> <span class='ocrx_word' id='word_1_155' title='bbox 1387 1407 1569 1479; x_wconf 85' lang='lat' dir='ltr'><strong>quod,</strong></span> <span class='ocrx_word' id='word_1_156' title='bbox 1624 1408 1728 1466; x_wconf 88' lang='lat' dir='ltr'><strong>ubi</strong></span> <span class='ocrx_word' id='word_1_157' title='bbox 1753 1408 2141 1482; x_wconf 81' lang='lat' dir='ltr'><strong>conjungitur</strong></span> <span class='ocrx_word' id='word_1_158' title='bbox 2185 1415 2436 1486; x_wconf 84' lang='lat' dir='ltr'><strong>utraque</strong></span> <span class='ocrx_word' id='word_1_159' title='bbox 2470 1412 2649 1484; x_wconf 76' lang='lat' dir='ltr'><strong>setin,</strong></span> 
     </span>
     <span class='ocr_line' id='line_1_16' title="bbox 235 1479 2650 1554; baseline 0.001 -13"><span class='ocrx_word' id='word_1_160' title='bbox 235 1496 509 1554; x_wconf 80' lang='lat' dir='ltr'><strong>superior</strong></span> <span class='ocrx_word' id='word_1_161' title='bbox 536 1487 628 1539; x_wconf 88' lang='lat' dir='ltr'><strong>est</strong></span> <span class='ocrx_word' id='word_1_162' title='bbox 669 1485 859 1539; x_wconf 84' lang='lat' dir='ltr'><strong>virtus</strong></span> <span class='ocrx_word' id='word_1_163' title='bbox 901 1494 1033 1552; x_wconf 81' lang='lat' dir='ltr'><strong>quae</strong></span> <span class='ocrx_word' id='word_1_164' title='bbox 1061 1485 1185 1551; x_wconf 81' lang='lat' dir='ltr'><strong>agit</strong></span> <span class='ocrx_word' id='word_1_165' title='bbox 1228 1492 1332 1551; x_wconf 90' lang='lat' dir='ltr'><strong>per</strong></span> <span class='ocrx_word' id='word_1_166' title='bbox 1376 1479 1742 1536; x_wconf 85' lang='lat' dir='ltr'><strong>voluntatem</strong></span> <span class='ocrx_word' id='word_1_167' title='bbox 1779 1494 1849 1538; x_wconf 89' lang='lat' dir='ltr'><strong>ea</strong></span> <span class='ocrx_word' id='word_1_168' title='bbox 1889 1495 2021 1553; x_wconf 85' lang='lat' dir='ltr'><strong>quae</strong></span> <span class='ocrx_word' id='word_1_169' title='bbox 2063 1481 2190 1554; x_wconf 82' lang='lat' dir='ltr'><strong>agit</strong></span> <span class='ocrx_word' id='word_1_170' title='bbox 2228 1497 2332 1554; x_wconf 87' lang='lat' dir='ltr'><strong>per</strong></span> <span class='ocrx_word' id='word_1_171' title='bbox 2376 1487 2650 1543; x_wconf 83' lang='lat' dir='ltr'><strong>naturam</strong></span> 
     </span>
     <span class='ocr_line' id='line_1_17' title="bbox 232 1549 2649 1626; baseline 0.001 -15"><span class='ocrx_word' id='word_1_172' title='bbox 232 1559 292 1611; x_wconf 87' lang='lat' dir='ltr'><strong>et</strong></span> <span class='ocrx_word' id='word_1_173' title='bbox 316 1552 505 1611; x_wconf 88' lang='lat' dir='ltr'><strong>utitur</strong></span> <span class='ocrx_word' id='word_1_174' title='bbox 528 1566 601 1610; x_wconf 89' lang='lat' dir='ltr'><strong>ea</strong></span> <span class='ocrx_word' id='word_1_175' title='bbox 626 1551 800 1626; x_wconf 83' lang='lat' dir='ltr'><strong>quasi</strong></span> <span class='ocrx_word' id='word_1_176' title='bbox 848 1550 1267 1610; x_wconf 88' lang='lat' dir='ltr'><strong>instrumento.</strong></span> <span class='ocrx_word' id='word_1_177' title='bbox 1296 1552 1440 1607; x_wconf 85' lang='lat' dir='ltr'><strong>Nam</strong></span> <span class='ocrx_word' id='word_1_178' title='bbox 1471 1549 1533 1607; x_wconf 90' lang='lat' dir='ltr'><strong>in</strong></span> <span class='ocrx_word' id='word_1_179' title='bbox 1566 1550 1807 1608; x_wconf 86' lang='lat' dir='ltr'><strong>homine</strong></span> <span class='ocrx_word' id='word_1_180' title='bbox 1837 1552 2113 1623; x_wconf 81' lang='lat' dir='ltr'>superior</span> <span class='ocrx_word' id='word_1_181' title='bbox 2156 1559 2248 1611; x_wconf 88' lang='lat' dir='ltr'><strong>est</strong></span> <span class='ocrx_word' id='word_1_182' title='bbox 2281 1553 2649 1625; x_wconf 75' lang='lat' dir='ltr'><strong>intellectae,</strong></span> 
     </span>
     <span class='ocr_line' id='line_1_18' title="bbox 234 1620 2652 1700; baseline 0.001 -19"><span class='ocrx_word' id='word_1_183' title='bbox 234 1624 339 1696; x_wconf 81' lang='lat' dir='ltr'><strong>qui</strong></span> <span class='ocrx_word' id='word_1_184' title='bbox 366 1623 494 1696; x_wconf 84' lang='lat' dir='ltr'><strong>agit</strong></span> <span class='ocrx_word' id='word_1_185' title='bbox 520 1637 625 1694; x_wconf 89' lang='lat' dir='ltr'><strong>per</strong></span> <span class='ocrx_word' id='word_1_186' title='bbox 674 1622 1062 1689; x_wconf 75' lang='lat' dir='ltr'><strong>voluntatem,</strong></span> <span class='ocrx_word' id='word_1_187' title='bbox 1087 1634 1279 1700; x_wconf 43' lang='lat' dir='ltr'><strong>quam·</strong></span> <span class='ocrx_word' id='word_1_188' title='bbox 1313 1620 1515 1678; x_wconf 88' lang='lat' dir='ltr'><strong>anima</strong></span> <span class='ocrx_word' id='word_1_189' title='bbox 1566 1621 1935 1693; x_wconf 78' lang='lat' dir='ltr'><strong>vegetabilis,</strong></span> <span class='ocrx_word' id='word_1_190' title='bbox 1974 1636 2106 1695; x_wconf 79' lang='lat' dir='ltr'><strong>quae</strong></span> <span class='ocrx_word' id='word_1_191' title='bbox 2134 1623 2258 1694; x_wconf 84' lang='lat' dir='ltr'><strong>agit</strong></span> <span class='ocrx_word' id='word_1_192' title='bbox 2288 1638 2394 1695; x_wconf 86' lang='lat' dir='ltr'><strong>per</strong></span> <span class='ocrx_word' id='word_1_193' title='bbox 2426 1630 2652 1684; x_wconf 80' lang='lat' dir='ltr'><strong>naturae</strong></span> 
     </span>
     <span class='ocr_line' id='line_1_19' title="bbox 236 1693 2651 1763; baseline 0.001 -13"><span class='ocrx_word' id='word_1_194' title='bbox 236 1693 678 1752; x_wconf 81' lang='lat' dir='ltr'><strong>necessitatem.</strong></span> <span class='ocrx_word' id='word_1_195' title='bbox 710 1693 922 1750; x_wconf 78' lang='lat' dir='ltr'><strong>Divina</strong></span> <span class='ocrx_word' id='word_1_196' title='bbox 974 1697 1171 1751; x_wconf 81' lang='lat' dir='ltr'><strong>autem</strong></span> <span class='ocrx_word' id='word_1_197' title='bbox 1225 1698 1415 1750; x_wconf 82' lang='lat' dir='ltr'><strong>virtus</strong></span> <span class='ocrx_word' id='word_1_198' title='bbox 1470 1694 1563 1749; x_wconf 87' lang='lat' dir='ltr'><strong>est</strong></span> <span class='ocrx_word' id='word_1_199' title='bbox 1612 1705 1897 1763; x_wconf 89' lang='lat' dir='ltr'><strong>suprema</strong></span> <span class='ocrx_word' id='word_1_200' title='bbox 1947 1693 2011 1749; x_wconf 90' lang='lat' dir='ltr'><strong>in</strong></span> <span class='ocrx_word' id='word_1_201' title='bbox 2061 1694 2344 1754; x_wconf 86' lang='lat' dir='ltr'><strong>omnihus</strong></span> <span class='ocrx_word' id='word_1_202' title='bbox 2391 1695 2651 1754; x_wconf 81' lang='lat' dir='ltr'><strong>entibus.</strong></span> 
     </span>
     <span class='ocr_line' id='line_1_20' title="bbox 234 1760 2650 1837; baseline 0.001 -14"><span class='ocrx_word' id='word_1_203' title='bbox 234 1766 421 1837; x_wconf 77' lang='lat' dir='ltr'><strong>Igitur</strong></span> <span class='ocrx_word' id='word_1_204' title='bbox 448 1765 581 1836; x_wconf 86' lang='lat' dir='ltr'><strong>ipsa</strong></span> <span class='ocrx_word' id='word_1_205' title='bbox 624 1765 753 1836; x_wconf 73' lang='lat' dir='ltr'><strong>agit</strong></span> <span class='ocrx_word' id='word_1_206' title='bbox 776 1763 845 1820; x_wconf 90' lang='lat' dir='ltr'><strong>in</strong></span> <span class='ocrx_word' id='word_1_207' title='bbox 870 1775 971 1820; x_wconf 86' lang='lat' dir='ltr'><strong>res</strong></span> <span class='ocrx_word' id='word_1_208' title='bbox 1009 1775 1222 1820; x_wconf 88' lang='lat' dir='ltr'><strong>omnes</strong></span> <span class='ocrx_word' id='word_1_209' title='bbox 1260 1775 1366 1833; x_wconf 88' lang='lat' dir='ltr'><strong>per</strong></span> <span class='ocrx_word' id='word_1_210' title='bbox 1417 1760 1806 1833; x_wconf 74' lang='lat' dir='ltr'><strong>voluntatem,</strong></span> <span class='ocrx_word' id='word_1_211' title='bbox 1833 1775 1959 1821; x_wconf 88' lang='lat' dir='ltr'><strong>non</strong></span> <span class='ocrx_word' id='word_1_212' title='bbox 1983 1777 2090 1835; x_wconf 85' lang='lat' dir='ltr'><strong>per</strong></span> <span class='ocrx_word' id='word_1_213' title='bbox 2109 1772 2337 1824; x_wconf 81' lang='lat' dir='ltr'><strong>naturae</strong></span> <span class='ocrx_word' id='word_1_214' title='bbox 2383 1766 2650 1826; x_wconf 85' lang='lat' dir='ltr'><strong>necessi-</strong></span> 
     </span>
    </p>

    <p class='ocr_par' dir='ltr' id='par_1_6' title="bbox 238 1902 2694 2474">
     <span class='ocr_line' id='line_1_21' title="bbox 296 1902 2647 1977; baseline 0.001 -14"><span class='ocrx_word' id='word_1_215' title='bbox 296 1906 452 1975; x_wconf 77' lang='lat' dir='ltr'><strong>Item.</strong></span> <span class='ocrx_word' id='word_1_216' title='bbox 483 1905 761 1963; x_wconf 81' lang='lat' dir='ltr'><strong>voluntas</strong></span> <span class='ocrx_word' id='word_1_217' title='bbox 808 1904 985 1963; x_wconf 78' lang='lat' dir='ltr'><strong>habet</strong></span> <span class='ocrx_word' id='word_1_218' title='bbox 1036 1917 1145 1975; x_wconf 90' lang='lat' dir='ltr'><strong>pro</strong></span> <span class='ocrx_word' id='word_1_219' title='bbox 1192 1902 1428 1975; x_wconf 74' lang='lat' dir='ltr'><strong>obiecto</strong></span> <span class='ocrx_word' id='word_1_220' title='bbox 1473 1903 1700 1961; x_wconf 86' lang='lat' dir='ltr'><strong>honum</strong></span> <span class='ocrx_word' id='word_1_221' title='bbox 1741 1904 2072 1963; x_wconf 88' lang='lat' dir='ltr'><strong>secundum</strong></span> <span class='ocrx_word' id='word_1_222' title='bbox 2114 1907 2406 1966; x_wconf 87' lang='lat' dir='ltr'><strong>rationem</strong></span> <span class='ocrx_word' id='word_1_223' title='bbox 2451 1906 2595 1966; x_wconf 89' lang='lat' dir='ltr'><strong>boni</strong></span> <span class='ocrx_word' id='word_1_224' title='bbox 2629 1926 2647 1977; x_wconf 88' lang='lat'>;</span> 
     </span>
     <span class='ocr_line' id='line_1_22' title="bbox 245 1972 2652 2047; baseline 0.001 -13"><span class='ocrx_word' id='word_1_225' title='bbox 245 1981 459 2034; x_wconf 79' lang='lat' dir='ltr'><strong>natura</strong></span> <span class='ocrx_word' id='word_1_226' title='bbox 489 1982 687 2033; x_wconf 87' lang='lat' dir='ltr'><strong>autem</strong></span> <span class='ocrx_word' id='word_1_227' title='bbox 717 1989 839 2034; x_wconf 87' lang='lat' dir='ltr'><strong>non</strong></span> <span class='ocrx_word' id='word_1_228' title='bbox 862 1974 1102 2047; x_wconf 82' lang='lat' dir='ltr'><strong>attingit</strong></span> <span class='ocrx_word' id='word_1_229' title='bbox 1124 1972 1203 2031; x_wconf 78' lang='lat' dir='ltr'><strong>ad</strong></span> <span class='ocrx_word' id='word_1_230' title='bbox 1226 1987 1604 2031; x_wconf 88' lang='lat' dir='ltr'><strong>communem</strong></span> <span class='ocrx_word' id='word_1_231' title='bbox 1649 1974 1998 2043; x_wconf 83' lang='lat' dir='ltr'><strong>bonitatem,</strong></span> <span class='ocrx_word' id='word_1_232' title='bbox 2025 1977 2130 2034; x_wconf 89' lang='lat' dir='ltr'><strong>sed</strong></span> <span class='ocrx_word' id='word_1_233' title='bbox 2161 1978 2234 2035; x_wconf 85' lang='lat' dir='ltr'><strong>ad</strong></span> <span class='ocrx_word' id='word_1_234' title='bbox 2275 1978 2392 2036; x_wconf 87' lang='lat' dir='ltr'><strong>hoc</strong></span> <span class='ocrx_word' id='word_1_235' title='bbox 2427 1977 2652 2037; x_wconf 90' lang='lat' dir='ltr'><strong>bonum</strong></span> 
     </span>
     <span class='ocr_line' id='line_1_23' title="bbox 245 2044 2694 2123; baseline 0.001 -18"><span class='ocrx_word' id='word_1_236' title='bbox 245 2046 401 2119; x_wconf 87' lang='lat' dir='ltr'><strong>quod</strong></span> <span class='ocrx_word' id='word_1_237' title='bbox 448 2052 540 2105; x_wconf 90' lang='lat' dir='ltr'><strong>est</strong></span> <span class='ocrx_word' id='word_1_238' title='bbox 570 2060 681 2104; x_wconf 87' lang='lat' dir='ltr'><strong>sua</strong></span> <span class='ocrx_word' id='word_1_239' title='bbox 764 2046 1025 2104; x_wconf 79' lang='lat' dir='ltr'><strong>erfectio.</strong></span> <span class='ocrx_word' id='word_1_240' title='bbox 1059 2045 1201 2102; x_wconf 88' lang='lat' dir='ltr'><strong>Cum</strong></span> <span class='ocrx_word' id='word_1_241' title='bbox 1230 2044 1413 2116; x_wconf 85' lang='lat' dir='ltr'><strong>igitur</strong></span> <span class='ocrx_word' id='word_1_242' title='bbox 1439 2058 1618 2102; x_wconf 88' lang='lat' dir='ltr'><strong>omne</strong></span> <span class='ocrx_word' id='word_1_243' title='bbox 1646 2059 1832 2116; x_wconf 85' lang='lat' dir='ltr'><strong>agens</strong></span> <span class='ocrx_word' id='word_1_244' title='bbox 1859 2052 1997 2118; x_wconf 87' lang='lat' dir='ltr'><strong>agat</strong></span> <span class='ocrx_word' id='word_1_245' title='bbox 2022 2048 2350 2106; x_wconf 88' lang='lat' dir='ltr'><strong>secundum</strong></span> <span class='ocrx_word' id='word_1_246' title='bbox 2389 2049 2549 2123; x_wconf 88' lang='lat' dir='ltr'><strong>quod</strong></span> <span class='ocrx_word' id='word_1_247' title='bbox 2576 2050 2652 2108; x_wconf 83' lang='lat' dir='ltr'><strong>ad</strong></span> <span class='ocrx_word' id='word_1_248' title='bbox 2687 2069 2694 2079; x_wconf 94' lang='lat'><strong>·</strong></span> 
     </span>
     <span class='ocr_line' id='line_1_24' title="bbox 238 2114 2655 2192; baseline 0 -16"><span class='ocrx_word' id='word_1_249' title='bbox 238 2116 474 2177; x_wconf 84' lang='lat' dir='ltr'><strong>honum</strong></span> <span class='ocrx_word' id='word_1_250' title='bbox 534 2117 697 2175; x_wconf 86' lang='lat' dir='ltr'><strong>inten</strong></span> <span class='ocrx_word' id='word_1_251' title='bbox 744 2119 809 2186; x_wconf 84' lang='lat' dir='ltr'><strong>it,</strong></span> <span class='ocrx_word' id='word_1_252' title='bbox 854 2117 997 2189; x_wconf 84' lang='lat' dir='ltr'><strong>quia</strong></span> <span class='ocrx_word' id='word_1_253' title='bbox 1044 2114 1186 2172; x_wconf 85' lang='lat' dir='ltr'><strong>finis</strong></span> <span class='ocrx_word' id='word_1_254' title='bbox 1230 2120 1432 2173; x_wconf 73' lang='lat' dir='ltr'><strong>movet</strong></span> <span class='ocrx_word' id='word_1_255' title='bbox 1480 2122 1754 2188; x_wconf 83' lang='lat' dir='ltr'><strong>agentem</strong></span> <span class='ocrx_word' id='word_1_256' title='bbox 1799 2121 2031 2187; x_wconf 78' lang='lat' dir='ltr'><strong>oportet</strong></span> <span class='ocrx_word' id='word_1_257' title='bbox 2083 2119 2242 2191; x_wconf 88' lang='lat' dir='ltr'><strong>quod</strong></span> <span class='ocrx_word' id='word_1_258' title='bbox 2307 2132 2496 2191; x_wconf 88' lang='lat' dir='ltr'><strong>agens</strong></span> <span class='ocrx_word' id='word_1_259' title='bbox 2548 2133 2655 2192; x_wconf 89' lang='lat' dir='ltr'><strong>per</strong></span> 
     </span>
     <span class='ocr_line' id='line_1_25' title="bbox 243 2186 2653 2263; baseline 0.001 -19"><span class='ocrx_word' id='word_1_260' title='bbox 243 2188 607 2247; x_wconf 75' lang='lat' dir='ltr'><strong>voluntatem</strong></span> <span class='ocrx_word' id='word_1_261' title='bbox 634 2188 712 2246; x_wconf 84' lang='lat' dir='ltr'><strong>ad</strong></span> <span class='ocrx_word' id='word_1_262' title='bbox 760 2201 948 2261; x_wconf 79' lang='lat' dir='ltr'><strong>agens</strong></span> <span class='ocrx_word' id='word_1_263' title='bbox 976 2199 1082 2258; x_wconf 82' lang='lat' dir='ltr'><strong>per</strong></span> <span class='ocrx_word' id='word_1_264' title='bbox 1109 2186 1522 2244; x_wconf 85' lang='lat' dir='ltr'><strong>necessitatem</strong></span> <span class='ocrx_word' id='word_1_265' title='bbox 1572 2192 1798 2245; x_wconf 80' lang='lat' dir='ltr'><strong>naturae</strong></span> <span class='ocrx_word' id='word_1_266' title='bbox 1847 2194 2242 2260; x_wconf 83' lang='lat' dir='ltr'><strong>comparetur,</strong></span> <span class='ocrx_word' id='word_1_267' title='bbox 2267 2191 2424 2247; x_wconf 88' lang='lat' dir='ltr'><strong>sicut</strong></span> <span class='ocrx_word' id='word_1_268' title='bbox 2465 2201 2653 2263; x_wconf 86' lang='lat' dir='ltr'><strong>agens</strong></span> 
     </span>
     <span class='ocr_line' id='line_1_26' title="bbox 243 2256 2654 2339; baseline 0.001 -22"><span class='ocrx_word' id='word_1_269' title='bbox 243 2259 582 2317; x_wconf 81' lang='lat' dir='ltr'><strong>universale</strong></span> <span class='ocrx_word' id='word_1_270' title='bbox 619 2259 693 2316; x_wconf 88' lang='lat' dir='ltr'><strong>ad</strong></span> <span class='ocrx_word' id='word_1_271' title='bbox 739 2271 925 2331; x_wconf 84' lang='lat' dir='ltr'><strong>agens</strong></span> <span class='ocrx_word' id='word_1_272' title='bbox 974 2256 1347 2328; x_wconf 82' lang='lat' dir='ltr'><strong>particulare.</strong></span> <span class='ocrx_word' id='word_1_273' title='bbox 1389 2261 1588 2338; x_wconf 73' lang='lat' dir='ltr'><strong>Agens</strong></span> <span class='ocrx_word' id='word_1_274' title='bbox 1634 2264 1828 2314; x_wconf 86' lang='lat' dir='ltr'><strong>autem</strong></span> <span class='ocrx_word' id='word_1_275' title='bbox 1873 2260 2229 2339; x_wconf 82' lang='lat' dir='ltr'><strong>particulare</strong></span> <span class='ocrx_word' id='word_1_276' title='bbox 2278 2274 2344 2318; x_wconf 91' lang='lat' dir='ltr'><strong>se</strong></span> <span class='ocrx_word' id='word_1_277' title='bbox 2375 2261 2552 2318; x_wconf 84' lang='lat' dir='ltr'><strong>habet</strong></span> <span class='ocrx_word' id='word_1_278' title='bbox 2577 2260 2654 2319; x_wconf 86' lang='lat' dir='ltr'><strong>ad</strong></span> 
     </span>
     <span class='ocr_line' id='line_1_27' title="bbox 239 2328 2649 2402; baseline 0 -15"><span class='ocrx_word' id='word_1_279' title='bbox 239 2342 427 2402; x_wconf 77' lang='lat' dir='ltr'><strong>egens</strong></span> <span class='ocrx_word' id='word_1_280' title='bbox 460 2328 795 2388; x_wconf 74' lang='lat' dir='ltr'><strong>universale</strong></span> <span class='ocrx_word' id='word_1_281' title='bbox 820 2328 981 2386; x_wconf 79' lang='lat' dir='ltr'><strong>sieut</strong></span> <span class='ocrx_word' id='word_1_282' title='bbox 1008 2341 1081 2385; x_wconf 82' lang='lat' dir='ltr'><strong>ea</strong></span> <span class='ocrx_word' id='word_1_283' title='bbox 1097 2341 1229 2399; x_wconf 81' lang='lat' dir='ltr'><strong>quae</strong></span> <span class='ocrx_word' id='word_1_284' title='bbox 1249 2331 1549 2398; x_wconf 79' lang='lat' dir='ltr'><strong>posterius</strong></span> <span class='ocrx_word' id='word_1_285' title='bbox 1569 2334 1731 2395; x_wconf 89' lang='lat' dir='ltr'><strong>sunt,</strong></span> <span class='ocrx_word' id='word_1_286' title='bbox 1761 2332 1819 2385; x_wconf 89' lang='lat' dir='ltr'><strong>et</strong></span> <span class='ocrx_word' id='word_1_287' title='bbox 1834 2334 1990 2385; x_wconf 83' lang='lat' dir='ltr'><strong>sicut</strong></span> <span class='ocrx_word' id='word_1_288' title='bbox 2010 2329 2140 2401; x_wconf 86' lang='lat' dir='ltr'><strong>ejus</strong></span> <span class='ocrx_word' id='word_1_289' title='bbox 2163 2330 2649 2390; x_wconf 84' lang='lat' dir='ltr'><strong>instrumentum.</strong></span> 
     </span>
     <span class='ocr_line' id='line_1_28' title="bbox 245 2397 2654 2474; baseline 0.002 -17"><span class='ocrx_word' id='word_1_290' title='bbox 245 2401 397 2473; x_wconf 78' lang='lat' dir='ltr'><strong>Ergo</strong></span> <span class='ocrx_word' id='word_1_291' title='bbox 427 2406 662 2474; x_wconf 87' lang='lat' dir='ltr'><strong>oportet</strong></span> <span class='ocrx_word' id='word_1_292' title='bbox 710 2398 871 2473; x_wconf 82' lang='lat' dir='ltr'><strong>quod</strong></span> <span class='ocrx_word' id='word_1_293' title='bbox 913 2397 1169 2471; x_wconf 88' lang='lat' dir='ltr'><strong>primum</strong></span> <span class='ocrx_word' id='word_1_294' title='bbox 1213 2411 1402 2470; x_wconf 82' lang='lat' dir='ltr'><strong>agens</strong></span> <span class='ocrx_word' id='word_1_295' title='bbox 1432 2398 1517 2457; x_wconf 84' lang='lat' dir='ltr'><strong>sit</strong></span> <span class='ocrx_word' id='word_1_296' title='bbox 1549 2398 1973 2467; x_wconf 77' lang='lat' dir='ltr'><strong>voluntarium,</strong></span> <span class='ocrx_word' id='word_1_297' title='bbox 2018 2405 2079 2457; x_wconf 86' lang='lat' dir='ltr'><strong>et</strong></span> <span class='ocrx_word' id='word_1_298' title='bbox 2104 2411 2227 2458; x_wconf 90' lang='lat' dir='ltr'><strong>non</strong></span> <span class='ocrx_word' id='word_1_299' title='bbox 2255 2415 2361 2472; x_wconf 86' lang='lat' dir='ltr'><strong>per</strong></span> <span class='ocrx_word' id='word_1_300' title='bbox 2388 2400 2654 2462; x_wconf 88' lang='lat' dir='ltr'><strong>necessi·</strong></span> 
     </span>
    </p>

    <p class='ocr_par' dir='ltr' id='par_1_7' title="bbox 238 2484 2658 2895">
     <span class='ocr_line' id='line_1_29' title="bbox 312 2484 2648 2610; baseline 0.001 -11"><span class='ocrx_word' id='word_1_301' title='bbox 312 2543 476 2599; x_wconf 81' lang='lat' dir='ltr'><strong>lianc</strong></span> <span class='ocrx_word' id='word_1_302' title='bbox 504 2543 682 2600; x_wconf 86' lang='lat' dir='ltr'><strong>etiam</strong></span> <span class='ocrx_word' id='word_1_303' title='bbox 701 2484 1015 2599; x_wconf 35' lang='lat' dir='ltr'><strong>veritatem</strong></span> <span class='ocrx_word' id='word_1_304' title='bbox 1046 2540 1247 2599; x_wconf 82' lang='lat' dir='ltr'><strong>divina</strong></span> <span class='ocrx_word' id='word_1_305' title='bbox 1290 2538 1595 2610; x_wconf 86' lang='lat' dir='ltr'><strong>Scriptura</strong></span> <span class='ocrx_word' id='word_1_306' title='bbox 1621 2553 1735 2609; x_wconf 87' lang='lat' dir='ltr'><strong>nos</strong></span> <span class='ocrx_word' id='word_1_307' title='bbox 1782 2540 1973 2597; x_wconf 89' lang='lat' dir='ltr'><strong>docet.</strong></span> <span class='ocrx_word' id='word_1_308' title='bbox 2003 2540 2230 2599; x_wconf 72' lang='lat' dir='ltr'><strong>Dicitur</strong></span> <span class='ocrx_word' id='word_1_309' title='bbox 2255 2543 2415 2601; x_wconf 87' lang='lat' dir='ltr'><strong>enim</strong></span> <span class='ocrx_word' id='word_1_310' title='bbox 2453 2542 2516 2600; x_wconf 91' lang='lat' dir='ltr'><strong>in</strong></span> <span class='ocrx_word' id='word_1_311' title='bbox 2549 2544 2648 2602; x_wconf 88' lang='lat' dir='ltr'><strong>Ps.</strong></span> 
     </span>
     <span class='ocr_line' id='line_1_30' title="bbox 241 2612 2658 2683; baseline 0 -12"><span class='ocrx_word' id='word_1_312' title='bbox 241 2623 486 2682; x_wconf 72' lang='lat' dir='ltr'><strong>mxlv,</strong></span> <span class='ocrx_word' id='word_1_313' title='bbox 534 2616 567 2670; x_wconf 82' lang='lat'><strong>6</strong></span> <span class='ocrx_word' id='word_1_314' title='bbox 599 2630 614 2668; x_wconf 80' lang='lat' dir='ltr'><strong>t</strong></span> <span class='ocrx_word' id='word_1_315' title='bbox 646 2613 840 2670; x_wconf 78' lang='lat' dir='ltr'><strong>Omnia</strong></span> <span class='ocrx_word' id='word_1_316' title='bbox 919 2626 1225 2681; x_wconf 76' lang='lat' dir='ltr'><strong>uaecumque</strong></span> <span class='ocrx_word' id='word_1_317' title='bbox 1265 2612 1457 2673; x_wconf 76' lang='lat' dir='ltr'><strong>voluit,</strong></span> <span class='ocrx_word' id='word_1_318' title='bbox 1502 2612 1763 2666; x_wconf 67' lang='lat' dir='ltr'><strong>Dominus</strong></span> <span class='ocrx_word' id='word_1_319' title='bbox 1803 2612 1962 2677; x_wconf 65' lang='lat' dir='ltr'><strong>secu,-</strong></span> <span class='ocrx_word' id='word_1_320' title='bbox 2014 2617 2075 2667; x_wconf 90' lang='lat' dir='ltr'><strong>et</strong></span> <span class='ocrx_word' id='word_1_321' title='bbox 2103 2613 2267 2683; x_wconf 72' lang='lat' dir='ltr'><strong>Eph„</strong></span> <span class='ocrx_word' id='word_1_322' title='bbox 2313 2625 2358 2682; x_wconf 88' lang='lat'><strong>1,</strong></span> <span class='ocrx_word' id='word_1_323' title='bbox 2410 2618 2469 2671; x_wconf 76' lang='lat' dir='ltr'><strong>tl</strong></span> <span class='ocrx_word' id='word_1_324' title='bbox 2507 2614 2658 2681; x_wconf 76' lang='lat' dir='ltr'><strong>:Qui</strong></span> 
     </span>
     <span class='ocr_line' id='line_1_31' title="bbox 240 2681 2656 2760; baseline 0 -22"><span class='ocrx_word' id='word_1_325' title='bbox 240 2686 495 2753; x_wconf 75' lang='lat' dir='ltr'><strong>operatur</strong></span> <span class='ocrx_word' id='word_1_326' title='bbox 515 2684 701 2740; x_wconf 83' lang='lat' dir='ltr'><strong>omnia</strong></span> <span class='ocrx_word' id='word_1_327' title='bbox 725 2697 846 2739; x_wconf 79' lang='lat' dir='ltr'><strong>secu</strong></span> <span class='ocrx_word' id='word_1_328' title='bbox 925 2697 1015 2738; x_wconf 82' lang='lat' dir='ltr'><strong>um</strong></span> <span class='ocrx_word' id='word_1_329' title='bbox 1056 2683 1396 2752; x_wconf 77' lang='lat' dir='ltr'><strong>propositum</strong></span> <span class='ocrx_word' id='word_1_330' title='bbox 1419 2681 1715 2760; x_wconf 68' lang='lat' dir='ltr'><strong>voluntatis</strong></span> <span class='ocrx_word' id='word_1_331' title='bbox 1741 2695 1872 2737; x_wconf 79' lang='lat' dir='ltr'><strong>suae.</strong></span> <span class='ocrx_word' id='word_1_332' title='bbox 1902 2682 1969 2737; x_wconf 85' lang='lat' dir='ltr'><strong>Et</strong></span> <span class='ocrx_word' id='word_1_333' title='bbox 2011 2681 2272 2760; x_wconf 60' lang='lat' dir='ltr'><strong>ililarius</strong></span> <span class='ocrx_word' id='word_1_334' title='bbox 2303 2681 2367 2739; x_wconf 87' lang='lat' dir='ltr'><strong>in</strong></span> <span class='ocrx_word' id='word_1_335' title='bbox 2399 2683 2550 2740; x_wconf 85' lang='lat' dir='ltr'><strong>libro</strong></span> <span class='ocrx_word' id='word_1_336' title='bbox 2578 2687 2656 2742; x_wconf 87' lang='lat' dir='ltr'><strong>De</strong></span> 
     </span>
     <span class='ocr_line' id='line_1_32' title="bbox 238 2750 2649 2823; baseline 0 -13"><span class='ocrx_word' id='word_1_337' title='bbox 238 2753 459 2823; x_wconf 70' lang='lat' dir='ltr'><strong>synodi-s</strong></span> <span class='ocrx_word' id='word_1_338' title='bbox 487 2770 506 2808; x_wconf 92' lang='lat'><strong>.·</strong></span> <span class='ocrx_word' id='word_1_339' title='bbox 539 2773 569 2804; x_wconf 84' lang='lat'>«</span> <span class='ocrx_word' id='word_1_340' title='bbox 591 2752 881 2810; x_wconf 88' lang='lat' dir='ltr'><strong>Omnibus</strong></span> <span class='ocrx_word' id='word_1_341' title='bbox 897 2752 1185 2810; x_wconf 82' lang='lat' dir='ltr'><strong>creaturis</strong></span> <span class='ocrx_word' id='word_1_342' title='bbox 1207 2751 1604 2809; x_wconf 80' lang='lat' dir='ltr'><strong>substantiam</strong></span> <span class='ocrx_word' id='word_1_343' title='bbox 1625 2750 1902 2808; x_wconf 87' lang='lat' dir='ltr'><strong>voluntas</strong></span> <span class='ocrx_word' id='word_1_344' title='bbox 1922 2752 2026 2808; x_wconf 82' lang='lat' dir='ltr'><strong>Dei</strong></span> <span class='ocrx_word' id='word_1_345' title='bbox 2053 2753 2250 2809; x_wconf 89' lang='lat' dir='ltr'><strong>attulit</strong></span> <span class='ocrx_word' id='word_1_346' title='bbox 2268 2769 2331 2821; x_wconf 79' lang='lat'><strong>»3</strong></span> <span class='ocrx_word' id='word_1_347' title='bbox 2362 2758 2422 2810; x_wconf 88' lang='lat' dir='ltr'><strong>et</strong></span> <span class='ocrx_word' id='word_1_348' title='bbox 2447 2753 2602 2812; x_wconf 76' lang='lat' dir='ltr'><strong>infra</strong></span> <span class='ocrx_word' id='word_1_349' title='bbox 2634 2772 2649 2810; x_wconf 73' lang='grc' dir='ltr'><strong>ε</strong></span> 
     </span>
     <span class='ocr_line' id='line_1_33' title="bbox 241 2820 2260 2895; baseline 0 -16"><span class='ocrx_word' id='word_1_350' title='bbox 241 2843 273 2874; x_wconf 75' lang='grc' dir='ltr'><strong>σε</strong></span> <span class='ocrx_word' id='word_1_351' title='bbox 307 2824 472 2882; x_wconf 87' lang='lat' dir='ltr'><strong>Talia</strong></span> <span class='ocrx_word' id='word_1_352' title='bbox 496 2822 658 2881; x_wconf 83' lang='lat' dir='ltr'><strong>enim</strong></span> <span class='ocrx_word' id='word_1_353' title='bbox 688 2828 904 2881; x_wconf 85' lang='lat' dir='ltr'><strong>cuncta</strong></span> <span class='ocrx_word' id='word_1_354' title='bbox 930 2826 1129 2880; x_wconf 86' lang='lat' dir='ltr'><strong>creata</strong></span> <span class='ocrx_word' id='word_1_355' title='bbox 1155 2825 1316 2890; x_wconf 90' lang='lat' dir='ltr'><strong>sunt,</strong></span> <span class='ocrx_word' id='word_1_356' title='bbox 1346 2820 1549 2895; x_wconf 86' lang='lat' dir='ltr'><strong>qualia</strong></span> <span class='ocrx_word' id='word_1_357' title='bbox 1577 2822 1733 2878; x_wconf 85' lang='lat' dir='ltr'><strong>Deus</strong></span> <span class='ocrx_word' id='word_1_358' title='bbox 1762 2821 1954 2878; x_wconf 88' lang='lat' dir='ltr'><strong>facere</strong></span> <span class='ocrx_word' id='word_1_359' title='bbox 1984 2822 2169 2878; x_wconf 89' lang='lat' dir='ltr'><strong>voluit</strong></span> <span class='ocrx_word' id='word_1_360' title='bbox 2205 2842 2260 2880; x_wconf 71' lang='lat' dir='ltr'><strong>n.</strong></span> 
     </span>
    </p>

    <p class='ocr_par' dir='ltr' id='par_1_8' title="bbox 235 2890 2656 3038">
     <span class='ocr_line' id='line_1_34' title="bbox 312 2890 2656 2970; baseline 0.001 -19"><span class='ocrx_word' id='word_1_361' title='bbox 312 2896 423 2952; x_wconf 88' lang='lat' dir='ltr'><strong>Per</strong></span> <span class='ocrx_word' id='word_1_362' title='bbox 450 2893 566 2952; x_wconf 88' lang='lat' dir='ltr'><strong>hoc</strong></span> <span class='ocrx_word' id='word_1_363' title='bbox 593 2899 788 2953; x_wconf 89' lang='lat' dir='ltr'><strong>autem</strong></span> <span class='ocrx_word' id='word_1_364' title='bbox 819 2897 1158 2951; x_wconf 86' lang='lat' dir='ltr'><strong>removetur</strong></span> <span class='ocrx_word' id='word_1_365' title='bbox 1200 2905 1366 2950; x_wconf 92' lang='lat' dir='ltr'><strong>error</strong></span> <span class='ocrx_word' id='word_1_366' title='bbox 1393 2892 1787 2964; x_wconf 83' lang='lat' dir='ltr'><strong>quorumdam</strong></span> <span class='ocrx_word' id='word_1_367' title='bbox 1824 2890 2344 2966; x_wconf 78' lang='lat' dir='ltr'><strong>philosophorum,</strong></span> <span class='ocrx_word' id='word_1_368' title='bbox 2373 2894 2479 2970; x_wconf 90' lang='lat' dir='ltr'><strong>qui</strong></span> <span class='ocrx_word' id='word_1_369' title='bbox 2502 2893 2656 2957; x_wconf 84' lang='lat' dir='ltr'><strong>dice-</strong></span> 
     </span>
     <span class='ocr_line' id='line_1_35' title="bbox 235 2960 1650 3038; baseline -0.001 -14"><span class='ocrx_word' id='word_1_370' title='bbox 235 2960 381 3024; x_wconf 76' lang='lat' dir='ltr'><strong>bant</strong></span> <span class='ocrx_word' id='word_1_371' title='bbox 402 2966 589 3025; x_wconf 78' lang='lat' dir='ltr'><strong>Deum</strong></span> <span class='ocrx_word' id='word_1_372' title='bbox 614 2977 794 3038; x_wconf 72' lang='lat' dir='ltr'><strong>agere</strong></span> <span class='ocrx_word' id='word_1_373' title='bbox 820 2976 929 3037; x_wconf 84' lang='lat' dir='ltr'><strong>per</strong></span> <span class='ocrx_word' id='word_1_374' title='bbox 948 2969 1179 3023; x_wconf 75' lang='lat' dir='ltr'><strong>naturae</strong></span> <span class='ocrx_word' id='word_1_375' title='bbox 1207 2964 1650 3023; x_wconf 82' lang='lat' dir='ltr'><strong>necessitatem.</strong></span> 
     </span>
    </p>
   </div>
   <div class='ocr_carea' id='block_1_3' title="bbox 1188 3181 1702 3248">
    <p class='ocr_par' dir='ltr' id='par_1_9' title="bbox 1188 3181 1702 3248">
     <span class='ocr_line' id='line_1_36' title="bbox 1188 3181 1702 3248; baseline 0.002 -2"><span class='ocrx_word' id='word_1_376' title='bbox 1188 3181 1441 3247; x_wconf 86' lang='lat' dir='ltr'>CAPUT</span> <span class='ocrx_word' id='word_1_377' title='bbox 1492 3182 1702 3248; x_wconf 83' lang='lat' dir='ltr'>XXIV.</span> 
     </span>
    </p>
   </div>
   <div class='ocr_carea' id='block_1_4' title="bbox 801 3360 2085 3417">
    <p class='ocr_par' dir='ltr' id='par_1_10' title="bbox 801 3360 2085 3417">
     <span class='ocr_line' id='line_1_37' title="bbox 801 3360 2085 3417; baseline 0.001 -7"><span class='ocrx_word' id='word_1_378' title='bbox 801 3360 954 3417; x_wconf 77' lang='lat' dir='ltr'><strong>ouon</strong></span> <span class='ocrx_word' id='word_1_379' title='bbox 981 3361 1130 3410; x_wconf 70' lang='lat' dir='ltr'><strong>DEUS</strong></span> <span class='ocrx_word' id='word_1_380' title='bbox 1176 3361 1319 3410; x_wconf 66' lang='lat' dir='ltr'><strong>Aen·</strong></span> <span class='ocrx_word' id='word_1_381' title='bbox 1351 3361 1466 3410; x_wconf 68' lang='lat' dir='ltr'><strong>PER</strong></span> <span class='ocrx_word' id='word_1_382' title='bbox 1500 3362 1659 3409; x_wconf 66' lang='lat' dir='ltr'><strong>snm</strong></span> <span class='ocrx_word' id='word_1_383' title='bbox 1708 3362 2085 3417; x_wconf 65' lang='lat' dir='ltr'><strong>mmmm</strong></span> 
     </span>
    </p>
   </div>
   <div class='ocr_carea' id='block_1_5' title="bbox 210 3518 2710 4519">
    <p class='ocr_par' dir='ltr' id='par_1_11' title="bbox 224 3518 2710 4022">
     <span class='ocr_line' id='line_1_38' title="bbox 300 3518 2710 3609; baseline 0.002 -22"><span class='ocrx_word' id='word_1_384' title='bbox 300 3528 389 3587; x_wconf 75' lang='lat' dir='ltr'><strong>Ex</strong></span> <span class='ocrx_word' id='word_1_385' title='bbox 414 3527 533 3587; x_wconf 85' lang='lat' dir='ltr'><strong>hoc</strong></span> <span class='ocrx_word' id='word_1_386' title='bbox 559 3531 761 3608; x_wconf 75' lang='lat' dir='ltr'><strong>autem</strong></span> <span class='ocrx_word' id='word_1_387' title='bbox 809 3531 1053 3598; x_wconf 84' lang='lat' dir='ltr'><strong>apparet</strong></span> <span class='ocrx_word' id='word_1_388' title='bbox 1078 3524 1253 3608; x_wconf 41' lang='lat' dir='ltr'><strong>quod·</strong></span> <span class='ocrx_word' id='word_1_389' title='bbox 1283 3527 1443 3583; x_wconf 87' lang='lat' dir='ltr'><strong>Deus</strong></span> <span class='ocrx_word' id='word_1_390' title='bbox 1491 3523 1744 3585; x_wconf 81' lang='lat' dir='ltr'><strong>effectus</strong></span> <span class='ocrx_word' id='word_1_391' title='bbox 1792 3539 1940 3586; x_wconf 88' lang='lat' dir='ltr'><strong>suos</strong></span> <span class='ocrx_word' id='word_1_392' title='bbox 1986 3530 2266 3609; x_wconf 85' lang='lat' dir='ltr'><strong>producit</strong></span> <span class='ocrx_word' id='word_1_393' title='bbox 2315 3528 2648 3591; x_wconf 86' lang='lat' dir='ltr'><strong>secundum</strong></span> <span class='ocrx_word' id='word_1_394' title='bbox 2699 3518 2710 3525; x_wconf 72' lang='grc'><strong>’</strong></span> 
     </span>
     <span class='ocr_line' id='line_1_39' title="bbox 232 3595 2650 3671; baseline 0.001 -14"><span class='ocrx_word' id='word_1_395' title='bbox 232 3610 409 3657; x_wconf 73' lang='lat' dir='ltr'><strong>suam</strong></span> <span class='ocrx_word' id='word_1_396' title='bbox 438 3598 816 3671; x_wconf 75' lang='lat' dir='ltr'><strong>sapientiam.</strong></span> <span class='ocrx_word' id='word_1_397' title='bbox 847 3598 1132 3656; x_wconf 81' lang='lat' dir='ltr'><strong>Voluntas</strong></span> <span class='ocrx_word' id='word_1_398' title='bbox 1161 3610 1318 3654; x_wconf 79' lang='lat' dir='ltr'><strong>enim</strong></span> <span class='ocrx_word' id='word_1_399' title='bbox 1371 3596 1445 3653; x_wconf 88' lang='lat' dir='ltr'><strong>ad</strong></span> <span class='ocrx_word' id='word_1_400' title='bbox 1474 3595 1776 3668; x_wconf 84' lang='lat' dir='ltr'><strong>agendum</strong></span> <span class='ocrx_word' id='word_1_401' title='bbox 1823 3612 1899 3654; x_wconf 83' lang='lat' dir='ltr'><strong>ex</strong></span> <span class='ocrx_word' id='word_1_402' title='bbox 1925 3598 2126 3670; x_wconf 79' lang='lat' dir='ltr'><strong>aliqua</strong></span> <span class='ocrx_word' id='word_1_403' title='bbox 2170 3600 2650 3671; x_wconf 84' lang='lat' dir='ltr'><strong>apprehensione</strong></span> 
     </span>
     <span class='ocr_line' id='line_1_40' title="bbox 232 3665 2658 3739; baseline 0.001 -11"><span class='ocrx_word' id='word_1_404' title='bbox 232 3674 509 3728; x_wconf 75' lang='lat' dir='ltr'><strong>movetur</strong></span> <span class='ocrx_word' id='word_1_405' title='bbox 537 3685 555 3739; x_wconf 86' lang='lat'>;</span> <span class='ocrx_word' id='word_1_406' title='bbox 611 3668 837 3726; x_wconf 88' lang='lat' dir='ltr'><strong>bonum</strong></span> <span class='ocrx_word' id='word_1_407' title='bbox 891 3668 1053 3725; x_wconf 88' lang='lat' dir='ltr'><strong>enim</strong></span> <span class='ocrx_word' id='word_1_408' title='bbox 1104 3668 1541 3739; x_wconf 84' lang='lat' dir='ltr'><strong>apprehensum</strong></span> <span class='ocrx_word' id='word_1_409' title='bbox 1596 3670 1689 3725; x_wconf 88' lang='lat' dir='ltr'><strong>est</strong></span> <span class='ocrx_word' id='word_1_410' title='bbox 1747 3665 2043 3738; x_wconf 73' lang='lat' dir='ltr'><strong>obiectum</strong></span> <span class='ocrx_word' id='word_1_411' title='bbox 2091 3670 2440 3729; x_wconf 84' lang='lat' dir='ltr'><strong>voluntatis.</strong></span> <span class='ocrx_word' id='word_1_412' title='bbox 2499 3674 2658 3732; x_wconf 85' lang='lat' dir='ltr'><strong>Deus</strong></span> 
     </span>
     <span class='ocr_line' id='line_1_41' title="bbox 234 3737 2658 3814; baseline 0.001 -16"><span class='ocrx_word' id='word_1_413' title='bbox 234 3746 435 3798; x_wconf 81' lang='lat' dir='ltr'><strong>autem</strong></span> <span class='ocrx_word' id='word_1_414' title='bbox 464 3746 560 3798; x_wconf 90' lang='lat' dir='ltr'><strong>est</strong></span> <span class='ocrx_word' id='word_1_415' title='bbox 603 3752 790 3811; x_wconf 85' lang='lat' dir='ltr'><strong>agens</strong></span> <span class='ocrx_word' id='word_1_416' title='bbox 817 3752 923 3810; x_wconf 91' lang='lat' dir='ltr'><strong>per</strong></span> <span class='ocrx_word' id='word_1_417' title='bbox 949 3739 1334 3805; x_wconf 85' lang='lat' dir='ltr'><strong>voluntatem,</strong></span> <span class='ocrx_word' id='word_1_418' title='bbox 1366 3743 1429 3795; x_wconf 88' lang='lat' dir='ltr'><strong>ut</strong></span> <span class='ocrx_word' id='word_1_419' title='bbox 1478 3742 1791 3796; x_wconf 89' lang='lat' dir='ltr'><strong>ostensum</strong></span> <span class='ocrx_word' id='word_1_420' title='bbox 1820 3743 1912 3796; x_wconf 88' lang='lat' dir='ltr'><strong>est</strong></span> <span class='ocrx_word' id='word_1_421' title='bbox 1940 3737 2014 3809; x_wconf 91' lang='lat' dir='ltr'><strong>(c.</strong></span> <span class='ocrx_word' id='word_1_422' title='bbox 2043 3740 2158 3813; x_wconf 80' lang='lat'><strong>23).</strong></span> <span class='ocrx_word' id='word_1_423' title='bbox 2189 3743 2335 3799; x_wconf 91' lang='lat' dir='ltr'><strong>Cum</strong></span> <span class='ocrx_word' id='word_1_424' title='bbox 2380 3741 2566 3814; x_wconf 87' lang='lat' dir='ltr'><strong>igitur</strong></span> <span class='ocrx_word' id='word_1_425' title='bbox 2591 3743 2658 3801; x_wconf 91' lang='lat' dir='ltr'><strong>in</strong></span> 
     </span>
     <span class='ocr_line' id='line_1_42' title="bbox 224 3808 2661 3885; baseline 0.001 -17"><span class='ocrx_word' id='word_1_426' title='bbox 224 3810 355 3869; x_wconf 76' lang='lat' dir='ltr'><strong>Deo</strong></span> <span class='ocrx_word' id='word_1_427' title='bbox 387 3823 510 3869; x_wconf 89' lang='lat' dir='ltr'><strong>non</strong></span> <span class='ocrx_word' id='word_1_428' title='bbox 544 3809 767 3867; x_wconf 87' lang='lat' dir='ltr'><strong>sitnisi</strong></span> <span class='ocrx_word' id='word_1_429' title='bbox 796 3808 1218 3866; x_wconf 89' lang='lat' dir='ltr'><strong>intellectualis</strong></span> <span class='ocrx_word' id='word_1_430' title='bbox 1246 3808 1668 3879; x_wconf 83' lang='lat' dir='ltr'><strong>apprehensio,</strong></span> <span class='ocrx_word' id='word_1_431' title='bbox 1694 3808 1964 3881; x_wconf 84' lang='lat' dir='ltr'><strong>nihilque</strong></span> <span class='ocrx_word' id='word_1_432' title='bbox 2014 3808 2311 3885; x_wconf 81' lang='lat' dir='ltr'><strong>intelligat</strong></span> <span class='ocrx_word' id='word_1_433' title='bbox 2339 3813 2457 3871; x_wconf 85' lang='lat' dir='ltr'><strong>nisi</strong></span> <span class='ocrx_word' id='word_1_434' title='bbox 2486 3812 2661 3871; x_wconf 88' lang='lat' dir='ltr'><strong>intel·</strong></span> 
     </span>
     <span class='ocr_line' id='line_1_43' title="bbox 236 3878 2664 3955; baseline 0.002 -16"><span class='ocrx_word' id='word_1_435' title='bbox 236 3878 483 3954; x_wconf 74' lang='lat' dir='ltr'><strong>ligendo</strong></span> <span class='ocrx_word' id='word_1_436' title='bbox 513 3893 603 3948; x_wconf 88' lang='lat' dir='ltr'><strong>se,</strong></span> <span class='ocrx_word' id='word_1_437' title='bbox 633 3893 809 3951; x_wconf 82' lang='lat' dir='ltr'><strong>quem</strong></span> <span class='ocrx_word' id='word_1_438' title='bbox 840 3879 1173 3951; x_wconf 77' lang='lat' dir='ltr'><strong>intelligere</strong></span> <span class='ocrx_word' id='word_1_439' title='bbox 1205 3886 1299 3936; x_wconf 85' lang='lat' dir='ltr'><strong>est</strong></span> <span class='ocrx_word' id='word_1_440' title='bbox 1321 3880 1652 3949; x_wconf 83' lang='lat' dir='ltr'><strong>sapientem</strong></span> <span class='ocrx_word' id='word_1_441' title='bbox 1699 3891 1857 3949; x_wconf 84' lang='lat' dir='ltr'><strong>esse,</strong></span> <span class='ocrx_word' id='word_1_442' title='bbox 1884 3878 2243 3954; x_wconf 83' lang='lat' dir='ltr'><strong>relinquitur</strong></span> <span class='ocrx_word' id='word_1_443' title='bbox 2267 3882 2430 3955; x_wconf 86' lang='lat' dir='ltr'><strong>quod</strong></span> <span class='ocrx_word' id='word_1_444' title='bbox 2457 3881 2664 3944; x_wconf 74' lang='lat' dir='ltr'><strong>omniu</strong></span> 
     </span>
     <span class='ocr_line' id='line_1_44' title="bbox 224 3949 1673 4022; baseline -0.001 -11"><span class='ocrx_word' id='word_1_445' title='bbox 224 3950 392 4011; x_wconf 78' lang='lat' dir='ltr'><strong>Deus</strong></span> <span class='ocrx_word' id='word_1_446' title='bbox 420 3951 758 4010; x_wconf 85' lang='lat' dir='ltr'><strong>secundum</strong></span> <span class='ocrx_word' id='word_1_447' title='bbox 788 3963 961 4009; x_wconf 87' lang='lat' dir='ltr'><strong>suam</strong></span> <span class='ocrx_word' id='word_1_448' title='bbox 991 3949 1345 4022; x_wconf 84' lang='lat' dir='ltr'><strong>sapientiam</strong></span> <span class='ocrx_word' id='word_1_449' title='bbox 1374 3956 1673 4020; x_wconf 85' lang='lat' dir='ltr'><strong>operatur.</strong></span> 
     </span>
    </p>

    <p class='ocr_par' dir='ltr' id='par_1_12' title="bbox 210 4018 2668 4519">
     <span class='ocr_line' id='line_1_45' title="bbox 220 4018 2665 4093; baseline 0.004 -18"><span class='ocrx_word' id='word_1_450' title='bbox 220 4068 231 4075; x_wconf 88' lang='lat'><strong>.</strong></span> <span class='ocrx_word' id='word_1_451' title='bbox 294 4023 458 4087; x_wconf 79' lang='lat' dir='ltr'><strong>Item,</strong></span> <span class='ocrx_word' id='word_1_452' title='bbox 490 4035 670 4079; x_wconf 87' lang='lat' dir='ltr'><strong>omne</strong></span> <span class='ocrx_word' id='word_1_453' title='bbox 815 4034 888 4079; x_wconf 91' lang='lat' dir='ltr'><strong>ns</strong></span> <span class='ocrx_word' id='word_1_454' title='bbox 917 4020 1041 4093; x_wconf 82' lang='lat' dir='ltr'><strong>agit</strong></span> <span class='ocrx_word' id='word_1_455' title='bbox 1085 4019 1201 4078; x_wconf 86' lang='lat' dir='ltr'><strong>sibi</strong></span> <span class='ocrx_word' id='word_1_456' title='bbox 1247 4018 1467 4088; x_wconf 88' lang='lat' dir='ltr'><strong>simile,</strong></span> <span class='ocrx_word' id='word_1_457' title='bbox 1498 4020 1657 4078; x_wconf 91' lang='lat' dir='ltr'><strong>unde</strong></span> <span class='ocrx_word' id='word_1_458' title='bbox 1699 4023 1934 4091; x_wconf 82' lang='lat' dir='ltr'><strong>oportet</strong></span> <span class='ocrx_word' id='word_1_459' title='bbox 1973 4018 2136 4093; x_wconf 75' lang='lat' dir='ltr'><strong>quod</strong></span> <span class='ocrx_word' id='word_1_460' title='bbox 2177 4022 2510 4082; x_wconf 87' lang='lat' dir='ltr'><strong>secundum</strong></span> <span class='ocrx_word' id='word_1_461' title='bbox 2544 4023 2665 4085; x_wconf 87' lang='lat' dir='ltr'><strong>hoc</strong></span> 
     </span>
     <span class='ocr_line' id='line_1_46' title="bbox 229 4035 2658 4172; baseline 0.001 -21"><span class='ocrx_word' id='word_1_462' title='bbox 229 4099 373 4165; x_wconf 82' lang='lat' dir='ltr'><strong>agat</strong></span> <span class='ocrx_word' id='word_1_463' title='bbox 402 4035 875 4172; x_wconf 55' lang='lat' dir='ltr'><strong>unumquffiue</strong></span> <span class='ocrx_word' id='word_1_464' title='bbox 904 4104 1091 4164; x_wconf 82' lang='lat' dir='ltr'><strong>agens</strong></span> <span class='ocrx_word' id='word_1_465' title='bbox 1117 4090 1447 4148; x_wconf 88' lang='lat' dir='ltr'><strong>secundum</strong></span> <span class='ocrx_word' id='word_1_466' title='bbox 1478 4091 1637 4163; x_wconf 89' lang='lat' dir='ltr'><strong>quod</strong></span> <span class='ocrx_word' id='word_1_467' title='bbox 1681 4090 1860 4148; x_wconf 81' lang='lat' dir='ltr'><strong>habet</strong></span> <span class='ocrx_word' id='word_1_468' title='bbox 1904 4089 2359 4151; x_wconf 83' lang='lat' dir='ltr'><strong>similitudinem</strong></span> <span class='ocrx_word' id='word_1_469' title='bbox 2388 4095 2483 4152; x_wconf 90' lang='lat' dir='ltr'><strong>sui</strong></span> <span class='ocrx_word' id='word_1_470' title='bbox 2511 4093 2658 4154; x_wconf 83' lang='lat' dir='ltr'><strong>effe-</strong></span> 
     </span>
     <span class='ocr_line' id='line_1_47' title="bbox 218 4160 2660 4238; baseline 0 -15"><span class='ocrx_word' id='word_1_471' title='bbox 218 4170 388 4233; x_wconf 71' lang='lat' dir='ltr'><strong>ctuS,</strong></span> <span class='ocrx_word' id='word_1_472' title='bbox 420 4164 585 4221; x_wconf 85' lang='lat' dir='ltr'><strong>sicut</strong></span> <span class='ocrx_word' id='word_1_473' title='bbox 610 4163 773 4235; x_wconf 82' lang='lat' dir='ltr'><strong>ignis</strong></span> <span class='ocrx_word' id='word_1_474' title='bbox 799 4161 1072 4219; x_wconf 82' lang='lat' dir='ltr'><strong>calelaeit</strong></span> <span class='ocrx_word' id='word_1_475' title='bbox 1110 4160 1444 4219; x_wconf 84' lang='lat' dir='ltr'><strong>seeundum</strong></span> <span class='ocrx_word' id='word_1_476' title='bbox 1482 4162 1728 4219; x_wconf 88' lang='lat' dir='ltr'><strong>modum</strong></span> <span class='ocrx_word' id='word_1_477' title='bbox 1756 4160 1853 4219; x_wconf 83' lang='lat' dir='ltr'><strong>sui</strong></span> <span class='ocrx_word' id='word_1_478' title='bbox 1882 4161 2122 4219; x_wconf 85' lang='lat' dir='ltr'><strong>caloris.</strong></span> <span class='ocrx_word' id='word_1_479' title='bbox 2154 4162 2268 4220; x_wconf 87' lang='lat' dir='ltr'><strong>Sed</strong></span> <span class='ocrx_word' id='word_1_480' title='bbox 2296 4164 2359 4222; x_wconf 90' lang='lat' dir='ltr'><strong>in</strong></span> <span class='ocrx_word' id='word_1_481' title='bbox 2389 4165 2660 4238; x_wconf 83' lang='lat' dir='ltr'><strong>quolibet</strong></span> 
     </span>
     <span class='ocr_line' id='line_1_48' title="bbox 225 4231 2663 4307; baseline 0.002 -16"><span class='ocrx_word' id='word_1_482' title='bbox 225 4240 448 4307; x_wconf 81' lang='lat' dir='ltr'><strong>agente</strong></span> <span class='ocrx_word' id='word_1_483' title='bbox 476 4247 584 4304; x_wconf 89' lang='lat' dir='ltr'><strong>per</strong></span> <span class='ocrx_word' id='word_1_484' title='bbox 610 4232 996 4299; x_wconf 87' lang='lat' dir='ltr'><strong>voluntatem,</strong></span> <span class='ocrx_word' id='word_1_485' title='bbox 1027 4232 1089 4288; x_wconf 91' lang='lat' dir='ltr'><strong>in</strong></span> <span class='ocrx_word' id='word_1_486' title='bbox 1114 4238 1398 4303; x_wconf 85' lang='lat' dir='ltr'><strong>quantum</strong></span> <span class='ocrx_word' id='word_1_487' title='bbox 1432 4231 1796 4303; x_wconf 83' lang='lat' dir='ltr'><strong>hujusmodi,</strong></span> <span class='ocrx_word' id='word_1_488' title='bbox 1817 4236 1908 4289; x_wconf 89' lang='lat' dir='ltr'><strong>est</strong></span> <span class='ocrx_word' id='word_1_489' title='bbox 1928 4232 2259 4291; x_wconf 88' lang='lat' dir='ltr'><strong>similitudo</strong></span> <span class='ocrx_word' id='word_1_490' title='bbox 2287 4235 2383 4293; x_wconf 91' lang='lat' dir='ltr'><strong>sui</strong></span> <span class='ocrx_word' id='word_1_491' title='bbox 2410 4234 2663 4295; x_wconf 81' lang='lat' dir='ltr'><strong>effectus</strong></span> 
     </span>
     <span class='ocr_line' id='line_1_49' title="bbox 212 4301 2661 4377; baseline 0 -14"><span class='ocrx_word' id='word_1_492' title='bbox 212 4304 573 4363; x_wconf 56' lang='lat' dir='ltr'><strong>secundum</strong></span> <span class='ocrx_word' id='word_1_493' title='bbox 596 4303 934 4360; x_wconf 86' lang='lat' dir='ltr'><strong>intellectus</strong></span> <span class='ocrx_word' id='word_1_494' title='bbox 960 4302 1526 4373; x_wconf 64' lang='lat' dir='ltr'><strong>apprehensionem</strong></span> <span class='ocrx_word' id='word_1_495' title='bbox 1560 4302 1613 4361; x_wconf 89' lang='lat' dir='ltr'><strong>si</strong></span> <span class='ocrx_word' id='word_1_496' title='bbox 1653 4301 1815 4360; x_wconf 89' lang='lat' dir='ltr'><strong>enim</strong></span> <span class='ocrx_word' id='word_1_497' title='bbox 1842 4302 2170 4361; x_wconf 88' lang='lat' dir='ltr'><strong>secundum</strong></span> <span class='ocrx_word' id='word_1_498' title='bbox 2203 4311 2427 4364; x_wconf 86' lang='lat' dir='ltr'><strong>naturae</strong></span> <span class='ocrx_word' id='word_1_499' title='bbox 2456 4306 2661 4377; x_wconf 90' lang='lat' dir='ltr'><strong>dispo·</strong></span> 
     </span>
     <span class='ocr_line' id='line_1_50' title="bbox 210 4372 2668 4454; baseline -0.002 -21"><span class='ocrx_word' id='word_1_500' title='bbox 210 4376 526 4434; x_wconf 59' lang='lat' dir='ltr'><strong>sitionem</strong></span> <span class='ocrx_word' id='word_1_501' title='bbox 555 4374 756 4454; x_wconf 79' lang='lat' dir='ltr'><strong>solum</strong></span> <span class='ocrx_word' id='word_1_502' title='bbox 785 4373 1012 4431; x_wconf 85' lang='lat' dir='ltr'><strong>inesset</strong></span> <span class='ocrx_word' id='word_1_503' title='bbox 1038 4372 1649 4453; x_wconf 70' lang='lat' dir='ltr'><strong>similitudoeffectus</strong></span> <span class='ocrx_word' id='word_1_504' title='bbox 1675 4373 1877 4445; x_wconf 76' lang='lat' dir='ltr'><strong>agenti</strong></span> <span class='ocrx_word' id='word_1_505' title='bbox 1899 4374 2262 4445; x_wconf 76' lang='lat' dir='ltr'><strong>voluntario,</strong></span> <span class='ocrx_word' id='word_1_506' title='bbox 2290 4390 2414 4434; x_wconf 92' lang='lat' dir='ltr'><strong>non</strong></span> <span class='ocrx_word' id='word_1_507' title='bbox 2467 4377 2668 4445; x_wconf 82' lang='lat' dir='ltr'><strong>ageret</strong></span> 
     </span>
     <span class='ocr_line' id='line_1_51' title="bbox 224 4444 2666 4519; baseline -0.002 -16"><span class='ocrx_word' id='word_1_508' title='bbox 224 4447 357 4505; x_wconf 87' lang='lat' dir='ltr'><strong>nisi</strong></span> <span class='ocrx_word' id='word_1_509' title='bbox 391 4458 606 4516; x_wconf 87' lang='lat' dir='ltr'><strong>unum,</strong></span> <span class='ocrx_word' id='word_1_510' title='bbox 635 4457 780 4518; x_wconf 81' lang='lat' dir='ltr'><strong>quia</strong></span> <span class='ocrx_word' id='word_1_511' title='bbox 805 4444 959 4503; x_wconf 87' lang='lat' dir='ltr'><strong>ratio</strong></span> <span class='ocrx_word' id='word_1_512' title='bbox 992 4444 1284 4501; x_wconf 82' lang='lat' dir='ltr'><strong>naturalis</strong></span> <span class='ocrx_word' id='word_1_513' title='bbox 1314 4456 1496 4502; x_wconf 81' lang='lat' dir='ltr'><strong>unius</strong></span> <span class='ocrx_word' id='word_1_514' title='bbox 1517 4449 1611 4502; x_wconf 87' lang='lat' dir='ltr'><strong>est</strong></span> <span class='ocrx_word' id='word_1_515' title='bbox 1625 4457 1751 4502; x_wconf 43' lang='lat' dir='ltr'><strong>‚una</strong></span> <span class='ocrx_word' id='word_1_516' title='bbox 1773 4447 2028 4504; x_wconf 88' lang='lat' dir='ltr'><strong>tantum.</strong></span> <span class='ocrx_word' id='word_1_517' title='bbox 2051 4447 2238 4505; x_wconf 87' lang='lat' dir='ltr'><strong>Omne</strong></span> <span class='ocrx_word' id='word_1_518' title='bbox 2261 4446 2448 4519; x_wconf 85' lang='lat' dir='ltr'><strong>igitur</strong></span> <span class='ocrx_word' id='word_1_519' title='bbox 2474 4451 2666 4513; x_wconf 80' lang='lat' dir='ltr'><strong>agens</strong></span> 
     </span>
    </p>
   </div>
  </div>
 </body>
</html>
