3076 5025
1136 331 1270 387 LlB.
1311 331 1399 398 w,
1439 327 1589 386 CAP.
1627 329 1692 385 Χ.
2501 332 2603 387 507

179 455 388 525 tamen
418 453 563 508 sunt
591 450 652 507 in
681 451 943 508 essentia
969 464 1177 520 unum,
1209 455 1442 522 oportet
1471 451 1532 507 in
1563 450 1652 507 eis
1699 462 1834 508 esse
1878 448 2104 522 aliquid
2146 453 2358 522 praeter
2399 464 2602 509 essen-

123 521 128 528 ’
179 528 336 578 tiam
366 534 472 592 per
501 521 660 595 quod
691 521 1157 593 distinguantur;
1185 534 1324 577 nam
1370 520 1647 601 essentia·
1678 519 2013 600 communis
2061 521 2295 600 utrique
2331 522 2601 592 ponitur;

181 590 352 664 quod
383 596 582 648 autem
617 604 931 648 commune
961 594 1049 648 est
1081 603 1200 648 non
1228 594 1422 661 potest
1436 603 1571 648 esse
1591 590 1994 648 distinctionis
2013 590 2398 662 principium;
2430 604 2604 660 opor·

176 660 484 733 tetigitur
512 659 572 717 id
617 673 736 731 quo
783 660 1231 732 distinguuntur
1279 663 1450 717 Pater
1497 666 1554 717 et
1595 660 1782 716 Filius
1825 673 1959 718 esse
2010 660 2169 716 aliud
2220 660 2293 717 ab
2341 661 2606 719 essentia

179 729 413 787 divina.
446 731 547 786 Est
575 743 717 801 ergo
745 743 1003 801 persona
1030 730 1159 787 Filii
1190 730 1521 800 composita
1560 743 1634 787 ex
1661 729 1915 798 duobus,
1947 732 2006 787 et
2047 730 2321 787 similiter
2347 744 2605 801 persona

180 801 407 868 PatriS,
438 799 668 857 scilicet
716 814 786 856 ex
823 800 1086 858 essentia
1112 800 1415 857 communi
1440 805 1498 857 et
1545 814 1618 857 ex
1656 800 1949 871 principio
1991 799 2417 874 distinguente.
2448 803 2605 858 Uter-

59 901 64 906 ·
177 884 307 943 que
335 869 517 950 igitur
545 875 638 926 est
664 870 1064 940 compositus;
1094 876 1302 927 neuter
1323 885 1467 942 ergo
1497 875 1590 927 est
1624 882 1798 926 verus
1826 871 2001 927 DeuS.

260 940 322 996 Si
354 953 493 1011 quis
520 944 713 996 autem
743 940 901 997 dicat
933 939 1095 1012 quod
1140 939 1587 1013 distinguuntur
1615 939 1748 997 sola
1775 940 2081 1007 relatione,
2111 944 2289 1010 prout
2320 953 2474 998 unus
2509 946 2601 999 est

181 1012 365 1068 Pater
392 1008 547 1067 alius
575 1013 668 1068 est
694 1009 899 1077 Filius,
930 1023 1060 1082 quae
1085 1014 1281 1067 autem
1310 1010 1551 1067 relative
1576 1009 1971 1090 praedicantur
1993 1022 2113 1067 non
2146 1009 2305 1067 aliud
2332 1010 2604 1068 videntur

185 1079 516 1151 praedicare
541 1080 604 1137 in
635 1093 706 1137 eo
735 1080 808 1137 de
834 1094 952 1152 quo
982 1079 1281 1149 dicuntur,
1299 1079 1402 1137 sed
1430 1093 1625 1152 mag1s
1655 1079 1726 1136 ad
1756 1079 1947 1147 aliud;
1979 1084 2035 1137 et
2063 1080 2149 1138 sic
2174 1094 2279 1151 per
2303 1078 2417 1136 hoc
2448 1093 2605 1138 com·

180 1150 414 1222 positio
452 1163 575 1206 non
602 1149 923 1219 inducitur,
951 1181 1020 1191 —
1049 1150 1278 1207 videtur
1318 1150 1479 1222 quod
1522 1150 1649 1208 haec
1675 1149 1988 1221 responsio
2036 1162 2157 1207 non
2186 1150 2267 1208 sit
2294 1149 2602 1209 sufficiens

181 1220 263 1277 ad
291 1219 575 1290 praedicta
601 1219 1080 1278 inconvenientia
1116 1219 1372 1278 vitanda.

260 1292 408 1346 Nam
433 1290 644 1348 relatio
673 1303 792 1347 non
823 1295 1018 1360 potest
1046 1303 1180 1347 esse
1208 1290 1432 1362 absque
1480 1289 1683 1361 aliquo
1709 1290 2016 1360 absolut03
2046 1290 2111 1348 in
2141 1290 2407 1364 quolibet
2437 1291 2599 1349 enim

181 1360 438 1417 relativo
467 1364 699 1430 oportet
724 1360 912 1417 intelli
960 1361 976 1416 i
1004 1360 1164 1432 quod
1193 1360 1266 1418 ad
1294 1374 1362 1417 se
1403 1359 1618 1417 dicitur
1640 1367 1850 1431 praeter
1874 1360 1932 1417 id
1962 1360 2123 1433 quod
2154 1361 2227 1420 ad
2257 1360 2414 1418 aliud
2443 1361 2595 1419 dici-

188 1436 320 1509 tur3
346 1430 506 1487 sicut
535 1443 743 1488 servus
771 1430 846 1487 ad
891 1446 925 1487 a
953 1430 1115 1501 iquid
1161 1435 1254 1488 est
1301 1429 1571 1488 absolute
1612 1436 1825 1500 praeter
1864 1430 1922 1487 id
1968 1431 2126 1503 quod
2172 1431 2243 1489 ad
2292 1431 2600 1488 dominum

189 1499 428 1557 dicitur.
458 1500 688 1557 Relatio
713 1500 895 1572 igitur
918 1500 1022 1556 illa
1046 1514 1150 1571 per
1173 1513 1352 1572 quam
1381 1502 1553 1557 Pater
1581 1506 1637 1556 et
1673 1500 1853 1558 Filius
1882 1500 2346 1573 distinguuntur,
2371 1515 2407 1558 o
2450 1505 2602 1559 ortet

189 1569 351 1642 quod
379 1568 596 1627 habeat
623 1570 866 1642 aliquod
909 1571 1249 1628 absolutum
1276 1570 1336 1627 in
1367 1582 1485 1642 quo
1517 1569 1814 1631 fundetur.
1844 1575 1956 1628 Aut
1985 1572 2167 1643 igitur
2194 1570 2341 1629 illud
2367 1585 2400 1628 a
2445 1570 2601 1631 solu-

191 1643 321 1698 tum
344 1647 435 1698 est
463 1653 646 1697 unum
678 1645 929 1707 tantum,
958 1646 1059 1698 aut
1083 1646 1224 1698 sunt
1251 1639 1371 1698 duo
1409 1639 1702 1697 absoluta.
1732 1640 1791 1697 Si
1822 1644 1914 1697 est
1940 1654 2122 1698 unum
2153 1646 2403 1712 tantum,
2435 1642 2498 1698 in
2526 1654 2598 1700 eo

191 1722 318 1767 non
346 1715 539 1781 potest
567 1710 800 1767 fundari
829 1710 1050 1781 duplex
1088 1710 1317 1778 relatio,
1345 1710 1462 1767 nisi
1511 1709 1660 1766 rorte
1703 1710 1779 1768 sit
1830 1710 2036 1769 relatio
2078 1711 2422 1778 identitatiS,
2468 1725 2600 1783 quae

190 1779 635 1837 distinctionem
665 1781 894 1851 operari
931 1794 1049 1837 non
1079 1783 1293 1851 potest,
1327 1779 1484 1837 sicut
1521 1779 1740 1836 dicitur
1765 1779 1921 1836 idem
1947 1780 2138 1838 eidem
2162 1781 2337 1839 idem.
2368 1780 2425 1838 Si
2457 1795 2488 1838 e
2564 1794 2600 1838 o

188 1850 270 1908 sit
299 1850 438 1908 talis
462 1849 673 1908 relatio
696 1849 856 1923 quod
901 1849 1342 1908 distinctionem
1384 1848 1664 1921 requirat,
1715 1853 1947 1920 oportet
2015 1851 2133 1908 uod
2163 1852 2355 1923 primo
2384 1851 2528 1908 intel
2558 1851 2600 1891 ’-

231 1924 365 1977 atur
393 1919 803 1978 absolutorum
835 1920 1155 1977 distinctio.
1201 1923 1331 1977 Non
1357 1932 1499 1992 ergo
1546 1919 1777 1976 videtur
1816 1920 1977 1991 poss·
2024 1921 2100 1978 ile
2143 1920 2302 1993 quod
2329 1934 2599 1992 personae

234 1990 383 2047 atris
413 1996 471 2046 et
495 1990 623 2047 Filii
659 1990 808 2048 solis
838 1990 1228 2047 relationibus
1260 1989 1719 2062 distinguantur.

258 2062 548 2122 Praeterea,
578 2066 810 2141 oportet
836 2060 1031 2118 dicere
1058 2059 1216 2132 quod
1244 2060 1452 2117 relatio
1481 2059 1588 2116 illa
1650 2071 1740 2116 uae
1780 2058 1989 2117 Filium
2019 2060 2373 2133 distinguite.
2431 2060 2601 2119 Patre

188 2136 297 2186 aut
327 2130 408 2186 sit
436 2143 532 2187 res
559 2131 636 2187 ali
683 2144 760 2187 ua
786 2137 888 2187 aut
909 2131 984 2188 sit
1013 2131 1075 2187 in
1104 2129 1237 2188 solo
1282 2130 1603 2186 intellectu.
1675 2129 1693 2185 i
1728 2133 1926 2187 autem
1968 2129 2047 2188 sit
2086 2144 2183 2188 res
2228 2131 2446 2202 aliqua,
2478 2143 2602 2188 non

189 2198 425 2256 videtur
455 2213 589 2257 esse
620 2200 660 2256 il
688 2213 724 2257 a
752 2214 846 2258 res
874 2214 1005 2272 quae
1049 2205 1140 2257 est
1185 2199 1384 2257 diviua
1430 2199 1712 2268 essentia,
1742 2199 1883 2271 quia
1910 2200 2109 2258 divina
2151 2202 2411 2258 essentia
2437 2213 2600 2258 com-

187 2269 396 2328 munis
418 2276 511 2327 est
535 2270 692 2326 Patri
719 2275 776 2327 et
817 2270 996 2340 Filio;
1024 2271 1135 2328 erit
1162 2284 1225 2326 er
1269 2283 1303 2326 o
1342 2270 1405 2325 in
1435 2269 1584 2326 Filio
1616 2269 1815 2341 aliqua
1862 2283 1961 2327 res
2007 2284 2138 2343 quae
2184 2284 2306 2328 non
2353 2274 2445 2328 est
2471 2270 2602 2341 ejus

188 2339 568 2420 essentia..et
597 2339 686 2396 sic
713 2353 833 2397 non
876 2345 967 2398 est
1005 2353 1180 2398 verus
1258 2352 1394 2408 eus;
1429 2344 1749 2419 ostensum·
1767 2343 1860 2396 est
1884 2340 2049 2420 enim
2075 2341 2137 2465 51.
2168 2354 2211 2408 1,
2240 2355 2292 2396 c.
2321 2340 2413 2420 23)
2441 2340 2598 2420 quod

188 2408 342 2467 nihil
373 2415 465 2466 est
487 2422 546 2465 ln
577 2411 697 2467 Deo
739 2409 897 2482 quod
943 2422 1065 2467 non
1108 2410 1187 2467 sit
1225 2423 1336 2466 sua
1363 2411 1647 2465 essentia.
1692 2409 1753 2464 Sl
1798 2415 1994 2465 autem
2033 2410 2073 2466 ll
2103 2424 2136 2467 a
2181 2410 2385 2467 relatio
2435 2414 2514 2465 sit
2539 2423 2599 2466 1n

186 2478 557 2537 intellectum
586 2485 836 2549 tantum,
867 2492 989 2538 non
1035 2482 1226 2550 potest
1271 2477 1669 2550 personaliter
1701 2476 2066 2551 distinguere
2110 2479 2320 2536 Filium
2345 2480 2599 2548 aPatre;

189 2563 324 2624 quae
353 2550 510 2607 enim
542 2550 933 2620 personaliter
961 2549 1410 2621 distinguuntur
1433 2547 1672 2605 realiter
1696 2554 1926 2629 oportet
1958 2548 2259 2621 distingui.

256 2622 411 2683 Item,
444 2634 620 2678 omne
651 2621 959 2679 relativum
981 2620 1271 2690 dependet
1293 2633 1328 2675 a
1349 2631 1460 2675 suo
1490 2619 1860 2675 correlativo.
1889 2617 2055 2686 Quod
2085 2624 2280 2674 autem
2311 2617 2603 2689 dependet

186 2689 264 2749 ab
291 2691 482 2747 altero
507 2703 624 2747 nou
657 2696 747 2748 est
773 2705 949 2748 verus
975 2692 1150 2747 Deus.
1182 2689 1241 2746 Si
1271 2689 1458 2760 igitur
1478 2700 1735 2759 persona
1752 2688 1942 2745 Patris
1966 2693 2023 2744 et
2048 2688 2179 2744 Filii
2209 2687 2598 2747 relationibus

189 2760 658 2832 distinguantur,
689 2765 898 2819 neuter
926 2761 1038 2817 erit
1069 2773 1246 2817 verus
1270 2761 1447 2816 Deus.
2004 2780 2009 2789 ·

259 2831 481 2899 Adhuc,
514 2831 564 2888 si
597 2832 766 2888 Pater
792 2836 883 2888 est
911 2833 1066 2887 Deus
1110 2835 1168 2888 et
1197 2829 1378 2893 Filius
1423 2833 1513 2885 est
1540 2829 1716 2907 Deus,
1766 2833 1998 2898 oportet
2039 2827 2198 2909 quod
2234 2826 2353 2885 hoc
2380 2840 2595 2887 nomeu

188 2902 333 2957 Deus
363 2900 436 2958 de
460 2902 628 2958 Patre
661 2907 717 2957 et
736 2901 880 2958 Filio
908 2900 1376 2958 substantialiter
1396 2897 1764 2978 praedicetur,
1799 2911 1979 2970 quum
2012 2897 2295 2956 divinitas
2318 2898 2598 2957 accidens

190 2976 327 3029 esse
357 2983 482 3028 non
505 2974 714 3041 possit.
742 2971 1129 3028 Praedicatum
1159 2975 1355 3027 autem
1385 2967 1775 3025 substanuale
1802 2972 1895 3025 est
1922 2968 2080 3039 quod
2120 2981 2257 3025 vere
2282 2974 2372 3025 est
2401 2968 2599 3039 ipsum

193 3039 270 3097 de
293 3054 409 3113 quo
439 3040 820 3112 praedicatur3
851 3054 1011 3110 nam,
1037 3053 1218 3121 quum
1244 3039 1459 3096 dicitur
1488 3056 1502 3092 :
1538 3057 1568 3088 α
1597 3039 1784 3095 Homo
1815 3044 1903 3094 est
1934 3037 2152 3095 animal
2193 3059 2247 3106 »‚
2277 3038 2435 3110 quod
2464 3052 2601 3095 vere

193 3107 375 3169 homo
406 3116 496 3168 est
525 3110 744 3167 animal
774 3114 896 3179 est3
924 3117 982 3167 et
1017 3110 1309 3178 similiter,
1338 3121 1520 3181 quum
1563 3105 1781 3165 dicitur
1811 3125 1827 3165 τ
1859 3128 1887 3157 «
1918 3108 2192 3166 Socrates
2218 3115 2307 3165 est
2338 3108 2520 3166 homo
2544 3128 2599 3177 n,

194 3180 354 3252 quod
379 3195 513 3237 vere
539 3182 810 3238 Socrates
841 3185 932 3239 est
957 3180 1137 3239 homo
1168 3183 1278 3238 est.
1311 3181 1393 3235 Ex
1422 3190 1542 3250 quo
1588 3177 1821 3234 videtur
1845 3179 2015 3249 sequi
2040 3178 2199 3250 quod
2226 3178 2601 3249 impossibile

195 3252 274 3309 sit
299 3265 369 3307 ex
399 3254 560 3321 parte
591 3251 990 3321 subiectorum
1037 3249 1292 3307 inveniri
1373 3247 1752 3315 luralitatem,
1778 3261 1961 3319 quum
2006 3248 2205 3305 unitas
2234 3249 2311 3305 sit
2338 3263 2411 3304 ex
2439 3253 2602 3318 parte

192 3320 607 3379 substantialis
682 3320 970 3388 raedicati;
1001 3334 1120 3378 non
1144 3320 1304 3377 enim
1412 3323 1602 3375 crates
1627 3322 1684 3374 et
1708 3317 1872 3374 Plato
1895 3323 2037 3374 sunt
2053 3331 2211 3375 unus
2237 3318 2439 3385 homo,
2470 3317 2605 3375 licet

192 3391 317 3449 sint
343 3405 527 3448 unum
556 3390 618 3448 in
687 3393 1028 3461 umanitate,
1055 3405 1248 3463 neque
1273 3390 1456 3446 homo
1487 3394 1543 3445 et
1573 3387 1778 3444 asinus
1810 3390 1951 3444 sunt
1976 3401 2160 3445 unum
2191 3388 2432 3454 animal,
2464 3386 2604 3444 licet

191 3461 316 3519 sint
344 3475 528 3518 unum
561 3461 623 3517 in
647 3460 908 3518 animali.
938 3460 997 3518 Si
1028 3474 1170 3534 ergo
1198 3462 1371 3517 Pater
1398 3463 1456 3516 et
1504 3458 1693 3516 Filius
1720 3462 1862 3515 sunt
1892 3456 2025 3516 duae
2054 3470 2346 3530 personae,
2377 3457 2601 3528 impos·

198 3530 373 3590 sibile
398 3531 628 3588 videtur
655 3530 813 3602 quod
846 3530 967 3588 siut
995 3544 1154 3588 unus
1179 3532 1356 3588 Deus.

261 3602 537 3671 Amplius,
568 3601 840 3672 opposita
879 3600 1194 3671 praedicata
1220 3598 1613 3671 pluralitatem
1659 3598 1981 3656 ostendunt
2017 3597 2079 3653 in
2110 3610 2182 3654 eo
2214 3596 2289 3653 de
2314 3608 2434 3668 quo
2463 3608 2603 3667 prae-

185 3669 483 3729 dicantur.
518 3674 594 3726 De
627 3673 745 3728 Deo
769 3675 960 3729 autem
989 3673 1157 3728 Patre
1185 3674 1244 3727 et
1269 3670 1342 3728 de
1363 3671 1485 3726 Deo
1511 3669 1660 3726 Filio
1689 3668 1965 3739 opposita
2034 3666 2430 3746 medicantum
2462 3677 2602 3724 uam

189 3742 366 3798 Pater
389 3745 480 3799 est
510 3743 665 3800 Deus
691 3741 994 3814 ingenitus
1018 3744 1404 3814 agenoreus,
1437 3739 1622 3797 Filius
1647 3742 1841 3795 autem
1870 3742 1961 3796 est
2040 3750 2151 3794 eus
2178 3741 2437 3808 gemtus.
2472 3738 2602 3791 Non

189 3808 375 3884 igitur
399 3810 631 3877 videtur
655 3824 789 3869 esse
813 3811 1099 3881 possibile
1128 3810 1287 3882 quod
1310 3812 1479 3866 Pater
1507 3814 1564 3865 et
1594 3808 1781 3865 Filius
1807 3808 1929 3864 sint
1963 3819 2122 3864 unus
2148 3809 2326 3887 Deus.
2552 3875 2563 3885 ,

260 3882 400 3938 Raec
423 3881 606 3954 igitur
632 3887 690 3938 et
716 3881 934 3939 similia
961 3887 1100 3939 sunt
1128 3894 1200 3937 ex
1228 3880 1442 3952 quibus
1472 3879 1656 3950 aliqui
1682 3878 2023 3935 divinorum
2051 3882 2337 3950 mysteria
2366 3888 2607 3946 propria

189 3949 424 4008 ratione
449 3950 641 4007 metiri
669 3951 956 4020 volentes,
986 3950 1244 4008 divinam
1277 3948 1718 4022 generationem
1766 3948 2114 4019 impugnare
2143 3947 2433 4004 nituntur.
2465 3945 2603 4012 Sed,

191 4018 334 4148 Pia
364 4021 576 4078 veritas
599 4021 657 4077 in
686 4021 882 4090 seipsa
907 4020 1076 4078 fortis
1101 4025 1190 4078 est
1219 4024 1276 4076 et
1299 4018 1466 4075 nulla
1489 4017 1569 4073 im
1617 4017 1935 4090 ugnatione
1960 4016 2335 4086 convellitur,
2367 4018 2601 4093 oport-et

218 4090 500 4150 utendere
528 4090 604 4149 ad
631 4090 1065 4150 ostendendum
1088 4089 1248 4164 quod
1275 4088 1489 4147 veritas
1516 4086 1558 4145 fi
1601 4086 1657 4145 ei
1682 4087 1913 4145 ratione
1936 4086 2203 4157 superari
2232 4098 2358 4144 non
2383 4088 2596 4157 possit.
