3076 5025
548 308 654 365 468
880 295 888 304 ⁵
1396 300 1530 357 LIB.
1570 300 1668 369 111,
1708 299 1861 356 CAP.
1903 299 2115 356 CXLIX.

549 432 746 486 autem
776 425 1046 493 ultimuS,
1076 422 1180 497 qui
1209 427 1302 481 est
1332 421 1608 491 felicitas,
1638 434 1761 480 non
1793 420 2077 502 competit
2106 419 2222 479 nisi
2250 419 2582 479 voluntarie
2623 421 2911 502 agentibus»,

590 498 651 555 ui
680 502 822 554 sunt
849 493 1075 554 domini
1107 492 1203 551 sui
1233 498 1432 561 actus;
1464 493 1625 551 unde
1654 505 1846 564 neque
1877 492 2205 550 inanimata
2247 505 2440 573 neque
2485 491 2655 549 bruta
2679 494 2914 552 animilia

574 567 746 625 elicia
775 565 1053 632 dicimuS‚
1081 563 1238 622 sicut
1261 577 1372 621 nec
1401 564 1703 620 fortunata
1730 568 1834 617 aut
1878 562 2264 630 infortunata,
2297 562 2415 619 nisi
2465 560 2781 620 seeundum
2824 577 2914 622 ine·

547 637 878 708 taphoram.
909 634 1209 692 Auxilium
1251 633 1434 705 igitur
1481 633 1640 714 quod
1688 631 1919 690 homini
1964 633 2137 690 datur
2181 631 2468 690 divinitus
2510 631 2586 690 ad
2630 631 2915 693 felicitatem

550 705 1328 847 cofiffigteesngiffldngssietgtr
1340 711 1699 831 ῗοέἓνξιεὲἓένῃά
1728 776 1872 845 quod
1893 773 2049 830 hodie
2068 788 2445 857 proposuerim·
2379 774 2392 787 “
2471 774 2532 827 in
2572 777 2832 856 conspectu
2854 777 2918 831 tuo

547 849 720 903 vitam
747 849 797 900 et
826 848 1041 907 bonum.
1089 848 1169 900 ete
1205 847 1477 900 contrario
1510 849 1734 900 monem
1761 851 1812 901 et
1856 845 2078 907 malum,
2122 848 2184 899 ut
2231 843 2435 913 diligas
2477 845 2757 898 Dominum
2792 847 2920 900 Deum

549 922 725 984 tuum,
757 920 809 971 et
828 916 1066 972 ambules
1092 916 1155 969 in
1179 916 1287 970 viis
1316 915 1501 985 ejus...
1550 916 1615 971 si
1658 921 1838 971 autem
1865 929 2112 971 aversum
2142 916 2316 982 tuerit
2341 929 2432 969 cor
2478 918 2650 977 tuum,
2691 917 2739 968 et
2774 914 2920 969 audire

548 988 878 1051 nolueris,..,
894 986 1135 1056 praedico
1160 985 1264 1040 tibi
1290 985 1447 1040 hodie
1472 985 1618 1055 quod
1641 1000 1901 1054 pereas...
1939 986 2138 1057 (Dent,
2178 996 2326 1054 xxx,
2358 983 2580 1054 ¹5-18);
2622 989 2682 1040 et
2718 983 2919 1041 dicitur:

549 1060 705 1198 {lgm}
717 1057 1128 1199 hominem8v3‘ta
1154 1058 1207 1110 et
1239 1070 1407 1127 mors,
1436 1056 1632 1112 bonum
1659 1060 1711 1110 et
1736 1057 1940 1112 malum
1956 1075 1975 1125 3
2009 1054 2157 1126 quod
2197 1055 2475 1126 placuerit
2504 1057 2577 1124 ei,
2620 1053 2825 1110 dabitur
2843 1055 2917 1110 illi.

627 1143 656 1183 c
705 1129 771 1191 i„
803 1139 916 1196 ΧΥ(
950 1131 973 1183 t
1022 1167 1036 1184 .

1484 1310 1737 1375 CAPUT
1789 1310 2041 1373 CXLIX.

833 1481 986 1535 QUOD
1023 1482 1370 1529 PRAEDIGTUM
1403 1482 1696 1528 anxurim
1725 1481 1889 1527 Hono
1925 1479 2263 1527 monum
2288 1480 2408 1527 NON
2452 1479 2692 1526 POTBST.

624 1637 707 1691 Ex
731 1633 1032 1705 praedictis
1060 1640 1258 1692 autem
1285 1634 1603 1692 manifeste
1632 1634 1967 1693 ostenditur
1993 1633 2155 1705 quod
2176 1633 2466 1692 auxilium
2494 1632 2755 1690 divinum
2784 1631 2915 1689 homo

553 1705 884 1777 promereri
916 1717 1036 1762 non
1067 1711 1284 1775 potest.

625 1774 914 1854 Quaelibet
941 1775 1097 1831 enim
1129 1788 1227 1833 res
1255 1774 1330 1832 ad
1357 1774 1417 1832 id
1447 1775 1606 1847 quod
1636 1788 1819 1845 supra
1865 1774 2056 1845 ipsam
2102 1779 2195 1832 est
2234 1772 2628 1831 materialiter
2664 1788 2729 1831 se
2770 1771 2912 1830 habet

549 1846 795 1901 Materia
832 1850 1030 1903 autem
1076 1858 1197 1902 non
1242 1850 1440 1902 movet
1472 1846 1734 1916 seipsam
1776 1844 1850 1901 ad
1894 1857 2066 1902 suam
2114 1844 2563 1915 perfectionem,
2594 1844 2697 1901 sed
2742 1847 2916 1913 oportet

551 1914 713 1986 quod
743 1914 816 1971 ab
859 1916 980 1972 alio
1021 1921 1349 1974 moveatur.
1390 1918 1580 1974 Homo
1617 1916 1800 1987 igitur
1845 1927 1966 1972 non
2014 1920 2210 1972 movet
2238 1915 2506 1985 seipsum
2533 1914 2613 1971 ad
2660 1914 2766 1971 hoc
2802 1910 2916 1985 quod

554 1984 921 2064 adipiscatur
952 1985 1217 2043 divinum
1247 1985 1559 2056 auxilium,
1584 1985 1742 2112 Ἣοά
1778 1998 1960 2055 supra
1986 1985 2183 2056 ipsum
2212 1990 2324 2053 est,
2354 1983 2463 2042 sed
2507 1985 2710 2055 potius
2736 1983 2801 2041 ad
2840 1983 2919 2039 hoe

556 2052 652 2110 adi
700 2053 1010 2112 iscendum
1043 2069 1078 2113 a
1108 2057 1228 2113 Deo
1276 2063 1569 2113 movetur.
1664 2056 1788 2113 otio
1836 2060 2033 2112 autem
2083 2055 2378 2112 moventis
2419 2054 2704 2127 praecedit
2744 2059 2920 2111 motum

552 2137 668 2203 1¹³0.
699 2124 823 2192 ilis»,
852 2126 1081 2183 ratione
1110 2130 1170 2182 et
1195 2139 1400 2183 causa.
1432 2129 1563 2183 Non
1594 2126 1780 2197 igitur
1805 2131 2045 2196 propter
2089 2125 2205 2183 hoc
2233 2125 2408 2183 datur
2457 2125 2640 2183 nobis
2687 2122 2919 2183 auxilium

548 2194 822 2251 divinum
855 2195 996 2267 quia
1028 2209 1139 2254 nos
1168 2196 1241 2252 ad
1267 2195 1414 2252 illud
1453 2210 1561 2267 per
1598 2197 1758 2254 hona
1786 2209 1967 2265 opera
2005 2208 2445 2268 promovemur,
2475 2195 2587 2253 sed
2636 2195 2820 2268 potius
2848 2206 2922 2264 per

552 2262 715 2322 bona
747 2278 928 2333 opera
954 2265 1298 2337 proficimus
1329 2266 1470 2338 quia
1500 2266 1705 2324 divino
1734 2266 1959 2323 auxilio
1990 2267 2403 2337 praevenimur:

625 2335 843 2414 Adhuc,
876 2350 1062 2416 agens
1091 2337 1548 2394 instrumentale
1581 2350 1704 2394 non
1735 2336 1999 2407 disponit
2025 2336 2100 2394 ad
2124 2337 2549 2408 perfectionem
2574 2333 2919 2393 inducendam

553 2416 592 2461 a
616 2405 929 2476 principali
962 2411 1193 2478 agente,
1223 2406 1342 2464 nisi
1375 2407 1707 2466 secundum
1738 2406 1896 2477 quod
1926 2407 2051 2479 agit
2078 2422 2151 2464 ex
2174 2407 2388 2464 virtute
2416 2407 2762 2478 principalis
2786 2416 2920 2476 agen·

552 2473 675 2543 tis;
707 2475 865 2533 siout
891 2477 1097 2535 calori
1145 2477 1241 2536 nis
1271 2490 1393 2536 non
1441 2478 1636 2551 magis
1684 2482 1971 2549 praeparat
2007 2478 2317 2536 materiam
2346 2477 2417 2535 ad
2473 2477 2725 2535 formam
2767 2473 2918 2533 carnis

555 2558 735 2617 quam
776 2546 848 2603 ad
886 2549 1064 2606 aliam
1135 2561 1386 2618 ormam,
1431 2549 1548 2607 nisi
1598 2550 1663 2605 in
1705 2556 1992 2619 quantum
2044 2549 2166 2620 agit
2219 2549 2278 2605 in
2328 2548 2544 2605 virtute
2594 2550 2812 2605 animai.
2837 2544 2920 2623 Sed

552 2617 753 2673 anima
782 2623 991 2676 nostra
1017 2625 1292 2690 operatur
1317 2618 1429 2677 sub
1461 2623 1582 2677 Deo
1612 2620 1767 2676 sicut
1807 2632 1996 2691 agens
2024 2618 2478 2677 instrumentale
2508 2619 2626 2676 sub
2656 2615 2916 2690 principali

551 2692 784 2767 agent-e.
816 2690 963 2771 Non·
974 2689 1159 2771 igitur
1183 2695 1380 2762 potest
1409 2703 1473 2748 se
1498 2690 1701 2747 anima
1712 2701 2056 2816 dpraeparare
2093 2689 2166 2771 ad
2214 2689 2670 2770 suscipi-endum
2699 2687 2918 2767 effectum

551 2754 736 2812 divini
782 2759 1011 2829 auxilii,
1045 2772 1160 2818 nisi
1207 2760 1534 2819 secundum
1587 2774 1706 2833 quo
1786 2765 1909 2832 agit
1965 2774 2037 2816 ex
2070 2764 2285 2817 virtute
2335 2759 2555 2817 divina.
2618 2761 2920 2817 Praevenitur

549 2825 735 2897 igitur
764 2827 966 2908 divino
996 2829 1219 2888 auxilio
1248 2830 1322 2889 ad
1351 2831 1502 2889 bene
1541 2831 1905 2902 operandum
1954 2830 2147 2902 magis
2177 2843 2355 2902 quam
2383 2827 2655 2887 divinum
2686 2816 2917 2886 auxilium

547 2905 871 2967 praevenlat
902 2901 1076 2973 quasi
1112 2900 1394 2959 merendo
1425 2900 1575 2958 illud
1606 2902 1694 2958 vel
1730 2913 1796 2958 se
1826 2899 2209 2972 praeparando
2238 2900 2311 2958 ad
2342 2899 2510 2957 illud.
2863 2966 2872 2977 ,

618 2968 900 3046 4mplius.
966 2970 1196 3028 nullum
1267 2985 1452 3044 agens
1507 2971 1864 3043 particulare
1924 2975 2118 3042 potest
2177 2970 2601 3028 universaliter
2647 2978 2919 3045 praevemre

548 3041 844 3117 actionem
892 3041 1065 3111 primi
1122 3041 1481 3100 universalis
1526 3042 1760 3123 agentis
1808 3054 1880 3098 eo
1926 3041 2086 3114 quod
2132 3041 2331 3100 omnis
2378 3041 2534 3099 actio
2594 3039 2916 3113 particularis

547 3114 782 3186 agen-tis
809 3111 1102 3182 originem
1135 3112 1348 3170 habeat
1374 3112 1449 3170 ab
1479 3111 1801 3169 universali
1833 3117 2065 3191 agente,
2091 3111 2266 3180 sicut,
2299 3111 2523 3169 inistis
2554 3110 2914 3191 inferioribus,

548 3187 748 3233 omnis
778 3187 976 3239 motus
1005 3184 1360 3253 praevenitur
1388 3198 1424 3241 a
1452 3189 1616 3240 motu
1666 3184 1916 3240 coelesti.
1947 3181 2058 3239 Sed
2107 3183 2311 3239 anima
2355 3181 2619 3240 humana
2661 3182 2918 3240 ordinatur

550 3244 666 3327 sub
692 3249 813 3308 Deo
841 3252 997 3309 sicut
1025 3253 1378 3323 particulare
1407 3266 1595 3334 agens
1631 3253 1743 3310 sub
1772 3252 2112 3310 universali.
2146 3252 2525 3333 Impossibile
2545 3259 2637 3310 est
2667 3264 2800 3324 ergo
2818 3258 2916 3306 esse

547 3315 806 3389 aliquem
837 3328 1058 3380 rectum
1090 3329 1315 3381 motum
1345 3323 1410 3379 in
1444 3337 1574 3394 ipsa
1601 3337 1775 3395 quem
1819 3336 1940 3380 non
1987 3327 2307 3394 praevenlat
2353 3323 2509 3381 actio
2549 3323 2776 3392 divina;
2803 3316 2920 3377 unde

547 3391 604 3442 et
633 3390 923 3451 Dominus
952 3393 1096 3450 dicit
1121 3411 1135 3449 ε
1163 3395 1291 3450 Sine
1311 3409 1393 3449 me
1419 3395 1562 3449 nihil
1581 3396 1804 3463 potestis
1832 3394 2032 3461 tacere.
2068 3393 2306 3466 (Iocum,
2335 3405 2440 3463 xv,
2471 3393 2550 3466 5.)
2882 3458 2891 3467 ,

616 3458 769 3530 Item,
801 3475 1028 3520 merces
1070 3475 1177 3535 pro
1220 3464 1554 3522 ortionatur
1600 3465 1832 3532 merit0,
1880 3477 2065 3536 quum
2113 3464 2175 3520 in
2226 3464 2619 3522 retributione
2673 3458 2917 3521 mercedis

547 3533 856 3598 aequalitas
873 3532 1120 3604 jnstitiae
1144 3547 1181 3591 o
1225 3540 1514 3593 servetur.
1551 3533 1805 3592 Effectus
1831 3541 2026 3591 autem
2054 3533 2238 3591 divini
2303 3534 2532 3603 auxilii,
2563 3534 2663 3607 qui
2713 3531 2915 3591 faculta-

543 3606 663 3681 tem
695 3608 917 3660 naturae
945 3603 1191 3673 excedit,
1223 3619 1345 3663 non
1374 3611 1464 3663 est
1492 3606 1977 3676 proportionatus
2008 3604 2240 3662 actibus
2268 3618 2422 3678 quos
2470 3605 2654 3662 homo
2680 3619 2749 3661 ex
2789 3605 2917 3658 natu-

543 3672 654 3750 rali
691 3672 978 3754 facultate,
992 3675 1283 3744 producit.
1306 3679 1438 3733 Non
1466 3675 1650 3748 igitur
1678 3690 1782 3745 per
1810 3674 2154 3747 hujusmodi
2185 3680 2354 3733 actus
2382 3680 2578 3748 potest
2605 3677 2782 3733 homo
2808 3681 2920 3743 prae·

546 3742 764 3800 dictum
801 3744 1088 3802 auxilium
1118 3747 1353 3803 mereri.

611 3814 897 3880 Praeterea,
926 3816 1191 3889 cognitio
1235 3816 1513 3888 praecedit
1551 3816 1876 3875 voluntatis
1906 3821 2154 3876 motum.
2207 3816 2481 3889 cognitio
2529 3821 2724 3874 autem
2747 3821 2917 3882 super·

541 3885 833 3942 naturalis
863 3884 1001 3943 linis
1029 3891 1119 3945 est
1149 3886 1375 3945 homini
1406 3902 1441 3946 a
1467 3889 1611 3955 Deo,
1642 3901 1825 3959 quum
1857 3902 1960 3957 per
1986 3888 2279 3945 rationem
2305 3886 2635 3944 naturalem
2666 3887 2725 3943 in
2755 3886 2916 3953 ipsum
3002 3940 3003 3963 ἶ

542 3955 831 4027 attingere
861 3955 1042 4014 homo
1071 3971 1195 4015 non
1224 3958 1435 4029 possit,
1469 3971 1541 4014 eo
1572 3958 1729 4031 quod
1768 3960 2104 4016 facultatem
2134 3957 2464 4016 naturalem
2487 3958 2750 4015 excedat.
2776 3955 2918 4031 Opor-
3002 3992 3003 3999 κ

541 4031 626 4082 tet
684 4039 826 4098 ergo
882 4028 1039 4099 quod
1087 4032 1286 4086 motus
1331 4029 1657 4086 voluntatis
1712 4034 1933 4087 nostrae
1985 4028 2051 4085 in
2103 4029 2378 4087 ultimum
2434 4027 2615 4085 finem
2669 4024 2917 4084 auxilium
3002 4070 3003 4093 ,

545 4093 810 4153 divinum
841 4099 1181 4167 praeveniat.
2550 4148 2557 4155 -

569 4194 574 4201 ·
614 4166 761 4223 Hinc
791 4175 879 4224 est
918 4168 1077 4242 quod
1125 4168 1340 4226 dicitur
1392 4187 1407 4226 ε
1447 4172 1570 4229 Non
1612 4186 1681 4226 eae
1729 4172 1977 4241 operibus
2026 4171 2240 4227 'ustitiae
2286 4185 2406 4241 quae
2445 4170 2672 4237 secunus
2719 4156 2918 4244 nosdfd

539 4238 831 4316 seeundum
854 4254 1010 4294 suam
1034 4240 1460 4296 misericordiam
1484 4242 1663 4297 salvos
1690 4257 1785 4297 nos
1829 4243 1959 4308 fecit
2025 4243 2157 4310 Tit„
2187 4254 2277 4310 nl,
2309 4242 2393 4313 5);
2425 4245 2521 4298 et:
2550 4241 2672 4295 Non
2703 4234 2914 4295 volemis,

540 4305 771 4363 scilicet
795 4310 962 4379 velle,
991 4326 1058 4366 ne
1187 4314 1453 4367 currentis
1482 4312 1715 4369 scilicet
1736 4326 1993 4379 currere,
2023 4314 2119 4368 sed
2158 4312 2459 4368 miser-entis
2487 4315 2566 4367 est
2596 4311 2700 4365 Dei
2774 4309 2911 4362 Rom„

537 4386 623 4456 ng,
644 4377 769 4456 ο16),
801 4380 941 4451 quia
968 4326 1197 4461 sciffit
1217 4388 1448 4452 oportet
1471 4384 1632 4454 quod
1671 4382 1743 4439 ad
1774 4383 1919 4440 bene
1944 4381 2265 4441 volendum
2294 4386 2354 4439 et
2375 4379 2735 4453 operandum
2790 4381 2912 4457 ,onio

538 4444 742 4505 divino
768 4458 1164 4521 praeveniatur
1197 4452 1444 4524 auxilio,
1476 4454 1636 4514 sicut
1680 4458 2034 4513 consuetum
2083 4458 2176 4514 est
2229 4452 2390 4527 quod
2434 4450 2680 4513 effectus
2727 4448 2913 4520 aliquis
