3076 5025
1105 319 1239 376 Lm.
1279 319 1377 381 111.
1416 318 1571 375 CAP.
1610 318 1784 376 CLVI.
2485 325 2595 382 479

151 443 216 500 et
239 458 257 498 ε
283 441 439 497 Jews
463 441 729 505 Christus,
757 444 814 498 et
838 443 982 498 Deus
1006 443 1059 497 et
1083 442 1247 498 Pater
1284 445 1557 510 noster...‚
1585 441 1896 498 exhortem-
1919 441 2087 498 corda
2116 447 2299 498 vestra
2320 446 2374 498 et
2397 447 2592 515 contir-

148 514 266 569 net
302 513 366 566 in
404 513 553 567 omni
577 527 733 582 opere
751 516 811 591 et
841 526 1081 568 sermone
1130 512 1282 568 bono.
1312 512 1392 582 (Π
1417 513 1625 581 Thess„
1652 524 1717 580 ιι,
1748 516 1835 580 ¹5,
1863 512 1974 592 μθ.)
2005 513 2127 570 Hoc
2170 512 2345 570 etiam
2393 513 2591 585 ipsum
2628 553 2644 568 .-

146 582 219 640 in
270 582 542 639 oratione
597 582 902 640 Dominica
953 582 1188 653 petitur,
1218 582 1472 640 maxime
1524 595 1713 654 quum
1763 581 1974 640 dicitur
2000 599 2016 639 t
2044 582 2323 639 Adveniet
2366 599 2595 653 reanum

147 656 345 719 timim
379 666 500 710 non
531 653 686 710 enim
719 653 893 711 nobis
920 652 1188 711 adveniet
1215 666 1464 725 regnum
1499 652 1625 720 Dei,
1651 651 1767 711 nisi
1791 653 1855 709 in
1886 652 2045 711 bono
2075 652 2364 712 fuerimus
2391 668 2593 726 perse·

144 727 454 790 verantes.
485 723 847 781 Derisorium
873 730 1067 782 autem
1098 726 1260 780 esset
1301 723 1522 795 aliquid
1552 737 1589 781 a
1617 725 1738 780 Deo
1784 727 1984 795 petere
2028 723 2204 796 cujus
2248 724 2377 795 ipse
2423 725 2596 785 dator

147 807 283 853 uon
313 798 493 852 esset.
526 798 627 852 Est
651 794 830 866 igitur
854 794 1291 866 perseverantia
1311 793 1575 852 hominis
1602 807 1640 850 a
1664 795 1805 851 Deo·

225 865 342 922 Per
367 863 485 921 hoc
512 868 709 922 autem
755 864 1084 923 excluditur
1129 878 1296 923 error
1343 864 1818 936 Pelagianorum,
1857 864 1961 937 qui
1986 863 2263 923 dixerunt
2304 865 2465 938 quod
2517 865 2594 926 ad

144 936 659 1064 &draegteranalum
681 936 743 991 in
759 935 953 1063 tiizacgno,
993 932 1215 992 sufficit
1256 934 1516 993 hominis
1554 934 1805 992 uberum
1854 933 2181 1005 arbitrium,
2224 948 2335 994 nec
2361 936 2436 994 ad
2471 910 2593 997 boo

409 1020 548 1063 auxi
571 1020 629 1064 io
858 1049 871 1063 .

228 1019 548 1134 Slcgiendum
576 1019 775 1133 tarffi
804 1080 898 1134 est
921 1074 1103 1149 quod,
1133 1090 1271 1134 cum
1324 1076 1428 1133 ille
1479 1075 1584 1150 qui
1618 1074 1867 1149 gratiam
1902 1075 2083 1134 habet
2128 1079 2289 1147 petat
2313 1091 2348 1134 a
2376 1079 2498 1134 Deo
2527 1082 2595 1136 ut

147 1154 496 1220 perseveret
515 1147 575 1204 in
604 1147 784 1216 bonu,
813 1147 967 1204 sicut
995 1147 1244 1204 liberum
1272 1147 1576 1205 arbitrium
1603 1160 1725 1204 non
1755 1146 1976 1204 sufficit
2002 1147 2075 1204 ad
2104 1147 2282 1206 istum
2315 1146 2591 1205 effectum

149 1217 264 1291 qni
291 1224 386 1274 est
408 1231 780 1288 perseverare
806 1218 868 1274 in
895 1218 1056 1275 bono
1085 1218 1214 1275 sine
1239 1217 1513 1274 exteriori
1541 1217 1645 1275 Dei
1670 1217 1912 1288 auxilio,
1942 1218 2025 1275 ita
2053 1231 2162 1275 nec
2190 1218 2262 1275 ad
2286 1217 2402 1276 hoc
2431 1216 2597 1276 suffl-

151 1288 243 1347 eit
260 1288 476 1359 aliquis
503 1287 741 1346 habitus
770 1288 945 1346 nobis
973 1287 1230 1345 infusus.
1264 1288 1509 1346 Habitus
1537 1287 1697 1345 enim
1724 1287 1827 1360 qui
1864 1289 2038 1347 nobis
2083 1287 2479 1346 infunduntur
2505 1286 2593 1346 di·

152 1358 402 1427 vinituS,
432 1358 762 1416 secundum
792 1364 1012 1417 statum
1040 1359 1348 1429 praesentis
1377 1359 1526 1427 vitae,
1559 1371 1682 1416 non
1729 1359 2007 1416 auserunt
2047 1372 2082 1416 a
2129 1359 2314 1416 libero
2351 1358 2593 1416 arbitrio

157 1428 421 1487 totaliter
447 1428 829 1487 mobilitatem
862 1428 934 1486 ad
967 1429 1210 1497 malum,
1242 1429 1379 1486 licet
1399 1444 1504 1500 per
1529 1442 1637 1486 eos
1658 1427 1908 1486 liberum
1933 1429 2237 1487 arbitrium
2261 1429 2595 1502 aliqualiter

155 1499 494 1558 stabiliatur
519 1500 581 1556 in
610 1499 789 1558 hono.
823 1502 889 1556 Et
914 1499 1071 1571 ideo,
1101 1514 1286 1571 quum
1332 1499 1585 1558 dicimus
1624 1498 1931 1558 hominem
1975 1499 2263 1574 indigere,
2295 1501 2367 1557 ad
2399 1512 2597 1571 perse·

151 1570 485 1628 verendum
513 1569 788 1639 finaliter,
818 1570 1038 1628 auxilio
1129 1570 1305 1638 ratiae,
1333 1584 1456 1628 non
1500 1568 1889 1643 intelligimus
1925 1570 2105 1642 quod,
2137 1584 2316 1654 super
2343 1569 2593 1643 gratiam

151 1637 519 1700 habitualem
548 1641 714 1711 prius
741 1640 1004 1722 infusam
1032 1584 1282 1722 tuf-bene
1309 1640 1841 1721 operandum,.alia
1871 1642 2126 1711 desuper
2144 1641 2490 1722 intundatur
2516 1638 2593 1699 ad

149 1712 698 1791 perseverandum3
737 1711 843 1769 sed
886 1712 1278 1791 intelligimus
1324 1712 1506 1783 quod,
1533 1710 1750 1791 habitis
1791 1712 2070 1770 omnibus
2114 1711 2413 1769 habitibus
2457 1724 2589 1784 gra·

147 1780 571 1924 guitiffiadhuc
596 1781 1024 1924 indigetilboino
1053 1782 1263 1843 divinae
1290 1782 1670 1855 providentiae
1712 1782 1931 1842 auxilio
1959 1782 2217 1843 exterius
2261 1781 2595 1856 gubernan-

201 1864 258 1913 s.
313 1866 358 1910 1-
413 1893 430 1923 '
457 1866 516 1926 q·
546 1864 663 1921 cm,
691 1866 759 1910 ar
788 1894 804 1910 0
899 1894 916 1910 0

1127 2062 1381 2128 CAPUT
1450 2063 1648 2128 CLVI.

482 2241 633 2295 QUOD
671 2242 800 2289 11.OE
839 2243 938 2295 QUI
974 2242 1205 2288 DEcmn·
1238 2243 1282 2288 A
1317 2242 1537 2289 GRATIA
1571 2244 1684 2289 PER
1718 2242 2024 2291 PEGGATUM
2056 2243 2274 2290 POTEST

865 2331 1087 2376 ITERUM
1119 2331 1233 2375 PER.
1267 2331 1529 2378 GRATIAM
1563 2330 1876 2378 REPARARI.

229 2489 314 2547 Ex
341 2487 438 2547 his
465 2491 661 2545 autem
691 2494 933 2560 apparet
956 2486 1115 2560 quod
1146 2500 1250 2558 per
1277 2486 1560 2544 auxilium
1586 2486 1787 2560 gratiae
1811 2486 2016 2555 homo,
2037 2486 2211 2544 etiam
2242 2484 2435 2545 sinon
2464 2499 2592 2560 per-

153 2560 535 2628 severaverit,
568 2558 672 2617 sed
701 2560 762 2615 in
795 2566 1095 2629 peccatum
1126 2558 1423 2625 ceciderit,
1452 2562 1648 2628 potest
1673 2558 1933 2628 reparari
1960 2556 2033 2613 ad
2063 2557 2306 2614 bonum.

232 2631 508 2702 Ejusdem
536 2630 691 2686 enim
722 2629 951 2686 virtutis
980 2634 1071 2686 est
1120 2629 1467 2685 continuare
1498 2628 1750 2685 salutem
1805 2626 2057 2699 alicuius
2105 2634 2162 2684 et
2206 2628 2590 2698 interruptam

158 2715 476 2772 reparare;
509 2699 846 2758 sicutenim
881 2713 983 2770 per
1008 2700 1280 2756 virtutem
1328 2699 1657 2755 naturalem
1700 2697 2080 2755 continuatur
2115 2697 2341 2756 sanitas
2378 2697 2440 2754 in
2467 2712 2593 2756 cor·

157 2786 328 2844 pore,
357 2772 440 2828 ila
485 2785 589 2841 per
632 2770 898 2828 eamdem
932 2770 1199 2826 virtutem
1248 2769 1575 2825 naturalem
1625 2768 1851 2826 sanitas
1894 2768 2115 2826 interru
2159 2772 2218 2826 ta
2264 2782 2325 2825 re
2371 2772 2589 2828 aratur.

159 2846 354 2901 Homo
384 2847 577 2898 autem
609 2844 945 2911 perseverat
968 2840 1028 2896 in
1057 2840 1237 2907 bono,
1270 2839 1488 2896 auxilio
1523 2839 1733 2896 divinae
1761 2839 1982 2911 gratiae,
2013 2845 2081 2895 ut
2144 2854 2196 2896 c.
2232 2843 2332 2897 155
2398 2842 2594 2898 osten·

157 2927 300 3039 sun}
332 2916 441 2969 est.
472 2913 675 2984 Igitur,
707 2911 758 2970 si
782 2925 888 2981 per
905 2914 1211 2982 peccatum
1240 2909 1447 2981 lapsus
1477 2910 1670 2979 fuerit,
1700 2908 1967 2981 ejusdem
1999 2914 2204 2983 gratiae
2237 2909 2457 2968 auxilio
2486 2923 2591 2982 po·

155 2984 274 3042 teri
321 2998 381 3039 re
425 2982 598 3040 arari.

233 2999 455 3121 Ααὴιῖο,
486 3066 674 3125 agens
699 3052 857 3125 quod
887 3066 1008 3110 non
1039 3052 1280 3124 requirit
1310 3049 1757 3121 dispositionem
1788 3051 1851 3108 in
1894 3050 2161 3122 subjecto
2190 3054 2386 3123 potest
2413 3066 2590 3110 suum

159 3124 440 3182 effectum
470 3124 805 3193 imprimere
835 3124 897 3179 in
936 3122 1266 3193 subjectum
1305 3122 1813 3193 qualitercumque
1852 3122 2205 3193 dispositum
2230 3140 2244 3191 ;
2271 3126 2330 3178 et
2354 3130 2593 3195 propter

158 3194 287 3252 hoc
315 3196 488 3262 Deus,
517 3194 618 3266 qui
645 3194 706 3249 in
736 3193 967 3265 agendo
997 3207 1118 3250 non
1162 3192 1404 3264 requirit
1449 3191 1781 3261 subjectum
1826 3192 2202 3264 dispositum,
2236 3197 2430 3263 potest
2456 3193 2589 3252 abs·

117 3327 121 3331 ,
160 3278 289 3391 que
319 3264 703 3334 dispositione
724 3264 972 3335 subjecti
1005 3265 1254 3320 sormam
1283 3263 1611 3319 naturalem
1635 3263 1934 3331 inducere,
1964 3269 2168 3333 utpote
2199 3262 2337 3319 dum
2367 3277 2591 3321 caecum

159 3336 184 3393 i
217 3335 463 3390 luminat
487 3340 545 3392 et
574 3340 869 3391 mortuum
901 3333 1172 3395 vivificat.
1206 3341 1263 3389 et
1292 3333 1378 3389 sic
1407 3333 1478 3389 de
1510 3333 1824 3390 similibus.
1858 3333 1993 3402 Sed,
2016 3334 2170 3391 sicut
2198 3347 2317 3390 non
2352 3334 2596 3406 requirit

157 3405 615 3475 dispositionem
661 3405 989 3462 naturalem
1014 3405 1077 3460 in
1117 3403 1388 3474 suchcto
1423 3417 1734 3474 corporeo,
1760 3404 1840 3460 ita
1872 3416 1994 3461 non
2034 3404 2277 3476 requirit
2319 3404 2593 3463 meritum

156 3477 226 3534 in
257 3476 554 3533 voluntate
571 3476 642 3533 ad
675 3475 924 3548 gratiam
943 3488 1054 3532 con
1066 3475 1385 3541 ferendam,
1409 3474 1548 3544 quia
1575 3473 1703 3530 sine
1730 3473 1955 3530 meritis
1976 3474 2165 3542 datur,
2192 3478 2258 3530 ut
2280 3480 2592 3534 ostensum

158 3554 260 3605 est
285 3547 357 3619 (c.
393 3547 535 3618 149).
573 3549 724 3620 Ergo
758 3546 1004 3617 gratiam
1031 3550 1262 3619 gratum
1293 3543 1626 3611 facientem,
1654 3558 1759 3615 per
1785 3557 1963 3616 quam
2005 3550 2246 3616 peccata
2280 3545 2593 3616 tolluntur,

159 3620 327 3675 Deus
357 3618 532 3675 alicui
559 3618 829 3675 conferre
856 3623 1073 3689 potest,
1115 3616 1293 3673 etiam
1344 3620 1664 3687 postquam
1718 3627 1757 3672 a
1799 3615 1989 3687 gratia
2038 3613 2247 3673 cecidit
2299 3628 2406 3687 per
2457 3628 2592 3687 pec-

158 3695 385 3747 catum.

234 3760 511 3829 Amplius.
548 3773 622 3816 ea
661 3758 794 3817 sola
826 3757 1007 3816 homo
1038 3770 1384 3827 recuperare
1426 3756 1652 3814 amissa
1690 3769 1813 3814 non
1841 3758 2036 3828 potest
2063 3769 2193 3828 quae
2221 3768 2327 3827 per
2396 3767 2595 3812 enera-

155 3830 386 3888 tionem
416 3829 470 3886 ei
501 3829 839 3899 adveniunt,
873 3828 1026 3886 sicut
1050 3829 1348 3899 potentias
1378 3828 1682 3885 naturales
1710 3831 1767 3883 et
1812 3826 2097 3894 membra,
2128 3839 2199 3883 eo
2228 3838 2347 3896 quo
2412 3824 2591 3881 homo

156 3913 289 3959 non
311 3908 507 3970 potest
535 3901 746 3965 iterum
775 3898 1066 3972 generari.
1090 3896 1381 3956 Auxilium
1422 3903 1620 3954 autem
1642 3897 1843 3978 gratiae
1873 3897 2043 3954 datur
2068 3895 2315 3977 homini,
2340 3908 2458 3951 non
2491 3909 2594 3965 per

155 3972 634 4044 generationem,
667 3970 770 4026 sed
803 3976 1115 4041 postquam
1139 3968 1262 4040 jam
1290 3972 1398 4024 est.
1427 3970 1629 4025 Potest
1656 3982 1676 4024 1
1724 3968 1853 4034 'tur‚
1883 3973 2017 4037 post
2047 3979 2429 4024 amissionem
2459 3978 2591 4038 gra-

152 4041 263 4099 tiae
291 4056 394 4110 per
423 4039 990 4110 peccatumriterum
1022 4038 1278 4111 reparari
1308 4037 1381 4095 ad
1412 4044 1655 4109 peccata
1722 4038 1949 4095 alenda.

233 4113 388 4171 Item,
423 4110 611 4182 gralia
652 4115 743 4166 est
790 4110 1061 4182 quaedam
1104 4108 1427 4166 habitualis
1460 4108 1769 4178 dispositio
1799 4108 1857 4163 in
1909 4108 2127 4178 anima,
2172 4115 2237 4165 ut
2281 4111 2590 4164 ostensum

157 4187 263 4240 est
290 4181 364 4251 (c.
401 4180 542 4249 150).
573 4180 683 4236 Sed
709 4179 945 4237 habitus
967 4179 1237 4251 acquisiti
1267 4192 1370 4248 per
1400 4185 1591 4247 actim,
1623 4178 1676 4235 si
1704 4178 2067 4247 amittantur,
2097 4182 2353 4250 possunt
2378 4177 2591 4256 iterum

159 4250 462 4322 reacquiri
493 4264 595 4319 per
631 4254 799 4307 actus
844 4264 950 4321 per
993 4264 1149 4321 quos
1177 4248 1451 4320 acquisiti
1498 4254 1663 4307 sunt.
1714 4250 1895 4305 Multo
1939 4248 2121 4322 igitur
2166 4247 2358 4320 magis
2405 4251 2593 4319 gratia

161 4324 292 4380 neo
325 4321 704 4392 coujungens
738 4325 797 4377 et
839 4334 879 4379 a
920 4327 1165 4392 peccato
1213 4319 1494 4387 liberans,
1544 4319 1599 4377 si
1645 4318 1967 4387 amittatur,
2014 4318 2211 4376 divina
2251 4318 2592 4388 operatione

162 4406 234 4450 re
277 4391 431 4449 arari
502 4396 677 4447 otest.

235 4405 525 4524 ‘ev-aeter&
556 4461 617 4517 in
644 4460 925 4532 operibus
955 4460 1058 4517 Dei
1083 4473 1205 4520 non
1234 4464 1328 4518 est
1353 4458 1579 4533 aliquid
1620 4458 1860 4525 frustra,
1893 4457 2047 4515 sicut
2072 4470 2184 4514 nec
2224 4458 2284 4513 in
2314 4455 2595 4526 operibus
