3076 5025
369 182 521 238 xxvl
873 180 1079 236 BERN.
1117 179 1353 235 MARIAE
1391 178 1482 233 DE
1516 176 1769 232 RUBEIS
1809 175 2281 233 DISSERTATIO.

370 328 656 409 tyrannis
682 346 812 389 non
844 329 1091 389 desunt.
1127 326 1208 388 Ei·
1227 326 1420 388 etiam
1450 342 1582 386 non
1611 324 1806 403 aliqui
1835 322 2146 402 sapientes
2173 325 2238 385 in
2269 324 2453 387 rebus
2481 325 2705 387 divinis
2733 331 2800 388 et

374 428 453 489 de
485 427 706 487 divinis
732 432 799 487 et
822 423 1117 487 humanis
1144 422 1467 485 exercitati
1515 439 1554 483 a
1592 420 1901 500 principio
1932 422 2338 483 crediderunt
2356 443 2373 498 3
2406 421 2514 482 sed
2542 421 2831 483 homines·

377 522 660 597 besuam,
691 523 757 583 in
786 521 1044 582 desertis
1074 526 1419 594 moranteS,
1450 518 1657 579 omnis
1686 518 1992 579 doctrinae
2015 517 2241 580 divinae
2271 535 2524 596 prorsus
2569 518 2798 596 ignari,

374 636 490 698 per
517 635 793 697 quornm
836 616 1311 679 multitudinem
1351 615 1529 691 alios,
1559 633 1861 675 armorum
1909 614 2206 690 violentia,
2257 614 2323 676 in
2369 632 2545 676 suam
2591 615 2799 695 legem

377 717 605 794 coegit.
637 716 821 776 Nulla
843 715 1035 775 etiam
1054 711 1254 792 divina
1281 711 1524 772 oracula
1555 710 2049 789 praecedentium
2072 711 2526 789 prophetarum
2549 712 2605 772 ei
2629 711 2803 772 testi-

377 811 666 872 monium
716 807 1069 886 perhibent,
1098 809 1254 887 quin
1285 808 1496 886 potius
1523 807 1705 885 quasi
1736 808 1950 870 omnia
1993 807 2237 869 Veteris
2278 812 2344 869 et
2386 808 2538 868 Novi
2583 808 2802 869 Testa-

378 907 575 969 menti
606 907 989 968 documenta
1031 904 1303 985 fabulosa
1346 906 1691 965 narratione
1738 906 2058 982 depravat,
2104 908 2177 965 ut
2213 909 2387 981 patet
2427 903 2566 982 ejus
2590 904 2802 983 legem

377 1002 758 1081 inspicienti.
792 1003 969 1067 Unde
995 1011 1190 1063 astuto
1215 1001 1451 1063 consilio
1481 1000 1675 1063 libros
1701 1001 1942 1062 Veteris
1969 1006 2034 1062 et
2073 1000 2224 1061 Novi
2253 1000 2638 1062 Testamenti
2671 999 2803 1060 suis

377 1099 750 1178 sequacibus
786 1117 917 1161 non
962 1097 1218 1175 reliquit
1265 1097 1586 1179 legendos,
1619 1114 1699 1158 ne
1746 1115 1858 1175 per
1886 1113 1995 1158 eos
2021 1096 2310 1158 falsitatis
2341 1101 2799 1175 argueretur».

381 1196 581 1274 Opera
610 1196 884 1276 perlege,
911 1212 1056 1273 quae
1085 1197 1307 1255 contra
1342 1193 1728 1254 Alcoranum
1769 1193 2066 1271 plurima,
2108 1208 2185 1254 ac
2228 1192 2598 1255 solidissima
2646 1208 2798 1269 pro-

384 1293 554 1355 diere
586 1312 603 1354 ε
635 1311 780 1370 quae
808 1293 919 1354 viri
950 1289 1294 1353 doctissimi
1323 1291 1537 1368 amplo
1568 1297 1818 1352 versant
1847 1296 2121 1352 tractatu
2151 1294 2547 1367 argumenta,
2567 1289 2647 1349 ad
2660 1287 2805 1349 haec

380 1386 460 1449 ab
489 1387 800 1466 Aquinate
833 1388 1149 1465 proposita
1177 1388 1385 1465 capita
1414 1388 1613 1467 redigi
1637 1388 1853 1450 omnia
1880 1389 2135 1466 proprio
2163 1387 2595 1465 experimento
2643 1403 2801 1447 con-

381 1484 595 1546 stabit.

458 1582 603 1642 Pari
633 1581 1009 1643 convellitur
1034 1581 1355 1644 rationum
1391 1581 1604 1660 vigore
1651 1581 1873 1662 religio
1915 1585 2030 1643 aut
2073 1580 2432 1659 superstitio
2478 1578 2800 1642 Gentium.

381 1678 540 1739 Tota
564 1678 855 1738 innititur
890 1677 1147 1740 incertis
1190 1683 1255 1740 et
1300 1677 1628 1739 fallacibus
1675 1678 2008 1740 hominum
2037 1677 2501 1752 traditionibus,
2532 1693 2689 1754 quas
2722 1674 2805 1736 ab

380 1773 761 1853 ignorantia,
782 1780 895 1834 ant
911 1791 1149 1851 errore,
1172 1780 1285 1836 aut
1314 1792 1501 1853 prava
1530 1775 1865 1838 affectione
1891 1775 2109 1848 ani'mi,
2133 1781 2248 1835 ant
2276 1775 2496 1836 fraude
2525 1774 2805 1850 doloque

381 1870 689 1943 invectas,
723 1868 970 1946 probari
994 1876 1061 1933 et
1078 1871 1280 1934 evinci
1306 1876 1535 1949 potest.
1566 1872 1731 1933 vitia
1762 1871 2136 1950 probantur,
2167 1888 2244 1934 ac
2278 1869 2702 1947 turpitudines
2735 1868 2807 1929 in

385 1966 717 2044 disciplina
749 1982 1037 2040 mornm;
1069 1970 1420 2047 eademque
1469 1969 1566 2031 vel
1603 1969 1752 2046 ipsis
1789 1968 2152 2030 hominibus
2182 1961 2455 2047 'indigna
2482 1969 2615 2029 Deo
2652 1965 2806 2028 diis-

385 2081 510 2142 que
550 2063 1007 2125 attribuuntur.
1034 2066 1305 2127 Numina
1332 2083 1626 2143 suprema
1654 2067 1854 2144 plura,
1879 2071 2071 2144 atque
2091 2065 2258 2126 inter
2276 2066 2615 2126 seadversa
2646 2063 2808 2125 mul-

383 2159 792 2237 tiplicantur;
843 2177 918 2221 ac
968 2160 1216 2223 debitus
1266 2162 1375 2222 uni
1415 2164 1547 2225 Deo
1590 2163 1799 2223 cultus
1841 2162 2220 2224 transfertur
2262 2161 2329 2222 in
2378 2161 2688 2235 homines,
2737 2160 2805 2221 in

384 2257 612 2331 sidera,
637 2258 699 2318 in
731 2257 1069 2334 elementa,
1098 2259 1164 2320 in
1191 2260 1337 2321 vilia
1360 2266 1606 2322 naturae
1637 2265 1703 2321 et
1743 2260 2076 2321 hominum
2122 2276 2337 2337 opera.
2385 2259 2603 2336 Deque
2644 2259 2801 2331 Dec,

386 2354 649 2433 ejusque
677 2355 1018 2431 attributis,
1065 2356 1116 2417 si
1145 2374 1289 2434 quae
1330 2360 1643 2431 veritates,
1692 2356 2011 2418 erroribus
2038 2355 2449 2434 putidissimis
2494 2354 2802 2417 immixtas

385 2459 853 2531 proponuntur.
885 2453 1148 2516 Summa
1175 2452 1442 2533 hujusce
1472 2455 1562 2516 rei
1592 2454 1799 2532 capita
1831 2453 2052 2526 innuo,
2085 2470 2229 2532 quae
2261 2452 2396 2530 ipse
2432 2451 2709 2515 Thomas
2737 2451 2806 2512 in

386 2550 616 2627 operis,
639 2567 766 2628 quo
813 2549 890 2611 de
919 2550 1189 2630 agimus,
1235 2550 1503 2612 decursu
1548 2549 1801 2611 uberius
1843 2554 2218 2627 pertractat;
2254 2549 2630 2627 eademque,
2671 2565 2806 2610 non

384 2646 531 2719 alia,
552 2645 1016 2721 amplificarunt
1035 2646 1164 2708 alii.

459 2741 537 2803 V.
570 2742 861 2819 Mystes-ia
889 2742 1032 2803 fidei
1061 2742 1417 2805 christianae
1459 2760 1740 2823 pugnare
1782 2747 2004 2806 contra
2052 2742 2360 2805 rationem
2408 2744 2808 2805 contendunt

383 2843 706 2917 postremo
754 2836 1070 2914 religionis
1098 2839 1385 2899 revelatoe
1408 2838 1643 2911 hostes,
1694 2839 1953 2901 minime
1998 2838 2221 2900 abnuit
2264 2841 2488 2902 Petrus
2523 2840 2801 2919 Baylius.

383 2934 657 3009 impium
687 2933 940 2993 illorum
964 2932 1302 2995 consilium
1328 2939 1445 3008 est,
1477 2942 1550 2994 ut
1582 2933 1875 3013 mysteria
1888 2920 2063 3010 ildei,
2085 2935 2249 2997 sicut
2272 2936 2498 2998 rationi
2516 2938 2802 3011 adversa,

383 3032 471 3093 ita
503 3037 803 3107 tanquam
833 3028 984 3089 falsa
1010 3035 1076 3089 et
1093 3030 1530 3091 commentitia
1561 3031 1872 3108 rejiciant.
1897 3032 1984 3092 Ea
2002 3037 2215 3094 mente
2241 3034 2502 3094 rationis
2522 3051 2805 3113 pugnam

385 3143 532 3189 cum
554 3127 683 3188 tide
710 3125 1046 3187 admittere
1072 3143 1137 3188 se
1167 3129 1500 3204 profitetur
1527 3128 1801 3206 Baylius,
1836 3134 1906 3189 ut
1932 3129 2128 3205 ipsius
2153 3130 2295 3191 fidei
2328 3130 2686 3206 triumphos
2724 3132 2805 3192 de

385 3230 693 3303 prostrata
733 3221 974 3284 ratione
1018 3230 1226 3284 canat.
1278 3225 1453 3285 Hanc
1493 3225 1677 3285 illum
1724 3225 2048 3287 simulasse
2096 3226 2396 3304 pietatem
2443 3227 2806 3307 gravissima

383 3321 655 3397 susa-ipio
684 3325 804 3393 est,
834 3335 910 3380 ac
950 3319 1107 3382 illud
1137 3321 1329 3382 etiam
1360 3321 1627 3400 impium
1658 3323 1771 3400 ipsi
1804 3322 2138 3385 consilium
2169 3323 2487 3399 insedisse,
2532 3330 2602 3384 ut
2627 3324 2802 3397 fidei,

383 3436 574 3495 quam
598 3417 681 3477 ait
711 3416 935 3476 rationi
964 3414 1263 3480 obsistere
1292 3434 1421 3479 non
1452 3419 1681 3494 valere,
1708 3422 2054 3479 vanitatem
2083 3418 2451 3482 obtruderet
2491 3419 2651 3483 nibil
2672 3421 2800 3482 tale

383 3511 825 3591 cogitantibus.

458 3612 805 3689 Utramque
834 3626 1109 3693 pugnam
1137 3610 1547 3672 validisssime
1577 3609 1878 3690 pugnavit
1903 3615 2160 3673 sanctus
2194 3612 2468 3675 Thomas
2494 3612 2797 3691 Aquinas.
2857 3675 2864 3682 ,

380 3712 607 3772 Contra
627 3711 910 3789 Buylium
930 3714 1047 3784 est,
1068 3727 1214 3787 quae
1233 3711 1601 3782 constituta,
1623 3709 1829 3787 capite
1848 3726 1959 3784 v11,
1982 3709 2175 3771 thesis
2196 3711 2425 3790 legitur
2449 3710 2547 3771 his
2564 3709 2803 3772 verbis:

385 3806 721 3878 «Quamvis
743 3807 1040 3888 praedicta
1057 3807 1286 3867 veritas
1309 3808 1451 3868 fidei
1482 3807 1839 3869 christianae
1859 3807 2274 3885 capacitatem
2296 3807 2593 3868 humanm
2618 3806 2808 3869 ratio-

376 3902 475 3964 nis
496 3903 778 3973 excedat,
807 3902 946 3966 haec
972 3908 1187 3964 tamen
1213 3919 1357 3979 quae
1389 3903 1550 3964 ratio
1583 3904 1956 3965 naturaliter
1981 3903 2182 3965 indita
2220 3903 2414 3965 habet
2440 3902 2590 3963 huic
2632 3903 2804 3965 veri·

375 3999 492 4061 tati
520 3997 689 4075 (tidei
717 3998 1103 4080 christianoe)
1131 4000 1446 4060 contraria
1475 4017 1610 4061 esse
1641 4017 1768 4061 non
1800 4007 2132 4079 possunt».
2160 4001 2486 4061 Naturales
2505 4000 2806 4062 veritates

374 4093 681 4173 intellige,
712 4112 870 4172 quas
897 4112 1075 4158 mens
1103 4101 1311 4160 creata
1342 4098 1668 4175 cognoscit
1697 4096 1936 4158 lumine
1966 4114 2041 4158 ex
2071 4096 2149 4158 iis
2177 4096 2428 4171 hausto,
2458 4112 2606 4174 quae
2635 4097 2811 4161 facta

374 4196 547 4265 sunt,
576 4190 704 4250 sive
726 4208 802 4251 ex
832 4194 1166 4256 reflexione
1212 4192 1531 4271 suiipsius,
1579 4194 1704 4255 sive
1733 4211 1810 4255 ex
1852 4210 2063 4255 rerum
2108 4192 2494 4254 sensibilium
2533 4209 2809 4272 percep-

374 4285 573 4351 tione.
601 4288 780 4366 Aliae,
808 4305 953 4367 quae
971 4288 1233 4353 vocibus
1252 4290 1374 4353 rite
1399 4290 1695 4368 expositis
1721 4289 2020 4352 intimum
2049 4305 2126 4351 ac
2143 4289 2587 4352 immediatum
2614 4288 2805 4352 exhi-
