3076 5025
487 316 592 375 {⁵2
1385 309 1520 367 ΗΒ.
1558 311 1632 379 11,
1672 309 1824 366 CAP.
1861 309 2021 368 x1.11.

486 436 740 496 rentiam
786 434 930 494 boni
976 439 1036 493 et
1081 432 1223 493 mali
1252 431 1318 491 in
1358 432 1538 492 rebus
1580 431 1881 489 inventam
1928 430 2209 502 ponenda
2244 429 2542 502 principia
2583 431 2841 491 contraria.
2937 440 2940 503 1

555 507 832 577 Amplius,
863 504 1024 586 quod
1068 502 1316 564 omnino
1369 516 1494 563 non
1528 507 1643 571 est,
1694 515 1808 559 nec
1861 502 2108 570 bonum,
2156 514 2269 559 nec
2309 501 2535 559 malum
2578 506 2666 558 est
2689 518 2703 569 ;
2726 502 2843 573 quod
2937 508 2939 565 ζ

487 583 688 638 autem
733 580 848 646 est,
875 588 938 633 in
968 579 1257 649 quantum
1302 580 1416 643 est,
1445 572 1671 632 bonum
1698 577 1810 641 est,
1839 577 1907 629 ut
1947 576 2260 631 ostensum
2307 577 2420 629 est.
2451 574 2689 641 Oportet
2709 572 2843 643 igitur

486 647 713 707 malum
731 659 868 705 esso
890 645 1137 719 aliquid,
1162 644 1227 702 in
1244 649 1531 717 quantum
1561 648 1799 701 estnon
1819 655 1951 700 ens,
1975 644 2097 700 Hoc
2114 647 2314 700 autem
2337 647 2431 700 est
2454 655 2563 700 ens
2586 642 2843 713 privatum.

487 718 705 778 Malum
731 716 936 791 igitur,
969 714 1036 774 in
1104 718 1349 773 uantum
1370 712 1737 786 hujusmodi,
1762 718 1856 771 est
1887 724 1997 770 ens
2024 712 2338 784 privatum,
2369 717 2429 770 et
2451 712 2649 783 ipsum
2676 711 2843 769 malim

487 792 585 848 est
614 788 747 860 ipsa
779 786 1050 859 privatio.
1132 784 1345 843 rivatio
1363 792 1562 844 autem
1591 795 1715 842 non
1742 782 1922 841 hahet
1948 796 2194 841 causam
2223 796 2329 854 pei·
2343 796 2414 840 se
2442 788 2729 855 agentem,
2782 780 2849 841 nii

489 871 670 918 omne
698 870 888 930 agens
923 855 1047 929 agit
1071 855 1138 914 in
1166 859 1455 928 quantum
1505 854 1682 913 habet
1732 853 2013 922 formam
2044 858 2103 911 et
2130 854 2222 912 sic
2249 866 2289 934 ⁰.
2329 858 2486 935 ortet
2512 867 2617 934 per
2643 866 2705 932 se
2727 797 2849 933 effim—

490 934 615 988 tum
646 927 881 999 agentis
927 939 1064 986 esse
1092 925 1320 984 liabens
1367 926 1645 995 formam,
1673 936 1812 982 cum
1861 937 2048 996 agens
2074 937 2109 981 a
2153 928 2214 981 at
2240 937 2293 982 si
2338 938 2356 980 ι
2398 924 2622 991 simile,
2650 936 2755 980 nisi
2779 934 2847 993 pei

491 997 791 1058 accidens.
824 995 1199 1070 Relinquitur
1226 996 1411 1069 igitur
1435 996 1595 1069 quod
1623 995 1848 1053 malum
1881 1006 2003 1051 non
2033 993 2072 1051 h
2190 998 2211 1051 t
2238 1006 2485 1052 causam
2514 1007 2624 1065 per
2643 1007 2706 1051 se
2728 1005 2852 1065 agei·

489 1075 634 1138 tem,
663 1068 771 1126 sed
816 1066 1029 1125 incidit
1046 1080 1152 1139 per
1177 1065 1458 1125 accidens
1490 1066 1554 1124 in
1603 1063 1917 1123 effectibus
1960 1077 2278 1123 causarum
2333 1078 2439 1135 per
2465 1078 2532 1123 se
2582 1065 2851 1137 agentium.

492 1141 626 1196 Non
655 1142 749 1197 est
776 1137 961 1211 igitur
983 1150 1169 1195 unum
1195 1136 1475 1211 primum,
1493 1142 1553 1194 et
1572 1149 1680 1208 per
1697 1148 1762 1194 se
1791 1134 2086 1193 malorum
2113 1133 2495 1206 principium,
2516 1135 2627 1193 sed
2654 1134 2853 1205 primm

493 1209 762 1267 omnium
809 1207 1170 1280 principium
1198 1212 1292 1266 est
1316 1220 1504 1266 unum
1543 1207 1803 1278 primum
1845 1205 2094 1275 bonum,
2124 1205 2188 1261 in
2216 1204 2390 1276 cujus
2418 1203 2728 1263 effectibus
2746 1216 2849 1261 coa·

493 1294 560 1338 se
604 1278 768 1338 uitur
789 1277 1012 1337 malum
1040 1290 1148 1350 per
1173 1277 1475 1337 accidens,
2518 1280 2519 1283 ’

612 1350 710 1407 inc
739 1353 834 1407 est
856 1347 1020 1422 quod
1065 1348 1257 1417 lsaiae,
1273 1359 1411 1416 xm,
1439 1351 1497 1417 6,
1521 1351 1581 1415 7,
1611 1346 1830 1405 dicitur
1854 1363 1871 1403 ε
1901 1348 2018 1416 Eoo
2042 1349 2322 1410 Dominus,
2346 1350 2400 1402 et
2424 1360 2536 1402 non
2565 1346 2703 1402 alter
2726 1347 2856 1413 Deus,

489 1422 736 1487 formans
757 1419 927 1475 &icem
949 1422 1003 1475 et
1026 1432 1215 1475 croam
1241 1419 1519 1484 tenebram
1544 1419 1755 1484 taciens
1765 1432 1976 1487 pacem,
2000 1421 2053 1472 et
2068 1431 2259 1473 ercam
2280 1417 2639 1486 malian.qu
2654 1418 2857 1472 Domina

489 1492 701 1558 taciens
727 1489 857 1546 haec.
871 1492 939 1546 Et
957 1487 1111 1547 Eccli
1121 1530 1135 1545 .
1187 1500 1273 1557 11,
1300 1492 1385 1557 14,
1417 1505 1431 1544 τ
1457 1490 1672 1544 Bonaet
1686 1488 1854 1551 mala,
1873 1489 2057 1543 vitaet
2077 1501 2242 1549 mors,
2264 1491 2569 1557 paupertas
2590 1490 2643 1542 et
2666 1487 2857 1541 horim

490 1576 528 1614 a
552 1563 662 1617 Deo
687 1564 835 1615 sunt.
861 1561 928 1615 Et
951 1558 1013 1615 in
1043 1531 1273 1626 eodem,
1297 1569 1510 1623 xxxm,
1545 1562 1610 1615 15
1639 1576 1653 1614 ε
1677 1558 1879 1615 Contra
1919 1557 2123 1613 malum
2167 1557 2361 1613 bonum
2403 1561 2483 1612 est
2510 1574 2528 1610 .·
2550 1560 2636 1612 sic
2658 1559 2860 1611 etcum

488 1632 672 1685 viv-iim
691 1630 905 1755 §w
917 1632 1167 1700 peccator
1176 1647 1197 1696 ς
1229 1632 1282 1684 et
1303 1630 1383 1685 sic
1409 1631 1621 1685 intuere
1644 1630 1706 1683 in
1733 1630 1918 1684 omnia
1937 1642 2101 1699 opera
2113 1628 2409 1691 Altissimi,
2438 1627 2549 1683 duo
2576 1626 2856 1685 conti-adu,

491 1715 664 1755 unum
689 1714 719 1755 G
842 1715 880 1753 a
903 1715 1092 1756 unum.

561 1768 791 1827 Dicitur
816 1772 1014 1827 autem
1044 1771 1201 1828 Deus
1247 1770 1441 1828 facere
1472 1769 1651 1839 mala,
1680 1768 1774 1826 vel
1803 1782 2025 1838 creare,
2055 1767 2119 1824 in
2145 1772 2436 1841 quantum
2463 1772 2637 1826 creat
2661 1781 2746 1836 ca,
2771 1778 2863 1838 qun

491 1839 824 1897 secundum
853 1852 920 1896 sa
949 1839 1106 1897 hona
1124 1845 1263 1897 sunt
1314 1844 1585 1898 ettamen
1609 1839 1750 1899 aliis
1773 1844 1916 1898 sunt
1943 1838 2190 1908 nociva;
2220 1838 2380 1897 sicut
2404 1838 2611 1910 lupus,
2645 1834 2865 1910 quamvis

492 1909 557 1990 in
586 1922 699 1990 sua
726 1909 923 1991 specie
952 1909 1248 1991 quoddam
1269 1882 1501 1969 bonum
1531 1914 1759 1992 naturai
1787 1909 1890 1978 sit,
1918 1912 2117 1989 tamen
2145 1908 2241 1966 ovi
2271 1913 2364 1967 est
2390 1909 2595 1990 maliis
2625 1926 2641 1964 ε
2672 1913 2729 1965 et
2748 1904 2865 1964 simi·

492 1979 630 2038 liter
660 1993 822 2052 ignis
851 1993 1040 2052 aquae,
1061 1994 1125 2037 in
1143 1986 1432 2061 quantum
1455 1985 1549 2039 est
1575 1994 1708 2053 ejus
1734 1984 2110 2051 corruptivus
2140 1983 2235 2035 :et
2294 1992 2359 2036 er
2374 1978 2644 2037 similem
2671 1975 2867 2035 modum

492 2054 585 2108 est
616 2063 803 2108 causa
840 2050 1134 2108 malorum
1161 2063 1225 2108 in
1248 2050 1530 2109 omnibus
1554 2064 1688 2124 quae
1707 2063 1898 2121 poenae
1926 2048 2224 2107 dicuutur.
2309 2049 2423 2105 nde
2451 2048 2680 2107 dicitur
2702 2052 2859 2111 Amos,

489 2132 579 2190 111,
606 2123 639 2177 6
666 2138 681 2177 :
711 2119 777 2177 Si
793 2124 871 2176 est
909 2124 1114 2177 matum
1135 2123 1199 2177 in
1221 2122 1441 2177 civitate
1485 2120 1633 2192 quod
1654 2123 1797 2178 Deus
1821 2135 1931 2176 non
1951 2122 2158 2187 fecerit.
2190 2121 2258 2176 Et
2294 2119 2411 2177 hoc
2439 2124 2533 2177 est
2588 2117 2747 2192 quod
2770 2118 2866 2175 Gre-

530 2190 699 2249 orius
744 2189 918 2248 dicit:
957 2211 987 2242 «
1017 2191 1203 2249 Etiam
1251 2191 1411 2249 mala
1438 2205 1571 2263 quae
1604 2191 1772 2249 nulla
1801 2204 1916 2249 sua
1942 2194 2155 2247 natura
2181 2188 2542 2258 subsistunt,
2576 2192 2870 2262 creantur:

541 2261 768 2319 omino.
804 2260 915 2319 Sed
946 2274 1147 2319 creare
1198 2260 1356 2319 mala
1400 2260 1638 2330 dicitur,
1668 2274 1804 2321 cum
1850 2272 1948 2319 res
1990 2259 2052 2317 in
2100 2273 2168 2318 se
2205 2258 2401 2318 bonas
2444 2265 2688 2318 creatas
2734 2250 2865 2315 nobis

488 2331 648 2390 male
676 2330 993 2404 agentibus
1022 2330 1086 2389 in
1109 2330 1413 2402 flagellum
1443 2331 1661 2389 format
1697 2351 1751 2389 n.

560 2404 673 2460 Per
697 2402 814 2460 hoc
840 2407 1039 2460 autem
1066 2401 1399 2460 excluditur
1424 2414 1591 2460 error
1613 2401 1959 2473 ponentium
2008 2402 2202 2475 prima
2245 2400 2543 2474 principia
2586 2398 2863 2477 conti-arii.

487 2471 595 2546 qui
622 2483 790 2531 error
815 2472 1008 2545 primo
1036 2470 1260 2544 incepit
1288 2472 1362 2531 ab
1390 2472 1763 2544 Empedocle.
1796 2471 2003 2531 Posuit
2029 2474 2189 2531 enim
2218 2472 2339 2531 duo
2383 2471 2581 2544 prima
2616 2469 2869 2544 principii

489 2543 748 2625 agentia,
795 2543 1120 2602 amicitiam
1150 2548 1211 2601 et
1235 2543 1399 2601 litem
1429 2561 1444 2599 :
1475 2557 1730 2616 quorum
1755 2543 2079 2602 amicitiam
2107 2543 2257 2601 dixit
2283 2556 2420 2602 esse
2443 2555 2697 2601 causam
2721 2552 2865 2622 geue·

490 2614 765 2680 rationis,
792 2614 956 2672 litem
1001 2627 1143 2673 vero
1188 2627 1361 2671 corru
1405 2613 1612 2673 tionis.
1635 2616 1717 2671 Ex
1744 2627 1866 2687 quo
1908 2613 2160 2683 videtur,
2187 2617 2254 2671 ut
2273 2610 2634 2671 Aristoteles
2676 2610 2869 2668 dicitu

489 2684 684 2755 primo
728 2686 994 2755 Metapa..
1026 2684 1153 2743 liaec
1200 2684 1342 2750 duo,
1414 2697 1597 2742 onum
1636 2689 1693 2742 et
1738 2684 1982 2751 malum,
2037 2685 2226 2756 prima
2270 2683 2572 2756 principia
2611 2677 2869 2740 contrarii

485 2754 790 2825 posuisse.
818 2755 1023 2813 Posuit
1050 2758 1249 2812 autem
1276 2754 1645 2828 Pythagoras
1674 2754 1794 2812 duo
1831 2754 2019 2826 princi
2066 2755 2144 2824 ia,
2174 2753 2398 2812 bonum
2428 2759 2485 2810 et
2528 2753 2774 2817 malum,
2793 2745 2870 2807 aad

488 2836 614 2906 non
651 2838 760 2906 per
800 2825 1043 2883 modum
1104 2823 1535 2896 principiorum
1577 2825 1904 2899 agentium,
1949 2837 2015 2882 se
2099 2838 2201 2896 per
2258 2824 2505 2882 modum
2564 2820 2867 2898 formalium

487 2908 940 2965 principiorum.
969 2894 1228 2952 Ponehat
1280 2895 1440 2952 enim
1500 2895 1628 2953 haec
1674 2896 1795 2954 duo
1837 2908 1975 2953 esse
2054 2908 2254 2963 enera,
2284 2895 2399 2953 sub
2439 2893 2675 2967 quibus
2716 2899 2875 2950 omnin

488 2964 609 3022 alia
635 2964 1295 3047 comprehenderentur,
1322 2969 1389 3023 ut
1413 2969 1576 3037 patet
1596 2979 1702 3047 per
1745 2908 2174 3037 Philosopffium
2203 2965 2268 3021 in
2295 2965 2491 3036 primo
2507 2964 2765 3046 ‘neti-nili.

561 3036 919 3114 Hos—autem
979 3039 1536 3107 antiquissimorum
1626 3036 2079 3107 liilosopliorum
2118 3047 2374 3104 errores,
2418 3048 2522 3106 qui
2578 3040 2757 3092 etiam
2790 3040 2867 3103 per

487 3108 854 3231 Bostariores
882 3104 1276 3177 philosophos
1305 3111 1448 3163 sunt
1460 3120 1530 3164 su
1605 3106 1831 3164 cienter
1847 3105 2100 3168 exclusi.
2129 3105 2374 3178 quidam
2397 3104 2674 3176 perversi
2699 3110 2866 3161 sensns

532 3174 769 3256 omines
799 3174 1083 3257 doctrinae
1109 3174 1453 3258 christianin
1481 3176 1805 3257 adjungere
1832 3181 2363 3257 praesumpserunt,
2392 3187 2660 3256 quorum
2690 3172 2871 3255 prunus

481 3244 605 3373 ¹{luit
647 3246 932 3315 Marcion,
975 3259 1013 3302 a
1057 3258 1179 3317 quo
1221 3247 1589 3305 Marcionitae
1614 3252 1760 3306 sunt
1794 3246 1958 3316 dicti,
1997 3246 2100 3319 qui
2138 3245 2252 3303 suh
2297 3258 2546 3303 nomine
2584 3245 2871 3318 christiam!

530 3316 766 3374 aeresim
821 3315 1107 3387 condidit,
1136 3315 1417 3389 opinatus
1466 3315 1589 3375 duo
1633 3316 1750 3375 sibi
1796 3315 2046 3375 adversa
2098 3314 2429 3388 principia3
2485 3327 2673 3388 quem
2725 3313 2877 3392 secun

486 3384 1062 3518 ἓᾳὲιᾱοοιᾶῗιιίαηί,
1106 3391 1165 3446 et
1206 3386 1590 3460 postmodum
1615 3385 1947 3459 Manichaei,
1989 3385 2094 3461 qui
2141 3386 2302 3446 hunc
2346 3398 2619 3446 errorem
2660 3389 2874 3444 inaximo

1439 3664 1695 3732 CAPUT
1772 3666 1953 3733 XLII.

691 3846 845 3902 QUOD
877 3846 1069 3895 musa
1099 3846 1285 3895 Dm
1315 3845 1737 3896 msrmcnoms
1771 3846 1975 3895 mun
2007 3845 2128 3896 NON
2165 3844 2277 3894 1381·
2305 3843 2698 3895 emmonim

1440 3934 1747 3984 aunuum
1779 3934 1953 3982 Olmo-

552 4092 632 4148 Ex
660 4088 888 4159 eisdem
929 4090 1110 4151 etiam
1155 4090 1396 4151 ostendi
1439 4094 1636 4163 potest
1676 4089 1839 4163 quod
1866 4102 2067 4148 rerum
2111 4088 2423 4148 distinctio
2465 4100 2587 4147 non
2620 4086 2875 4146 causatur

480 4174 556 4219 ex
577 4159 789 4219 ordine
835 4161 1236 4220 secundorum
1278 4162 1605 4235 agentium,
1637 4162 1796 4219 sicut
1836 4160 2078 4233 quidam
2124 4159 2324 4219 dicere
2364 4158 2688 4218 voluerunt
2738 4150 2872 4238 quod

479 4233 663 4299 DeuS,
708 4242 846 4288 cum
891 4231 972 4289 sit
1013 4244 1172 4290 unus
1216 4236 1277 4290 et
1311 4231 1587 4304 simplex,
1632 4231 1776 4289 facit
1816 4236 2049 4289 tantum
2095 4243 2284 4289 unum
2331 4228 2630 4297 effectum,
2656 4241 2754 4301 qui
2799 4225 2870 4301 ee!

481 4300 823 4360 substantia
868 4300 1064 4372 primo
1103 4308 1342 4374 creata3
1372 4316 1526 4376 quae,
1577 4302 1720 4375 quia
1747 4300 2114 4373 simplicitati
2144 4301 2351 4373 primae
2377 4313 2574 4359 causae
2598 4298 2867 4373 adaequan

475 4367 602 4430 hon
649 4373 847 4442 potest
890 4383 1028 4429 cum
1067 4384 1191 4430 non
1236 4372 1319 4431 sit
1361 4378 1533 4432 actus
1570 4385 1780 4454 purus,
1829 4371 1935 4431 sed
1980 4372 2197 4431 habeat
2234 4371 2461 4445 aliquid
2510 4370 2581 4428 de
2629 4370 2864 4448 potentia

477 4441 827 4517 admixtum,
848 4410 1033 4504 habet
1058 4442 1320 4517 aliquam
1342 4442 1863 4517 multiplicitatem,
1895 4448 1961 4503 ut
1980 4455 2053 4505 ex
2083 4457 2156 4503 ea
2177 4442 2314 4506 ideo
2341 4441 2654 4518 pluralitas
2687 4439 2861 4509 aliqua
