3076 5025
1173 343 1308 403 Lm.
1344 344 1393 416 1,
1432 344 1587 405 CAP.
1626 345 1739 404 cll.
2563 349 2663 409 ¹05

218 480 345 527 non
371 471 581 547 potest
607 466 769 547 velle·
789 478 855 525 se
880 435 1094 525 habere
1121 465 1280 540 quod
1309 454 1445 525 non'
1474 466 1672 526 habet.
1704 435 2005 541 Quidquid
2047 465 2234 538 igitur
2268 468 2415 538 vult,
2442 468 2660 541 habet;

217 552 333 598 nec
358 537 599 610 aliquid
627 536 771 594 mali
791 537 946 618 vult„
961 541 1028 597 ut
1052 549 1235 609 supra
1263 536 1416 609 (rap.
1441 537 1528 609 ¹6)
1557 543 1868 620 ostensum
1919 542 2031 596 est.
2060 540 2159 620 Est
2206 538 2391 610 igitur
2426 539 2637 622 beatus

215 606 824 741 {gessngturrlxiihfflugdafi
847 607 1206 736 (νιιιῧέιιεᾱεω
1237 607 1450 667 beatus
1494 621 1632 667 esse
1658 607 2022 681 perhibetur,
2046 621 2151 682 qm
2178 607 2357 668 habet
2380 583 2664 684 quicquid

294 748 437 822 Ejus
459 748 626 807 enim
646 747 1070 806 beatitudinem
1086 761 1272 807 sacrae
1287 746 1603 822 Scripturae
1621 747 2252 820 protestantur,1·rim.
2275 760 2365 821 τι,
2378 754 2446 808 15
2467 750 2663 820 assum

219 819 466 880 ostendet
490 820 615 878 suis
642 817 970 893 temporibus
996 817 1186 876 beatus
1212 823 1269 876 et
1291 819 1436 877 solus
1455 823 1670 892 poteris.

1259 1038 1512 1105 CAPUT
1553 1038 1654 1104 CI.

940 1216 1091 1270 QUOD
1126 1218 1275 1268 DBUS
1312 1219 1404 1264 81¹1·
1449 1218 1565 1266 suA
1612 1218 1962 1266 nummo,

294 1380 497 1442 Exhis
523 1384 727 1439 autem
746 1384 990 1452 apparet
1013 1381 1173 1455 quod
1204 1383 1364 1440 Deus
1389 1380 1471 1439 sit
1497 1393 1612 1439 sua
1637 1379 1959 1439 beatitudo.
1991 1379 2301 1441 Beatitudo
2329 1382 2487 1442 enim
2535 1383 2667 1458 ejus

225 1459 321 1512 est
345 1450 783 1511 intellectualis
808 1463 848 1510 o
891 1452 1076 1510 aratio
1105 1453 1122 1508 i
1169 1451 1320 1521 siuS,
1348 1455 1748 1509 utostensum
1777 1456 1889 1510 est.
1919 1453 2109 1524 Supra
2149 1457 2345 1511 autem
2391 1456 2666 1514 ostendi·

225 1537 365 1583 mus
393 1524 551 1650 (cass.
584 1522 681 1603 ἃς)
707 1534 829 1594 quo
905 1521 1103 1595 ipsum
1177 1522 1232 1580 ei
1266 1521 1602 1595 intelligere
1640 1521 1720 1580 sit
1769 1534 1882 1581 sua
1910 1521 2268 1582 substantia.
2300 1526 2432 1596 lpse
2480 1525 2669 1599 igitur

232 1600 325 1654 est
347 1608 464 1653 sua
536 1591 827 1650 eatitudO.

298 1667 449 1728 Itan,
482 1662 818 1731 beatitudo,
836 1675 972 1721 cum
1002 1662 1082 1720 sit
1122 1661 1369 1721 ultimus
1414 1661 1577 1732 finis,
1608 1667 1701 1721 est
1745 1661 1805 1721 id
1853 1662 2012 1736 quod
2058 1664 2306 1738 quilibet
2353 1670 2530 1725 natus
2570 1673 2666 1728 εει

238 1734 471 1803 habere,
512 1735 608 1792 vel
643 1733 873 1791 babens
894 1732 1300 1813 principaliter
1326 1734 1471 1791 vult.
1501 1735 1820 1792 ostensum
1851 1739 1940 1792 est
1965 1739 2163 1792 autem
2189 1748 2372 1807 supra
2396 1736 2544 1810 (cap.
2566 1740 2661 1812 74)

246 1804 579 1935 ssssfflgffius
600 1803 1006 1877 principaliter
1035 1804 1162 1862 vult
1189 1816 1360 1863 suam
1388 1804 1735 1863 essentiam.
1760 1805 1880 1865 Sua
1915 1803 2098 1878 igitur
2125 1806 2388 1866 essentia
2416 1813 2508 1865 est
2529 1808 2661 1884 eius

308 1947 522 2016 Adhuc,
554 1943 975 2018 unusquisque
1000 1944 1066 2003 in
1092 1944 1520 2004 beatitudinem
1573 1958 1746 2004 suam
1778 1945 2016 2004 ordinat
2041 1945 2321 2021 quicquid
2345 1947 2494 2007 vult.
2525 1950 2663 2019 Ipsa

241 2017 389 2076 enim
417 2023 515 2075 est
543 2029 681 2097 quae
712 2020 948 2086 propter
972 2015 1133 2074 aliud
1160 2028 1282 2074 non
1308 2015 1702 2085 desideratur,
1731 2021 1792 2075 et
1819 2016 2097 2098 adquam
2129 2019 2483 2077 terminatur
2528 2031 2657 2077 mo-

236 2093 330 2147 tus
353 2086 645 2147 desiderit
678 2099 859 2144 unum
933 2092 1130 2158 ropter
1155 2086 1319 2144 atiud
1348 2086 1769 2155 desiderantis,
1791 2100 1866 2145 ne
1899 2093 1980 2145 sit
2000 2085 2291 2147 infinitus.
2316 2090 2459 2147 Cum
2479 2088 2664 2160 igitur

229 2160 389 2217 Deus
415 2157 631 2217 omnia
658 2156 776 2214 alia
822 2169 892 2214 ve
919 2157 965 2213 it
1009 2162 1250 2228 propter
1291 2170 1462 2216 suam
1506 2157 1855 2224 bonitatem,
1885 2172 2016 2230 quae
2065 2162 2158 2216 est
2205 2172 2319 2218 sua
2371 2160 2658 2228 essentia,

236 2235 474 2304 oportet
492 2227 656 2302 quod
677 2227 825 2298 ipse,
840 2226 998 2285 sicut
1014 2232 1109 2286 est
1126 2241 1239 2285 sua
1255 2228 1513 2286 essentia
1535 2234 1595 2285 et
1612 2241 1721 2286 sua
1743 2227 2000 2296 bonitas,
2014 2227 2097 2285 ita
2116 2228 2195 2286 sit
2213 2242 2325 2288 sua
2339 2229 2662 2288 beatitudo.

300 2302 601 2364 praterea,
637 2297 758 2357 duo
786 2311 1022 2356 summa
1045 2297 1206 2358 bona
1229 2311 1363 2357 esse
1384 2303 1477 2356 est
1494 2297 1890 2369 impossibile.
1912 2298 1972 2356 Si
1999 2298 2157 2355 enim
2183 2300 2406 2372 aliquid
2434 2301 2664 2373 utrique

229 2370 493 2438 deesset,
539 2368 706 2442 quod
746 2368 997 2426 alterum
1046 2368 1309 2439 haberet,
1339 2373 1617 2427 neutrum
1654 2381 1954 2427 summum
2004 2374 2065 2425 ει
2109 2370 2434 2440 perrectum
2482 2375 2664 2428 esset.

230 2444 391 2500 Deus
418 2446 627 2499 autem
655 2443 940 2497 ostensus
958 2442 1052 2496 est
1093 2450 1274 2511 supra
1301 2452 1601 2497 summum
1649 2438 1895 2498 bonum.
1944 2439 2256 2500 Beatitudo
2285 2441 2462 2498 etiam
2504 2454 2668 2498 sum-

228 2526 395 2572 mum
419 2511 658 2571 bonum
682 2509 1020 2569 ostenditur
1044 2522 1181 2568 esse
1209 2524 1284 2569 ex
1311 2508 1425 2568 hoc
1444 2509 1603 2583 quod
1626 2515 1719 2568 est
1743 2509 1990 2568 ultimus
2006 2507 2145 2568 fluis
2165 2525 2341 2584 :ergo
2360 2510 2666 2570 beatitudo

230 2585 476 2729 ἓιίιίεἰιε
503 2586 655 2642 sunt
678 2579 861 2641 idem.
892 2581 992 2641 Est
1021 2578 1206 2653 igitur
1233 2583 1392 2639 Deus
1417 2594 1532 2639 sua
1557 2578 1884 2639 beatitudo.
1915 2579 1963 2653 (Ι
1993 2585 2170 2652 part„
2200 2595 2261 2655 q.
2284 2593 2431 2653 Lxu,
2459 2585 2569 2641 art.
2606 2585 2666 2653 2,

1235 2866 1488 2934 CAPUT
1553 2866 1679 2934 c11.

462 3041 622 3099 QUOD
668 3042 883 3091 1³1va
916 3036 1246 3089 nummo
1283 3040 1741 3087 rssmcrlssma
1773 3039 1884 3086 Es'r
1914 3039 2235 3096 mmmmm
2270 3041 2457 3090 mm

1121 3127 1559 3176 nummulum
1583 3127 1854 3176 Exossmr.

306 3287 573 3348 Ulterius
599 3289 798 3344 autem
819 3282 1232 3356 expraemissis
1257 3281 1623 3342 considerari
1681 3286 1837 3342 otest
1848 3283 2234 3343 beatitudinis
2252 3283 2467 3342 divinae
2481 3283 2668 3343 excel·

232 3358 441 3418 le’ntia.
466 3359 706 3426 Quanto
719 3356 875 3412 euim
890 3354 1114 3435 aliquid
1128 3353 1521 3426 propinquius
1546 3359 1632 3411 est
1685 3353 2194 3422 eatitudini,tanto
2207 3354 2520 3426 perfectius
2533 3355 2670 3414 bea·

232 3436 362 3488 turn
391 3434 508 3487 est.
542 3427 706 3484 Unde
735 3432 794 3483 et
819 3426 909 3483 sic
937 3426 1012 3484 alt
1062 3426 1156 3483 uis
1180 3430 1424 3506 propter
1449 3437 1618 3494 spem
1646 3424 2032 3505 beatitudinis
2060 3425 2397 3484 obtinendae
2448 3424 2658 3484 beatus

232 3498 668 3562 dicitur,nullo
696 3496 873 3555 modo
902 3509 1014 3554 sua
1083 3495 1342 3553 eatttudo
1380 3500 1758 3565 comparatur
1798 3508 1929 3566 eJus
1974 3494 2326 3554 beatitudini
2371 3495 2472 3568 qui
2526 3508 2653 3553 eam

238 3569 355 3628 'am
380 3575 518 3627 actu
545 3574 906 3625 consecutus
932 3571 1044 3624 est.
1077 3565 1654 3637 propinquissimum
1683 3569 1878 3623 autem
1894 3570 1986 3623 est
1998 3565 2368 3634 beatitudini,
2394 3565 2553 3638 quod
2567 3570 2660 3623 est

228 3585 372 3712 {psa
396 3638 728 3703 beatitudo,
758 3636 913 3709 quod
943 3636 1017 3694 de
1047 3638 1168 3694 Deo
1203 3641 1515 3695 ostensum
1543 3641 1636 3694 est
1663 3634 1816 3710 (cap.
1840 3635 1985 3709 tot).
2014 3637 2148 3709 Ipse
2185 3639 2279 3694 εει
2318 3635 2501 3709 igitur
2536 3634 2662 3695 sin-

235 3710 529 3784 gulariter
556 3710 814 3781 perfecte
842 3708 1075 3766 beatus.

202 3798 215 3816 ·
306 3783 461 3850 uena,
490 3793 628 3838 cum
660 3777 972 3837 delectatio
997 3791 1070 3834 ex
1100 3788 1302 3836 amore
1325 3783 1625 3840 causetur.
1654 3783 1722 3835 ut
1743 3781 2061 3836 ostensum
2086 3782 2199 3846 est,
2228 3776 2329 3836 ubi
2361 3782 2451 3836 est
2473 3776 2664 3850 major

243 3863 431 3920 amor,
460 3855 523 3907 et
552 3849 742 3922 major
768 3848 1078 3907 delectatio
1105 3848 1170 3905 in
1183 3849 1608 3906 consecutione
1627 3848 1829 3907 amati.
1851 3849 1958 3908 Sed
1983 3847 2467 3921 unumquodque,
2492 3855 2664 3907 caete-

244 3920 332 3978 ris
370 3921 642 3993 paribuS,
678 3921 813 4001 ptus
850 3931 919 3977 se
955 3923 1117 3977 amat
1153 3932 1331 3992 quam
1370 3918 1594 3990 aliquid
1642 3918 1845 3988 aliud;
1877 3919 2048 3993 cujus
2086 3919 2329 3990 signum
2369 3927 2460 3977 est
2509 3919 2667 3991 quod

242 3999 465 4119 guanto
520 3991 749 4063 aliquid
820 3994 912 4048 est
974 3988 1153 4048 alicui
1222 3989 1433 4060 propin
1481 3989 1617 4046 uius
1649 4032 1665 4059 ,
1731 3989 1924 4061 magis
2006 3990 2354 4048 naturaliter
2414 3996 2666 4048 amatur.

292 4060 385 4122 lus
432 4062 623 4135 igitur
649 4060 974 4118 delectatur
1001 4062 1159 4118 Deus
1187 4057 1251 4117 in
1299 4072 1410 4117 sua
1493 4059 1839 4129 eatitudine,
1869 4073 2003 4131 quae
2046 4064 2140 4117 εει
2180 4060 2454 4131 ipsemet,
2491 4073 2671 4134 quam

237 4130 343 4189 alii
388 4132 548 4191 beati
577 4131 638 4188 in
675 4130 1061 4201 beatitudine,
1145 4143 1234 4188 uae
1260 4141 1384 4186 non
1413 4135 1524 4198 est,
1556 4129 1716 4201 quod
1751 4130 1866 4202 ipsi
1897 4132 2059 4189 sunt.
2089 4131 2276 4205 Magis
2303 4130 2490 4206 igitur
2516 4131 2675 4192 desi·

237 4201 474 4261 derium
507 4202 610 4259 Dei
639 4201 897 4273 quiescit
924 4206 982 4259 et
1009 4144 1328 4281 pessectior
1354 4205 1443 4257 est
1474 4200 1800 4280 beatitudo.

301 4274 597 4335 Praeterea,
630 4272 788 4345 quod
822 4284 923 4342 pet·
950 4277 1275 4330 essentiam
1304 4276 1417 4337 est,
1449 4277 1648 4340 potius
1676 4275 1769 4329 est
1795 4281 1869 4329 co
1914 4269 2074 4343 quod
2117 4284 2224 4342 per
2268 4273 2672 4345 participatio-

234 4356 377 4402 nem
406 4344 665 4410 dicitur;
698 4343 856 4400 sieut
884 4346 1096 4399 natura
1123 4341 1284 4413 ignis
1316 4341 1634 4410 perfectius
1666 4340 1967 4398 invenitur
1994 4340 2059 4398 in
2087 4341 2222 4413 ipso
2237 4342 2388 4416 ,igne
2413 4356 2587 4415 quam
2609 4341 2672 4397 in

232 4412 421 4473 rebus
450 4413 684 4486 ignitis.
717 4413 870 4470 Deus
900 4417 1099 4469 autem
1131 4424 1235 4482 per
1260 4411 1582 4469 essentiam
1619 4425 1793 4470 suam
1823 4411 2033 4471 beatus
2058 4418 2172 4484 est,
2203 4413 2361 4485 quod
2392 4413 2537 4468 nulli
2570 4409 2669 4466 alii

234 4490 580 4560 competere
630 4487 847 4558 potest.
879 4480 1040 4542 Nihil
1077 4481 1238 4544 enim
1262 4480 1426 4543 aliud
1458 4488 1673 4558 praeter
1715 4483 1918 4559 ipsum
1954 4489 2154 4559 potest
2194 4496 2331 4543 esse
2372 4491 2672 4541 summum
