3076 5025
1186 265 1317 343 Lis.
1362 289 1456 354 ιιι,
1498 287 1650 342 cAP.
1694 245 1847 343 mi.
1895 255 1916 272 '
2623 288 2725 360 335

364 411 514 468 Hinc
541 416 631 468 est
670 409 829 482 quod
869 409 1159 470 Dominus
1192 409 1356 478 dicit,
1382 412 1577 479 ioan„
1608 422 1757 479 xvu,
1787 412 1819 466 3
1851 427 1865 465 ε
1892 411 2018 465 Haec
2057 412 2139 465 est
2173 410 2290 465 vita
2323 412 2528 465 aetwna
2556 413 2617 463 ut
2642 422 2725 465 co-

285 485 553 552 mmeant
581 485 630 536 te
658 496 825 536 unum
849 483 1019 536 Deum
1044 483 1250 539 vivum.

1267 701 1520 768 CAPUT
1565 702 1746 766 Lxli.

672 882 824 935 QUOD
860 882 1146 928 VIDENTES
1185 883 1350 929 nztm
1381 882 1445 927 m
1480 883 1828 930 mmmmm
1862 883 1988 929 EUM
2025 881 2342 929 Vlnnntm'r.

374 1052 458 1107 Ex
484 1049 598 1106 hoc
627 1053 823 1105 autem
867 1053 1108 1119 apparet
1148 1047 1310 1120 quod
1337 1047 1428 1104 illi
1500 1048 1558 1105 ui
1590 1048 1862 1106 ultimam
1893 1047 2236 1105 felicitatem
2270 1053 2722 1119 consequuntur

299 1136 375 1179 ex
401 1120 634 1176 visione
666 1119 866 1175 divina
894 1132 1201 1190 nunquam
1239 1118 1313 1175 ab
1343 1118 1448 1175 illa
1515 1118 1767 1176 eciderit.
1791 1120 1979 1176 Omne
2004 1118 2164 1175 enim
2185 1118 2343 1190 quod
2367 1117 2725 1192 quandoque

300 1197 416 1259 est,
457 1195 513 1246 et
565 1190 923 1262 quandoque
947 1203 1070 1246 non
1100 1194 1211 1260 est,
1250 1195 1514 1261 tempore
1532 1193 1933 1256 mensuratur,
1966 1194 2031 1245 ut
2050 1194 2208 1259 patet
2233 1189 2296 1245 in
2324 1195 2535 1261 quarto
2554 1191 2724 1258 Phys.

297 1261 470 1390 θεῖα.
517 1273 733 1318 comm.
786 1259 930 1332 117).
960 1259 1124 1317 visio
1172 1266 1368 1317 antem
1415 1260 1715 1332 praedicta,
1745 1274 1876 1332 quae
1935 1259 2366 1317 intellectuales
2416 1266 2724 1319 creaturas

343 1337 508 1389 eatas
531 1331 692 1399 facit,
721 1343 854 1411 non·
892 1330 1072 1389 estin
1099 1334 1402 1412 tempore,
1430 1330 1536 1411 sed
1576 1331 2023 1412 inaeternitate.
2056 1330 2433 1401 Impossibile
2467 1333 2557 1388 est
2585 1342 2727 1404 ergo

301 1402 600 1536 qufgl'mssf
612 1400 1847 1553 glegtlulgalsifftzlfflcffffilfiislqililosnfitp’effiriffi}
1868 1405 2311 1530 aelixillmigiltimum
2367 1470 2568 1553 finem,
2607 1471 2728 1530 nisi

348 1543 546 1600 nando
573 1555 705 1623 ejus
743 1542 1012 1622 naturale
1048 1542 1408 1622 desiderium
1440 1548 1757 1615 quietatur.
1780 1545 1945 1623 S¹.⁰¹.¹²
1972 1548 2171 1623 autem
2198 1543 2547 1623 naturaliter
2572 1542 2728 1601 desi·

303 1558 473 1672 gerat
503 1613 865 1681 felicitatem,
899 1617 978 1669 ita
1021 1614 1368 1671 naturaliter
1407 1612 1706 1671 desiderat
1747 1613 2050 1671 felicitatis
2078 1618 2551 1686 perpetuitatem.
2584 1615 2731 1672 Cum

308 1685 470 1742 enim
502 1684 564 1740 in
593 1697 706 1742 sua
732 1682 1070 1741 substantia
1109 1683 1188 1741 sit
1214 1688 1517 1754 perpetua,
1540 1683 1690 1741 illud
1779 1684 1897 1741 uod
1935 1690 2175 1755 propter
2221 1696 2286 1741 se
2316 1683 2634 1752 desiderat,
2672 1688 2732 1742 et

305 1768 430 1813 non
488 1759 729 1826 propter
783 1753 967 1821 aliud,
992 1753 1288 1812 desiderat
1343 1758 1407 1811 ut
1461 1767 1699 1825 semper
1796 1753 2116 1815 abendum.
2142 1756 2278 1814 Non
2326 1754 2513 1827 igitur
2568 1758 2730 1813 esset

306 1825 565 1883 felicitas
593 1824 843 1882 ultimus
863 1822 1028 1892 finis,
1057 1823 1175 1881 nisi
1207 1830 1489 1896 perpetuo
1518 1831 1910 1896 permaneret.

378 1897 488 1952 Am
530 1897 656 1957 lius.
705 1906 882 1952 omne
925 1894 1072 1952 illud
1116 1896 1276 1966 quod
1338 1909 1474 1953 cum
1523 1908 1725 1953 amore
1767 1894 2142 1966 possidetur.
2186 1895 2240 1954 si
2296 1895 2522 1954 sciatur
2566 1895 2728 1968 quod

307 1979 468 2094 {¹⁰³⁰
513 1979 668 2037 oque
701 1965 1024 2046 amittatur,
1054 1965 1354 2023 tristitiam
1386 1965 1586 2023 infert.
1618 1966 1780 2023 Visio
1811 1971 2009 2025 autem
2038 1965 2337 2036 praedicta.
2361 1979 2492 2048 quae
2519 1965 2730 2025 beatos

291 2059 296 2064 ·
335 2037 469 2100 ecit,
502 2050 636 2093 cum
669 2043 748 2093 sit
790 2049 1045 2094 maxime
1075 2035 1443 2094 delectabilis
1485 2042 1546 2094 et
1572 2037 1829 2095 maxime
1858 2036 2215 2106 desiderata,
2247 2049 2504 2094 maxime
2534 2051 2571 2094 a
2595 2049 2731 2107 pos-

309 2107 647 2166 sidentibus
675 2120 806 2164 cam
833 2112 1083 2187 amatur.
1111 2106 1488 2178 Impossibile
1517 2120 1662 2180 ergo
1691 2112 1852 2166 esset
1870 2121 1977 2165 eos
2005 2122 2127 2165 non
2157 2108 2402 2175 tristari,
2423 2108 2476 2165 si
2507 2107 2731 2166 scirent

311 2191 380 2236 se
407 2177 764 2252 quandoque
792 2189 922 2234 eam
954 2190 1307 2236 amissuros.
1336 2178 1396 2235 Si
1423 2181 1622 2235 autem
1649 2191 1774 2236 non
1818 2183 1977 2237 esset
2004 2184 2309 2250 perpetua,
2340 2178 2456 2236 boc
2484 2178 2731 2236 scirent.

305 2251 437 2306 Iam
486 2248 645 2306 enim
694 2250 1005 2305 ostensum
1053 2253 1146 2306 est
1176 2248 1326 2319 (cap.
1362 2247 1450 2320 59)
1527 2248 1710 2321 quod,
1748 2248 2006 2307 videndo
2038 2248 2302 2306 divinam
2331 2247 2731 2308 substantiam

311 2320 491 2377 etiam
518 2319 633 2376 alia
661 2331 732 2375 co
778 2323 1035 2398 noscunt
1067 2331 1198 2391 quae
1233 2292 1583 2376 natural'iter
1612 2323 1775 2376 sunt.
1815 2319 1977 2376 Unde
2006 2319 2195 2376 multo
2241 2319 2438 2391 magis
2473 2332 2733 2392 cognos-

309 2394 456 2448 cunt
494 2332 835 2469 qualis-fila
878 2388 1034 2446 visio
1076 2388 1189 2469 sit„
1205 2393 1404 2470 utrum
1433 2394 1739 2471 perpetua,
1768 2390 1861 2470 vel
1889 2390 2248 2462 quandoque
2289 2389 2576 2471 desitura.
2598 2393 2735 2470 'Non

312 2473 458 2533 ergo
484 2459 623 2518 talis
668 2471 824 2517 visio
870 2459 1109 2518 adesset
1137 2473 1227 2517 eis
1274 2472 1404 2518 sine
1448 2465 1712 2529 tristitia,
1735 2465 1793 2517 et
1819 2465 1903 2518 ita
1931 2473 2055 2519 non
2097 2465 2258 2518 esset
2285 2473 2424 2518 vera
2454 2460 2730 2531 felicitae,

313 2530 542 2657 quw
560 2530 724 2672 3533
737 2529 2107 2674 mnik‘issffi?”ntiffiiii‘lt‘ss‘sssseififi’inmittit&
2149 2529 2729 2660 ifflu‘lsffulsin'ssiiiss·

311 2685 438 2730 non
465 2676 804 2730 removetur
829 2670 904 2729 ab
932 2684 1005 2729 eo
1033 2671 1153 2729 nisi
1184 2684 1288 2742 per
1314 2671 1682 2739 violentiam,
1709 2671 1869 2730 sicut
1933 2686 2068 2729 rave
2096 2685 2234 2730 cum
2305 2671 2574 2744 rejicitur
2600 2644 2733 2731 sur:

309 2756 446 2801 sum
478 2761 492 2799 z
525 2747 761 2800 constat
785 2746 984 2800 autem
1030 2756 1102 2798 ex
1129 2742 1430 2812 praedictis
1460 2742 1608 2814 (cap.
1632 2740 1721 2811 50)
1753 2755 1870 2814 quo
1954 2743 2154 2801 omnis
2194 2756 2265 2800 su
2312 2742 2532 2801 stantia
2555 2742 2731 2801 intel-

309 2814 584 2872 lectualis
640 2812 899 2870 naturali
947 2811 1246 2869 desiderio
1276 2812 1466 2870 tendit
1518 2813 1593 2871 ad
1635 2813 1799 2870 illam
1828 2813 2144 2872 visionem.
2177 2816 2309 2871 Non
2339 2826 2485 2886 ergo
2511 2813 2586 2871 ab
2624 2813 2732 2872 illa

305 2884 546 2943 deficiet
572 2883 691 2941 nisi
735 2897 842 2954 per
862 2881 1227 2940 violentiam.
1258 2883 1420 2941 Nihil
1445 2889 1640 2941 autem
1688 2883 1917 2942 tollitur
1944 2899 2049 2956 per
2078 2884 2418 2942 violentiam
2450 2882 2729 2955 alicuine,

311 2956 430 3012 nisi
461 2955 648 3012 virtus
666 2953 993 3011 auferentis
1012 2953 1091 3010 sit
1110 2953 1300 3024 major
1321 2954 1536 3012 virtute
1558 2954 1891 3013 causantis.
1915 2955 2183 3015 Visionis
2200 2960 2395 3012 autem
2415 2955 2519 3012 Dei
2544 2968 2732 3014 causa

310 3032 403 3083 est
429 3028 608 3094 DeuS,
632 3030 700 3082 ut
727 3037 924 3105 supra·
939 3023 1088 3096 (cap.
1121 3024 1221 3104 52),
1273 3024 1544 3082 robatum
1572 3031 1687 3084 est.
1715 3027 1867 3106 Ergo
1897 3040 2033 3083 cum
2058 3026 2223 3084 nulla
2247 3025 2437 3084 virtus
2467 3025 2729 3083 divinam

305 3097 585 3153 virtutem
620 3094 884 3163 excedat,
909 3095 1225 3166 impossibi
1252 3110 1286 3153 e
1310 3101 1402 3155 est
1431 3096 1593 3168 quod
1622 3095 1728 3154 illa
1767 3095 1922 3154 visio
1958 3111 2064 3169 per
2090 3096 2433 3155 violentiam
2460 3096 2728 3155 tollatur.

307 3167 378 3223 ln
407 3172 756 3238 perpetuum
789 3178 932 3238 ergo
960 3164 1214 3224 durabit.
1496 3182 1504 3189 ·

379 3238 598 3319 Adhuc,
618 3237 685 3318 „si
733 3235 952 3307 aliquis
1003 3236 1464 3318 videredesinat
1496 3237 1659 3310 quod
1682 3240 1855 3366 prius
1884 3238 2145 3321 videbat,
2170 3243 2277 3298 aut
2303 3239 2421 3297 boc
2447 3238 2561 3296 erit
2588 3239 2734 3312 quia

305 3307 546 3366 deficiet
578 3322 633 3365 ei
683 3306 937 3365 facultas
985 3306 1242 3375 videndi,
1270 3313 1427 3365 sicut
1462 3322 1600 3366 cum
1645 3310 1723 3367 ai
1768 3311 1867 3369 uis
1906 3315 2160 3368 moritur
2202 3310 2296 3367 vel
2339 3314 2614 3379 caecatur,
2640 3308 2734 3366 vel

309 3378 658 3459 aliqualiter
686 3376 1041 3458 impeditum
1069 3383 1172 3435 aut
1200 3377 1311 3434 erit
1346 3379 1490 3451 quia
1512 3392 1634 3436 non
1676 3394 1753 3438 vn
1780 3387 1807 3438 t
1858 3381 2119 3452 amplius
2156 3380 2376 3449 videre,
2407 3379 2566 3438 sicut
2592 3393 2731 3437 cum

307 3449 450 3522 quis
478 3454 690 3507 avertit
711 3461 908 3505 visum
945 3461 1069 3528 are
1101 3462 1279 3521 quam
1309 3449 1476 3520 prius
1512 3450 1789 3530 videbam
1817 3452 1911 3509 vel
1940 3452 2081 3524 quia
2108 3450 2407 3522 objectum
2432 3450 2732 3509 subtrabi-

306 3524 407 3577 tur
436 3538 450 3576 :
483 3526 542 3576 et
566 3520 681 3577 hoc
708 3524 1106 3576 communiter
1135 3534 1336 3577 verum
1361 3525 1474 3589 est,
1500 3521 1728 3579 sive-de
1759 3521 1995 3581 visione
2018 3535 2258 3586 sensus,
2289 3522 2417 3580 sive
2457 3520 2530 3578 de
2556 3520 2733 3578 intel-

309 3588 551 3648 lectuali
592 3589 828 3648 visione
876 3589 1174 3662 loquatur.
1195 3590 1551 3648 substantiae
1599 3598 1798 3650 autem
1854 3592 2245 3651 intellectuali
2269 3591 2495 3649 videnti
2543 3593 2729 3648 Deum

307 3672 433 3719 non
485 3664 685 3732 potest
726 3659 943 3719 deesse
998 3660 1248 3719 facultas
1292 3660 1532 3719 videndi
1591 3664 1776 3721 Deum
1827 3676 2021 3736 neque
2074 3676 2181 3734 per
2234 3662 2349 3721 hoc
2386 3660 2547 3735 quod
2596 3674 2734 3720 esse

310 3730 563 3795 desinat,
596 3745 732 3789 cum
760 3731 839 3788 sit
871 3736 1171 3802 perpetua,
1202 3736 1268 3788 ut
1299 3745 1481 3801 supra
1505 3730 1630 3803 (lib.
1662 3747 1729 3802 11,
1761 3747 1889 3803 cap.
1923 3733 2013 3806 55)
2045 3738 2355 3791 ostensum
2386 3738 2498 3799 est,
2538 3745 2733 3814 neque

306 3815 415 3872 per
443 3803 736 3860 desectum
767 3801 1022 3859 luminis
1044 3814 1165 3875 quo
1194 3804 1380 3860 Deum
1411 3802 1587 3873 videt,
1618 3817 1754 3862 cum
1784 3804 1985 3863 lumen
2016 3802 2165 3861 illud
2204 3801 2737 3874 incorruptibiliter

310 3871 632 3943 recipiatur
678 3872 1010 3930 secundum
1057 3873 1464 3931 conditionem
1499 3879 1557 3931 et
1581 3874 1927 3947 recipientis
1951 3880 2009 3932 et
2038 3873 2237 3932 dantis
2265 3893 2280 3944 ;
2313 3888 2351 3931 n
2433 3889 2507 3931 ue
2536 3880 2734 3956 potest

313 3939 524 3999 deesse
579 3943 631 4000 ei
660 3944 940 4001 voluntas
994 3943 1097 4001 tali
1126 3943 1360 4001 visione
1414 3945 1675 4018 fruendi.
1704 3960 1777 4005 ex
1821 3959 1942 4019 quo
1971 3945 2133 4017 perci
2175 3945 2220 4001 it
2275 3944 2339 4002 iri
2364 3944 2409 4002 il
2433 3959 2470 4003 a
2495 3945 2731 4006 visione

313 4024 453 4068 esse
502 4026 669 4069 suam
715 4013 986 4072 ultimam
1030 4013 1397 4084 felicitatem,
1425 4015 1583 4072 sicut
1623 4029 1747 4075 non
1792 4022 1990 4088 potest
2029 4016 2181 4073 vele
2222 4028 2346 4073 non
2397 4030 2535 4075 esse
2565 4016 2727 4075 felix.

312 4083 518 4163 pieque
556 4083 734 4140 etiam
779 4084 976 4142 videre
1036 4085 1270 4143 desinet
1314 4099 1419 4156 per
1463 4085 1931 4145 subtractionem
1976 4084 2215 4158 objecti,
2244 4085 2390 4159 quia
2429 4087 2727 4159 objectum

308 4151 462 4234 illud
484 4152 652 4233 ‚quod
681 4157 773 4211 est
796 4154 974 4223 Deus,
993 4167 1122 4213 seni
1165 4170 1229 4212 ei·
1251 4157 1460 4213 eodem
1488 4156 1671 4215 modo
1701 4171 1767 4216 se
1787 4157 1985 4226 habet,
2015 4170 2131 4214 nec
2153 4158 2471 4232 elongatur
2487 4174 2525 4217 a
2551 4159 2730 4217 nobis

308 4235 433 4306 nisi
479 4237 542 4304 ιιι
594 4227 882 4305 quantum
927 4236 1040 4284 nos
1096 4241 1127 4284 e
1155 4240 1447 4308 ongamui·
1486 4227 1561 4284 ab
1605 4226 2171 4299 ipso.1mpossibile
2219 4234 2315 4288 est
2355 4229 2545 4303 igitur
2568 4228 2729 4303 quod

308 4306 467 4353 visio
492 4294 598 4351 illa
625 4296 726 4350 Dei
758 4307 888 4365 quae
919 4294 1126 4355 beatos
1155 4297 1316 4360 facit,
1348 4311 1613 4370 unquam
1640 4297 1894 4356 deficiat.

379 4367 671 4448 Praeterea,
703 4364 1076 4447 impossibile
1116 4374 1208 4427 est
1236 4368 1397 4441 quod
1440 4368 1663 4441 aliquis
1695 4384 1733 4428 a
1766 4368 1931 4426 bono
1957 4383 2078 4443 quo
2104 4369 2321 4431 fruitur
2362 4372 2507 4431 velit
2533 4370 2728 4427 disce-

313 4433 473 4509 dere,
501 4450 624 4497 nisi
648 4441 887 4510 propter
915 4437 1156 4511 aliquod
1177 4439 1401 4499 malum
1431 4437 1592 4512 quod
1612 4439 1676 4498 in
1705 4439 1990 4501 fruitione
2016 4439 2184 4503 illius
2205 4441 2352 4504 boni
2375 4441 2730 4507 aestimatur,
