<?xml version="1.0" encoding="UTF-8"?>
<!DOCTYPE html PUBLIC "-//W3C//DTD XHTML 1.0 Transitional//EN"
    "http://www.w3.org/TR/xhtml1/DTD/xhtml1-transitional.dtd">
<html xmlns="http://www.w3.org/1999/xhtml" xml:lang="en" lang="en">
 <head>
  <title>
</title>
<meta http-equiv="Content-Type" content="text/html;charset=utf-8" />
  <meta name='ocr-system' content='tesseract 3.04.00' />
  <meta name='ocr-capabilities' content='ocr_page ocr_carea ocr_par ocr_line ocrx_word'/>
</head>
<body>
  <div class='ocr_page' id='page_1' title='image "./deveritatecatho00rubegoog_0343.png"; bbox 0 0 3076 5025; ppageno 0'>
   <div class='ocr_carea' id='block_1_1' title="bbox 1196 329 2758 400">
    <p class='ocr_par' dir='ltr' id='par_1_1' title="bbox 1196 329 2758 400">
     <span class='ocr_line' id='line_1_1' title="bbox 1196 329 2758 400; baseline 0.003 -13"><span class='ocrx_word' id='word_1_1' title='bbox 1196 330 1330 388; x_wconf 89' lang='lat' dir='ltr'><strong>LIB.</strong></span> <span class='ocrx_word' id='word_1_2' title='bbox 1368 332 1469 400; x_wconf 88' lang='lat'>111,</span> <span class='ocrx_word' id='word_1_3' title='bbox 1507 331 1661 388; x_wconf 75' lang='lat' dir='ltr'><strong>GAP.</strong></span> <span class='ocrx_word' id='word_1_4' title='bbox 1699 329 1887 389; x_wconf 81' lang='lat' dir='ltr'>XLIII.</span> <span class='ocrx_word' id='word_1_5' title='bbox 2653 335 2758 391; x_wconf 84' lang='lat'><strong>309</strong></span> 
     </span>
    </p>
   </div>
   <div class='ocr_carea' id='block_1_2' title="bbox 321 451 2769 4541">
    <p class='ocr_par' dir='ltr' id='par_1_2' title="bbox 321 451 2758 736">
     <span class='ocr_line' id='line_1_2' title="bbox 321 451 2757 526; baseline 0 -15"><span class='ocrx_word' id='word_1_6' title='bbox 321 455 432 526; x_wconf 86' lang='lat' dir='ltr'><strong>(De</strong></span> <span class='ocrx_word' id='word_1_7' title='bbox 453 451 674 520; x_wconf 88' lang='lat' dir='ltr'><strong>anima,</strong></span> <span class='ocrx_word' id='word_1_8' title='bbox 705 451 745 508; x_wconf 90' lang='lat' dir='ltr'><strong>l.</strong></span> <span class='ocrx_word' id='word_1_9' title='bbox 775 465 865 520; x_wconf 87' lang='lat'>111,</span> <span class='ocrx_word' id='word_1_10' title='bbox 895 455 1039 508; x_wconf 82' lang='lat' dir='ltr'><strong>text.</strong></span> <span class='ocrx_word' id='word_1_11' title='bbox 1068 464 1288 522; x_wconf 88' lang='lat' dir='ltr'><strong>comm,</strong></span> <span class='ocrx_word' id='word_1_12' title='bbox 1320 453 1408 526; x_wconf 88' lang='grc'><strong>36)</strong></span> <span class='ocrx_word' id='word_1_13' title='bbox 1440 452 1772 510; x_wconf 80' lang='lat' dir='ltr'><strong>faciliorem</strong></span> <span class='ocrx_word' id='word_1_14' title='bbox 1813 451 1972 511; x_wconf 77' lang='lat' dir='ltr'><strong>viam</strong></span> <span class='ocrx_word' id='word_1_15' title='bbox 1999 464 2067 510; x_wconf 90' lang='lat' dir='ltr'><strong>se</strong></span> <span class='ocrx_word' id='word_1_16' title='bbox 2114 452 2476 512; x_wconf 83' lang='lat' dir='ltr'><strong>existimavit</strong></span> <span class='ocrx_word' id='word_1_17' title='bbox 2513 453 2757 512; x_wconf 85' lang='lat' dir='ltr'><strong>adinve-</strong></span> 
     </span>
     <span class='ocr_line' id='line_1_3' title="bbox 323 521 2757 605; baseline 0 -23"><span class='ocrx_word' id='word_1_18' title='bbox 323 525 494 583; x_wconf 83' lang='lat' dir='ltr'><strong>nisse</strong></span> <span class='ocrx_word' id='word_1_19' title='bbox 522 524 597 581; x_wconf 88' lang='lat' dir='ltr'><strong>ad</strong></span> <span class='ocrx_word' id='word_1_20' title='bbox 626 521 1260 603; x_wconf 29' lang='lat' dir='ltr'><strong>ostendendumtquod</strong></span> <span class='ocrx_word' id='word_1_21' title='bbox 1299 523 1657 596; x_wconf 88' lang='lat' dir='ltr'><strong>quandoque</strong></span> <span class='ocrx_word' id='word_1_22' title='bbox 1697 522 2107 605; x_wconf 76' lang='lat' dir='ltr'><strong>intelligamus</strong></span> <span class='ocrx_word' id='word_1_23' title='bbox 2153 522 2525 582; x_wconf 80' lang='lat' dir='ltr'><strong>substantias</strong></span> <span class='ocrx_word' id='word_1_24' title='bbox 2584 538 2650 582; x_wconf 91' lang='lat' dir='ltr'><strong>se</strong></span> <span class='ocrx_word' id='word_1_25' title='bbox 2693 538 2757 582; x_wconf 86' lang='lat' dir='ltr'><strong>a·</strong></span> 
     </span>
     <span class='ocr_line' id='line_1_4' title="bbox 321 592 2758 666; baseline 0 -14"><span class='ocrx_word' id='word_1_26' title='bbox 321 599 507 663; x_wconf 84' lang='lat' dir='ltr'><strong>ratas,</strong></span> <span class='ocrx_word' id='word_1_27' title='bbox 522 608 594 650; x_wconf 83' lang='lat' dir='ltr'><strong>ex</strong></span> <span class='ocrx_word' id='word_1_28' title='bbox 625 593 741 650; x_wconf 86' lang='lat' dir='ltr'><strong>boc</strong></span> <span class='ocrx_word' id='word_1_29' title='bbox 764 592 919 665; x_wconf 84' lang='lat' dir='ltr'><strong>quod</strong></span> <span class='ocrx_word' id='word_1_30' title='bbox 952 598 1121 663; x_wconf 87' lang='lat' dir='ltr'><strong>pomt</strong></span> <span class='ocrx_word' id='word_1_31' title='bbox 1143 593 1509 650; x_wconf 88' lang='lat' dir='ltr'><strong>intellectum</strong></span> <span class='ocrx_word' id='word_1_32' title='bbox 1540 592 1889 663; x_wconf 89' lang='lat' dir='ltr'><strong>possibilem</strong></span> <span class='ocrx_word' id='word_1_33' title='bbox 1912 593 2425 666; x_wconf 81' lang='lat' dir='ltr'><strong>incorruptibilem</strong></span> <span class='ocrx_word' id='word_1_34' title='bbox 2447 600 2503 652; x_wconf 91' lang='lat' dir='ltr'><strong>et</strong></span> <span class='ocrx_word' id='word_1_35' title='bbox 2528 607 2659 653; x_wconf 86' lang='lat' dir='ltr'><strong>ano</strong></span> <span class='ocrx_word' id='word_1_36' title='bbox 2704 596 2758 653; x_wconf 87' lang='lat' dir='ltr'><strong>is</strong></span> 
     </span>
     <span class='ocr_line' id='line_1_5' title="bbox 323 662 2207 736; baseline -0.001 -13"><span class='ocrx_word' id='word_1_37' title='bbox 323 664 658 724; x_wconf 88' lang='lat' dir='ltr'><strong>secundum</strong></span> <span class='ocrx_word' id='word_1_38' title='bbox 691 676 829 720; x_wconf 91' lang='lat' dir='ltr'><strong>esse</strong></span> <span class='ocrx_word' id='word_1_39' title='bbox 857 668 1216 734; x_wconf 88' lang='lat' dir='ltr'><strong>separatum,</strong></span> <span class='ocrx_word' id='word_1_40' title='bbox 1248 664 1406 720; x_wconf 87' lang='lat' dir='ltr'><strong>sicut</strong></span> <span class='ocrx_word' id='word_1_41' title='bbox 1432 670 1489 719; x_wconf 90' lang='lat' dir='ltr'><strong>et</strong></span> <span class='ocrx_word' id='word_1_42' title='bbox 1518 662 1886 721; x_wconf 90' lang='lat' dir='ltr'><strong>intellectum</strong></span> <span class='ocrx_word' id='word_1_43' title='bbox 1912 668 2207 736; x_wconf 89' lang='lat' dir='ltr'><strong>agentem.</strong></span> 
     </span>
    </p>

    <p class='ocr_par' dir='ltr' id='par_1_3' title="bbox 323 732 2766 2343">
     <span class='ocr_line' id='line_1_6' title="bbox 398 732 2754 814; baseline 0.001 -22"><span class='ocrx_word' id='word_1_44' title='bbox 398 735 672 792; x_wconf 87' lang='lat' dir='ltr'><strong>Ostendit</strong></span> <span class='ocrx_word' id='word_1_45' title='bbox 698 732 857 790; x_wconf 90' lang='lat' dir='ltr'><strong>enim</strong></span> <span class='ocrx_word' id='word_1_46' title='bbox 888 732 1081 804; x_wconf 89' lang='lat' dir='ltr'><strong>primo</strong></span> <span class='ocrx_word' id='word_1_47' title='bbox 1106 733 1267 806; x_wconf 85' lang='lat' dir='ltr'><strong>quod</strong></span> <span class='ocrx_word' id='word_1_48' title='bbox 1313 747 1560 791; x_wconf 89' lang='lat' dir='ltr'><strong>necesse</strong></span> <span class='ocrx_word' id='word_1_49' title='bbox 1591 739 1684 791; x_wconf 90' lang='lat' dir='ltr'><strong>est</strong></span> <span class='ocrx_word' id='word_1_50' title='bbox 1726 747 1948 805; x_wconf 90' lang='lat' dir='ltr'><strong>ponere</strong></span> <span class='ocrx_word' id='word_1_51' title='bbox 1995 734 2157 814; x_wconf 83' lang='lat' dir='ltr'><strong>quod</strong></span> <span class='ocrx_word' id='word_1_52' title='bbox 2197 734 2536 794; x_wconf 89' lang='lat' dir='ltr'><strong>intellectus</strong></span> <span class='ocrx_word' id='word_1_53' title='bbox 2565 748 2754 807; x_wconf 87' lang='lat' dir='ltr'><strong>agens</strong></span> 
     </span>
     <span class='ocr_line' id='line_1_7' title="bbox 326 803 2760 885; baseline 0 -21"><span class='ocrx_word' id='word_1_54' title='bbox 326 819 396 864; x_wconf 84' lang='lat' dir='ltr'><strong>se</strong></span> <span class='ocrx_word' id='word_1_55' title='bbox 426 805 640 862; x_wconf 90' lang='lat' dir='ltr'><strong>habeat</strong></span> <span class='ocrx_word' id='word_1_56' title='bbox 685 804 754 861; x_wconf 89' lang='lat' dir='ltr'><strong>ad</strong></span> <span class='ocrx_word' id='word_1_57' title='bbox 803 803 1097 885; x_wconf 89' lang='lat' dir='ltr'><strong>principia</strong></span> <span class='ocrx_word' id='word_1_58' title='bbox 1142 803 1493 861; x_wconf 84' lang='lat' dir='ltr'><strong>naturaliter</strong></span> <span class='ocrx_word' id='word_1_59' title='bbox 1538 804 1781 875; x_wconf 85' lang='lat' dir='ltr'><strong>cognita</strong></span> <span class='ocrx_word' id='word_1_60' title='bbox 1822 818 1859 861; x_wconf 89' lang='lat' dir='ltr'><strong>a</strong></span> <span class='ocrx_word' id='word_1_61' title='bbox 1897 803 2096 873; x_wconf 82' lang='lat' dir='ltr'><strong>nobis,</strong></span> <span class='ocrx_word' id='word_1_62' title='bbox 2124 804 2218 861; x_wconf 83' lang='lat' dir='ltr'><strong>vel</strong></span> <span class='ocrx_word' id='word_1_63' title='bbox 2271 805 2427 862; x_wconf 89' lang='lat' dir='ltr'><strong>sicut</strong></span> <span class='ocrx_word' id='word_1_64' title='bbox 2468 820 2501 863; x_wconf 88' lang='lat' dir='ltr'><strong>a</strong></span> <span class='ocrx_word' id='word_1_65' title='bbox 2546 820 2654 864; x_wconf 89' lang='lat' dir='ltr'><strong>ens</strong></span> <span class='ocrx_word' id='word_1_66' title='bbox 2683 806 2760 865; x_wconf 88' lang='lat' dir='ltr'><strong>ad</strong></span> 
     </span>
     <span class='ocr_line' id='line_1_8' title="bbox 323 873 2759 948; baseline 0 -14"><span class='ocrx_word' id='word_1_67' title='bbox 323 877 792 934; x_wconf 79' lang='lat' dir='ltr'><strong>instrumentum</strong></span> <span class='ocrx_word' id='word_1_68' title='bbox 821 873 913 931; x_wconf 85' lang='lat' dir='ltr'><strong>vel</strong></span> <span class='ocrx_word' id='word_1_69' title='bbox 962 878 1119 933; x_wconf 81' lang='lat' dir='ltr'><strong>sicut</strong></span> <span class='ocrx_word' id='word_1_70' title='bbox 1167 874 1360 933; x_wconf 83' lang='lat' dir='ltr'><strong>forma</strong></span> <span class='ocrx_word' id='word_1_71' title='bbox 1390 875 1463 932; x_wconf 87' lang='lat' dir='ltr'><strong>ad</strong></span> <span class='ocrx_word' id='word_1_72' title='bbox 1506 875 1837 932; x_wconf 83' lang='lat' dir='ltr'><strong>materiam.</strong></span> <span class='ocrx_word' id='word_1_73' title='bbox 1869 874 2211 932; x_wconf 84' lang='lat' dir='ltr'><strong>Intellectus</strong></span> <span class='ocrx_word' id='word_1_74' title='bbox 2246 876 2405 932; x_wconf 90' lang='lat' dir='ltr'><strong>enim</strong></span> <span class='ocrx_word' id='word_1_75' title='bbox 2437 875 2497 932; x_wconf 88' lang='lat' dir='ltr'><strong>iu</strong></span> <span class='ocrx_word' id='word_1_76' title='bbox 2572 875 2759 948; x_wconf 88' lang='lat' dir='ltr'><strong>abitu,</strong></span> 
     </span>
     <span class='ocr_line' id='line_1_9' title="bbox 327 944 2757 1019; baseline 0 -15"><span class='ocrx_word' id='word_1_77' title='bbox 327 958 450 1019; x_wconf 84' lang='lat' dir='ltr'><strong>quo</strong></span> <span class='ocrx_word' id='word_1_78' title='bbox 479 944 668 1003; x_wconf 90' lang='lat' dir='ltr'><strong>intelli</strong></span> <span class='ocrx_word' id='word_1_79' title='bbox 719 945 895 1012; x_wconf 72' lang='lat' dir='ltr'><strong>mue,</strong></span> <span class='ocrx_word' id='word_1_80' title='bbox 928 957 1050 1002; x_wconf 90' lang='lat' dir='ltr'><strong>non</strong></span> <span class='ocrx_word' id='word_1_81' title='bbox 1095 944 1293 1003; x_wconf 90' lang='lat' dir='ltr'><strong>solum</strong></span> <span class='ocrx_word' id='word_1_82' title='bbox 1323 945 1501 1002; x_wconf 87' lang='lat' dir='ltr'><strong>habet</strong></span> <span class='ocrx_word' id='word_1_83' title='bbox 1552 945 1706 1002; x_wconf 89' lang='lat' dir='ltr'><strong>hanc</strong></span> <span class='ocrx_word' id='word_1_84' title='bbox 1752 944 2049 1003; x_wconf 86' lang='lat' dir='ltr'><strong>actionem</strong></span> <span class='ocrx_word' id='word_1_85' title='bbox 2084 958 2217 1017; x_wconf 84' lang='lat' dir='ltr'><strong>quae</strong></span> <span class='ocrx_word' id='word_1_86' title='bbox 2264 949 2358 1002; x_wconf 88' lang='lat' dir='ltr'><strong>est</strong></span> <span class='ocrx_word' id='word_1_87' title='bbox 2401 944 2757 1019; x_wconf 88' lang='lat' dir='ltr'><strong>intelligere,</strong></span> 
     </span>
     <span class='ocr_line' id='line_1_10' title="bbox 327 1014 2761 1088; baseline 0 -13"><span class='ocrx_word' id='word_1_88' title='bbox 327 1016 439 1075; x_wconf 89' lang='lat' dir='ltr'><strong>sed</strong></span> <span class='ocrx_word' id='word_1_89' title='bbox 469 1017 644 1073; x_wconf 89' lang='lat' dir='ltr'><strong>etiam</strong></span> <span class='ocrx_word' id='word_1_90' title='bbox 719 1028 831 1072; x_wconf 90' lang='lat' dir='ltr'><strong>anc</strong></span> <span class='ocrx_word' id='word_1_91' title='bbox 869 1029 1000 1088; x_wconf 81' lang='lat' dir='ltr'><strong>quae</strong></span> <span class='ocrx_word' id='word_1_92' title='bbox 1028 1019 1121 1074; x_wconf 90' lang='lat' dir='ltr'><strong>est</strong></span> <span class='ocrx_word' id='word_1_93' title='bbox 1156 1014 1350 1073; x_wconf 88' lang='lat' dir='ltr'><strong>facere</strong></span> <span class='ocrx_word' id='word_1_94' title='bbox 1377 1014 1680 1073; x_wconf 88' lang='lat' dir='ltr'><strong>intellecta</strong></span> <span class='ocrx_word' id='word_1_95' title='bbox 1725 1014 1788 1072; x_wconf 90' lang='lat' dir='ltr'><strong>in</strong></span> <span class='ocrx_word' id='word_1_96' title='bbox 1818 1020 1952 1074; x_wconf 88' lang='lat' dir='ltr'><strong>actu</strong></span> <span class='ocrx_word' id='word_1_97' title='bbox 1980 1034 1996 1083; x_wconf 87' lang='lat'>;</span> <span class='ocrx_word' id='word_1_98' title='bbox 2029 1021 2344 1087; x_wconf 87' lang='lat' dir='ltr'><strong>utrumque</strong></span> <span class='ocrx_word' id='word_1_99' title='bbox 2386 1016 2541 1073; x_wconf 92' lang='lat' dir='ltr'><strong>enim</strong></span> <span class='ocrx_word' id='word_1_100' title='bbox 2585 1032 2761 1088; x_wconf 84' lang='lat' dir='ltr'><strong>expe·</strong></span> 
     </span>
     <span class='ocr_line' id='line_1_11' title="bbox 330 1084 2761 1157; baseline 0 -12"><span class='ocrx_word' id='word_1_101' title='bbox 330 1086 521 1145; x_wconf 88' lang='lat' dir='ltr'><strong>rimur</strong></span> <span class='ocrx_word' id='word_1_102' title='bbox 548 1087 611 1142; x_wconf 90' lang='lat' dir='ltr'><strong>in</strong></span> <span class='ocrx_word' id='word_1_103' title='bbox 641 1090 848 1143; x_wconf 89' lang='lat' dir='ltr'><strong>nostra</strong></span> <span class='ocrx_word' id='word_1_104' title='bbox 891 1089 1184 1157; x_wconf 86' lang='lat' dir='ltr'><strong>potestate</strong></span> <span class='ocrx_word' id='word_1_105' title='bbox 1229 1086 1504 1143; x_wconf 78' lang='lat' dir='ltr'><strong>existere.</strong></span> <span class='ocrx_word' id='word_1_106' title='bbox 1537 1088 1660 1143; x_wconf 88' lang='lat' dir='ltr'><strong>Hoc</strong></span> <span class='ocrx_word' id='word_1_107' title='bbox 1678 1091 1884 1145; x_wconf 73' lang='lat' dir='ltr'><strong>autem</strong></span> <span class='ocrx_word' id='word_1_108' title='bbox 1960 1084 2076 1143; x_wconf 90' lang='lat' dir='ltr'><strong>uod</strong></span> <span class='ocrx_word' id='word_1_109' title='bbox 2106 1090 2197 1144; x_wconf 91' lang='lat' dir='ltr'><strong>est</strong></span> <span class='ocrx_word' id='word_1_110' title='bbox 2240 1088 2433 1143; x_wconf 86' lang='lat' dir='ltr'><strong>facere</strong></span> <span class='ocrx_word' id='word_1_111' title='bbox 2460 1086 2761 1146; x_wconf 84' lang='lat' dir='ltr'><strong>intellecta</strong></span> 
     </span>
     <span class='ocr_line' id='line_1_12' title="bbox 329 1155 2758 1283; baseline 0 -69"><span class='ocrx_word' id='word_1_112' title='bbox 329 1158 399 1214; x_wconf 88' lang='lat' dir='ltr'><strong>in</strong></span> <span class='ocrx_word' id='word_1_113' title='bbox 423 1162 557 1226; x_wconf 84' lang='lat' dir='ltr'><strong>actu</strong></span> <span class='ocrx_word' id='word_1_114' title='bbox 588 1157 781 1227; x_wconf 86' lang='lat' dir='ltr'><strong>magis</strong></span> <span class='ocrx_word' id='word_1_115' title='bbox 830 1156 1067 1283; x_wconf 55' lang='lat' dir='ltr'><strong>proprie</strong></span> <span class='ocrx_word' id='word_1_116' title='bbox 1108 1155 1374 1214; x_wconf 87' lang='lat' dir='ltr'><strong>notificat</strong></span> <span class='ocrx_word' id='word_1_117' title='bbox 1422 1156 1789 1237; x_wconf 81' lang='lat' dir='ltr'><strong>intellectum</strong></span> <span class='ocrx_word' id='word_1_118' title='bbox 1818 1157 1882 1212; x_wconf 90' lang='lat' dir='ltr'><strong>in</strong></span> <span class='ocrx_word' id='word_1_119' title='bbox 1972 1155 2133 1213; x_wconf 89' lang='lat' dir='ltr'><strong>abitu</strong></span> <span class='ocrx_word' id='word_1_120' title='bbox 2177 1169 2362 1237; x_wconf 32' lang='lat' dir='ltr'><strong>‘quam-</strong></span> <span class='ocrx_word' id='word_1_121' title='bbox 2401 1156 2758 1229; x_wconf 89' lang='lat' dir='ltr'><strong>intelligere,</strong></span> 
     </span>
     <span class='ocr_line' id='line_1_13' title="bbox 333 1226 2763 1301; baseline 0 -17"><span class='ocrx_word' id='word_1_122' title='bbox 333 1228 475 1301; x_wconf 90' lang='lat' dir='ltr'><strong>quia</strong></span> <span class='ocrx_word' id='word_1_123' title='bbox 543 1229 706 1298; x_wconf 91' lang='lat' dir='ltr'><strong>prius</strong></span> <span class='ocrx_word' id='word_1_124' title='bbox 778 1231 869 1284; x_wconf 91' lang='lat' dir='ltr'><strong>est</strong></span> <span class='ocrx_word' id='word_1_125' title='bbox 962 1240 1130 1284; x_wconf 87' lang='lat' dir='ltr'><strong>acere</strong></span> <span class='ocrx_word' id='word_1_126' title='bbox 1211 1227 1511 1285; x_wconf 88' lang='lat' dir='ltr'><strong>intellecta</strong></span> <span class='ocrx_word' id='word_1_127' title='bbox 1585 1240 1643 1282; x_wconf 80' lang='lat' dir='ltr'><strong>tn</strong></span> <span class='ocrx_word' id='word_1_128' title='bbox 1703 1232 1839 1283; x_wconf 90' lang='lat' dir='ltr'><strong>actu</strong></span> <span class='ocrx_word' id='word_1_129' title='bbox 1912 1239 2091 1299; x_wconf 88' lang='lat' dir='ltr'><strong>quam</strong></span> <span class='ocrx_word' id='word_1_130' title='bbox 2171 1226 2505 1298; x_wconf 77' lang='lat' dir='ltr'><strong>intelligere</strong></span> <span class='ocrx_word' id='word_1_131' title='bbox 2551 1245 2565 1295; x_wconf 94' lang='lat'>;</span> <span class='ocrx_word' id='word_1_132' title='bbox 2617 1234 2763 1286; x_wconf 86' lang='lat' dir='ltr'><strong>sunt</strong></span> 
     </span>
     <span class='ocr_line' id='line_1_14' title="bbox 332 1296 2763 1370; baseline 0 -14"><span class='ocrx_word' id='word_1_133' title='bbox 332 1298 495 1356; x_wconf 90' lang='lat' dir='ltr'><strong>enim</strong></span> <span class='ocrx_word' id='word_1_134' title='bbox 555 1297 826 1370; x_wconf 83' lang='lat' dir='ltr'><strong>quaedam</strong></span> <span class='ocrx_word' id='word_1_135' title='bbox 887 1296 949 1354; x_wconf 93' lang='lat' dir='ltr'><strong>in</strong></span> <span class='ocrx_word' id='word_1_136' title='bbox 1010 1297 1187 1355; x_wconf 91' lang='lat' dir='ltr'><strong>nobis</strong></span> <span class='ocrx_word' id='word_1_137' title='bbox 1242 1297 1398 1354; x_wconf 85' lang='lat' dir='ltr'><strong>facta</strong></span> <span class='ocrx_word' id='word_1_138' title='bbox 1442 1297 1743 1354; x_wconf 87' lang='lat' dir='ltr'><strong>intellecta</strong></span> <span class='ocrx_word' id='word_1_139' title='bbox 1809 1296 1875 1353; x_wconf 90' lang='lat' dir='ltr'><strong>in</strong></span> <span class='ocrx_word' id='word_1_140' title='bbox 1925 1301 2061 1353; x_wconf 90' lang='lat' dir='ltr'><strong>actu</strong></span> <span class='ocrx_word' id='word_1_141' title='bbox 2115 1296 2481 1366; x_wconf 88' lang='lat' dir='ltr'><strong>naturaliter,</strong></span> <span class='ocrx_word' id='word_1_142' title='bbox 2510 1310 2633 1354; x_wconf 88' lang='lat' dir='ltr'><strong>non</strong></span> <span class='ocrx_word' id='word_1_143' title='bbox 2688 1311 2763 1357; x_wconf 87' lang='lat' dir='ltr'><strong>ex</strong></span> 
     </span>
     <span class='ocr_line' id='line_1_15' title="bbox 332 1365 2760 1438; baseline 0.001 -12"><span class='ocrx_word' id='word_1_144' title='bbox 332 1368 535 1426; x_wconf 92' lang='lat' dir='ltr'><strong>studio</strong></span> <span class='ocrx_word' id='word_1_145' title='bbox 587 1373 690 1425; x_wconf 90' lang='lat' dir='ltr'><strong>aut</strong></span> <span class='ocrx_word' id='word_1_146' title='bbox 739 1382 811 1425; x_wconf 83' lang='lat' dir='ltr'><strong>ex</strong></span> <span class='ocrx_word' id='word_1_147' title='bbox 860 1371 1068 1425; x_wconf 88' lang='lat' dir='ltr'><strong>nostra</strong></span> <span class='ocrx_word' id='word_1_148' title='bbox 1116 1367 1437 1436; x_wconf 83' lang='lat' dir='ltr'><strong>voluntate,</strong></span> <span class='ocrx_word' id='word_1_149' title='bbox 1469 1367 1629 1424; x_wconf 91' lang='lat' dir='ltr'><strong>sicut</strong></span> <span class='ocrx_word' id='word_1_150' title='bbox 1681 1367 1875 1438; x_wconf 88' lang='lat' dir='ltr'><strong>prima</strong></span> <span class='ocrx_word' id='word_1_151' title='bbox 1927 1365 2348 1438; x_wconf 77' lang='lat' dir='ltr'><strong>intelligibilia.</strong></span> <span class='ocrx_word' id='word_1_152' title='bbox 2381 1369 2516 1425; x_wconf 84' lang='lat' dir='ltr'><strong>Haec</strong></span> <span class='ocrx_word' id='word_1_153' title='bbox 2559 1372 2760 1428; x_wconf 85' lang='lat' dir='ltr'><strong>autem</strong></span> 
     </span>
     <span class='ocr_line' id='line_1_16' title="bbox 334 1437 2761 1519; baseline 0 -23"><span class='ocrx_word' id='word_1_154' title='bbox 334 1439 528 1497; x_wconf 87' lang='lat' dir='ltr'><strong>facere</strong></span> <span class='ocrx_word' id='word_1_155' title='bbox 564 1437 864 1496; x_wconf 87' lang='lat' dir='ltr'><strong>intellecta</strong></span> <span class='ocrx_word' id='word_1_156' title='bbox 891 1444 1024 1496; x_wconf 86' lang='lat' dir='ltr'><strong>actu</strong></span> <span class='ocrx_word' id='word_1_157' title='bbox 1069 1451 1191 1494; x_wconf 89' lang='lat' dir='ltr'><strong>non</strong></span> <span class='ocrx_word' id='word_1_158' title='bbox 1223 1437 1518 1518; x_wconf 83' lang='lat' dir='ltr'><strong>contingit</strong></span> <span class='ocrx_word' id='word_1_159' title='bbox 1565 1450 1670 1508; x_wconf 91' lang='lat' dir='ltr'><strong>per</strong></span> <span class='ocrx_word' id='word_1_160' title='bbox 1711 1437 2073 1494; x_wconf 88' lang='lat' dir='ltr'><strong>intellectum</strong></span> <span class='ocrx_word' id='word_1_161' title='bbox 2101 1438 2164 1493; x_wconf 93' lang='lat' dir='ltr'><strong>in</strong></span> <span class='ocrx_word' id='word_1_162' title='bbox 2193 1437 2420 1507; x_wconf 88' lang='lat' dir='ltr'><strong>habitu,</strong></span> <span class='ocrx_word' id='word_1_163' title='bbox 2449 1451 2555 1509; x_wconf 89' lang='lat' dir='ltr'><strong>per</strong></span> <span class='ocrx_word' id='word_1_164' title='bbox 2582 1450 2761 1519; x_wconf 77' lang='lat' dir='ltr'><strong>quem</strong></span> 
     </span>
     <span class='ocr_line' id='line_1_17' title="bbox 332 1507 2762 1588; baseline 0 -22"><span class='ocrx_word' id='word_1_165' title='bbox 332 1509 484 1567; x_wconf 86' lang='lat' dir='ltr'><strong>fiunt</strong></span> <span class='ocrx_word' id='word_1_166' title='bbox 514 1508 817 1565; x_wconf 89' lang='lat' dir='ltr'><strong>intellecta</strong></span> <span class='ocrx_word' id='word_1_167' title='bbox 842 1508 906 1564; x_wconf 89' lang='lat' dir='ltr'><strong>in</strong></span> <span class='ocrx_word' id='word_1_168' title='bbox 932 1512 1068 1566; x_wconf 85' lang='lat' dir='ltr'><strong>actu</strong></span> <span class='ocrx_word' id='word_1_169' title='bbox 1096 1522 1167 1565; x_wconf 90' lang='lat' dir='ltr'><strong>ea</strong></span> <span class='ocrx_word' id='word_1_170' title='bbox 1214 1522 1345 1579; x_wconf 80' lang='lat' dir='ltr'><strong>quae</strong></span> <span class='ocrx_word' id='word_1_171' title='bbox 1375 1520 1604 1565; x_wconf 81' lang='lat' dir='ltr'><strong>scimus</strong></span> <span class='ocrx_word' id='word_1_172' title='bbox 1633 1522 1705 1565; x_wconf 85' lang='lat' dir='ltr'><strong>ex</strong></span> <span class='ocrx_word' id='word_1_173' title='bbox 1733 1507 1954 1571; x_wconf 89' lang='lat' dir='ltr'><strong>studio,</strong></span> <span class='ocrx_word' id='word_1_174' title='bbox 1988 1507 2092 1565; x_wconf 88' lang='lat' dir='ltr'><strong>sed</strong></span> <span class='ocrx_word' id='word_1_175' title='bbox 2130 1507 2325 1588; x_wconf 82' lang='lat' dir='ltr'><strong>magis</strong></span> <span class='ocrx_word' id='word_1_176' title='bbox 2350 1513 2493 1566; x_wconf 88' lang='lat' dir='ltr'><strong>sunt</strong></span> <span class='ocrx_word' id='word_1_177' title='bbox 2520 1508 2762 1566; x_wconf 80' lang='lat' dir='ltr'><strong>initium</strong></span> 
     </span>
     <span class='ocr_line' id='line_1_18' title="bbox 334 1576 2760 1649; baseline 0 -13"><span class='ocrx_word' id='word_1_178' title='bbox 334 1579 674 1636; x_wconf 90' lang='lat' dir='ltr'><strong>intellectus</strong></span> <span class='ocrx_word' id='word_1_179' title='bbox 704 1579 766 1634; x_wconf 88' lang='lat' dir='ltr'><strong>in</strong></span> <span class='ocrx_word' id='word_1_180' title='bbox 817 1577 1061 1646; x_wconf 88' lang='lat' dir='ltr'><strong>habitu;</strong></span> <span class='ocrx_word' id='word_1_181' title='bbox 1092 1577 1248 1635; x_wconf 87' lang='lat' dir='ltr'><strong>unde</strong></span> <span class='ocrx_word' id='word_1_182' title='bbox 1294 1582 1352 1634; x_wconf 87' lang='lat' dir='ltr'><strong>et</strong></span> <span class='ocrx_word' id='word_1_183' title='bbox 1381 1578 1620 1640; x_wconf 87' lang='lat' dir='ltr'><strong>babitus</strong></span> <span class='ocrx_word' id='word_1_184' title='bbox 1668 1578 1881 1636; x_wconf 88' lang='lat' dir='ltr'><strong>horum</strong></span> <span class='ocrx_word' id='word_1_185' title='bbox 1926 1576 2393 1649; x_wconf 83' lang='lat' dir='ltr'><strong>intelligibilium</strong></span> <span class='ocrx_word' id='word_1_186' title='bbox 2435 1578 2509 1636; x_wconf 89' lang='lat' dir='ltr'><strong>ab</strong></span> <span class='ocrx_word' id='word_1_187' title='bbox 2536 1579 2760 1637; x_wconf 79' lang='lat' dir='ltr'><strong>Aristo-</strong></span> 
     </span>
     <span class='ocr_line' id='line_1_19' title="bbox 333 1647 2765 1721; baseline 0.001 -15"><span class='ocrx_word' id='word_1_188' title='bbox 333 1651 451 1707; x_wconf 85' lang='lat' dir='ltr'><strong>tele</strong></span> <span class='ocrx_word' id='word_1_189' title='bbox 481 1649 712 1721; x_wconf 64' lang='lat' dir='ltr'><strong>(Ethio.</strong></span> <span class='ocrx_word' id='word_1_190' title='bbox 743 1662 831 1718; x_wconf 76' lang='lat' dir='ltr'><strong>vl,</strong></span> <span class='ocrx_word' id='word_1_191' title='bbox 862 1664 914 1706; x_wconf 88' lang='lat' dir='ltr'><strong>c.</strong></span> <span class='ocrx_word' id='word_1_192' title='bbox 942 1648 1001 1721; x_wconf 86' lang='lat'><strong>7)</strong></span> <span class='ocrx_word' id='word_1_193' title='bbox 1029 1649 1365 1706; x_wconf 88' lang='lat' dir='ltr'><strong>intellectus</strong></span> <span class='ocrx_word' id='word_1_194' title='bbox 1396 1648 1640 1716; x_wconf 87' lang='lat' dir='ltr'><strong>dicitur;</strong></span> <span class='ocrx_word' id='word_1_195' title='bbox 1673 1647 1823 1706; x_wconf 82' lang='lat' dir='ltr'><strong>fiunt</strong></span> <span class='ocrx_word' id='word_1_196' title='bbox 1855 1652 2052 1706; x_wconf 90' lang='lat' dir='ltr'><strong>autem</strong></span> <span class='ocrx_word' id='word_1_197' title='bbox 2079 1647 2381 1706; x_wconf 86' lang='lat' dir='ltr'><strong>intellecta</strong></span> <span class='ocrx_word' id='word_1_198' title='bbox 2407 1649 2468 1705; x_wconf 92' lang='lat' dir='ltr'><strong>in</strong></span> <span class='ocrx_word' id='word_1_199' title='bbox 2499 1654 2632 1707; x_wconf 89' lang='lat' dir='ltr'><strong>actu</strong></span> <span class='ocrx_word' id='word_1_200' title='bbox 2658 1662 2765 1720; x_wconf 88' lang='lat' dir='ltr'><strong>per</strong></span> 
     </span>
     <span class='ocr_line' id='line_1_20' title="bbox 335 1717 2763 1790; baseline -0.001 -11"><span class='ocrx_word' id='word_1_201' title='bbox 335 1721 533 1779; x_wconf 87' lang='lat' dir='ltr'><strong>solum</strong></span> <span class='ocrx_word' id='word_1_202' title='bbox 583 1718 949 1777; x_wconf 89' lang='lat' dir='ltr'><strong>intellectum</strong></span> <span class='ocrx_word' id='word_1_203' title='bbox 997 1724 1291 1790; x_wconf 81' lang='lat' dir='ltr'><strong>agentem,</strong></span> <span class='ocrx_word' id='word_1_204' title='bbox 1320 1733 1425 1790; x_wconf 90' lang='lat' dir='ltr'><strong>per</strong></span> <span class='ocrx_word' id='word_1_205' title='bbox 1453 1719 1567 1776; x_wconf 87' lang='lat' dir='ltr'><strong>hoc</strong></span> <span class='ocrx_word' id='word_1_206' title='bbox 1596 1723 1795 1776; x_wconf 89' lang='lat' dir='ltr'><strong>autem</strong></span> <span class='ocrx_word' id='word_1_207' title='bbox 1838 1717 1992 1776; x_wconf 86' lang='lat' dir='ltr'><strong>fiunt</strong></span> <span class='ocrx_word' id='word_1_208' title='bbox 2034 1718 2335 1776; x_wconf 87' lang='lat' dir='ltr'><strong>intellecta</strong></span> <span class='ocrx_word' id='word_1_209' title='bbox 2379 1719 2440 1776; x_wconf 91' lang='lat' dir='ltr'><strong>in</strong></span> <span class='ocrx_word' id='word_1_210' title='bbox 2476 1725 2611 1776; x_wconf 86' lang='lat' dir='ltr'><strong>actu</strong></span> <span class='ocrx_word' id='word_1_211' title='bbox 2642 1720 2763 1778; x_wconf 86' lang='lat' dir='ltr'><strong>alia</strong></span> 
     </span>
     <span class='ocr_line' id='line_1_21' title="bbox 335 1788 2759 1863; baseline 0 -16"><span class='ocrx_word' id='word_1_212' title='bbox 335 1804 469 1863; x_wconf 84' lang='lat' dir='ltr'><strong>quae</strong></span> <span class='ocrx_word' id='word_1_213' title='bbox 496 1805 566 1847; x_wconf 82' lang='lat' dir='ltr'><strong>ex</strong></span> <span class='ocrx_word' id='word_1_214' title='bbox 601 1790 801 1848; x_wconf 90' lang='lat' dir='ltr'><strong>studio</strong></span> <span class='ocrx_word' id='word_1_215' title='bbox 832 1792 1079 1847; x_wconf 78' lang='lat' dir='ltr'><strong>scimus,</strong></span> <span class='ocrx_word' id='word_1_216' title='bbox 1113 1792 1323 1847; x_wconf 84' lang='lat' dir='ltr'><strong>Facere</strong></span> <span class='ocrx_word' id='word_1_217' title='bbox 1354 1790 1537 1861; x_wconf 86' lang='lat' dir='ltr'><strong>igitur</strong></span> <span class='ocrx_word' id='word_1_218' title='bbox 1579 1790 1707 1846; x_wconf 88' lang='lat' dir='ltr'><strong>haec</strong></span> <span class='ocrx_word' id='word_1_219' title='bbox 1732 1789 2161 1861; x_wconf 88' lang='lat' dir='ltr'><strong>consequentia</strong></span> <span class='ocrx_word' id='word_1_220' title='bbox 2206 1788 2508 1847; x_wconf 88' lang='lat' dir='ltr'><strong>intellecta</strong></span> <span class='ocrx_word' id='word_1_221' title='bbox 2532 1790 2595 1846; x_wconf 89' lang='lat' dir='ltr'><strong>in</strong></span> <span class='ocrx_word' id='word_1_222' title='bbox 2624 1795 2759 1847; x_wconf 88' lang='lat' dir='ltr'><strong>actu</strong></span> 
     </span>
     <span class='ocr_line' id='line_1_22' title="bbox 338 1859 2763 1932; baseline 0 -14"><span class='ocrx_word' id='word_1_223' title='bbox 338 1867 431 1919; x_wconf 87' lang='lat' dir='ltr'><strong>est</strong></span> <span class='ocrx_word' id='word_1_224' title='bbox 458 1861 613 1919; x_wconf 90' lang='lat' dir='ltr'><strong>actio</strong></span> <span class='ocrx_word' id='word_1_225' title='bbox 643 1866 698 1918; x_wconf 85' lang='lat' dir='ltr'><strong>et</strong></span> <span class='ocrx_word' id='word_1_226' title='bbox 740 1860 1081 1917; x_wconf 84' lang='lat' dir='ltr'><strong>intellectus</strong></span> <span class='ocrx_word' id='word_1_227' title='bbox 1114 1861 1177 1917; x_wconf 90' lang='lat' dir='ltr'><strong>in</strong></span> <span class='ocrx_word' id='word_1_228' title='bbox 1207 1860 1414 1917; x_wconf 87' lang='lat' dir='ltr'><strong>habitu</strong></span> <span class='ocrx_word' id='word_1_229' title='bbox 1464 1865 1753 1932; x_wconf 87' lang='lat' dir='ltr'><strong>quantum</strong></span> <span class='ocrx_word' id='word_1_230' title='bbox 1798 1859 1871 1917; x_wconf 90' lang='lat' dir='ltr'><strong>ad</strong></span> <span class='ocrx_word' id='word_1_231' title='bbox 1940 1860 2091 1917; x_wconf 90' lang='lat' dir='ltr'><strong>rima</strong></span> <span class='ocrx_word' id='word_1_232' title='bbox 2132 1859 2425 1931; x_wconf 87' lang='lat' dir='ltr'><strong>principia</strong></span> <span class='ocrx_word' id='word_1_233' title='bbox 2465 1866 2524 1917; x_wconf 92' lang='lat' dir='ltr'><strong>et</strong></span> <span class='ocrx_word' id='word_1_234' title='bbox 2567 1860 2763 1930; x_wconf 84' lang='lat' dir='ltr'><strong>ipsius</strong></span> 
     </span>
     <span class='ocr_line' id='line_1_23' title="bbox 337 1929 2762 2003; baseline 0 -15"><span class='ocrx_word' id='word_1_235' title='bbox 337 1932 680 1988; x_wconf 89' lang='lat' dir='ltr'><strong>intellectus</strong></span> <span class='ocrx_word' id='word_1_236' title='bbox 706 1931 962 2003; x_wconf 86' lang='lat' dir='ltr'><strong>agentis.</strong></span> <span class='ocrx_word' id='word_1_237' title='bbox 991 1932 1117 1987; x_wconf 89' lang='lat' dir='ltr'><strong>Una</strong></span> <span class='ocrx_word' id='word_1_238' title='bbox 1164 1936 1357 1988; x_wconf 87' lang='lat' dir='ltr'><strong>autem</strong></span> <span class='ocrx_word' id='word_1_239' title='bbox 1408 1931 1564 1988; x_wconf 88' lang='lat' dir='ltr'><strong>actio</strong></span> <span class='ocrx_word' id='word_1_240' title='bbox 1613 1944 1735 1988; x_wconf 89' lang='lat' dir='ltr'><strong>non</strong></span> <span class='ocrx_word' id='word_1_241' title='bbox 1765 1935 1857 1988; x_wconf 88' lang='lat' dir='ltr'><strong>est</strong></span> <span class='ocrx_word' id='word_1_242' title='bbox 1921 1943 2153 1994; x_wconf 89' lang='lat' dir='ltr'><strong>uorum,</strong></span> <span class='ocrx_word' id='word_1_243' title='bbox 2178 1929 2296 1988; x_wconf 90' lang='lat' dir='ltr'><strong>nisi</strong></span> <span class='ocrx_word' id='word_1_244' title='bbox 2328 1943 2512 1988; x_wconf 91' lang='lat' dir='ltr'><strong>unum</strong></span> <span class='ocrx_word' id='word_1_245' title='bbox 2554 1944 2762 1989; x_wconf 91' lang='lat' dir='ltr'><strong>eorum</strong></span> 
     </span>
     <span class='ocr_line' id='line_1_24' title="bbox 339 2000 2766 2073; baseline 0 -13"><span class='ocrx_word' id='word_1_246' title='bbox 339 2008 715 2073; x_wconf 87' lang='lat' dir='ltr'><strong>comparetur</strong></span> <span class='ocrx_word' id='word_1_247' title='bbox 742 2000 816 2057; x_wconf 91' lang='lat' dir='ltr'><strong>ad</strong></span> <span class='ocrx_word' id='word_1_248' title='bbox 846 2000 1094 2058; x_wconf 88' lang='lat' dir='ltr'><strong>alterum</strong></span> <span class='ocrx_word' id='word_1_249' title='bbox 1142 2000 1299 2058; x_wconf 91' lang='lat' dir='ltr'><strong>sicut</strong></span> <span class='ocrx_word' id='word_1_250' title='bbox 1331 2014 1518 2073; x_wconf 88' lang='lat' dir='ltr'><strong>agens</strong></span> <span class='ocrx_word' id='word_1_251' title='bbox 1545 2001 1618 2058; x_wconf 90' lang='lat' dir='ltr'><strong>ad</strong></span> <span class='ocrx_word' id='word_1_252' title='bbox 1662 2002 2124 2059; x_wconf 84' lang='lat' dir='ltr'><strong>instrumentum</strong></span> <span class='ocrx_word' id='word_1_253' title='bbox 2149 2001 2240 2056; x_wconf 84' lang='lat' dir='ltr'><strong>vel</strong></span> <span class='ocrx_word' id='word_1_254' title='bbox 2284 2000 2440 2058; x_wconf 92' lang='lat' dir='ltr'><strong>sicut</strong></span> <span class='ocrx_word' id='word_1_255' title='bbox 2470 2002 2662 2059; x_wconf 85' lang='lat' dir='ltr'><strong>forma</strong></span> <span class='ocrx_word' id='word_1_256' title='bbox 2688 2001 2766 2060; x_wconf 88' lang='lat' dir='ltr'><strong>ad</strong></span> 
     </span>
     <span class='ocr_line' id='line_1_25' title="bbox 338 2071 2766 2144; baseline 0 -14"><span class='ocrx_word' id='word_1_257' title='bbox 338 2074 668 2130; x_wconf 86' lang='lat' dir='ltr'><strong>materiam.</strong></span> <span class='ocrx_word' id='word_1_258' title='bbox 701 2073 942 2142; x_wconf 88' lang='lat' dir='ltr'><strong>Oportet</strong></span> <span class='ocrx_word' id='word_1_259' title='bbox 987 2071 1170 2144; x_wconf 88' lang='lat' dir='ltr'><strong>igitur</strong></span> <span class='ocrx_word' id='word_1_260' title='bbox 1214 2071 1374 2144; x_wconf 87' lang='lat' dir='ltr'><strong>quod</strong></span> <span class='ocrx_word' id='word_1_261' title='bbox 1419 2072 1760 2129; x_wconf 85' lang='lat' dir='ltr'><strong>intellectus</strong></span> <span class='ocrx_word' id='word_1_262' title='bbox 1808 2085 1994 2144; x_wconf 85' lang='lat' dir='ltr'><strong>agens</strong></span> <span class='ocrx_word' id='word_1_263' title='bbox 2041 2075 2416 2142; x_wconf 88' lang='lat' dir='ltr'><strong>comparetur</strong></span> <span class='ocrx_word' id='word_1_264' title='bbox 2456 2071 2530 2130; x_wconf 91' lang='lat' dir='ltr'><strong>ad</strong></span> <span class='ocrx_word' id='word_1_265' title='bbox 2571 2073 2766 2144; x_wconf 87' lang='lat' dir='ltr'><strong>prima</strong></span> 
     </span>
     <span class='ocr_line' id='line_1_26' title="bbox 337 2141 2765 2222; baseline 0 -23"><span class='ocrx_word' id='word_1_266' title='bbox 337 2143 630 2215; x_wconf 90' lang='lat' dir='ltr'><strong>principia</strong></span> <span class='ocrx_word' id='word_1_267' title='bbox 675 2142 1014 2222; x_wconf 76' lang='lat' dir='ltr'><strong>intellectus</strong></span> <span class='ocrx_word' id='word_1_268' title='bbox 1065 2143 1127 2199; x_wconf 90' lang='lat' dir='ltr'><strong>in</strong></span> <span class='ocrx_word' id='word_1_269' title='bbox 1155 2141 1399 2222; x_wconf 66' lang='lat' dir='ltr'><strong>babitu,</strong></span> <span class='ocrx_word' id='word_1_270' title='bbox 1446 2142 1540 2199; x_wconf 83' lang='lat' dir='ltr'><strong>vel</strong></span> <span class='ocrx_word' id='word_1_271' title='bbox 1586 2142 1746 2199; x_wconf 91' lang='lat' dir='ltr'><strong>sicut</strong></span> <span class='ocrx_word' id='word_1_272' title='bbox 1787 2154 1975 2215; x_wconf 83' lang='lat' dir='ltr'><strong>agens</strong></span> <span class='ocrx_word' id='word_1_273' title='bbox 2016 2142 2091 2199; x_wconf 89' lang='lat' dir='ltr'><strong>ad</strong></span> <span class='ocrx_word' id='word_1_274' title='bbox 2136 2142 2624 2213; x_wconf 83' lang='lat' dir='ltr'><strong>instrumentum,</strong></span> <span class='ocrx_word' id='word_1_275' title='bbox 2668 2142 2765 2201; x_wconf 84' lang='lat' dir='ltr'><strong>vel</strong></span> 
     </span>
     <span class='ocr_line' id='line_1_27' title="bbox 339 2212 2763 2341; baseline 0 -70"><span class='ocrx_word' id='word_1_276' title='bbox 339 2215 497 2272; x_wconf 89' lang='lat' dir='ltr'><strong>sicut</strong></span> <span class='ocrx_word' id='word_1_277' title='bbox 519 2214 752 2341; x_wconf 50' lang='lat' dir='ltr'><strong>dsprma</strong></span> <span class='ocrx_word' id='word_1_278' title='bbox 815 2212 889 2271; x_wconf 88' lang='lat' dir='ltr'><strong>ad</strong></span> <span class='ocrx_word' id='word_1_279' title='bbox 962 2217 1290 2271; x_wconf 81' lang='lat' dir='ltr'><strong>materiam.</strong></span> <span class='ocrx_word' id='word_1_280' title='bbox 1357 2212 1528 2283; x_wconf 83' lang='lat' dir='ltr'><strong>Quod</strong></span> <span class='ocrx_word' id='word_1_281' title='bbox 1586 2212 1825 2285; x_wconf 90' lang='lat' dir='ltr'><strong>quidem</strong></span> <span class='ocrx_word' id='word_1_282' title='bbox 1893 2212 2148 2286; x_wconf 88' lang='lat' dir='ltr'><strong>qualiter</strong></span> <span class='ocrx_word' id='word_1_283' title='bbox 2215 2213 2411 2282; x_wconf 87' lang='lat' dir='ltr'><strong>possit</strong></span> <span class='ocrx_word' id='word_1_284' title='bbox 2471 2226 2606 2271; x_wconf 88' lang='lat' dir='ltr'><strong>esse</strong></span> <span class='ocrx_word' id='word_1_285' title='bbox 2673 2213 2763 2272; x_wconf 90' lang='lat' dir='ltr'><strong>sic</strong></span> 
     </span>
     <span class='ocr_line' id='line_1_28' title="bbox 336 2290 649 2343; baseline -0.006 0"><span class='ocrx_word' id='word_1_286' title='bbox 336 2290 514 2343; x_wconf 87' lang='lat' dir='ltr'><strong>osten</strong></span> <span class='ocrx_word' id='word_1_287' title='bbox 558 2300 573 2340; x_wconf 84' lang='grc'>1</span> <span class='ocrx_word' id='word_1_288' title='bbox 635 2302 649 2341; x_wconf 78' lang='lat' dir='ltr'><strong><em>z</em></strong></span> 
     </span>
    </p>

    <p class='ocr_par' dir='ltr' id='par_1_4' title="bbox 325 2352 2769 4541">
     <span class='ocr_line' id='line_1_29' title="bbox 410 2352 2764 2426; baseline 0 -13"><span class='ocrx_word' id='word_1_289' title='bbox 410 2355 751 2413; x_wconf 84' lang='lat' dir='ltr'><strong>Intellectus</strong></span> <span class='ocrx_word' id='word_1_290' title='bbox 793 2352 1122 2425; x_wconf 89' lang='lat' dir='ltr'><strong>possibilis,</strong></span> <span class='ocrx_word' id='word_1_291' title='bbox 1193 2366 1338 2411; x_wconf 91' lang='lat' dir='ltr'><strong>uum</strong></span> <span class='ocrx_word' id='word_1_292' title='bbox 1385 2353 1484 2420; x_wconf 84' lang='lat' dir='ltr'><strong>sit,</strong></span> <span class='ocrx_word' id='word_1_293' title='bbox 1526 2353 1856 2411; x_wconf 90' lang='lat' dir='ltr'><strong>secundum</strong></span> <span class='ocrx_word' id='word_1_294' title='bbox 1900 2352 2031 2424; x_wconf 87' lang='lat' dir='ltr'><strong>ejus</strong></span> <span class='ocrx_word' id='word_1_295' title='bbox 2070 2352 2455 2425; x_wconf 86' lang='lat' dir='ltr'><strong>positionem,</strong></span> <span class='ocrx_word' id='word_1_296' title='bbox 2488 2355 2764 2426; x_wconf 76' lang='lat' dir='ltr'><strong>quaedam</strong></span> 
     </span>
     <span class='ocr_line' id='line_1_30' title="bbox 337 2422 2765 2496; baseline -0.001 -11"><span class='ocrx_word' id='word_1_297' title='bbox 337 2425 679 2485; x_wconf 85' lang='lat' dir='ltr'><strong>substantia</strong></span> <span class='ocrx_word' id='word_1_298' title='bbox 707 2429 999 2495; x_wconf 85' lang='lat' dir='ltr'><strong>separata,</strong></span> <span class='ocrx_word' id='word_1_299' title='bbox 1029 2423 1175 2482; x_wconf 88' lang='lat' dir='ltr'><strong>intel</strong></span> <span class='ocrx_word' id='word_1_300' title='bbox 1203 2424 1312 2496; x_wconf 86' lang='lat' dir='ltr'><strong>igit</strong></span> <span class='ocrx_word' id='word_1_301' title='bbox 1353 2422 1723 2480; x_wconf 89' lang='lat' dir='ltr'><strong>intellectum</strong></span> <span class='ocrx_word' id='word_1_302' title='bbox 1773 2438 1809 2481; x_wconf 91' lang='lat' dir='ltr'><strong>a</strong></span> <span class='ocrx_word' id='word_1_303' title='bbox 1851 2428 2047 2481; x_wconf 91' lang='lat' dir='ltr'><strong>entem</strong></span> <span class='ocrx_word' id='word_1_304' title='bbox 2094 2429 2153 2479; x_wconf 90' lang='lat' dir='ltr'><strong>et</strong></span> <span class='ocrx_word' id='word_1_305' title='bbox 2194 2424 2343 2480; x_wconf 87' lang='lat' dir='ltr'><strong>alias</strong></span> <span class='ocrx_word' id='word_1_306' title='bbox 2392 2423 2765 2483; x_wconf 85' lang='lat' dir='ltr'><strong>substantias</strong></span> 
     </span>
     <span class='ocr_line' id='line_1_31' title="bbox 340 2493 2764 2568; baseline -0.001 -12"><span class='ocrx_word' id='word_1_307' title='bbox 340 2503 646 2568; x_wconf 84' lang='lat' dir='ltr'><strong>separatas</strong></span> <span class='ocrx_word' id='word_1_308' title='bbox 693 2500 751 2553; x_wconf 91' lang='lat' dir='ltr'><strong>et</strong></span> <span class='ocrx_word' id='word_1_309' title='bbox 795 2494 974 2553; x_wconf 89' lang='lat' dir='ltr'><strong>etiam</strong></span> <span class='ocrx_word' id='word_1_310' title='bbox 1021 2494 1213 2566; x_wconf 89' lang='lat' dir='ltr'><strong>prima</strong></span> <span class='ocrx_word' id='word_1_311' title='bbox 1279 2493 1582 2552; x_wconf 88' lang='lat' dir='ltr'><strong>intellecta</strong></span> <span class='ocrx_word' id='word_1_312' title='bbox 1627 2508 1805 2566; x_wconf 89' lang='lat' dir='ltr'><strong>specu</strong></span> <span class='ocrx_word' id='word_1_313' title='bbox 1836 2493 2028 2562; x_wconf 82' lang='lat' dir='ltr'><strong>ativa;</strong></span> <span class='ocrx_word' id='word_1_314' title='bbox 2061 2497 2153 2551; x_wconf 90' lang='lat' dir='ltr'><strong>est</strong></span> <span class='ocrx_word' id='word_1_315' title='bbox 2197 2493 2382 2563; x_wconf 81' lang='lat' dir='ltr'><strong>igitur</strong></span> <span class='ocrx_word' id='word_1_316' title='bbox 2427 2494 2764 2566; x_wconf 87' lang='lat' dir='ltr'><strong>subjectum</strong></span> 
     </span>
     <span class='ocr_line' id='line_1_32' title="bbox 338 2563 2761 2639; baseline -0 -14"><span class='ocrx_word' id='word_1_317' title='bbox 338 2573 750 2639; x_wconf 86' lang='lat' dir='ltr'><strong>utrorumque.</strong></span> <span class='ocrx_word' id='word_1_318' title='bbox 781 2567 1180 2637; x_wconf 84' lang='lat' dir='ltr'><strong>Quaecumque</strong></span> <span class='ocrx_word' id='word_1_319' title='bbox 1245 2570 1442 2623; x_wconf 86' lang='lat' dir='ltr'><strong>autem</strong></span> <span class='ocrx_word' id='word_1_320' title='bbox 1490 2565 1854 2622; x_wconf 88' lang='lat' dir='ltr'><strong>conveniunt</strong></span> <span class='ocrx_word' id='word_1_321' title='bbox 1898 2564 1959 2621; x_wconf 92' lang='lat' dir='ltr'><strong>in</strong></span> <span class='ocrx_word' id='word_1_322' title='bbox 2013 2577 2136 2622; x_wconf 91' lang='lat' dir='ltr'><strong>uno</strong></span> <span class='ocrx_word' id='word_1_323' title='bbox 2186 2563 2475 2635; x_wconf 84' lang='lat' dir='ltr'><strong>subjecto,</strong></span> <span class='ocrx_word' id='word_1_324' title='bbox 2509 2567 2761 2624; x_wconf 89' lang='lat' dir='ltr'><strong>alterum</strong></span> 
     </span>
     <span class='ocr_line' id='line_1_33' title="bbox 341 2633 2764 2707; baseline -0.001 -11"><span class='ocrx_word' id='word_1_325' title='bbox 341 2652 546 2696; x_wconf 89' lang='lat' dir='ltr'><strong>eorum</strong></span> <span class='ocrx_word' id='word_1_326' title='bbox 578 2642 669 2695; x_wconf 89' lang='lat' dir='ltr'><strong>est</strong></span> <span class='ocrx_word' id='word_1_327' title='bbox 697 2637 854 2694; x_wconf 90' lang='lat' dir='ltr'><strong>sicut</strong></span> <span class='ocrx_word' id='word_1_328' title='bbox 881 2636 1073 2694; x_wconf 87' lang='lat' dir='ltr'><strong>forma</strong></span> <span class='ocrx_word' id='word_1_329' title='bbox 1100 2635 1346 2694; x_wconf 89' lang='lat' dir='ltr'><strong>alterius</strong></span> <span class='ocrx_word' id='word_1_330' title='bbox 1373 2653 1387 2704; x_wconf 91' lang='lat'>;</span> <span class='ocrx_word' id='word_1_331' title='bbox 1420 2635 1595 2697; x_wconf 86' lang='lat' dir='ltr'><strong>sicut,</strong></span> <span class='ocrx_word' id='word_1_332' title='bbox 1649 2649 1833 2706; x_wconf 83' lang='lat' dir='ltr'><strong>quum</strong></span> <span class='ocrx_word' id='word_1_333' title='bbox 1861 2634 2030 2692; x_wconf 89' lang='lat' dir='ltr'><strong>color</strong></span> <span class='ocrx_word' id='word_1_334' title='bbox 2057 2639 2116 2691; x_wconf 89' lang='lat' dir='ltr'><strong>et</strong></span> <span class='ocrx_word' id='word_1_335' title='bbox 2142 2633 2245 2691; x_wconf 80' lang='lat' dir='ltr'><strong>lux</strong></span> <span class='ocrx_word' id='word_1_336' title='bbox 2276 2635 2399 2691; x_wconf 93' lang='lat' dir='ltr'><strong>sint</strong></span> <span class='ocrx_word' id='word_1_337' title='bbox 2426 2635 2489 2690; x_wconf 92' lang='lat' dir='ltr'><strong>in</strong></span> <span class='ocrx_word' id='word_1_338' title='bbox 2520 2635 2764 2707; x_wconf 88' lang='lat' dir='ltr'><strong>diapha·</strong></span> 
     </span>
     <span class='ocr_line' id='line_1_34' title="bbox 339 2703 2767 2778; baseline -0 -12"><span class='ocrx_word' id='word_1_339' title='bbox 339 2721 423 2766; x_wconf 90' lang='lat' dir='ltr'><strong>no</strong></span> <span class='ocrx_word' id='word_1_340' title='bbox 453 2710 609 2767; x_wconf 87' lang='lat' dir='ltr'><strong>sicut</strong></span> <span class='ocrx_word' id='word_1_341' title='bbox 638 2708 695 2765; x_wconf 88' lang='lat' dir='ltr'><strong>in</strong></span> <span class='ocrx_word' id='word_1_342' title='bbox 729 2706 1018 2778; x_wconf 90' lang='lat' dir='ltr'><strong>subject0‚</strong></span> <span class='ocrx_word' id='word_1_343' title='bbox 1047 2710 1279 2777; x_wconf 90' lang='lat' dir='ltr'><strong>oportet</strong></span> <span class='ocrx_word' id='word_1_344' title='bbox 1319 2706 1479 2778; x_wconf 88' lang='lat' dir='ltr'><strong>quod</strong></span> <span class='ocrx_word' id='word_1_345' title='bbox 1532 2705 1802 2774; x_wconf 89' lang='lat' dir='ltr'><strong>alterum,</strong></span> <span class='ocrx_word' id='word_1_346' title='bbox 1831 2704 2064 2762; x_wconf 89' lang='lat' dir='ltr'><strong>scilicet</strong></span> <span class='ocrx_word' id='word_1_347' title='bbox 2103 2703 2225 2773; x_wconf 87' lang='lat' dir='ltr'><strong>lux,</strong></span> <span class='ocrx_word' id='word_1_348' title='bbox 2257 2705 2335 2762; x_wconf 92' lang='lat' dir='ltr'><strong>sit</strong></span> <span class='ocrx_word' id='word_1_349' title='bbox 2370 2705 2542 2777; x_wconf 88' lang='lat' dir='ltr'><strong>quasi</strong></span> <span class='ocrx_word' id='word_1_350' title='bbox 2574 2708 2767 2765; x_wconf 83' lang='lat' dir='ltr'><strong>forma</strong></span> 
     </span>
     <span class='ocr_line' id='line_1_35' title="bbox 325 2773 2763 2847; baseline -0.002 -9"><span class='ocrx_word' id='word_1_351' title='bbox 325 2779 608 2847; x_wconf 77' lang='lat' dir='ltr'><strong>‘alteriu3,</strong></span> <span class='ocrx_word' id='word_1_352' title='bbox 640 2778 870 2836; x_wconf 89' lang='lat' dir='ltr'><strong>scilicet</strong></span> <span class='ocrx_word' id='word_1_353' title='bbox 897 2776 1139 2835; x_wconf 78' lang='lat' dir='ltr'><strong>coloriS.</strong></span> <span class='ocrx_word' id='word_1_354' title='bbox 1172 2778 1289 2833; x_wconf 83' lang='lat' dir='ltr'><strong>Hoc</strong></span> <span class='ocrx_word' id='word_1_355' title='bbox 1337 2781 1532 2833; x_wconf 88' lang='lat' dir='ltr'><strong>autem</strong></span> <span class='ocrx_word' id='word_1_356' title='bbox 1567 2788 1814 2834; x_wconf 88' lang='lat' dir='ltr'><strong>necesse</strong></span> <span class='ocrx_word' id='word_1_357' title='bbox 1845 2780 1937 2832; x_wconf 89' lang='lat' dir='ltr'><strong>est</strong></span> <span class='ocrx_word' id='word_1_358' title='bbox 1966 2773 2205 2847; x_wconf 87' lang='lat' dir='ltr'><strong>quando</strong></span> <span class='ocrx_word' id='word_1_359' title='bbox 2244 2774 2466 2832; x_wconf 84' lang='lat' dir='ltr'><strong>habent</strong></span> <span class='ocrx_word' id='word_1_360' title='bbox 2489 2776 2763 2834; x_wconf 84' lang='lat' dir='ltr'><strong>ordinem</strong></span> 
     </span>
     <span class='ocr_line' id='line_1_36' title="bbox 339 2845 2764 2920; baseline -0.001 -12"><span class='ocrx_word' id='word_1_361' title='bbox 339 2849 417 2908; x_wconf 87' lang='lat' dir='ltr'><strong>ad</strong></span> <span class='ocrx_word' id='word_1_362' title='bbox 445 2850 719 2917; x_wconf 87' lang='lat' dir='ltr'><strong>invicem,</strong></span> <span class='ocrx_word' id='word_1_363' title='bbox 749 2861 872 2906; x_wconf 90' lang='lat' dir='ltr'><strong>non</strong></span> <span class='ocrx_word' id='word_1_364' title='bbox 901 2846 964 2904; x_wconf 89' lang='lat' dir='ltr'><strong>in</strong></span> <span class='ocrx_word' id='word_1_365' title='bbox 993 2847 1089 2905; x_wconf 87' lang='lat' dir='ltr'><strong>his</strong></span> <span class='ocrx_word' id='word_1_366' title='bbox 1109 2860 1241 2920; x_wconf 87' lang='lat' dir='ltr'><strong>quae</strong></span> <span class='ocrx_word' id='word_1_367' title='bbox 1267 2860 1373 2917; x_wconf 91' lang='lat' dir='ltr'><strong>per</strong></span> <span class='ocrx_word' id='word_1_368' title='bbox 1400 2845 1680 2919; x_wconf 83' lang='lat' dir='ltr'><strong>accidens</strong></span> <span class='ocrx_word' id='word_1_369' title='bbox 1706 2845 2154 2917; x_wconf 86' lang='lat' dir='ltr'><strong>conjunguntur</strong></span> <span class='ocrx_word' id='word_1_370' title='bbox 2176 2845 2236 2901; x_wconf 91' lang='lat' dir='ltr'><strong>in</strong></span> <span class='ocrx_word' id='word_1_371' title='bbox 2259 2845 2468 2903; x_wconf 89' lang='lat' dir='ltr'><strong>eodem</strong></span> <span class='ocrx_word' id='word_1_372' title='bbox 2495 2846 2764 2918; x_wconf 77' lang='lat' dir='ltr'><strong>subJecto</strong></span> 
     </span>
     <span class='ocr_line' id='line_1_37' title="bbox 338 2914 2762 2986; baseline -0.002 -8"><span class='ocrx_word' id='word_1_373' title='bbox 338 2921 500 2978; x_wconf 89' lang='lat' dir='ltr'><strong>sicut</strong></span> <span class='ocrx_word' id='word_1_374' title='bbox 522 2918 734 2977; x_wconf 88' lang='lat' dir='ltr'><strong>albebo</strong></span> <span class='ocrx_word' id='word_1_375' title='bbox 766 2924 824 2975; x_wconf 90' lang='lat' dir='ltr'><strong>et</strong></span> <span class='ocrx_word' id='word_1_376' title='bbox 869 2917 1120 2975; x_wconf 87' lang='lat' dir='ltr'><strong>musica.</strong></span> <span class='ocrx_word' id='word_1_377' title='bbox 1149 2918 1298 2974; x_wconf 89' lang='lat' dir='ltr'><strong>Sunt</strong></span> <span class='ocrx_word' id='word_1_378' title='bbox 1339 2922 1534 2974; x_wconf 87' lang='lat' dir='ltr'><strong>autem</strong></span> <span class='ocrx_word' id='word_1_379' title='bbox 1585 2916 1887 2973; x_wconf 87' lang='lat' dir='ltr'><strong>intellecta</strong></span> <span class='ocrx_word' id='word_1_380' title='bbox 1928 2914 2293 2986; x_wconf 82' lang='lat' dir='ltr'><strong>speculativa</strong></span> <span class='ocrx_word' id='word_1_381' title='bbox 2335 2921 2392 2973; x_wconf 92' lang='lat' dir='ltr'><strong>et</strong></span> <span class='ocrx_word' id='word_1_382' title='bbox 2422 2917 2762 2975; x_wconf 89' lang='lat' dir='ltr'><strong>intellectus</strong></span> 
     </span>
     <span class='ocr_line' id='line_1_38' title="bbox 341 2985 2765 3062; baseline -0.001 -15"><span class='ocrx_word' id='word_1_383' title='bbox 341 3004 530 3062; x_wconf 88' lang='lat' dir='ltr'><strong>agens</strong></span> <span class='ocrx_word' id='word_1_384' title='bbox 581 2990 850 3047; x_wconf 89' lang='lat' dir='ltr'><strong>ordinem</strong></span> <span class='ocrx_word' id='word_1_385' title='bbox 897 2988 972 3046; x_wconf 90' lang='lat' dir='ltr'><strong>ad</strong></span> <span class='ocrx_word' id='word_1_386' title='bbox 1025 2987 1280 3044; x_wconf 88' lang='lat' dir='ltr'><strong>invicem</strong></span> <span class='ocrx_word' id='word_1_387' title='bbox 1326 2986 1628 3057; x_wconf 87' lang='lat' dir='ltr'><strong>habentia,</strong></span> <span class='ocrx_word' id='word_1_388' title='bbox 1660 3000 1844 3059; x_wconf 84' lang='lat' dir='ltr'><strong>quum</strong></span> <span class='ocrx_word' id='word_1_389' title='bbox 1890 2985 2194 3043; x_wconf 87' lang='lat' dir='ltr'><strong>intellecta</strong></span> <span class='ocrx_word' id='word_1_390' title='bbox 2246 2986 2611 3057; x_wconf 86' lang='lat' dir='ltr'><strong>speculativa</strong></span> <span class='ocrx_word' id='word_1_391' title='bbox 2644 2987 2765 3045; x_wconf 86' lang='lat' dir='ltr'><strong>sint</strong></span> 
     </span>
     <span class='ocr_line' id='line_1_39' title="bbox 343 3056 2763 3129; baseline -0.001 -11"><span class='ocrx_word' id='word_1_392' title='bbox 343 3061 499 3119; x_wconf 84' lang='lat' dir='ltr'><strong>facta</strong></span> <span class='ocrx_word' id='word_1_393' title='bbox 524 3060 827 3116; x_wconf 89' lang='lat' dir='ltr'><strong>intellecta</strong></span> <span class='ocrx_word' id='word_1_394' title='bbox 854 3059 918 3115; x_wconf 90' lang='lat' dir='ltr'><strong>in</strong></span> <span class='ocrx_word' id='word_1_395' title='bbox 959 3062 1091 3116; x_wconf 85' lang='lat' dir='ltr'><strong>actu</strong></span> <span class='ocrx_word' id='word_1_396' title='bbox 1120 3072 1225 3128; x_wconf 88' lang='lat' dir='ltr'><strong>per</strong></span> <span class='ocrx_word' id='word_1_397' title='bbox 1253 3058 1620 3114; x_wconf 89' lang='lat' dir='ltr'><strong>intellectum</strong></span> <span class='ocrx_word' id='word_1_398' title='bbox 1651 3064 1946 3129; x_wconf 84' lang='lat' dir='ltr'><strong>agentem.</strong></span> <span class='ocrx_word' id='word_1_399' title='bbox 1979 3056 2164 3114; x_wconf 89' lang='lat' dir='ltr'><strong>Habet</strong></span> <span class='ocrx_word' id='word_1_400' title='bbox 2188 3070 2255 3113; x_wconf 87' lang='lat' dir='ltr'><strong>se</strong></span> <span class='ocrx_word' id='word_1_401' title='bbox 2284 3057 2467 3129; x_wconf 89' lang='lat' dir='ltr'><strong>igitur</strong></span> <span class='ocrx_word' id='word_1_402' title='bbox 2505 3057 2763 3116; x_wconf 88' lang='lat' dir='ltr'><strong>intellec·</strong></span> 
     </span>
     <span class='ocr_line' id='line_1_40' title="bbox 341 3125 2765 3202; baseline -0.001 -15"><span class='ocrx_word' id='word_1_403' title='bbox 341 3137 442 3188; x_wconf 90' lang='lat' dir='ltr'><strong>tus</strong></span> <span class='ocrx_word' id='word_1_404' title='bbox 486 3144 671 3202; x_wconf 87' lang='lat' dir='ltr'><strong>agens</strong></span> <span class='ocrx_word' id='word_1_405' title='bbox 719 3129 793 3187; x_wconf 91' lang='lat' dir='ltr'><strong>ad</strong></span> <span class='ocrx_word' id='word_1_406' title='bbox 840 3129 1144 3185; x_wconf 87' lang='lat' dir='ltr'><strong>intellecta</strong></span> <span class='ocrx_word' id='word_1_407' title='bbox 1191 3128 1555 3199; x_wconf 86' lang='lat' dir='ltr'><strong>speculativa</strong></span> <span class='ocrx_word' id='word_1_408' title='bbox 1602 3128 1773 3198; x_wconf 84' lang='lat' dir='ltr'><strong>quasi</strong></span> <span class='ocrx_word' id='word_1_409' title='bbox 1801 3128 1993 3185; x_wconf 85' lang='lat' dir='ltr'><strong>forma</strong></span> <span class='ocrx_word' id='word_1_410' title='bbox 2042 3125 2117 3185; x_wconf 87' lang='lat' dir='ltr'><strong>ad</strong></span> <span class='ocrx_word' id='word_1_411' title='bbox 2163 3127 2492 3186; x_wconf 88' lang='lat' dir='ltr'><strong>materiam.</strong></span> <span class='ocrx_word' id='word_1_412' title='bbox 2526 3131 2765 3199; x_wconf 89' lang='lat' dir='ltr'><strong>Oportet</strong></span> 
     </span>
     <span class='ocr_line' id='line_1_41' title="bbox 342 3197 2763 3273; baseline -0 -16"><span class='ocrx_word' id='word_1_413' title='bbox 342 3201 527 3273; x_wconf 87' lang='lat' dir='ltr'><strong>igitur</strong></span> <span class='ocrx_word' id='word_1_414' title='bbox 555 3201 944 3273; x_wconf 89' lang='lat' dir='ltr'><strong>quod,quum</strong></span> <span class='ocrx_word' id='word_1_415' title='bbox 992 3199 1293 3256; x_wconf 87' lang='lat' dir='ltr'><strong>intellecta</strong></span> <span class='ocrx_word' id='word_1_416' title='bbox 1338 3198 1703 3270; x_wconf 89' lang='lat' dir='ltr'><strong>speculativa</strong></span> <span class='ocrx_word' id='word_1_417' title='bbox 1754 3198 1877 3256; x_wconf 90' lang='lat' dir='ltr'><strong>sint</strong></span> <span class='ocrx_word' id='word_1_418' title='bbox 1905 3197 2080 3255; x_wconf 88' lang='lat' dir='ltr'><strong>nobis</strong></span> <span class='ocrx_word' id='word_1_419' title='bbox 2127 3199 2403 3268; x_wconf 86' lang='lat' dir='ltr'><strong>copulata</strong></span> <span class='ocrx_word' id='word_1_420' title='bbox 2451 3213 2557 3270; x_wconf 91' lang='lat' dir='ltr'><strong>per</strong></span> <span class='ocrx_word' id='word_1_421' title='bbox 2625 3200 2763 3257; x_wconf 88' lang='lat' dir='ltr'><strong>ban·</strong></span> 
     </span>
     <span class='ocr_line' id='line_1_42' title="bbox 342 3267 2765 3352; baseline -0.001 -22"><span class='ocrx_word' id='word_1_422' title='bbox 342 3277 615 3339; x_wconf 86' lang='lat' dir='ltr'><strong>tasmata‚</strong></span> <span class='ocrx_word' id='word_1_423' title='bbox 647 3285 778 3352; x_wconf 81' lang='lat' dir='ltr'><strong>quae</strong></span> <span class='ocrx_word' id='word_1_424' title='bbox 807 3275 950 3327; x_wconf 91' lang='lat' dir='ltr'><strong>sunt</strong></span> <span class='ocrx_word' id='word_1_425' title='bbox 980 3270 1153 3349; x_wconf 75' lang='lat' dir='ltr'><strong>quasi</strong></span> <span class='ocrx_word' id='word_1_426' title='bbox 1179 3267 1476 3349; x_wconf 80' lang='lat' dir='ltr'><strong>quoddam</strong></span> <span class='ocrx_word' id='word_1_427' title='bbox 1524 3269 1857 3340; x_wconf 86' lang='lat' dir='ltr'><strong>subjectum</strong></span> <span class='ocrx_word' id='word_1_428' title='bbox 1904 3268 2195 3349; x_wconf 77' lang='lat' dir='ltr'><strong>ipsorum,</strong></span> <span class='ocrx_word' id='word_1_429' title='bbox 2220 3268 2396 3325; x_wconf 87' lang='lat' dir='ltr'><strong>etiam</strong></span> <span class='ocrx_word' id='word_1_430' title='bbox 2430 3268 2573 3326; x_wconf 89' lang='lat' dir='ltr'><strong>intel</strong></span> <span class='ocrx_word' id='word_1_431' title='bbox 2601 3274 2765 3328; x_wconf 80' lang='lat' dir='ltr'><strong>ectus</strong></span> 
     </span>
     <span class='ocr_line' id='line_1_43' title="bbox 342 3338 2763 3492; baseline -0 -23"><span class='ocrx_word' id='word_1_432' title='bbox 342 3338 2763 3492; x_wconf 38' lang='lat' dir='ltr'><strong>tarataragriesz-⁰3¹1&amp;{alternantes”giffrffltttffsusstfittffffi</strong></span> 
     </span>
     <span class='ocr_line' id='line_1_44' title="bbox 340 3478 2765 3554; baseline -0.001 -14"><span class='ocrx_word' id='word_1_433' title='bbox 340 3484 604 3554; x_wconf 87' lang='lat' dir='ltr'><strong>potentia</strong></span> <span class='ocrx_word' id='word_1_434' title='bbox 633 3525 647 3552; x_wconf 93' lang='lat'>,</span> <span class='ocrx_word' id='word_1_435' title='bbox 694 3481 1032 3539; x_wconf 80' lang='lat' dir='ltr'><strong>intellectus</strong></span> <span class='ocrx_word' id='word_1_436' title='bbox 1079 3493 1266 3552; x_wconf 86' lang='lat' dir='ltr'><strong>agens</strong></span> <span class='ocrx_word' id='word_1_437' title='bbox 1314 3486 1698 3537; x_wconf 80' lang='lat' dir='ltr'><strong>continuatur</strong></span> <span class='ocrx_word' id='word_1_438' title='bbox 1740 3480 2055 3537; x_wconf 78' lang='lat' dir='ltr'><strong>nobiscum</strong></span> <span class='ocrx_word' id='word_1_439' title='bbox 2106 3478 2302 3537; x_wconf 91' lang='lat' dir='ltr'><strong>solum</strong></span> <span class='ocrx_word' id='word_1_440' title='bbox 2350 3493 2413 3536; x_wconf 81' lang='lat' dir='ltr'><strong>in</strong></span> <span class='ocrx_word' id='word_1_441' title='bbox 2461 3486 2765 3551; x_wconf 88' lang='lat' dir='ltr'><strong>potent1a;</strong></span> 
     </span>
     <span class='ocr_line' id='line_1_45' title="bbox 340 3549 2764 3631; baseline -0 -20"><span class='ocrx_word' id='word_1_442' title='bbox 340 3554 582 3626; x_wconf 88' lang='lat' dir='ltr'><strong>quando</strong></span> <span class='ocrx_word' id='word_1_443' title='bbox 612 3558 809 3610; x_wconf 87' lang='lat' dir='ltr'><strong>autem</strong></span> <span class='ocrx_word' id='word_1_444' title='bbox 841 3551 1043 3623; x_wconf 88' lang='lat' dir='ltr'><strong>aliqua</strong></span> <span class='ocrx_word' id='word_1_445' title='bbox 1072 3549 1378 3608; x_wconf 87' lang='lat' dir='ltr'><strong>intellecta</strong></span> <span class='ocrx_word' id='word_1_446' title='bbox 1406 3551 1774 3621; x_wconf 86' lang='lat' dir='ltr'><strong>speculativa</strong></span> <span class='ocrx_word' id='word_1_447' title='bbox 1794 3551 2005 3607; x_wconf 90' lang='lat' dir='ltr'><strong>insunt</strong></span> <span class='ocrx_word' id='word_1_448' title='bbox 2031 3549 2288 3631; x_wconf 78' lang='lat' dir='ltr'><strong>nobisin</strong></span> <span class='ocrx_word' id='word_1_449' title='bbox 2316 3556 2452 3607; x_wconf 88' lang='lat' dir='ltr'><strong>actu</strong></span> <span class='ocrx_word' id='word_1_450' title='bbox 2480 3555 2538 3607; x_wconf 89' lang='lat' dir='ltr'><strong>et</strong></span> <span class='ocrx_word' id='word_1_451' title='bbox 2566 3551 2764 3623; x_wconf 84' lang='lat' dir='ltr'><strong>aliqua</strong></span> 
     </span>
     <span class='ocr_line' id='line_1_46' title="bbox 340 3620 2763 3694; baseline 0 -15"><span class='ocrx_word' id='word_1_452' title='bbox 340 3623 406 3679; x_wconf 88' lang='lat' dir='ltr'><strong>in</strong></span> <span class='ocrx_word' id='word_1_453' title='bbox 452 3623 736 3694; x_wconf 87' lang='lat' dir='ltr'><strong>potentia,</strong></span> <span class='ocrx_word' id='word_1_454' title='bbox 769 3623 1152 3680; x_wconf 88' lang='lat' dir='ltr'><strong>continuatur</strong></span> <span class='ocrx_word' id='word_1_455' title='bbox 1196 3620 1373 3678; x_wconf 91' lang='lat' dir='ltr'><strong>nobis</strong></span> <span class='ocrx_word' id='word_1_456' title='bbox 1400 3621 1615 3691; x_wconf 87' lang='lat' dir='ltr'><strong>partim</strong></span> <span class='ocrx_word' id='word_1_457' title='bbox 1663 3621 1722 3676; x_wconf 90' lang='lat' dir='ltr'><strong>in</strong></span> <span class='ocrx_word' id='word_1_458' title='bbox 1754 3627 1888 3678; x_wconf 89' lang='lat' dir='ltr'><strong>actu</strong></span> <span class='ocrx_word' id='word_1_459' title='bbox 1930 3626 1989 3678; x_wconf 89' lang='lat' dir='ltr'><strong>et</strong></span> <span class='ocrx_word' id='word_1_460' title='bbox 2015 3620 2228 3691; x_wconf 89' lang='lat' dir='ltr'><strong>partim</strong></span> <span class='ocrx_word' id='word_1_461' title='bbox 2271 3633 2334 3677; x_wconf 83' lang='lat' dir='ltr'><strong>in</strong></span> <span class='ocrx_word' id='word_1_462' title='bbox 2371 3622 2673 3692; x_wconf 82' lang='lat' dir='ltr'><strong>potentia3</strong></span> <span class='ocrx_word' id='word_1_463' title='bbox 2710 3627 2763 3679; x_wconf 86' lang='lat' dir='ltr'><strong>et</strong></span> 
     </span>
     <span class='ocr_line' id='line_1_47' title="bbox 338 3689 2763 3763; baseline 0 -14"><span class='ocrx_word' id='word_1_464' title='bbox 338 3699 488 3751; x_wconf 90' lang='lat' dir='ltr'><strong>tunc</strong></span> <span class='ocrx_word' id='word_1_465' title='bbox 516 3694 773 3751; x_wconf 89' lang='lat' dir='ltr'><strong>dicimur</strong></span> <span class='ocrx_word' id='word_1_466' title='bbox 814 3692 1040 3750; x_wconf 83' lang='lat' dir='ltr'><strong>moveri</strong></span> <span class='ocrx_word' id='word_1_467' title='bbox 1077 3691 1153 3748; x_wconf 90' lang='lat' dir='ltr'><strong>ad</strong></span> <span class='ocrx_word' id='word_1_468' title='bbox 1198 3692 1709 3748; x_wconf 84' lang='lat' dir='ltr'><strong>continuationem</strong></span> <span class='ocrx_word' id='word_1_469' title='bbox 1759 3690 2119 3762; x_wconf 83' lang='lat' dir='ltr'><strong>praedictam,</strong></span> <span class='ocrx_word' id='word_1_470' title='bbox 2194 3689 2312 3760; x_wconf 91' lang='lat' dir='ltr'><strong>uia,</strong></span> <span class='ocrx_word' id='word_1_471' title='bbox 2344 3698 2567 3763; x_wconf 91' lang='lat' dir='ltr'><strong>quanto</strong></span> <span class='ocrx_word' id='word_1_472' title='bbox 2595 3691 2763 3762; x_wconf 87' lang='lat' dir='ltr'><strong>plura</strong></span> 
     </span>
     <span class='ocr_line' id='line_1_48' title="bbox 341 3761 2763 3833; baseline 0 -14"><span class='ocrx_word' id='word_1_473' title='bbox 341 3764 645 3821; x_wconf 88' lang='lat' dir='ltr'><strong>intellecta</strong></span> <span class='ocrx_word' id='word_1_474' title='bbox 671 3765 734 3820; x_wconf 89' lang='lat' dir='ltr'><strong>in</strong></span> <span class='ocrx_word' id='word_1_475' title='bbox 763 3769 895 3821; x_wconf 89' lang='lat' dir='ltr'><strong>actu</strong></span> <span class='ocrx_word' id='word_1_476' title='bbox 930 3761 1152 3820; x_wconf 87' lang='lat' dir='ltr'><strong>fuerint</strong></span> <span class='ocrx_word' id='word_1_477' title='bbox 1174 3761 1234 3817; x_wconf 90' lang='lat' dir='ltr'><strong>in</strong></span> <span class='ocrx_word' id='word_1_478' title='bbox 1267 3761 1443 3818; x_wconf 90' lang='lat' dir='ltr'><strong>nobis</strong></span> <span class='ocrx_word' id='word_1_479' title='bbox 1474 3762 1647 3831; x_wconf 82' lang='lat' dir='ltr'><strong>sacta,</strong></span> <span class='ocrx_word' id='word_1_480' title='bbox 1676 3761 1997 3832; x_wconf 80' lang='lat' dir='ltr'><strong>perfectius</strong></span> <span class='ocrx_word' id='word_1_481' title='bbox 2039 3762 2161 3818; x_wconf 91' lang='lat' dir='ltr'><strong>inte</strong></span> <span class='ocrx_word' id='word_1_482' title='bbox 2210 3766 2377 3819; x_wconf 88' lang='lat' dir='ltr'><strong>ectus</strong></span> <span class='ocrx_word' id='word_1_483' title='bbox 2405 3774 2591 3833; x_wconf 89' lang='lat' dir='ltr'><strong>agens</strong></span> <span class='ocrx_word' id='word_1_484' title='bbox 2620 3776 2763 3819; x_wconf 91' lang='lat' dir='ltr'><strong>con·</strong></span> 
     </span>
     <span class='ocr_line' id='line_1_49' title="bbox 339 3829 2763 3912; baseline 0 -22"><span class='ocrx_word' id='word_1_485' title='bbox 339 3835 609 3891; x_wconf 89' lang='lat' dir='ltr'><strong>tinuatur</strong></span> <span class='ocrx_word' id='word_1_486' title='bbox 640 3835 702 3891; x_wconf 90' lang='lat' dir='ltr'><strong>in</strong></span> <span class='ocrx_word' id='word_1_487' title='bbox 729 3833 927 3891; x_wconf 76' lang='lat' dir='ltr'><strong>nobie.</strong></span> <span class='ocrx_word' id='word_1_488' title='bbox 961 3832 1066 3890; x_wconf 85' lang='lat' dir='ltr'><strong>Hic</strong></span> <span class='ocrx_word' id='word_1_489' title='bbox 1105 3836 1302 3889; x_wconf 89' lang='lat' dir='ltr'><strong>autem</strong></span> <span class='ocrx_word' id='word_1_490' title='bbox 1354 3832 1652 3912; x_wconf 81' lang='lat' dir='ltr'><strong>perfectus</strong></span> <span class='ocrx_word' id='word_1_491' title='bbox 1701 3836 1899 3889; x_wconf 88' lang='lat' dir='ltr'><strong>motus</strong></span> <span class='ocrx_word' id='word_1_492' title='bbox 1928 3831 2003 3888; x_wconf 87' lang='lat' dir='ltr'><strong>ad</strong></span> <span class='ocrx_word' id='word_1_493' title='bbox 2030 3829 2541 3889; x_wconf 78' lang='lat' dir='ltr'><strong>continuationem</strong></span> <span class='ocrx_word' id='word_1_494' title='bbox 2572 3831 2637 3888; x_wconf 87' lang='lat' dir='ltr'><strong>fit</strong></span> <span class='ocrx_word' id='word_1_495' title='bbox 2660 3846 2763 3904; x_wconf 86' lang='lat' dir='ltr'><strong>per</strong></span> 
     </span>
     <span class='ocr_line' id='line_1_50' title="bbox 341 3901 2763 3974; baseline 0.001 -14"><span class='ocrx_word' id='word_1_496' title='bbox 341 3904 608 3960; x_wconf 86' lang='lat' dir='ltr'><strong>studium</strong></span> <span class='ocrx_word' id='word_1_497' title='bbox 654 3904 719 3960; x_wconf 91' lang='lat' dir='ltr'><strong>in</strong></span> <span class='ocrx_word' id='word_1_498' title='bbox 770 3903 1041 3962; x_wconf 90' lang='lat' dir='ltr'><strong>scientiis</strong></span> <span class='ocrx_word' id='word_1_499' title='bbox 1085 3916 1116 3960; x_wconf 88' lang='lat' dir='ltr'><strong>s</strong></span> <span class='ocrx_word' id='word_1_500' title='bbox 1160 3902 1489 3971; x_wconf 77' lang='lat' dir='ltr'><strong>eculativis,</strong></span> <span class='ocrx_word' id='word_1_501' title='bbox 1520 3917 1627 3973; x_wconf 89' lang='lat' dir='ltr'><strong>per</strong></span> <span class='ocrx_word' id='word_1_502' title='bbox 1666 3901 1825 3973; x_wconf 84' lang='lat' dir='ltr'><strong>quod</strong></span> <span class='ocrx_word' id='word_1_503' title='bbox 1865 3915 2004 3960; x_wconf 89' lang='lat' dir='ltr'><strong>vera</strong></span> <span class='ocrx_word' id='word_1_504' title='bbox 2050 3901 2347 3959; x_wconf 87' lang='lat' dir='ltr'><strong>intellecta</strong></span> <span class='ocrx_word' id='word_1_505' title='bbox 2397 3902 2763 3974; x_wconf 75' lang='lat' dir='ltr'><strong>acquirimus</strong></span> 
     </span>
     <span class='ocr_line' id='line_1_51' title="bbox 345 3972 2764 4045; baseline 0.001 -15"><span class='ocrx_word' id='word_1_506' title='bbox 345 3977 406 4030; x_wconf 87' lang='lat' dir='ltr'><strong>et</strong></span> <span class='ocrx_word' id='word_1_507' title='bbox 433 3974 601 4031; x_wconf 80' lang='lat' dir='ltr'><strong>falsae</strong></span> <span class='ocrx_word' id='word_1_508' title='bbox 649 3975 966 4044; x_wconf 87' lang='lat' dir='ltr'><strong>opiniones</strong></span> <span class='ocrx_word' id='word_1_509' title='bbox 1011 3986 1117 4031; x_wconf 84' lang='lat' dir='ltr'><strong>exc</strong></span> <span class='ocrx_word' id='word_1_510' title='bbox 1145 3973 1426 4041; x_wconf 90' lang='lat' dir='ltr'><strong>uduntur,</strong></span> <span class='ocrx_word' id='word_1_511' title='bbox 1457 3987 1589 4045; x_wconf 86' lang='lat' dir='ltr'><strong>quae</strong></span> <span class='ocrx_word' id='word_1_512' title='bbox 1633 3978 1773 4030; x_wconf 90' lang='lat' dir='ltr'><strong>sunt</strong></span> <span class='ocrx_word' id='word_1_513' title='bbox 1814 3978 1978 4030; x_wconf 85' lang='lat' dir='ltr'><strong>extra</strong></span> <span class='ocrx_word' id='word_1_514' title='bbox 2010 3972 2277 4029; x_wconf 89' lang='lat' dir='ltr'><strong>ordinem</strong></span> <span class='ocrx_word' id='word_1_515' title='bbox 2323 3972 2503 4044; x_wconf 88' lang='lat' dir='ltr'><strong>hujus</strong></span> <span class='ocrx_word' id='word_1_516' title='bbox 2540 3980 2764 4044; x_wconf 76' lang='lat' dir='ltr'><strong>motuS,</strong></span> 
     </span>
     <span class='ocr_line' id='line_1_52' title="bbox 343 4041 2762 4115; baseline 0.001 -15"><span class='ocrx_word' id='word_1_517' title='bbox 343 4043 503 4101; x_wconf 85' lang='lat' dir='ltr'><strong>sicut</strong></span> <span class='ocrx_word' id='word_1_518' title='bbox 533 4050 916 4102; x_wconf 86' lang='lat' dir='ltr'><strong>monstruosa</strong></span> <span class='ocrx_word' id='word_1_519' title='bbox 944 4049 1109 4102; x_wconf 86' lang='lat' dir='ltr'><strong>extra</strong></span> <span class='ocrx_word' id='word_1_520' title='bbox 1154 4043 1424 4101; x_wconf 91' lang='lat' dir='ltr'><strong>ordinem</strong></span> <span class='ocrx_word' id='word_1_521' title='bbox 1463 4043 1757 4099; x_wconf 86' lang='lat' dir='ltr'><strong>naturalis</strong></span> <span class='ocrx_word' id='word_1_522' title='bbox 1797 4043 2185 4115; x_wconf 88' lang='lat' dir='ltr'><strong>operationis.</strong></span> <span class='ocrx_word' id='word_1_523' title='bbox 2216 4041 2379 4099; x_wconf 90' lang='lat' dir='ltr'><strong>Unde</strong></span> <span class='ocrx_word' id='word_1_524' title='bbox 2409 4048 2467 4099; x_wconf 90' lang='lat' dir='ltr'><strong>et</strong></span> <span class='ocrx_word' id='word_1_525' title='bbox 2503 4044 2574 4101; x_wconf 89' lang='lat' dir='ltr'><strong>ad</strong></span> <span class='ocrx_word' id='word_1_526' title='bbox 2604 4045 2762 4104; x_wconf 85' lang='lat' dir='ltr'><strong>hunc</strong></span> 
     </span>
     <span class='ocr_line' id='line_1_53' title="bbox 339 4112 2759 4242; baseline 0.001 -72"><span class='ocrx_word' id='word_1_527' title='bbox 339 4113 674 4242; x_wconf 61' lang='lat' dir='ltr'><strong>profectum</strong></span> <span class='ocrx_word' id='word_1_528' title='bbox 725 4113 932 4184; x_wconf 86' lang='lat' dir='ltr'><strong>juvant</strong></span> <span class='ocrx_word' id='word_1_529' title='bbox 959 4127 1025 4173; x_wconf 89' lang='lat' dir='ltr'><strong>se</strong></span> <span class='ocrx_word' id='word_1_530' title='bbox 1053 4115 1330 4173; x_wconf 88' lang='lat' dir='ltr'><strong>homines</strong></span> <span class='ocrx_word' id='word_1_531' title='bbox 1359 4114 1515 4171; x_wconf 90' lang='lat' dir='ltr'><strong>sicut</strong></span> <span class='ocrx_word' id='word_1_532' title='bbox 1537 4114 1745 4185; x_wconf 85' lang='lat' dir='ltr'><strong>juvant</strong></span> <span class='ocrx_word' id='word_1_533' title='bbox 1772 4126 1837 4170; x_wconf 90' lang='lat' dir='ltr'><strong>se</strong></span> <span class='ocrx_word' id='word_1_534' title='bbox 1880 4113 2134 4170; x_wconf 84' lang='lat' dir='ltr'><strong>invicem</strong></span> <span class='ocrx_word' id='word_1_535' title='bbox 2164 4113 2227 4169; x_wconf 91' lang='lat' dir='ltr'><strong>in</strong></span> <span class='ocrx_word' id='word_1_536' title='bbox 2256 4112 2527 4172; x_wconf 88' lang='lat' dir='ltr'><strong>scientiis</strong></span> <span class='ocrx_word' id='word_1_537' title='bbox 2552 4128 2759 4187; x_wconf 87' lang='lat' dir='ltr'><strong>specu·</strong></span> 
     </span>
     <span class='ocr_line' id='line_1_54' title="bbox 366 4183 2760 4254; baseline -0 -12"><span class='ocrx_word' id='word_1_538' title='bbox 366 4184 564 4242; x_wconf 80' lang='lat' dir='ltr'><strong>ativiS.</strong></span> <span class='ocrx_word' id='word_1_539' title='bbox 598 4184 846 4252; x_wconf 86' lang='lat' dir='ltr'><strong>Quando</strong></span> <span class='ocrx_word' id='word_1_540' title='bbox 892 4198 956 4241; x_wconf 90' lang='lat' dir='ltr'><strong>er</strong></span> <span class='ocrx_word' id='word_1_541' title='bbox 998 4197 1035 4242; x_wconf 95' lang='lat' dir='ltr'><strong>o</strong></span> <span class='ocrx_word' id='word_1_542' title='bbox 1063 4185 1268 4243; x_wconf 88' lang='lat' dir='ltr'><strong>omnia</strong></span> <span class='ocrx_word' id='word_1_543' title='bbox 1308 4183 1611 4241; x_wconf 88' lang='lat' dir='ltr'><strong>intellecta</strong></span> <span class='ocrx_word' id='word_1_544' title='bbox 1640 4186 1701 4240; x_wconf 90' lang='lat' dir='ltr'><strong>in</strong></span> <span class='ocrx_word' id='word_1_545' title='bbox 1751 4184 2018 4254; x_wconf 88' lang='lat' dir='ltr'><strong>potentia</strong></span> <span class='ocrx_word' id='word_1_546' title='bbox 2047 4183 2270 4240; x_wconf 82' lang='lat' dir='ltr'><strong>fuerint</strong></span> <span class='ocrx_word' id='word_1_547' title='bbox 2310 4183 2375 4241; x_wconf 91' lang='lat' dir='ltr'><strong>in</strong></span> <span class='ocrx_word' id='word_1_548' title='bbox 2402 4184 2579 4244; x_wconf 89' lang='lat' dir='ltr'><strong>nobis</strong></span> <span class='ocrx_word' id='word_1_549' title='bbox 2610 4187 2760 4244; x_wconf 88' lang='lat' dir='ltr'><strong>facta</strong></span> 
     </span>
     <span class='ocr_line' id='line_1_55' title="bbox 338 4253 2759 4327; baseline -0.001 -14"><span class='ocrx_word' id='word_1_550' title='bbox 338 4256 406 4314; x_wconf 89' lang='lat' dir='ltr'><strong>in</strong></span> <span class='ocrx_word' id='word_1_551' title='bbox 434 4260 593 4323; x_wconf 88' lang='lat' dir='ltr'><strong>actu,</strong></span> <span class='ocrx_word' id='word_1_552' title='bbox 629 4260 771 4311; x_wconf 90' lang='lat' dir='ltr'><strong>tunc</strong></span> <span class='ocrx_word' id='word_1_553' title='bbox 806 4253 951 4311; x_wconf 91' lang='lat' dir='ltr'><strong>intel</strong></span> <span class='ocrx_word' id='word_1_554' title='bbox 978 4260 1142 4313; x_wconf 93' lang='lat' dir='ltr'><strong>ectus</strong></span> <span class='ocrx_word' id='word_1_555' title='bbox 1191 4270 1225 4313; x_wconf 89' lang='lat' dir='ltr'><strong>a</strong></span> <span class='ocrx_word' id='word_1_556' title='bbox 1270 4268 1377 4313; x_wconf 90' lang='lat' dir='ltr'><strong>ens</strong></span> <span class='ocrx_word' id='word_1_557' title='bbox 1404 4255 1662 4327; x_wconf 84' lang='lat' dir='ltr'><strong>perfecte</strong></span> <span class='ocrx_word' id='word_1_558' title='bbox 1708 4253 2083 4326; x_wconf 88' lang='lat' dir='ltr'><strong>copulabitur</strong></span> <span class='ocrx_word' id='word_1_559' title='bbox 2129 4253 2305 4312; x_wconf 90' lang='lat' dir='ltr'><strong>nobis</strong></span> <span class='ocrx_word' id='word_1_560' title='bbox 2352 4259 2417 4316; x_wconf 88' lang='lat' dir='ltr'><strong>ut</strong></span> <span class='ocrx_word' id='word_1_561' title='bbox 2463 4257 2673 4324; x_wconf 86' lang='lat' dir='ltr'><strong>forma,</strong></span> <span class='ocrx_word' id='word_1_562' title='bbox 2707 4260 2759 4312; x_wconf 89' lang='lat' dir='ltr'><strong>et</strong></span> 
     </span>
     <span class='ocr_line' id='line_1_56' title="bbox 339 4323 2757 4402; baseline -0.002 -19"><span class='ocrx_word' id='word_1_563' title='bbox 339 4325 749 4398; x_wconf 86' lang='lat' dir='ltr'><strong>intelligemus</strong></span> <span class='ocrx_word' id='word_1_564' title='bbox 819 4338 887 4381; x_wconf 83' lang='lat' dir='ltr'><strong>er·</strong></span> <span class='ocrx_word' id='word_1_565' title='bbox 907 4325 1103 4395; x_wconf 88' lang='lat' dir='ltr'><strong>ipsum</strong></span> <span class='ocrx_word' id='word_1_566' title='bbox 1130 4340 1235 4399; x_wconf 92' lang='lat' dir='ltr'><strong>per</strong></span> <span class='ocrx_word' id='word_1_567' title='bbox 1262 4331 1409 4394; x_wconf 91' lang='lat' dir='ltr'><strong>ecte,</strong></span> <span class='ocrx_word' id='word_1_568' title='bbox 1440 4326 1598 4383; x_wconf 89' lang='lat' dir='ltr'><strong>sicut</strong></span> <span class='ocrx_word' id='word_1_569' title='bbox 1626 4339 1784 4381; x_wconf 91' lang='lat' dir='ltr'><strong>nunc</strong></span> <span class='ocrx_word' id='word_1_570' title='bbox 1801 4324 2070 4395; x_wconf 84' lang='lat' dir='ltr'><strong>perfecte</strong></span> <span class='ocrx_word' id='word_1_571' title='bbox 2115 4323 2510 4398; x_wconf 86' lang='lat' dir='ltr'><strong>intelligimus</strong></span> <span class='ocrx_word' id='word_1_572' title='bbox 2539 4341 2643 4397; x_wconf 91' lang='lat' dir='ltr'><strong>per</strong></span> <span class='ocrx_word' id='word_1_573' title='bbox 2671 4325 2757 4402; x_wconf 72' lang='lat' dir='ltr'><strong>iq-</strong></span> 
     </span>
     <span class='ocr_line' id='line_1_57' title="bbox 337 4392 2754 4468; baseline -0.002 -15"><span class='ocrx_word' id='word_1_574' title='bbox 337 4397 641 4455; x_wconf 88' lang='lat' dir='ltr'><strong>tellectum</strong></span> <span class='ocrx_word' id='word_1_575' title='bbox 671 4397 734 4452; x_wconf 91' lang='lat' dir='ltr'><strong>in</strong></span> <span class='ocrx_word' id='word_1_576' title='bbox 829 4394 1010 4453; x_wconf 89' lang='lat' dir='ltr'><strong>abitu.</strong></span> <span class='ocrx_word' id='word_1_577' title='bbox 1043 4396 1205 4453; x_wconf 89' lang='lat' dir='ltr'><strong>Unde</strong></span> <span class='ocrx_word' id='word_1_578' title='bbox 1232 4410 1368 4455; x_wconf 87' lang='lat' dir='ltr'><strong>cum</strong></span> <span class='ocrx_word' id='word_1_579' title='bbox 1408 4395 1481 4453; x_wconf 89' lang='lat' dir='ltr'><strong>ad</strong></span> <span class='ocrx_word' id='word_1_580' title='bbox 1515 4396 1883 4452; x_wconf 89' lang='lat' dir='ltr'><strong>intellectum</strong></span> <span class='ocrx_word' id='word_1_581' title='bbox 1912 4399 2185 4466; x_wconf 85' lang='lat' dir='ltr'><strong>agentern</strong></span> <span class='ocrx_word' id='word_1_582' title='bbox 2232 4397 2524 4468; x_wconf 88' lang='lat' dir='ltr'><strong>pertineat</strong></span> <span class='ocrx_word' id='word_1_583' title='bbox 2546 4392 2754 4451; x_wconf 72' lang='lat' dir='ltr'><strong>‘intelli-</strong></span> 
     </span>
     <span class='ocr_line' id='line_1_58' title="bbox 342 4463 2769 4541; baseline -0.004 -16"><span class='ocrx_word' id='word_1_584' title='bbox 342 4479 481 4540; x_wconf 85' lang='lat' dir='ltr'><strong>gere</strong></span> <span class='ocrx_word' id='word_1_585' title='bbox 507 4466 881 4529; x_wconf 86' lang='lat' dir='ltr'><strong>substantias</strong></span> <span class='ocrx_word' id='word_1_586' title='bbox 907 4471 1231 4540; x_wconf 86' lang='lat' dir='ltr'><strong>separatas,</strong></span> <span class='ocrx_word' id='word_1_587' title='bbox 1252 4466 1660 4541; x_wconf 86' lang='lat' dir='ltr'><strong>intelligemus</strong></span> <span class='ocrx_word' id='word_1_588' title='bbox 1688 4472 1832 4528; x_wconf 88' lang='lat' dir='ltr'><strong>tunc</strong></span> <span class='ocrx_word' id='word_1_589' title='bbox 1859 4465 2228 4527; x_wconf 87' lang='lat' dir='ltr'><strong>substantias</strong></span> <span class='ocrx_word' id='word_1_590' title='bbox 2257 4472 2580 4540; x_wconf 86' lang='lat' dir='ltr'><strong>separatas,</strong></span> <span class='ocrx_word' id='word_1_591' title='bbox 2605 4463 2769 4521; x_wconf 88' lang='lat' dir='ltr'><strong>sicut</strong></span> 
     </span>
    </p>
   </div>
  </div>
 </body>
</html>
