3076 5025
1180 237 1313 292 ΠΒ.
1353 237 1423 304 11,
1465 236 1616 290 GAP.
1657 236 1719 291 L.
2564 241 2664 296 ¹65

223 352 512 411 Diversus
559 354 720 411 enim
752 355 974 413 formas
1020 354 1269 413 materia
1322 354 1565 411 nonnisi
1623 353 1950 411 secundum
1992 352 2259 411 diversas
2287 360 2484 425 partes
2518 357 2662 415 reci-

222 437 367 494 pere
396 429 597 495 potest
625 443 639 481 :
681 440 811 497 quae
842 425 1081 497 quidem
1128 424 1442 482 diversitas
1476 424 1730 494 partium
1760 436 1894 481 esse
1918 424 1981 480 in
2012 426 2258 481 materia
2287 439 2412 483 non
2445 432 2656 497 potest.

222 494 348 551 nisi
395 495 729 552 secundum
758 497 915 567 quod
946 510 1050 567 per
1073 494 1484 552 dimensiones
1520 494 1582 551 in
1622 496 1869 551 materia
1896 494 2219 552 existentes
2250 509 2370 552 una
2400 511 2663 556 commu-

221 564 326 621 nis
380 566 632 623 materia
675 566 738 622 in
767 567 967 637 plures
997 565 1314 624 dividitur:
1368 566 1671 622 subtracta
1712 565 1870 621 enim
1915 566 2266 637 quantitate,
2322 567 2661 627 substantia

220 634 620 694 indivisibilis
645 643 756 693 cst.
786 638 1106 695 ostensum
1134 642 1225 695 est
1254 641 1450 693 autem
1481 633 1556 707 (c.
1585 638 1701 704 49),
1731 634 1890 706 quod
1923 635 2086 692 nulla
2117 637 2456 694 substantia
2486 638 2659 696 intel-

222 705 428 778 ligens
477 711 576 833 effi
608 720 848 779 corpus.
899 707 1275 780 Relinquitur
1314 706 1496 778 igitur
1538 704 1700 777 quod
1731 718 1851 762 non
1897 706 1976 763 sit
2004 719 2077 762 ex
2104 707 2351 765 materia
2381 714 2440 771 et
2472 708 2664 767 forma

228 788 508 847 composi
579 819 594 832 .

297 848 577 917 Amplius,
610 846 765 904 sicut
794 846 976 905 homo
1004 860 1125 905 non
1152 852 1243 906 est
1271 846 1403 904 sine
1429 847 1545 903 boc
1572 844 1834 914 bomine,
1866 844 1948 902 ita
1977 846 2224 905 materia
2257 860 2378 905 non
2409 855 2500 906 est
2529 849 2660 907 sine

225 917 344 975 hac
369 917 637 974 materiai.
669 917 959 990 Quicquid
991 918 1173 990 igitur
1201 918 1262 974 in
1293 916 1474 974 rebus
1520 921 1614 973 est
1640 915 1977 973 subsistens
2007 931 2079 973 ex
2106 919 2354 975 materia
2384 926 2442 975 et
2472 920 2663 979 forma

226 988 655 1058 compositum,
686 995 778 1044 est
809 989 1210 1060 compositum
1241 1002 1314 1045 ex
1344 986 1592 1044 materia
1620 990 1679 1043 et
1709 987 1901 1067 forma
1923 985 2295 1044 individuali.
2324 990 2663 1049 intellectus

225 1064 428 1116 autem
461 1071 582 1115 non
613 1063 808 1129 potest
853 1073 988 1116 esse
1018 1058 1391 1128 compositus
1420 1072 1492 1114 ex
1516 1062 1763 1114 materia
1795 1063 1851 1112 et
1884 1055 2072 1114 forma
2101 1058 2452 1115 individuali
2481 1078 2494 1115 ε
2529 1074 2662 1131 spe-

225 1128 356 1186 cies
394 1129 553 1185 enim
603 1141 798 1185 rerum
848 1129 1281 1187 intellectarum
1330 1128 1480 1186 fiunt
1526 1125 1938 1197 intelligibiles
1977 1132 2111 1185 actu
2203 1142 2267 1184 er
2299 1129 2410 1187 lioc
2439 1131 2597 1200 quod
2628 1145 2665 1189 a

227 1199 483 1257 materia
522 1198 875 1257 individuali
925 1198 1387 1266 absti·aliuntur;
1434 1197 1762 1255 secundum
1795 1201 1992 1277 autem
2021 1142 2349 1269 quocfsunt
2380 1199 2663 1272 intelligi-

223 1269 385 1327 biles
428 1274 586 1338 actii,
636 1267 787 1326 fiunt
817 1283 999 1327 unuin
1031 1284 1167 1328 cum
1199 1270 1502 1326 intellectu
1532 1286 1547 1336 ;
1581 1267 1738 1326 unde
1773 1273 1831 1323 et
1861 1267 2222 1328 intellectum
2266 1275 2499 1340 oportet
2526 1284 2665 1330 esse

228 1338 458 1412 absque
512 1339 760 1396 materia
787 1340 1159 1398 individuali.
1188 1341 1319 1397 Non
1354 1344 1448 1397 est
1472 1338 1656 1412 igitur
1684 1337 2019 1397 substantia
2047 1338 2390 1411 intelligens
2419 1353 2493 1396 ex
2539 1354 2661 1401 ma-

227 1410 383 1467 teria
410 1415 470 1467 et
501 1410 694 1468 forma
722 1412 1076 1482 composita.
2065 1477 2076 1489 ,
2112 1477 2124 1489 .

297 1481 520 1549 Adhuc,
568 1481 726 1538 actio
769 1481 1089 1552 cujuslibet
1116 1495 1189 1538 ex
1229 1480 1477 1551 materia
1500 1483 1560 1536 et
1588 1479 1780 1536 forma
1810 1483 2126 1550 compositi
2156 1492 2275 1537 non
2310 1485 2400 1538 est
2428 1485 2660 1538 tantum

227 1552 459 1620 sormae,
510 1564 619 1609 nec
663 1557 889 1610 tantum
934 1554 1214 1620 materiae,
1266 1550 1371 1608 sed
1417 1549 1732 1621 compositi
1760 1567 1774 1618 ;
1807 1549 1937 1621 ejus
1974 1549 2136 1606 enim
2164 1556 2256 1607 est
2283 1563 2457 1622 agere
2486 1551 2663 1622 cujus

229 1627 324 1679 est
369 1635 551 1690 esse;
601 1634 736 1680 esse
779 1628 977 1680 autem
1027 1628 1115 1680 est
1163 1621 1477 1692 compositi
1508 1635 1614 1692 per
1654 1620 1942 1677 sormam:
1984 1619 2141 1677 unde
2171 1627 2228 1676 et
2255 1622 2662 1692 compositum

227 1705 336 1762 per
360 1692 672 1749 materiam
702 1697 779 1772 ‚et
822 1693 1073 1750 formam
1104 1694 1243 1774 agit.
1271 1693 1338 1773 si·
1369 1692 1551 1764 igitur
1579 1690 1915 1772 substantia
1941 1690 2284 1771 intelligens
2316 1693 2395 1749 sit
2418 1705 2661 1763 compo·

229 1763 346 1820 sita
390 1777 463 1820 ex
507 1767 756 1820 materia
800 1769 858 1820 et
907 1764 1119 1831 forma,
1150 1763 1483 1834 intelligere
1519 1766 1633 1818 erit
1660 1775 1853 1833 ipsius
1882 1769 2219 1832 compositi.
2249 1765 2430 1819 Actus
2460 1770 2662 1821 autem

230 1832 584 1890 terminatur
624 1833 700 1890 ad
733 1832 957 1905 aliquid
1004 1833 1200 1891 simile
1245 1833 1481 1905 agenti:
1515 1832 1671 1890 unde
1701 1837 1759 1889 et
1785 1832 2181 1903 compositum
2212 1845 2508 1904 generans
2538 1845 2662 1891 non

227 1911 473 1974 generat
505 1903 776 1971 formam,
829 1902 935 1961 sed
976 1904 1394 1975 compositum.
1425 1903 1482 1960 Si
1531 1901 1713 1974 igitur
1738 1902 1927 1959 intelli
1974 1916 2070 1959 ere
2104 1902 2182 1959 sit
2211 1904 2367 1961 actio
2414 1917 2658 1974 compo-

229 1973 355 2043 siti,
405 1986 528 2032 non
569 1973 937 2046 intelligetur
983 1988 1092 2032 nec
1135 1976 1324 2031 forma
1371 1987 1481 2031 nec
1528 1972 1794 2041 materia,
1840 1985 1906 2029 se
1972 1978 2198 2030 tantum
2231 1975 2653 2043 compositum.

231 2045 355 2102 Hoc
397 2050 596 2102 autem
641 2050 801 2116 patet
828 2059 963 2102 esse
992 2045 1230 2102 falsum.
1258 2047 1385 2102 Non
1414 2046 1504 2102 est
1533 2043 1717 2116 igitur
1745 2042 2080 2101 substantia
2110 2043 2452 2116 intelligens
2484 2059 2655 2103 com-

227 2114 430 2185 posita
462 2129 534 2172 ex
564 2114 812 2172 materia
838 2120 897 2173 et
927 2115 1134 2173 forma.

298 2186 452 2255 Item,
504 2185 710 2243 formae
749 2199 944 2243 rerum
988 2185 1365 2244 sensibilium
1413 2184 1734 2255 perfectius
1780 2198 1915 2242 esse
1959 2184 2177 2242 babent
2227 2185 2285 2242 in
2328 2186 2659 2256 intellectu,

274 2267 410 2313 uam
441 2254 507 2313 in
531 2255 711 2314 rebus
741 2255 1168 2314 sensibilibus:
1193 2261 1334 2312 sunt
1363 2255 1521 2312 enim
1552 2255 1953 2326 simpliciores
2000 2260 2058 2311 et
2085 2255 2157 2313 ad
2180 2256 2345 2325 plura
2367 2271 2431 2314 se
2462 2262 2658 2314 exten-

229 2270 464 2396 gentes,
512 2338 616 2397 per
658 2339 838 2383 unam
869 2327 1028 2383 enim
1059 2327 1308 2383 formam
1342 2325 1605 2384 hominis
1637 2298 2096 2406 intelligibilem,
2117 2340 2337 2406 ‚omnes
2386 2327 2656 2386 homines

230 2396 572 2454 intellectus
621 2397 954 2468 cognoscit.
1007 2399 1217 2454 Forma
1260 2403 1457 2453 autem
1507 2395 1763 2467 perfecte
1810 2410 1874 2452 in
1924 2401 2168 2453 materia
2199 2399 2484 2465 existenS‚
2521 2399 2660 2455 facit

232 2479 367 2525 esse
398 2471 535 2525 actu
577 2466 713 2535 tale,
744 2467 972 2526 scilicet
996 2467 1086 2524 vel
1114 2467 1334 2540 ignem,
1361 2466 1451 2523 vel
1481 2467 1833 2525 coloratum.
1865 2467 1923 2524 Si
1955 2470 2149 2525 autem
2184 2480 2301 2523 non
2335 2467 2511 2524 saciat
2556 2467 2660 2525 ali-

230 2537 375 2665 guid
423 2550 559 2595 esse
596 2538 734 2606 tale,
771 2543 863 2596 est
900 2538 1242 2609 imperfecte
1287 2537 1504 2600 initio,
1548 2538 1706 2594 sicut
1746 2536 1939 2593 forma
1967 2537 2185 2595 caloris
2214 2537 2274 2593 in
2307 2552 2441 2594 aere
2484 2544 2548 2594 ut
2593 2537 2658 2595 in

271 2608 555 2676 cremate,
584 2614 643 2665 et
670 2608 829 2666 sicut
853 2608 1041 2665 virtus
1078 2608 1249 2678 primi
1280 2607 1513 2678 agentis
1538 2607 1601 2663 in
1632 2606 2050 2663 instrumento.
2083 2608 2140 2662 Si
2184 2607 2365 2678 igitur
2394 2607 2657 2665 intellec-

228 2685 330 2736 tus
359 2679 440 2736 sit
463 2692 534 2736 ex
553 2677 802 2735 materia
828 2683 885 2735 et
906 2679 1098 2735 forma
1116 2677 1508 2747 compositus,
1531 2677 1737 2734 formae
1754 2690 1949 2733 rerum
1974 2676 2405 2734 intellectarum
2437 2678 2657 2736 facient

229 2748 598 2806 intellectum
639 2761 774 2806 esse
819 2755 950 2807 actu
1000 2747 1138 2805 talis
1185 2753 1431 2810 naturae,
1475 2746 1673 2818 qualis
1720 2752 1812 2804 est
1838 2745 1997 2818 quod
2044 2746 2438 2818 intelligitur:
2473 2748 2655 2808 etsie

229 2819 506 2891 sequitur
523 2831 690 2876 error
705 2818 1097 2890 EmpedocliS,
1128 2817 1228 2890 qui
1258 2816 1489 2874 dicebat
1517 2815 1676 2888 quod
1710 2816 1907 2889 ignem
1938 2817 2075 2888 igne
2093 2819 2406 2888 cognoscit
2431 2818 2659 2890 anima,

229 2894 291 2946 et
333 2894 551 2946 terram
601 2894 778 2957 terra,
820 2893 878 2946 et
923 2888 1013 2946 sic
1043 2888 1113 2945 de
1142 2888 1280 2945 aliis
1314 2905 1329 2943 :
1362 2886 1520 2959 quod
1552 2891 1711 2958 patet
1739 2900 1873 2944 esse
1920 2886 2370 2945 inconveniens.
2395 2890 2525 2945 Non
2560 2892 2654 2947 est

226 2959 419 3032 igitur
447 2958 793 3032 intelligens
821 2958 1159 3017 substantia
1186 2957 1518 3028 composita
1547 2972 1619 3014 cx
1640 2958 1888 3016 materia
1914 2964 1973 3015 et
2004 2957 2212 3015 forma.

299 3031 589 3096 Praeterea.
627 3042 804 3086 omne
836 3029 996 3111 quod
1018 3035 1109 3085 est
1137 3029 1196 3084 in
1229 3029 1453 3101 atiquo,
1486 3033 1579 3085 est
1607 3028 1671 3085 in
1699 3041 1771 3086 eo
1840 3042 1904 3085 er
1933 3027 2172 3086 modum
2203 3029 2565 3101 recipientis,
2602 3029 2658 3090 si

228 3099 416 3181 igitur
445 3099 791 3157 intellectus
824 3105 902 3181 sit
931 3098 1303 3180 compositus
1332 3112 1403 3155 ex
1430 3099 1679 3155 materia
1706 3105 1765 3156 et
1794 3043 2004 3181 fornia,
2038 3099 2241 3181 sormae
2267 3115 2462 3159 rerum
2482 3105 2660 3162 erunt

230 3182 297 3226 in
347 3170 654 3227 intellectu
697 3169 1096 3232 materialiter,
1147 3175 1304 3228 sicut
1356 3175 1498 3227 sunt
1547 3174 1712 3227 extra
1754 3182 2037 3227 animam.
2088 3171 2252 3229 Sicut
2280 3171 2463 3228 irritur
2491 3179 2658 3232 extra

232 3239 492 3297 animani
522 3253 645 3298 non
673 3246 815 3298 sunt
842 3238 1251 3311 intelligibiles
1281 3244 1417 3296 actu
1447 3240 1526 3296 ita
1558 3250 1667 3297 nec
1700 3240 2022 3298 existentes
2049 3240 2114 3297 in
2155 3214 2482 3299 intell'ectu.

299 3312 452 3381 Item,
486 3310 691 3367 formae
716 3310 1168 3379 contrariorum,
1201 3310 1528 3367 secundum
1560 3311 1868 3382 essequod
1896 3310 2187 3368 babentin
2219 3312 2485 3380 materia,
2516 3316 2658 3371 sunt

229 3379 568 3448 contrariis,
611 3380 768 3438 unde
817 3385 875 3437 et
903 3394 967 3438 se
996 3380 1249 3437 invicem
1280 3380 1618 3451 expellunt3
1651 3381 1980 3440 secundum
2012 3387 2206 3439 autem
2234 3381 2392 3463 quod
2424 3386 2564 3439 sunt
2592 3382 2659 3440 in

231 3450 558 3521 intellectu,
571 3462 694 3508 non
706 3455 850 3509 sunt
869 3450 1201 3519 contrariae,
1219 3450 1325 3508 sed
1341 3463 1524 3508 unum
1536 3451 1968 3509 contrariorum
1986 3457 2077 3509 est
2089 3452 2239 3509 ratio
2258 3451 2656 3523 intelligibilis

230 3521 517 3589 alterius3
557 3521 698 3601 quia
742 3534 928 3578 unum
999 3534 1062 3578 ei·
1104 3521 1264 3578 aliud
1294 3522 1700 3592 cognoscitur.
1733 3523 1862 3580 Non
1897 3521 2079 3594 igitur
2120 3521 2339 3580 liabent
2367 3535 2501 3580 esse
2530 3535 2657 3581 ma-

231 3591 436 3719 }eriale
478 3591 543 3648 in
568 3590 895 3649 intellectu.
986 3604 1093 3663 rgo
1124 3590 1463 3650 intellectus
1519 3604 1641 3648 non
1689 3597 1781 3649 est
1824 3592 2195 3664 compositus
2226 3607 2299 3651 ex
2327 3593 2574 3650 materia
2598 3593 2659 3652 et

297 3733 521 3801 Adhuc,
559 3730 810 3789 materia
832 3743 955 3789 non
998 3705 1226 3803 recipit*
1245 3731 1528 3806 altiquam
1563 3731 1815 3790 formam
1845 3732 1917 3790 de
1946 3745 2102 3791 novo
2130 3733 2249 3791 nisi
2276 3747 2380 3805 per
2408 3737 2657 3803 motum,

229 3802 322 3860 vel
351 3801 768 3860 mutationem.
799 3801 1143 3861 Intellectus
1171 3807 1368 3859 autem
1404 3815 1524 3860 non
1557 3807 1827 3860 movetur
1853 3816 1957 3874 per
1982 3804 2096 3861 hoc
2120 3804 2278 3877 quod
2314 3804 2518 3875 recipit
2546 3803 2661 3862 for·

230 3885 381 3936 mas,
414 3871 522 3930 sed
552 3872 746 3944 magis
771 3872 1089 3944 quiescens
1118 3871 1438 3944 perficitur,
1484 3878 1543 3930 et
1572 3872 1758 3930 intelli
1810 3872 1870 3930 't.
1901 3873 2224 3954 Impeditur
2248 3880 2443 3932 autem
2477 3874 2536 3930 in
2575 3873 2662 3931 in·

230 3942 556 4014 telligendo
579 3957 685 4013 pei·
711 3947 960 4000 motum.
990 3945 1122 4000 Non
1150 3940 1332 4015 igitur
1359 3943 1726 4014 recipiuntur
1776 3956 1957 4001 ormae
1991 3956 2052 3999 in
2085 3943 2387 4003 intellectu
2414 3944 2573 4002 sicut
2595 3944 2660 4002 in

230 4013 480 4093 materia
517 4013 611 4094 vel
656 4012 720 4070 in
763 4026 826 4069 re
868 4012 1210 4094 materiali-z
1261 4012 1418 4070 unde
1456 4018 1616 4086 patet
1654 4012 1816 4087 quod
1861 4012 2211 4071 substantiae
2256 4015 2659 4086 intelligentes

235 4083 665 4142 immateriales
693 4087 857 4151 sunt,
888 4083 1047 4142 sicut
1066 4089 1126 4139 et
1147 4094 1535 4154 incorporem.

302 4154 450 4211 Hinc
480 4158 575 4210 est
666 4151 784 4212 uod
832 4153 1158 4227 Dionysius
1201 4152 1366 4222 dicit,
1395 4167 1526 4226 cap.
1556 4158 1591 4213 4
1617 4157 1697 4213 De
1720 4153 1924 4210 divinis
1960 4153 2268 4211 nominibus
2307 4172 2323 4212 ε
2357 4176 2388 4207 «
2417 4157 2661 4226 Propter

231 4219 448 4282 divinae
496 4168 786 4305 boniqatis
831 4222 1054 4295 radioS,
1102 4222 1500 4306 substiterunt
1544 4224 1982 4306 intellectuale-s
2025 4237 2235 4306 omnes
2284 4225 2656 4295 substantiae,

230 4307 384 4366 quae,
428 4292 589 4352 sicut
634 4294 1044 4365 incorporales
1089 4299 1149 4351 et
1188 4295 1639 4366 immateriales,
1685 4307 1897 4354 omnes
1938 4294 2374 4368 intelliguntur.
2409 4294 2451 4368 (l
2482 4299 2658 4369 part„

229 4377 287 4438 q.
325 4378 372 4438 1,
404 4369 520 4424 art.
548 4366 606 4423 2.
643 4365 694 4423 11
722 4364 898 4437 Sem„
927 4363 1068 4424 dist.
1095 4375 1186 4435 111,
1214 4370 1328 4424 art.
1363 4362 1442 4438 l.)
