3076 5025
1074 299 1209 357 ΗΒ.
1251 299 1350 369 111,
1388 299 1543 357 CAP.
1580 298 1788 357 Lxxv:
2539 301 2648 362 355

199 419 268 477 in
295 417 497 478 finem.
519 420 691 477 Esset
712 418 887 477 etiam
913 425 1123 478 contra
1148 418 1575 491 perfectionem
1603 419 1891 491 universi,
1921 421 1977 480 si
2016 421 2186 481 nulla
2211 435 2310 481 res
2337 424 2643 497 corrupti·

202 489 351 549 bilis
373 494 554 557 esset,
595 502 708 547 nec
726 490 928 563 aliqua
950 490 1141 549 virtus
1169 487 1419 548 deficere
1445 495 1684 563 potens,
1731 496 1798 548 ut
1822 505 1894 548 ex
1929 492 2231 563 praedictis
2261 492 2413 564 (cap.
2458 499 2526 553 71
2578 499 2642 554 et

196 558 299 631 72)
320 565 500 631 patet.
519 562 603 617 Ex
625 560 740 618 hoc
772 565 971 619 autem
1001 559 1162 633 quod
1191 559 1434 632 aliquod
1482 574 1670 632 agens
1713 566 1954 634 propter
1976 560 2157 621 finem
2185 562 2386 622 deficit
2437 563 2515 623 ab
2562 578 2639 624 eo

196 630 362 712 quod
402 629 679 698 intendit,
717 630 987 704 sequitur
1014 630 1217 703 aliqua
1252 642 1398 688 casu
1446 631 1818 703 contingere.
1852 634 2021 690 Esset
2064 633 2248 706 igitur
2297 638 2507 694 contra
2548 648 2641 696 ra·

198 705 434 761 tionem
463 700 849 783 providentiae
877 706 936 759 et
980 700 1366 782 perfectionis
1390 714 1616 764 rerum,
1645 701 1700 759 si
1729 714 1851 760 non
1872 706 2078 762 essent
2113 703 2316 777 aliqua
2341 704 2635 766 casualia.

268 772 488 836 Adhuc,
520 770 922 830 multitudo-et
950 770 1265 830 diversitas
1293 784 1614 831 causarum
1639 786 1713 831 ex
1740 772 1949 831 ordine
1987 772 2204 832 divinae
2237 775 2634 845 providentiae

194 847 260 902 et
283 841 704 914 dispositionis
730 841 1017 913 procedit,
1044 841 1356 913 supposita
1387 848 1588 901 autem
1616 855 1935 901 causarum
1952 842 2371 915 dispositione,
2390 852 2653 917 oportet,

195 919 386 971 unam
414 912 582 971 alteri
608 912 967 986 quandoque
992 926 1368 981 concurrere,
1400 926 1505 985 per
1532 927 1714 987 quam
1753 913 2127 985 impediatur,
2159 915 2251 972 vel
2273 915 2530 987 juvetur
2553 916 2637 977 ad

197 995 384 1043 suum
412 979 687 1042 effectum
714 983 1184 1064 producendum.
1214 984 1297 1040 Ex
1331 997 1632 1042 concursu
1677 988 1876 1043 autem
1924 983 2179 1043 duarum
2220 985 2314 1044 vel
2359 986 2634 1068 plurium

194 1066 544 1122 causarum,
573 1053 869 1127 contingit
895 1054 1139 1126 aliquod
1166 1053 1487 1112 casualiter
1523 1054 1781 1121 evenire,
1812 1053 1953 1113 dum
2001 1054 2143 1113 finis
2185 1068 2306 1115 non
2353 1060 2633 1117 intentus
2728 1081 2747 1092 -

197 1124 463 1196 alicujus
514 1136 712 1183 causae
751 1124 1080 1195 provenit:
1132 1123 1290 1182 sicut
1333 1123 1598 1183 inventio
1646 1124 1933 1183 debitoris
1979 1125 2054 1183 ab
2104 1138 2178 1184 eo
2225 1125 2327 1199 qui
2378 1125 2505 1186 ibat
2553 1127 2637 1188 ad

192 1193 404 1253 forum
454 1208 640 1254 causa
679 1194 913 1253 emendi
986 1194 1213 1268 aliquid
1295 1195 1522 1252 rovenit
1568 1208 1643 1253 ex
1690 1195 1803 1253 hoc
1839 1195 1999 1268 quod
2043 1195 2277 1254 debitor
2323 1197 2504 1256 etiam
2552 1198 2634 1258 acl

193 1264 403 1324 forum
428 1265 609 1322 venit.
658 1267 789 1324 Non
840 1270 934 1324 est
993 1266 1179 1339 igitur
1234 1208 1449 1325 ‹fivinae
1483 1265 1870 1338 providentiae
1898 1267 2265 1326 contrarium
2305 1267 2476 1341 quod
2505 1268 2632 1328 sint

195 1334 410 1409 aliqua
434 1334 680 1394 fortuita
705 1340 765 1394 et
793 1336 1063 1395 casualia
1089 1336 1154 1394 in
1190 1333 1391 1394 rebus.

342 1408 495 1469 Item,
540 1405 700 1479 quod
754 1419 877 1465 non
924 1411 1019 1465 est
1061 1418 1186 1465 non
1240 1410 1598 1477 potestesse
1634 1406 1892 1478 alicujus
1931 1422 2134 1466 causa.
2171 1407 2335 1467 Unde
2399 1413 2639 1481 oportet

198 1476 369 1550 quod
398 1476 888 1550 unumquodque,
909 1477 1064 1535 sicut
1092 1490 1159 1535 se
1188 1475 1365 1534 habet
1392 1475 1466 1534 ad
1496 1489 1653 1546 esse,
1672 1476 1758 1535 ita
1779 1491 1846 1535 se
1867 1476 2080 1535 habeat
2108 1476 2183 1536 ad
2211 1479 2328 1536 hoc
2357 1480 2519 1560 quod
2547 1480 2633 1539 sit

196 1560 410 1607 causa.
438 1546 684 1618 Oportet
717 1547 902 1620 igitur
927 1547 1089 1629 quod
1135 1546 1466 1606 secundum
1495 1547 1899 1607 diversitatem
1927 1547 2158 1606 ordinis
2182 1548 2246 1605 in
2272 1550 2511 1609 entibus
2548 1551 2637 1609 sit

193 1616 386 1677 etiam
411 1616 726 1676 diversitas
757 1618 987 1676 ordinis
1021 1618 1085 1676 in
1102 1618 1325 1678 causis
1355 1617 1441 1676 Ad
1477 1617 1903 1690 perfectionem
1950 1624 2148 1677 autem
2194 1632 2393 1677 rerum
2435 1622 2633 1693 requi-

193 1687 358 1746 ritur
385 1688 545 1760 quod
575 1701 699 1746 non
740 1689 942 1747 solum
974 1689 1097 1747 sint
1132 1688 1197 1746 in
1241 1688 1421 1746 rebus
1451 1688 1614 1746 entia
1651 1703 1758 1760 per
1801 1702 1889 1758 se,
1938 1689 2045 1747 sed
2092 1688 2272 1748 etiam
2315 1690 2478 1750 entia
2523 1702 2635 1762 per

195 1757 508 1818 accidens,
536 1760 652 1818 Res
681 1759 842 1818 enim
869 1773 1000 1832 quae
1030 1773 1151 1816 non
1181 1758 1402 1817 habent
1427 1758 1492 1816 in
1521 1772 1634 1817 sua
1662 1758 1999 1817 substantia
2027 1759 2296 1818 ultimam
2362 1761 2638 1820 erfectio-

194 1842 366 1898 nem,
394 1834 627 1901 oportet
654 1828 814 1901 quod
842 1829 1265 1910 perfectionem
1298 1827 1563 1910 aliquam
1589 1836 2036 1911 consequantur
2063 1843 2167 1901 per
2190 1775 2522 1889 accigentia
2570 1836 2634 1890 et

194 1913 316 1972 per
341 1904 508 1958 tanto
568 1899 700 1958 lura
718 1906 941 1973 quanto
961 1900 1154 1972 magis
1175 1899 1397 1957 distant
1419 1914 1456 1957 a
1478 1899 1856 1971 simplicitate
1878 1902 2003 1958 Dei.
2022 1902 2103 1958 Ex
2124 1902 2239 1958 hoc
2255 1906 2454 1959 autem
2468 1901 2637 1974 quod

196 1968 536 2052 aliquidsu
572 1970 797 2043 jectum
827 1970 1005 2052 habet
1039 1970 1227 2028 multa
1254 1969 1588 2051 accidentia
1639 1971 1912 2051 sequitur
1938 1970 2100 2043 quod
2140 1972 2221 2052 sit
2246 1971 2489 2052 aliquod
2519 1984 2635 2053 ens

195 2052 315 2113 per
341 2040 643 2110 accidens,
673 2053 813 2099 nam
840 2040 1172 2113 subjectum
1197 2045 1257 2098 et
1283 2040 1586 2109 accidenS,
1617 2046 1677 2098 et
1703 2047 1881 2098 etiam
1910 2040 2031 2100 duo
2080 2041 2412 2101 accidentia
2444 2055 2634 2102 umus

196 2109 462 2182 subjecti
490 2116 636 2170 sunt
664 2124 849 2170 unum
876 2112 942 2169 in
970 2111 1251 2170 omnibus
1275 2124 1381 2183 per
1409 2111 1711 2179 accidens,
1750 2111 1905 2170 sicut
1926 2111 2109 2170 homo
2133 2111 2306 2172 albus
2353 2117 2413 2170 et
2450 2112 2642 2173 musi-

197 2194 348 2240 cum
378 2181 602 2241 album.
635 2183 878 2252 Oportet
903 2182 1086 2254 igitur
1109 2180 1182 2241 ad
1211 2181 1636 2253 perfectionem
1672 2195 1869 2240 rerum
1899 2182 2059 2255 quod
2116 2183 2243 2240 sint
2263 2181 2443 2243 etiam
2516 2197 2639 2244 uae-

198 2251 347 2311 dam
375 2266 575 2312 causae
597 2251 1042 2333 per-accidens.
1073 2254 1154 2310 Ea
1180 2256 1379 2310 autem
1420 2266 1554 2324 quae
1600 2266 1672 2310 ex
1710 2252 1914 2310 causis
1965 2252 2266 2325 aliquibus
2303 2266 2483 2325 proce
2530 2257 2642 2313 unt

193 2336 313 2395 per
342 2322 639 2386 accidens,
667 2322 947 2381 dicuntur
975 2322 1244 2382 accidere
1269 2337 1305 2380 a
1332 2334 1478 2380 casu
1513 2321 1607 2380 vel
1632 2322 1890 2380 fortuna.
1921 2324 2051 2380 Non
2078 2328 2172 2380 est
2203 2322 2387 2396 igitur
2423 2329 2638 2383 contra

194 2391 503 2453 rationem
571 2392 938 2522 }01Y{dentiae,
973 2406 1105 2467 quae
1130 2392 1557 2465 perfectionem
1585 2405 1786 2450 rerum
1817 2397 2152 2464 conservat,
2173 2399 2241 2451 ut
2267 2392 2640 2467 aliquafiant

277 2536 565 2601 Praeterea,
587 2533 662 2593 ad
695 2534 967 2594 ordinem
997 2534 1213 2594 divinae
1240 2534 1625 2607 providentiae
1662 2534 1915 2606 pertinet
1944 2537 2010 2590 ut
2034 2533 2115 2591 sit
2144 2533 2291 2592 ordo
2318 2538 2379 2592 et
2404 2532 2636 2606 gradus

191 2604 273 2664 in
302 2607 528 2665 causis.
572 2606 805 2674 Quanto
851 2611 1052 2664 autem
1098 2606 1301 2679 aliqua
1343 2617 1528 2663 causa
1576 2610 1669 2662 est
1715 2603 1991 2675 superior
2030 2608 2302 2673 causato,
2329 2609 2497 2662 tanto
2539 2610 2638 2664 est

193 2676 456 2748 majoris
483 2675 743 2745 virtutis,
774 2675 930 2734 unde
961 2676 1092 2758 ejus
1121 2675 1445 2735 causalitas
1473 2674 1548 2733 ad
1575 2674 1748 2745 plura
1768 2689 1835 2732 se
1865 2674 2147 2755 extendit.
2171 2672 2408 2732 Nullius
2431 2678 2637 2734 autem

195 2760 410 2805 causae
456 2746 749 2806 naturalis
792 2748 1044 2805 intentio
1092 2760 1158 2805 se
1211 2745 1473 2804 extendit
1520 2745 1676 2804 ultra
1717 2745 1995 2803 virtutem
2051 2758 2202 2816 ejus,
2251 2747 2423 2803 Esset
2471 2745 2637 2805 enim

194 2817 453 2876 frustra.
482 2819 724 2890 oportet
775 2830 918 2889 ergo
948 2817 1106 2889 quod
1153 2816 1407 2874 intentio
1446 2829 1643 2874 causae
1683 2815 2063 2887 particularis
2092 2829 2215 2873 non
2254 2828 2321 2872 se
2353 2815 2636 2875 extendat

197 2887 283 2946 ad
317 2887 524 2945 omnia
576 2901 708 2960 quae
764 2887 1111 2960 contingere
1160 2892 1437 2960 possunt.
1469 2889 1553 2944 Ex
1606 2886 1722 2944 hoc
1778 2891 1978 2944 autem
2033 2886 2328 2958 contingit
2381 2886 2633 2959 aliquod

199 2957 453 3017 casuale
493 2956 589 3015 vel
631 2958 962 3028 fortuitum,
995 2958 1136 3031 quia
1187 2957 1468 3016 eveniunt
1509 2955 1713 3038 aliqua
1755 2961 1969 3028 praeter
2012 2956 2406 3014 intentionem
2451 2968 2635 3029 agen·

195 3028 380 3155 tiubm.
411 3028 570 3087 Ordo
592 3027 777 3101 igitur
803 3028 1022 3089 divinae
1048 3027 1435 3101 providentiae
1463 3027 1648 3100 exigit
1674 3026 1836 3100 quod
1865 3027 1948 3085 sit
1972 3039 2155 3086 casus
2192 3031 2253 3084 et
2296 3027 2536 3086 fortuna
2562 3027 2631 3087 in

281 3170 432 3227 Hinc
462 3167 740 3242 estquod
769 3167 1007 3239 dicitur,
1034 3169 1212 3238 Eccl„
1243 3181 1328 3237 ix,
1369 3173 1429 3226 Η
1466 3186 1483 3226 t
1519 3167 1655 3226 Vidi
1677 3181 1774 3225 nec
1790 3168 2052 3226 velocium
2085 3183 2200 3227 esse
2224 3182 2464 3239 cursum,
2493 3173 2640 3239 etc„

202 3239 304 3297 sed
328 3244 535 3310 tempus
561 3255 849 3311 casumque
872 3242 936 3297 in
961 3239 1229 3309 omnibus,
1258 3238 1492 3300 scilicet
1516 3238 1924 3298 inferioribus.

1147 3458 1401 3524 CAPUT
1465 3457 1700 3523 LXXV.

531 3639 685 3694 QUOD
708 3638 1108 3688 Pnovmmt‘tu
1131 3638 1233 3686 nm
1261 3639 1353 3685 811·
1377 3636 1777 3688 autumnum
1809 3638 2307 3691 comesurum.

279 3803 364 3859 Ex
391 3800 491 3861 his
517 3806 716 3861 autem
744 3816 877 3876 quae
908 3805 1155 3860 ostensa
1171 3806 1316 3860 sunt
1340 3800 1728 3860 manifestum
1745 3800 1812 3860 fit
1829 3802 1989 3876 quod
2035 3803 2238 3864 divina
2257 3804 2636 3877 providentia

2720 633 2731 666 l

201 3871 483 3944 provenit
510 3885 702 3945 usque
745 3872 828 3932 ad
851 3871 1183 3944 singularia
1252 3871 1644 3930 enerabilium
1682 3877 1743 3930 et
1779 3874 2276 3945 corruptibilium.
2307 3878 2439 3934 Non
2467 3877 2633 3936 enim
2719 3898 2723 3905 ·

199 3941 446 4021 videtui·
471 3941 683 4002 horum
709 3956 833 4002 non
864 3956 998 4002 esse
1025 3942 1192 4015 provi
1237 3942 1459 4000 entiam
1485 3942 1607 4023 nisi
1634 3948 1875 4015 propter
1901 3957 2109 4004 eorum
2130 3945 2633 4019 contingentiam,

205 4015 271 4069 et
343 4024 444 4070 uia
463 4012 651 4073 multa
680 4013 745 4071 in
773 4014 863 4072 eis
893 4012 1213 4071 casualiter
1240 4017 1299 4070 et
1321 4012 1567 4070 fortuito
1613 4014 1913 4072 eveniunt.
1943 4014 2012 4072 In
2052 4014 2168 4073 hoc
2219 4017 2380 4075 enim
2430 4018 2633 4078 solum

201 4081 269 4140 di
356 4087 496 4139 runt
539 4082 613 4140 ab
653 4083 1209 4156 incorruptibilibus
1247 4086 1306 4139 et
1349 4082 1793 4142 universalibus
1839 4086 2336 4156 corruptibilium,
2372 4101 2634 4161 quorum

202 4151 415 4212 dicunt
430 4152 859 4223 providentiam
891 4166 1047 4213 esse.
1073 4152 1465 4233 Providentiae
1494 4157 1694 4211 autem
1741 4166 1866 4211 non
1894 4162 2189 4229 repugnat
2218 4158 2634 4240 contingentia

202 4228 265 4280 et
302 4235 484 4283 casus
525 4228 586 4282 et
629 4224 891 4295 fortuna,
920 4235 1114 4297 neque
1161 4224 1588 4303 voluntari-um,
1617 4228 1685 4303 ut
1729 4229 2040 4283 ostensum
2081 4231 2192 4286 est.
2238 4228 2399 4287 Nihil
2444 4232 2634 4304 igitur

233 4293 482 4375 ⁸roliibet
507 4294 725 4354 horum
754 4294 1188 4368 providentiam
1216 4306 1373 4364 esse,
1421 4298 1583 4351 sicut
1621 4294 2163 4365 incorruptibilium
2215 4301 2276 4355 et
2319 4298 2631 4359 universa-

277 4434 494 4506 Adhuc,
526 4435 585 4495 si
615 4436 777 4494 Deus
802 4434 1019 4496 horum
1047 4434 1449 4509 singularium
1491 4431 1928 4507 providentiam
1981 4447 2107 4495 non
2151 4436 2351 4508 habet,
2378 4443 2482 4497 aut
2515 4436 2636 4494 hoc
