3076 5025
1093 319 1227 372 ΗΒ.
1267 319 1315 385 1,
1352 319 1505 374 CAP.
1541 318 1699 374 xm.
2544 325 2615 382 45

242 438 535 508 Amplius,
566 436 944 508 impossibile
971 443 1063 496 est
1089 449 1276 496 unum
1316 443 1549 496 motum
1590 438 1941 498 continuum
1972 439 2059 513 (In
2110 453 2300 513 marg.
2333 440 2514 501 verba
2556 457 2611 502 et

179 507 478 580 repelare.)
499 511 561 564 et
588 508 862 580 regulare
889 522 927 566 a
953 508 1223 579 pluribus
1252 509 1588 567 motoribus
1616 523 1780 578 esse;
1810 524 1950 568 nam
1978 510 2031 568 si
2063 510 2245 570 simul
2279 518 2608 584 moverent,

184 578 384 636 nullus
446 591 663 636 eorum
717 583 812 636 est
852 578 1149 650 perfectus
1193 583 1411 649 motor,
1459 579 1565 637 sed
1609 591 1818 637 omnes
1865 594 1930 638 se
1980 580 2200 639 habent
2243 581 2382 641 loco
2426 582 2608 642 unius

182 648 428 722 perfecti
462 647 755 719 motoris;
815 649 932 707 uod
954 662 1076 707 non
1095 649 1378 730 competit
1403 648 1467 706 in
1494 648 1688 720 primo
1714 654 1962 720 motore,
1985 652 2312 722 perfectum
2341 653 2501 711 enirn
2522 658 2616 713 est

184 720 343 847 grius
368 718 754 791 imperfecto.
826 719 846 776 i
877 725 1073 778 autem
1108 732 1228 777 non
1260 720 1443 777 simul
1469 725 1732 789 movent,
1770 721 2021 793 quilibet
2046 735 2254 780 eorum
2285 729 2380 781 est
2420 738 2610 796 quan-

219 803 375 864 oque
408 803 673 848 movens
714 793 775 846 et
810 790 1007 861 quand
1092 804 1167 847 ue
1212 802 1383 847 non:
1423 803 1497 847 ex
1542 804 1663 863 quo
1708 791 1979 864 sequitur
2015 792 2178 864 quod
2234 799 2435 852 motus
2483 807 2611 854 non

185 859 258 919 sit
303 861 646 918 continuus
692 872 884 932 neque
930 874 1075 932 regu
1102 860 1244 918 aris.
1286 862 1477 918 Motus
1523 861 1685 918 enim
1735 861 2057 920 continuus
2105 869 2164 920 et
2214 877 2373 922 unus
2401 870 2495 922 est
2536 864 2613 924 ab

186 943 302 989 uno
332 936 596 989 motore.
627 931 823 989 Motor
857 930 1033 989 etiam
1061 929 1162 1003 qui
1192 943 1315 988 non
1347 943 1586 1011 semper
1612 936 1827 1001 movet,
1867 931 2273 1004 irregulariter
2309 934 2611 994 invenitur

184 1013 443 1069 movere,
480 1000 643 1059 sicut
671 1006 832 1071 patet
863 1001 928 1058 in
954 1000 1290 1059 motoribus
1314 999 1704 1058 inferioribus
1726 1000 1791 1058 in
1819 1000 2036 1074 quibus
2061 1008 2263 1063 motus
2306 1004 2608 1064 violentus

188 1071 244 1129 in
272 1071 583 1143 principio
610 1070 940 1128 intenditur
967 1076 1026 1128 et
1070 1071 1133 1128 in
1175 1070 1293 1128 flue
1344 1071 1710 1128 remittitur:
1741 1077 1944 1129 motus
1990 1078 2190 1131 autem
2241 1075 2534 1133 naturalis
2579 1089 2615 1133 e

188 1155 502 1213 converso.
537 1141 654 1199 Sed
684 1141 912 1211 primus
958 1145 1160 1199 motus
1209 1145 1302 1199 est
1345 1154 1506 1199 unus
1551 1145 1611 1198 et
1656 1142 2005 1211 continuuS,
2034 1148 2100 1200 ut
2153 1158 2191 1201 a
2230 1144 2614 1217 philosophis

191 1212 507 1340 pgobatum
540 1216 636 1268 est
664 1210 924 1284 (Physic.
955 1224 1069 1281 vn,
1094 1216 1234 1269 text.
1267 1223 1487 1269 comm.
1513 1214 1585 1268 54
1611 1216 1671 1268 et
1694 1210 1809 1284 74).
1842 1213 1995 1284 Ergo
2043 1218 2277 1284 oportet
2312 1213 2443 1286 ejus
2485 1228 2616 1274 mo-

254 1296 377 1340 rem
408 1295 555 1341 esse
583 1295 792 1339 unum.

254 1353 457 1410 Adhuc
482 1395 500 1421 ,
574 1351 911 1411 substantia
971 1366 1044 1411 co
1118 1352 1302 1411 oralis
1366 1352 1677 1411 ordinatur
1738 1351 1814 1410 ad
1882 1351 2254 1424 spiritualem
2320 1355 2478 1415 sicut
2539 1357 2616 1415 ad

195 1436 361 1482 suum
409 1423 683 1502 bonum..
711 1424 861 1480 Nam
900 1428 993 1481 est
1034 1422 1079 1480 il
1105 1437 1142 1481 a
1184 1422 1424 1481 bonitas
1470 1422 1705 1494 plenior
1744 1422 1841 1480 cui
1901 1423 2234 1494 corporalis
2275 1424 2618 1485 substantia

196 1493 446 1551 intendit
471 1492 826 1562 assimilari,
873 1506 1011 1550 cum
1056 1505 1233 1551 omne
1279 1492 1441 1565 quod
1487 1497 1601 1561 est,
1646 1492 1946 1551 desideret
1985 1493 2277 1565 optimum
2324 1500 2615 1567 quantum

199 1563 482 1636 possibile
502 1569 620 1621 est.
654 1562 770 1620 Sed
798 1576 1009 1620 omnes
1049 1569 1250 1622 motus
1292 1562 1626 1635 corporalis
1668 1568 1952 1621 creaturae
1995 1563 2384 1624 inveniuntur
2409 1566 2617 1625 reduci

206 1634 273 1691 ad
297 1647 486 1691 unum
530 1633 818 1715 primum,
847 1638 1059 1704 praeter
1084 1647 1259 1705 quem
1288 1646 1410 1691 non
1441 1638 1534 1691 est
1580 1632 1737 1713 alius
1790 1633 2040 1704 primuS,
2083 1633 2185 1706 qui
2216 1635 2387 1693 nullo
2433 1637 2613 1695 modo

207 1704 509 1762 reducatur
533 1717 598 1760 in
627 1703 847 1774 ipsum.
878 1705 1030 1776 Ergo
1060 1709 1271 1775 praeter
1297 1703 1697 1762 substantiam
1745 1704 2138 1775 spiritualem,
2166 1719 2300 1777 quae
2351 1712 2443 1764 est
2471 1706 2613 1765 finis

212 1774 378 1845 primi
406 1779 627 1854 motuS,
657 1786 782 1831 non
828 1778 922 1830 est
964 1774 1166 1846 aliqua
1208 1788 1342 1846 quae
1389 1787 1512 1831 non
1561 1774 1877 1831 reducatur
1905 1774 1967 1831 in
1992 1775 2208 1845 ipsam.
2241 1777 2363 1835 Hoc
2407 1782 2610 1836 autem

220 1845 446 1903 nomine
472 1845 575 1902 Dei
605 1843 1020 1916 intelligimus,
1046 1857 1168 1903 non
1204 1850 1296 1902 est
1325 1844 1506 1917 igitur
1532 1843 1652 1902 nisi
1685 1857 1841 1902 unus
1866 1847 2044 1903 Deus.

278 1916 518 1986 Amplius
550 1957 568 1983 ,
637 1914 909 1972 omnium
971 1914 1339 1973 diversorum
1403 1913 1812 1973 ordinatorum
1881 1914 1956 1971 ad
2016 1914 2272 1973 invicem
2331 1917 2479 1975 ordo
2540 1918 2617 1977 ad

214 1984 447 2043 invicem
494 1989 593 2042 est
617 1989 859 2056 propter
903 1984 1172 2042 ordinem
1205 1997 1411 2043 eorum
1460 1984 1534 2042 ad
1563 1984 1642 2042 ali
1686 1984 1787 2042 uid
1836 1998 2050 2054 unum,
2093 1986 2250 2043 sicut
2291 1986 2440 2046 ordo
2489 2000 2618 2059 par-

209 2056 339 2113 tium
369 2055 675 2114 exercitus
702 2053 775 2113 ad
806 2054 1037 2112 ducem.
1069 2058 1217 2114 Nam
1245 2055 1406 2128 quod
1434 2055 1638 2127 aliqua
1702 2056 1894 2112 iversa
1921 2055 1984 2111 in
2032 2055 2382 2115 habitudine
2408 2058 2613 2132 aliqua

206 2128 503 2193 uniantur,
543 2138 670 2183 non
709 2130 906 2252 Botest
949 2138 1085 2206 esse
1132 2140 1204 2183 ex
1222 2124 1488 2206 propriis
1516 2124 1747 2182 naturis
1794 2125 2124 2184 secundum
2169 2126 2329 2199 quod
2359 2132 2502 2186 sunt
2527 2128 2617 2187 di-

202 2211 386 2266 versa,
417 2196 567 2269 quia
593 2209 668 2253 ex
754 2209 826 2253 oc
861 2208 1057 2268 magis
1096 2196 1626 2268 distinguerentur.
1670 2198 1788 2252 Nec
1831 2201 2030 2266 potest
2060 2210 2195 2254 esse
2242 2211 2316 2254 cx
2362 2197 2615 2257 diversis

200 2266 642 2335 ordinantibus,
694 2266 836 2338 quia
866 2278 988 2323 non
1015 2271 1212 2337 potest
1239 2279 1374 2324 esse
1409 2265 1570 2338 quod
1602 2279 1785 2323 unum
1824 2266 2094 2324 ordinem
2129 2266 2505 2326 intenderent
2543 2282 2616 2327 ex
2655 2294 2662 2299 ·

202 2338 419 2410 seipsis
460 2336 794 2396 secundum
839 2336 1000 2409 quod
1025 2342 1168 2394 sunt
1206 2336 1452 2394 diversi.
1484 2338 1552 2392 Et
1580 2336 1669 2393 sic
1696 2336 1788 2394 vel
1818 2336 1963 2393 ordo
1991 2336 2315 2394 multorum
2361 2337 2436 2395 ad
2465 2339 2616 2396 invi·

200 2422 325 2466 cem
373 2413 473 2467 est
519 2421 629 2479 per
683 2406 981 2470 accidens,
1013 2407 1106 2465 vel
1162 2406 1707 2487 oportet-reducere
1753 2405 1826 2463 ad
1856 2406 1932 2463 ali
1980 2406 2099 2464 uod
2137 2419 2324 2464 unum
2357 2408 2616 2478 primum

203 2480 513 2548 ordinans,
544 2477 648 2550 qui
678 2476 754 2536 ad
772 2475 950 2535 finem
981 2490 1158 2550 quem
1188 2476 1442 2534 intendit
1468 2477 1672 2535 omnia
1717 2476 1834 2534 alia
1877 2490 1947 2535 or
1989 2477 2134 2535 inat.
2164 2477 2388 2537 Omnes
2416 2484 2615 2537 autem

201 2555 393 2622 partes
424 2548 613 2621 hujus
660 2549 868 2606 mundi
913 2549 1299 2606 inveniuntur
1325 2547 1613 2606 ordinatae
1652 2547 1725 2605 ad
1773 2549 2049 2615 invicem,
2079 2548 2410 2607 secundum
2458 2551 2619 2622 quod

203 2620 472 2693 quaedam
500 2633 538 2677 a
594 2618 948 2691 quibusdam
970 2618 1272 2691 iuvantur,
1327 2618 1487 2677 sicut
1526 2631 1781 2688 corpora
1823 2618 2111 2676 inferiora
2159 2625 2473 2678 moventur
2514 2634 2619 2691 per

204 2691 531 2762 superiora,
564 2696 622 2746 et
651 2689 778 2746 haec
805 2704 907 2760 per
929 2689 1297 2747 substantias
1325 2688 1731 2759 incorporeas,
1762 2692 1828 2743 ut
1852 2702 1923 2766 ex
1950 2688 2246 2757 praedictis
2274 2694 2453 2760 patet.
2493 2693 2614 2748 Nec

202 2761 311 2820 hoc
333 2766 430 2820 est
458 2773 566 2831 per
593 2757 890 2827 accidens,
924 2772 1107 2832 quum
1137 2758 1227 2816 sic
1263 2771 1515 2829 semper,
1545 2756 1638 2813 vel
1666 2756 1731 2812 in
1764 2757 1975 2827 majori
2010 2762 2193 2827 parte.
2240 2758 2427 2829 Igitur
2452 2763 2615 2817 totus

204 2831 297 2889 hic
329 2830 603 2888 mundus
651 2843 774 2887 non
816 2828 991 2887 babet
1038 2829 1160 2887 nisi
1211 2840 1396 2909 unum
1444 2826 1848 2907 ordinatorem
1892 2830 1952 2882 et
1996 2826 2453 2908 gubernatorem
2473 2828 2618 2908 ised

201 2905 407 2972 praeter
437 2901 602 2958 bunc
631 2899 918 2957 mundum
960 2912 1083 2958 non
1122 2903 1215 2957 est
1237 2899 1414 2955 alius.
1446 2900 1579 2954 Non
1621 2901 1717 2955 est
1764 2900 1949 2968 igitur
1973 2909 2097 2956 nist
2139 2909 2299 2956 unus
2344 2910 2615 2957 omnium

206 2985 397 3030 rerum
435 2970 804 3041 gubernator
826 2983 1003 3043 quem
1032 2972 1220 3028 Deum
1243 2968 1518 3026 dicimus.

266 3042 490 3110 Adhuc,
521 3039 576 3098 si
607 3045 751 3098 sunt
792 3039 913 3099 duo
940 3053 1198 3112 quorum
1232 3044 1548 3112 utrumque
1589 3042 1684 3096 est
1716 3050 1966 3097 necesse
1993 3051 2150 3103 esse,
2179 3043 2416 3111 oportet
2458 3041 2618 3114 quod

208 3111 571 3170 conveniant
592 3109 658 3167 in
681 3110 1015 3168 intentione
1055 3109 1438 3169 necessitatis
1484 3108 1726 3167 essendi
1758 3126 1772 3166 ε
1804 3112 2039 3180 oportet
2083 3108 2268 3182 igitur
2302 3110 2464 3182 quod
2496 3110 2619 3170 dis-

233 3182 244 3191 '
372 3187 557 3239 antur
581 3194 687 3253 per
713 3179 939 3253 aliquid
970 3180 1130 3253 quod
1157 3180 1414 3247 additur,
1442 3179 1540 3236 vel
1576 3178 1682 3236 uni
1730 3184 1979 3248 tantum,
2012 3180 2106 3237 vel
2152 3180 2408 3252 utrique.
2441 3183 2507 3238 Et
2530 3182 2619 3240 sic
2669 3187 2680 3196 ·

207 3256 437 3324 oportet
464 3250 850 3318 velalterum,
878 3250 973 3308 vel
1000 3256 1318 3323 utrumque
1349 3262 1488 3307 esse
1511 3249 1931 3318 compositum.
1958 3248 2199 3308 Nullum
2238 3255 2436 3309 autem
2464 3263 2622 3309 com·

206 3322 468 3394 positum
500 3327 595 3379 εει
622 3333 868 3379 necesse
896 3333 1031 3378 esse
1060 3334 1165 3393 per
1193 3334 1259 3379 se
1295 3320 1516 3391 ipsum,
1556 3319 1713 3375 sicut
1752 3333 1933 3390 supra
1979 3319 2130 3391 (cap.
2176 3320 2265 3392 18)
2309 3325 2619 3379 ostensum

205 3398 311 3522 gtst.
333 3396 434 3474 ,lm
483 3390 733 3517 ossibble
762 3394 856 3449 est
879 3390 1064 3463 igitur
1083 3403 1219 3450 esse
1245 3389 1418 3462 plura
1445 3401 1701 3462 quorum
1721 3394 2037 3462 utrumque
2068 3389 2149 3448 sit
2175 3402 2424 3464 necesse
2451 3403 2617 3461 esse;

294 3476 388 3521 sic
477 3475 615 3520 ures
701 3474 828 3520 εοε.

269 3477 551 3604 wigius,
585 3531 735 3589 illud
763 3531 826 3587 in
852 3544 974 3604 quo
1018 3530 1300 3590 differunt
1329 3530 1423 3603 (ex
1450 3543 1570 3602 quo
1605 3533 1911 3601 ponuntur
1949 3531 2267 3589 convenire
2311 3531 2378 3588 in
2420 3544 2622 3591 neces-

205 3602 380 3662 sitate
412 3601 704 3674 essendi),
742 3606 846 3659 aut
874 3615 935 3659 re
979 3602 1193 3660 uiritur
1217 3602 1293 3660 ad
1323 3601 1820 3671 complementum
1843 3600 2220 3659 necessitatis
2240 3602 2481 3660 essendi
2510 3603 2620 3660 ali-

206 3687 324 3746 quo
369 3673 581 3742 modo,
619 3675 723 3728 aut
771 3684 917 3730 non.
999 3672 1017 3729 i
1062 3685 1185 3730 non
1227 3686 1291 3729 re
1336 3670 1570 3740 uiritur,
1615 3684 1680 3728 er
1721 3683 1758 3729 o
1801 3675 1894 3729 εει
1928 3671 2155 3751 aliquid
2208 3671 2616 3729 accidentale:

207 3745 349 3816 quia
374 3757 556 3803 omne
584 3741 749 3814 quod
789 3741 1028 3800 advenit
1054 3742 1161 3806 rei,
1189 3742 1317 3799 nihi
1370 3740 1599 3799 faciens
1624 3755 1659 3798 a
1742 3754 1877 3799 esse
1920 3741 2136 3812 ipSmS,
2167 3746 2260 3799 est
2305 3742 2621 3807 accidens;

208 3826 351 3887 ergo
372 3814 492 3873 hoc
518 3812 801 3871 accidens
829 3811 1009 3870 habet
1037 3825 1315 3882 causam;
1346 3814 1450 3870 aut
1475 3823 1620 3883 ergo
1671 3810 1994 3869 essentiam
2039 3811 2168 3884 ejus
2200 3812 2359 3885 quod
2390 3817 2485 3871 εει
2518 3827 2621 3871 ne-

209 3897 376 3944 cesse
405 3897 566 3953 esse,
593 3887 698 3940 aut
724 3881 951 3955 aliquid
977 3881 1159 3941 aliud.
1189 3883 1249 3939 Si
1278 3881 1602 3940 essentiam
1628 3880 1779 3954 ejus,
1808 3896 1945 3940 cum
1996 3881 2128 3954 ipsa
2155 3882 2487 3942 necessitas
2528 3897 2621 3943 es-

208 3955 377 4013 sendi
406 3955 491 4013 sit
516 3953 782 4012 essentia
808 3953 959 4025 ejuS,
990 3958 1057 4009 ut
1078 3966 1153 4010 ex
1176 3951 1476 4022 praedictis
1507 3957 1668 4023 patet
1721 3950 1871 4024 (cap.
1906 3951 2016 4024 16),
2045 3954 2342 4012 necesitas
2380 3953 2617 4012 essendi

206 4026 316 4082 erit
339 4038 530 4084 causa
557 4023 724 4082 illius
748 4022 1097 4092 accidentiS,
1123 4021 1228 4081 sed
1257 4022 1591 4080 necessitas
1633 4022 1872 4081 essendi
1921 4023 2223 4082 invenitur
2247 4024 2312 4080 in
2337 4027 2618 4097 utroque3

208 4108 351 4169 ergo
379 4101 583 4154 utrum
629 4107 703 4152 ue
734 4093 974 4152 habebit
1002 4092 1153 4152 illud
1182 4092 1483 4151 accidenS.
1523 4095 1592 4150 Et
1619 4091 1709 4151 sic
1754 4105 1876 4151 non
1924 4092 2367 4165 distinguentur
2406 4107 2617 4153 secun-

204 4163 349 4224 dum
377 4166 553 4224 illud.
629 4165 648 4221 i
685 4169 884 4223 autem
930 4177 1117 4222 causa
1155 4161 1322 4221 illius
1362 4163 1690 4221 accidentis
1734 4164 1812 4243 sit
1857 4162 2081 4235 aliquid
2110 4163 2297 4233 aliud,
2326 4163 2446 4222 nisi
2475 4178 2616 4246 ergo

205 4234 354 4295 illud
380 4235 548 4295 aliud
579 4239 761 4306 esset,
790 4234 907 4293 hoc
928 4233 1210 4293 accidens
1237 4246 1360 4291 non
1386 4237 1565 4296 esset.
1609 4238 1667 4291 et
1692 4233 1811 4290 nisi
1840 4232 1955 4290 hoc
1984 4233 2262 4292 accidens
2292 4240 2472 4304 esset,
2497 4234 2616 4294 dis-

204 4306 419 4365 tinctio
448 4306 733 4380 praedicta
760 4317 884 4364 non
911 4310 1091 4363 esset.
1122 4306 1277 4376 Ergo
1305 4303 1425 4361 nisi
1454 4307 1618 4361 esset
1643 4302 1791 4360 illud
1834 4301 2015 4372 aliud,
2041 4304 2160 4363 ista
2188 4303 2308 4362 duo
2347 4318 2480 4377 quae
2518 4319 2622 4374 po·

204 4382 436 4436 nuntur
469 4389 721 4435 necesse
772 4388 930 4445 esse,
960 4387 1084 4433 non
1138 4379 1342 4433 essent
1373 4372 1513 4442 dno,
1544 4373 1651 4432 sed
1697 4385 1902 4431 unum.
1933 4375 2087 4446 Ergo
2130 4386 2264 4432 esse
2314 4373 2616 4444 proprium

202 4448 528 4523 utriusque
555 4453 650 4507 est
668 4444 1009 4519 dependens
1032 4444 1108 4506 ab
1132 4444 1348 4518 altero;
1377 4443 1557 4506 etsie
1591 4447 1868 4503 neutrum
1915 4447 2008 4504 est
2044 4456 2293 4503 necesse
2340 4454 2475 4500 esse
2518 4453 2623 4511 pel·
