3076 5025
1116 280 1250 338 LlB.
1288 280 1336 348 1,
1375 280 1530 337 CAP.
1568 281 1674 338 LV.
2540 280 2609 339 59

141 405 313 475 patet
336 400 409 456 in
449 398 705 458 binario
735 405 797 458 et
822 400 1103 459 ternario.
1133 401 1417 459 Similiter
1453 407 1651 460 autem
1699 406 1791 461 est
1830 400 1896 459 in
1941 401 2413 462 definitionibus.
2458 404 2608 463 Nam

146 483 274 531 una
330 469 702 528 differentia
766 471 967 529 addita
1010 471 1102 528 vel
1155 473 1458 530 subtracta
1501 473 1690 530 variat
1732 473 2017 544 speciem.
2055 474 2402 533 Substantia
2446 476 2607 533 enim

154 541 492 603 sensibilis
548 541 782 622 absque
830 541 1104 599 rationali
1147 547 1205 599 et
1247 543 1578 601 irrationali
1627 543 1827 601 addito
1874 544 2072 625 specie
2126 543 2343 601 differt.
2384 547 2449 601 In
2512 545 2608 604 his

155 619 382 681 autem,
405 626 557 684 quae
582 626 647 668 m
676 625 744 670 se
774 613 962 669 multa
986 613 1315 676 continent,
1342 627 1461 670 non
1492 614 1585 671 sic
1613 628 1678 672 se
1707 615 1881 671 habet
1903 615 2244 673 intellectus
2273 619 2340 672 ut
2369 620 2602 674 natura.

159 685 305 743 Ram
334 697 407 740 ea
439 697 585 756 quae
614 683 691 740 ad
715 696 853 741 esse
882 683 1133 755 aliquus
1164 685 1247 741 rei
1275 684 1679 757 requiruntur,
1711 684 1874 743 illius
1905 685 1988 744 rei
2017 691 2228 743 natura
2257 685 2450 743 divisa
2473 699 2607 745 esse

165 768 287 813 non
321 755 580 825 patitur.
613 756 745 810 Non
776 753 933 810 enim
988 755 1317 812 remanebit
1357 756 1637 813 animalis
1684 762 1893 814 natura
1938 756 1992 815 si
2035 770 2071 813 a
2120 768 2368 828 corpore
2406 757 2609 814 anima

166 825 591 884 subtrahatur.
625 823 969 882 intellectus
996 839 1137 882 vero
1167 840 1237 882 ea
1281 840 1412 898 quae
1460 831 1602 883 sunt
1647 825 1710 883 in
1756 839 1892 884 esse
1932 826 2271 899 conjuncta,
2310 827 2609 886 interdum

168 895 531 968 disiunctim
579 894 852 966 accipere
904 899 1117 977 potest,
1149 897 1388 968 quando
1417 910 1602 954 unum
1660 909 1869 954 eorum
1913 896 1975 954 in
2024 898 2269 955 alterius
2315 899 2609 957 rationem

167 979 290 1025 uon
318 966 509 1029 cadit.
546 970 605 1023 et
632 979 742 1038 per
767 965 881 1022 boc
907 979 966 1022 in
995 968 1257 1024 ternario
1286 972 1479 1038 potest
1509 967 1876 1025 considerari
1917 966 2217 1026 binarium
2263 974 2519 1039 tantum,
2549 975 2609 1026 et

168 1036 229 1095 in
256 1037 518 1094 animali
552 1035 834 1093 rationaii
878 1035 938 1093 id
981 1037 1139 1110 quod
1187 1042 1281 1095 est
1324 1037 1612 1095 sensibile
1663 1042 1916 1095 tantum.
1948 1038 2111 1096 Unde
2155 1038 2495 1097 intellectus
2523 1039 2607 1109 id,

168 1106 328 1180 quod
357 1109 545 1178 plura
573 1106 1006 1177 complectitur,
1039 1113 1236 1179 potest
1262 1108 1528 1179 accipere
1560 1114 1625 1166 ut
1651 1109 1947 1180 propriam
1979 1110 2270 1167 rationem
2317 1110 2606 1180 plurimo·

170 1191 324 1240 mm,
355 1176 875 1249 apprehendendo
900 1177 1097 1251 aliqua
1126 1178 1364 1237 illorum
1410 1179 1637 1252 absque
1684 1179 1844 1236 aliis.
1882 1181 2086 1237 Potest
2130 1180 2289 1236 enim
2335 1181 2609 1252 accipere

172 1248 486 1307 denarium
550 1253 620 1305 ut
674 1249 972 1329 propriam
1022 1249 1317 1306 rationem
1361 1249 1697 1318 novenarii,
1727 1262 1850 1307 una
1894 1249 2122 1306 unitate
2183 1248 2507 1318 subtracta,
2552 1255 2611 1306 et

174 1318 462 1377 similiter
488 1324 560 1376 ut
589 1332 890 1390 propriam
921 1319 1209 1376 rationem
1234 1319 1611 1392 singulorum
1636 1332 2018 1377 numerorum
2043 1318 2199 1377 infra
2216 1320 2609 1377 inclusorum.

174 1389 463 1448 Similiter
491 1391 676 1447 etiam
704 1395 764 1446 et
791 1390 852 1445 in
882 1389 1122 1447 homine
1153 1390 1421 1460 accipere
1454 1395 1646 1461 potest
1673 1391 1976 1461 proprium
2004 1390 2306 1460 exemplar
2332 1390 2612 1448 animalis

173 1459 572 1525 irrationalis,
605 1460 667 1516 in
697 1465 983 1533 quantum
1016 1459 1382 1532 hujusmodi,
1415 1465 1474 1517 et
1499 1461 1896 1533 singularium
1924 1461 2258 1532 specierum
2305 1459 2458 1532 eJ'us,
2490 1459 2611 1518 nisi

178 1529 415 1603 aliquas
446 1529 828 1588 differentias
857 1530 1097 1587 adderet
1174 1531 1441 1588 ositivas.
1475 1534 1719 1602 Propter
1756 1531 1870 1589 hoc
1912 1531 2152 1604 quidam
2185 1530 2604 1602 philosophus,

178 1601 451 1659 clemens
483 1601 757 1682 nomine,
794 1600 958 1670 dicit,
989 1545 1170 1673 qumf
1180 1602 1478 1684 nobiliora
1506 1602 1568 1658 in
1611 1602 1848 1661 entibus
1884 1606 2025 1660 sunt
2065 1602 2268 1683 minus
2313 1602 2611 1683 nobilium

182 1674 566 1742 exemplaria.
619 1673 835 1728 Divina
880 1677 1078 1729 autem
1119 1677 1382 1730 essentia
1424 1686 1490 1728 m
1531 1686 1601 1730 se
1651 1672 1997 1731 nobilitates
2059 1684 2326 1730 omnium
2385 1679 2612 1730 entium

190 1742 671 1812 comprehendit;
700 1755 822 1798 non
853 1741 1091 1814 quidem
1122 1756 1228 1814 per
1273 1743 1518 1800 modum
1560 1744 2038 1813 compositionis„
2064 1743 2170 1801 sed
2215 1757 2322 1815 per
2367 1743 2612 1801 modum

190 1812 589 1884 perfeetionis,
624 1818 692 1868 ut
720 1825 901 1882 supra
929 1810 1080 1885 (cap.
1113 1812 1200 1885 31)
1245 1820 1556 1871 ostensum
1605 1820 1715 1871 est.
1748 1816 1958 1871 Forma
2003 1819 2199 1871 autem
2242 1814 2443 1871 omnis
2489 1819 2611 1870 tam

236 1881 424 1953 ropria
449 1897 629 1955 quam
662 1883 1002 1941 communis
1019 1883 1346 1941 secundum
1367 1883 1514 1942 illud
1536 1883 1697 1957 quod
1715 1884 1935 1957 aliquid
1955 1885 2143 1956 ponit,
2160 1883 2443 1956 perfectio
2461 1897 2615 1956 quae-

234 1967 325 2009 am
352 1959 458 2022 est,
482 1966 607 2011 non
640 1959 839 2010 autem
868 1954 1374 2025 imperfectionem
1401 1954 1674 2023 includit,
1698 1955 1815 2013 nisi
1845 1955 2172 2013 secundum
2216 1954 2376 2035 quod
2415 1952 2616 2011 deficit

190 2037 373 2081 avere
388 2037 551 2081 esse.
571 2024 954 2081 lntellectusi
1007 2023 1122 2081 'tur
1140 2025 1380 2085 divinus
1401 2024 1483 2094 id,
1505 2024 1665 2097 quod
1688 2030 1776 2082 est
1802 2025 2105 2096 proprium
2140 2023 2613 2098 uniusqu'usque

184 2092 249 2151 in
275 2096 546 2152 essentia
573 2109 708 2159 sua,
738 2108 956 2165 conpre
1004 2094 1220 2153 endere
1249 2101 1465 2167 potest,
1497 2095 1688 2153 intelli
1738 2096 1894 2154 endo
1921 2096 1985 2153 in
2009 2110 2129 2168 quo
2172 2094 2303 2166 ejus
2348 2096 2613 2154 essentia

179 2162 473 2235 imitatur,
525 2169 585 2221 et
629 2165 693 2221 in
738 2178 860 2237 quo
905 2163 978 2222 ab
1026 2164 1155 2237 eJ'us
1201 2166 1564 2237 perfectione
1611 2166 1682 2223 de
1730 2165 1809 2223 cit
1859 2166 2357 2247 unumquodque;
2407 2171 2613 2237 utpote

176 2233 582 2315 intelligendo
630 2235 956 2293 essentiam
1008 2249 1181 2293 suam
1231 2243 1294 2293 ut
1345 2236 1695 2294 imitabilem
1745 2250 1849 2308 per
1892 2237 2133 2295 modum
2181 2244 2335 2306 vttae,
2387 2241 2447 2294 et
2490 2248 2616 2295 non

180 2306 581 2378 cognitioni8‚
614 2306 828 2377 accipit
861 2306 1159 2379 propriam
1184 2307 1438 2364 formam
1469 2306 1720 2379 planum
1752 2307 1806 2365 si
1833 2320 1973 2366 vero
2012 2312 2077 2366 ut
2117 2306 2469 2365 imitabilem
2511 2319 2617 2378 per

178 2376 430 2434 modum
479 2376 847 2452 cognitionis
887 2381 944 2433 et
992 2390 1111 2434 non
1155 2377 1517 2447 intellectuS,
1568 2378 1868 2449 propriam
1916 2378 2167 2435 formam
2217 2377 2519 2446 animalis,
2557 2381 2616 2434 et

181 2446 270 2505 sic
298 2447 373 2505 de
405 2447 569 2504 aliis.
603 2447 701 2504 Sic
730 2447 914 2520 igitur
940 2452 1096 2519 patet
1127 2448 1285 2521 quod
1318 2448 1583 2506 essentia
1611 2448 1814 2506 divina
1854 2448 1915 2505 in
1963 2453 2248 2521 quantum
2298 2452 2392 2506 est
2436 2446 2613 2505 abso-

185 2518 307 2576 lute
334 2519 631 2590 perfecta,
657 2524 855 2591 potest
884 2519 1072 2591 accipi
1103 2527 1169 2576 ut
1211 2521 1447 2591 propria
1497 2520 1650 2578 ratio
1693 2520 2093 2592 singulorum.
2125 2518 2289 2577 Unde
2335 2531 2442 2591 per
2481 2531 2613 2576 eam

182 2588 340 2648 Deus
374 2589 680 2661 propriam
714 2589 1120 2670 cognitionem
1148 2589 1221 2648 de
1249 2590 1531 2648 omnibus
1561 2590 1778 2648 babere
1805 2594 2021 2661 potest.

253 2660 411 2729 Quia
439 2672 583 2717 vero
609 2671 845 2731 propria
874 2660 1025 2717 ratio
1054 2660 1234 2718 unius
1280 2661 1672 2733 distinguitur
1712 2674 1749 2717 a
1792 2660 2032 2730 propria
2070 2658 2301 2717 ratione
2335 2656 2608 2727 alteriue,

182 2726 498 2788 distinctio
529 2736 727 2787 autem
759 2735 849 2787 est
875 2730 1237 2802 pluralitatis
1316 2731 1659 2800 rincipium,
1689 2734 1924 2800 oportet
1949 2729 2011 2785 in
2049 2728 2356 2786 intellectu
2404 2728 2609 2785 divino

180 2799 642 2859 distinctionem
667 2802 982 2873 quamdam
1014 2806 1073 2858 et
1097 2801 1270 2872 plura
1296 2801 1498 2857 itatem
1526 2800 1825 2857 rationum
1857 2798 2291 2856 intellectarum
2335 2797 2612 2855 conside·

180 2884 339 2941 rare,
368 2872 706 2929 secundum
736 2871 892 2943 quod
925 2871 986 2929 id
1035 2870 1194 2943 quod
1225 2875 1314 2929 est
1344 2870 1405 2927 in
1450 2870 1756 2927 intellectu
1800 2867 2006 2951 divino
2040 2873 2131 2926 est
2165 2868 2419 2949 ‘propria
2462 2868 2616 2950 ratio

180 2940 586 3001 diversorum.
620 2942 782 2999 Unde
814 2956 947 2999 cum
981 2942 1095 3000 hoc
1125 2941 1207 2999 sit
1235 2940 1567 3000 secundum
1596 2940 1753 3013 quod
1787 2942 1944 2999 Deus
1989 2938 2270 3012 intelligit
2307 2951 2612 3010 proprium

182 3018 530 3084 respectum
580 3011 1057 3083 assimilationiS,
1100 3025 1279 3084 quam
1325 3012 1498 3070 habet
1542 3024 1915 3084 unaquaeque
1956 3015 2228 3068 creatura
2274 3009 2350 3066 ad
2394 3009 2592 3081 ipsum

181 3083 551 3156 relinquitur
570 3082 731 3163 quod
766 3083 1027 3140 rationes
1049 3096 1246 3140 rerum
1274 3083 1334 3139 in
1366 3082 1670 3140 intellectu
1698 3082 1902 3139 divino
1931 3093 2054 3138 non
2099 3080 2224 3140 sint
2254 3080 2489 3161 plures,
2523 3093 2592 3136 ve

186 3151 510 3223 distinctae,
542 3154 661 3210 nisi
692 3153 1020 3211 secundum
1049 3154 1208 3226 quod
1242 3156 1396 3211 Deus
1427 3153 1703 3224 agnoscit
1722 3165 1818 3211 res
1840 3150 2112 3223 pluribus
2136 3156 2193 3208 et
2211 3149 2466 3232 diyersts
2491 3163 2615 3208 mo-

180 3222 284 3282 dis
325 3237 465 3281 esse
492 3223 922 3282 assimilabiles
951 3224 1090 3291 sibi,
1120 3229 1178 3281 et
1206 3224 1535 3282 secundum
1566 3224 1681 3281 hoc
1698 3222 2069 3295 Augustinus
2098 3221 2201 3292 (De
2237 3222 2355 3279 div.
2397 3227 2609 3294 quaest.

182 3294 460 3358 Lmlil.
510 3308 570 3368 q.
618 3293 709 3374 46)
753 3293 916 3363 dicit,
947 3292 1107 3366 quod
1157 3296 1313 3352 neus
1358 3295 1475 3352 alia
1523 3295 1755 3352 ratione
1811 3293 1951 3350 fecit
1997 3292 2336 3359 bominem,
2389 3296 2447 3348 et
2494 3289 2615 3348 alia

181 3377 434 3447 equum,
484 3371 544 3422 et
589 3371 853 3422 rationes
896 3377 1094 3422 rerum
1135 3366 1386 3435 pluriter
1430 3365 1495 3421 in
1540 3369 1738 3423 mente
1783 3362 1986 3421 divina
2025 3375 2160 3421 esse
2190 3360 2355 3421 dicit.
2380 3361 2451 3418 In
2493 3372 2615 3433 quo

180 3441 368 3495 ettam
400 3435 742 3508 aliqualiter
769 3436 1034 3493 salvatur
1064 3434 1326 3493 Platonis
1356 3434 1563 3506 opinio
1612 3433 1700 3507 (ln
1750 3432 2100 3492 parmenide
2128 3438 2186 3490 et
2230 3433 2449 3490 Timaeo
2477 3441 2615 3501 pas·

182 3506 637 3639 {mfflnentis
659 3505 857 3635 tideas,
876 3504 1209 3566 secundum
1235 3518 1386 3579 quas
1414 3505 1748 3565 iormantur
1773 3504 1981 3564 omnia
2004 3515 2138 3580 quae
2164 3502 2231 3562 in
2257 3501 2440 3564 rebus
2484 3509 2613 3563 ma·

1186 3749 1442 3818 CAPUT
1502 3749 1627 3818 LV.
1915 3769 1927 3798 ι

841 3921 994 3977 QUOD
1025 3921 1179 3971 DEUS
1210 3921 1399 3970 onmu
1433 3920 1611 3969 8110!-
1641 3917 1989 3972 mmmm?-

263 4070 345 4132 Ex
368 4070 471 4131 bis
489 4073 697 4130 autem
716 4067 973 4128 ulterius
993 4071 1236 4140 apparet
1253 4066 1415 4140 quod
1428 4067 1588 4125 Deus
1606 4066 1813 4126 omnia
1833 4064 2018 4126 simul
2048 4065 2356 4141 intelligit.
2389 4063 2622 4127 Intelle-

194 4145 329 4203 ctus
354 4150 570 4203 noster
599 4141 780 4198 simul
812 4141 999 4197 multa
1025 4145 1162 4197 actu
1191 4137 1525 4211 intelligere
1555 4150 1678 4196 non
1706 4143 1922 4210 potest.
1951 4138 2104 4206 Quia
2126 4152 2260 4196 cum
2282 4138 2622 4199 intellectus

192 4212 264 4274 in
289 4221 422 4272 actu
454 4214 538 4271 sit
570 4211 935 4269 intellectum
956 4209 1021 4266 iu
1050 4215 1209 4279 actu,
1235 4209 1287 4267 si
1311 4208 1479 4279 plura
1506 4208 1687 4266 simul
1711 4213 1847 4266 actu
1875 4208 2256 4281 intelligeret,
2274 4214 2624 4282 sequeretur

188 4285 353 4357 quod
386 4284 735 4343 intellectus
767 4280 948 4339 simul
976 4286 1139 4339 esset
1171 4281 1341 4350 plura
1369 4280 1698 4337 secuudum
1726 4289 1912 4336 unum
1936 4291 2151 4352 genus,
2179 4280 2338 4353 quod
2369 4286 2462 4339 est
2510 4280 2624 4338 im·

190 4356 513 4429 possibile.
546 4353 693 4411 Dico
720 4357 917 4410 autem
945 4350 1272 4410 secuudum
1302 4362 1488 4406 unum
1513 4362 1730 4422 genus,
1761 4350 1903 4420 quia
1946 4350 2099 4408 nibil
2146 4349 2423 4421 probibet
2462 4349 2623 4408 idem

195 4426 538 4504 subjectum
564 4423 877 4485 informari
895 4422 1149 4483 diversis
1175 4421 1389 4482 formis
1409 4419 1782 4480 diversorum
1799 4432 2087 4494 generum
2109 4438 2125 4478 ε
2146 4419 2306 4483 sicut
2319 4419 2482 4480 idem
2495 4429 2624 4477 cor·
