3076 5025
354 299 392 354 θ
1294 290 1428 348 Lm.
1466 291 1512 352 1,
1551 290 1706 346 CAP.
1746 289 1838 345 Vl.

355 415 813 490 inquisitionem
864 412 1236 471 excederent.
1272 411 1612 469 Secundum
1656 411 1836 468 etiam
1891 408 2053 467 hunc
2081 407 2347 476 modum,
2391 406 2778 480 philosophis

358 502 504 549 cura
540 486 672 555 fuit,
703 490 769 542 nt
797 488 957 556 patet
986 483 1239 553 septimo
1269 483 1345 556 (e.
1378 482 1462 552 13)
1495 487 1552 538 et
1581 481 1813 539 decimo
1848 478 1924 552 (c.
1968 485 1990 537 l
2026 484 2085 536 et
2109 480 2161 550 5)
2191 480 2525 548 Εεῆἰοοηιηι,
2557 478 2631 536 ad
2664 479 2782 538 hoc

356 563 426 619 ut
453 556 729 614 homines
773 569 810 613 a
864 554 1240 613 sensibilium
1290 551 1784 609 delectationibus
1822 551 1897 608 ad
1945 550 2315 608 honestatem
2345 549 2772 621 perducerent,

359 628 677 689 ostendere
724 638 858 683 esse
887 625 1008 682 alia
1034 624 1192 682 bona
1222 622 1319 681 his
1348 621 1741 681 sensibilibus
1770 621 2023 692 potiora,
2105 635 2316 678 uorum
2359 626 2540 692 gustu
2589 619 2781 678 multo

359 698 608 760 suavius
638 696 741 769 qui
771 700 982 753 vacant
1009 694 1217 752 activis
1245 693 1338 750 vel
1370 692 1846 762 contemplativis
1873 636 2192 749 virtutibus
2222 690 2609 770 delectantur.
2646 757 2659 772 ο

431 771 534 827 Est
562 768 740 824 etiam
773 766 1176 823 necessarium
1209 763 1553 835 hujusmodi
1591 763 1898 819 veritatem
1927 761 2001 819 ad
2039 761 2399 841 credendum
2430 758 2782 820 hominihus

471 838 636 909 poni,
659 837 732 895 ad
762 836 864 894 Dei
892 835 1297 910 cognitionem
1320 833 1611 891 veriorem
1651 832 2004 891 habendam.
2036 834 2197 889 Tunc
2228 845 2385 888 enim
2410 832 2609 888 solum
2638 844 2781 888 vere

411 923 547 966 eum
594 906 1040 987 cognoscimus,
1068 903 1306 985 quando
1343 904 1561 985 ipsum·
1574 917 1706 962 esse
1741 902 2040 961 credimus
2070 916 2252 974 supra
2293 915 2471 958 omne
2503 900 2584 969 id,
2612 899 2778 982 quo-d

359 980 435 1039 de
474 982 593 1036 Deo
642 978 890 1050 cogitari
930 977 1004 1034 ab
1048 976 1291 1034 homine
1335 973 1621 1045 possibile
1674 980 1786 1043 est,
1825 987 1896 1032 eo
1945 973 2101 1046 quod
2138 973 2464 1029 naturalem
2512 971 2782 1032 hominis

358 1049 770 1122 cognitionem
823 1046 1024 1104 divina
1069 1044 1407 1104 substantia
1453 1045 1703 1113 excedit,
1749 1049 1814 1102 ut
1862 1057 2040 1115 supra
2087 1048 2398 1101 ostensum
2443 1046 2534 1099 est
2586 1041 2659 1122 (c.
2704 1040 2783 1114 3).

360 1122 476 1180 Per
503 1120 618 1177 lioc
657 1132 722 1176 er
763 1131 799 1174 o
829 1117 988 1189 quod
1037 1115 1267 1173 homini
1307 1116 1379 1172 de
1425 1117 1548 1172 Deo
1586 1116 1786 1187 aliqua
1831 1120 2278 1194 proponuntur,
2315 1127 2447 1186 quae
2488 1116 2785 1193 rationem

362 1189 679 1271 excedupt.
763 1194 988 1245 rmatur
1013 1187 1078 1247 in
1106 1185 1351 1244 homine
1371 1185 1602 1257 opinio,
1628 1184 1791 1259 quod
1815 1187 1976 1245 Deus
1991 1185 2073 1243 sit
2098 1183 2323 1258 aliquid
2345 1196 2525 1255 supra
2542 1182 2605 1240 id
2623 1181 2784 1256 quod

363 1264 1031 1409 coffiigretffiffsuttjlitas
1051 1326 1193 1385 inde
1219 1326 1510 1409 provenit,
1531 1325 1762 1385 scilicet
1787 1324 2277 1406 praesumptionis
2303 1322 2626 1405 repressio,
2651 1334 2787 1396 quae

361 1406 453 1461 est
481 1405 671 1458 mater
694 1412 934 1456 erroris.
981 1399 1131 1455 Sunt
1176 1411 1334 1477 enim
1365 1398 1606 1470 quidam
1641 1402 1867 1454 tautum
1899 1397 1971 1453 de
1999 1409 2113 1477 suo
2142 1409 2388 1468 ingemo
2418 1407 2781 1476 praesumen-

358 1477 475 1540 tes»,
507 1476 573 1526 nt
607 1474 791 1526 totam
822 1474 1094 1525 naturam
1145 1468 1407 1524 divinam
1437 1481 1504 1525 se
1552 1472 1824 1539 reputent
1853 1479 1966 1524 suo
1989 1466 2301 1533 ,intellectu
2353 1478 2532 1537 posse
2562 1470 2761 1523 metiri

359 1540 730 1603 aestimantes
780 1538 1010 1595 scilicet
1044 1541 1234 1595 totum
1262 1551 1397 1595 esse
1446 1550 1652 1594 verum
1700 1536 1860 1609 quod
1890 1537 1979 1594 eis
2008 1535 2259 1604 videtur,
2287 1540 2343 1593 et
2373 1535 2591 1592 falsum
2621 1548 2740 1607 quo

360 1612 454 1672 cis
481 1624 606 1668 non
631 1609 881 1666 videtur.
913 1610 982 1664 Ut
1013 1621 1154 1689 ergo
1185 1607 1258 1665 ab
1280 1607 1391 1664 bac
1412 1607 1878 1687 praesumptione
1905 1608 2203 1664 humanus
2230 1605 2786 1686 animusliberatus

362 1683 437 1743 ad
465 1680 796 1739 modestam
831 1679 1280 1751 inquisitionem
1310 1679 1577 1735 veritatis
1607 1678 1930 1748 perveniat,
1963 1678 2370 1735 necessarium
2413 1678 2525 1732 suit
2553 1675 2787 1734 homini

359 1751 615 1829 proponi
647 1749 918 1822 quaedam
948 1749 1254 1816 divinitus,
1287 1762 1419 1821 quae
1448 1749 1699 1805 omnino
1727 1749 2093 1805 intellectum
2123 1747 2253 1820 ejus
2281 1747 2649 1804 excederent.

430 1826 687 1894 Apparet
707 1820 884 1876 etiam
902 1819 1019 1876 alia
1037 1820 1266 1876 utilitas
1282 1832 1353 1875 ex
1372 1819 1551 1876 dictis
1573 1817 1923 1888 Philosophi
1947 1820 2007 1875 in
2033 1818 2266 1875 decimo
2283 1819 2596 1898 Ethieorum
2619 1816 2788 1896 (0.7).

361 1893 560 1977 Quum
587 1892 747 1948 enim
777 1890 1111 1947 Simonides
1137 1889 1373 1947 cuidam
1416 1889 1644 1947 homini
1672 1889 2231 1970 praetermittendam
2285 1888 2549 1945 divinam
2580 1900 2790 1959 cogni-

360 1968 595 2022 tionem
624 1961 1026 2035 persuaderet,
1058 1966 1116 2017 et
1146 1958 1426 2017 humanis
1462 1960 1641 2017 rebus
1678 1960 1990 2033 ingenium
2042 1957 2457 2031 applicandum
2487 1963 2786 2028 oportere,

361 2034 655 2113 inquiens
695 2031 958 2089 humana
1009 2044 1216 2100 sapere
1262 2030 1564 2087 hominem
1611 2035 1669 2086 et
1707 2030 1986 2088 mortalia
2025 2029 2359 2091 mortalem,
2404 2033 2615 2086 contra
2653 2041 2786 2087 eum

362 2103 776 2174 Philosophus
825 2101 1156 2173 dicitquod
1204 2101 1386 2158 homo
1430 2100 1603 2157 debet
1630 2113 1697 2157 se
1743 2099 1816 2158 ad
1846 2100 2207 2157 immortalia
2242 2105 2299 2156 et
2329 2099 2528 2179 divina
2555 2098 2786 2157 trahere

360 2179 655 2248 quantum
709 2177 925 2243 potest.
958 2171 1120 2228 Unde
1174 2171 1239 2228 in
1294 2171 1447 2228 libro
1486 2171 1681 2242 primo
1728 2174 1809 2229 De
1834 2172 2167 2227 animalibus
2197 2169 2271 2242 (c.
2302 2170 2379 2242 5),
2415 2169 2558 2227 dicit
2605 2168 2787 2242 quod,

366 2243 643 2318 quamvis
666 2257 875 2313 parum
902 2241 982 2300 sit
1027 2240 1185 2323 quod
1223 2240 1295 2298 de
1325 2241 1680 2299 substantiis
1711 2241 2123 2312 superioribus
2166 2241 2550 2312 percipimus,
2589 2245 2792 2298 tamen

360 2314 427 2373 id
443 2314 749 2372 modicum
777 2317 870 2370 est
897 2326 1090 2384 magis
1122 2317 1380 2369 amatum
1409 2317 1467 2369 et
1495 2311 1896 2370 desideratum
1927 2313 2092 2370 omni
2135 2311 2480 2383 cognitione
2509 2324 2689 2383 quam
2719 2309 2794 2369 de

363 2383 724 2445 substantiis
770 2383 1158 2441 inferioribus
1204 2382 1515 2440 babemus.
1538 2383 1692 2439 Dicit
1735 2383 1933 2451 etiam,
1959 2386 2022 2439 in
2065 2382 2333 2441 secundo
2363 2382 2491 2439 Goeli
2517 2385 2569 2437 et
2594 2379 2796 2437 mundi

366 2456 530 2528 (text.
563 2467 780 2512 comm.
798 2453 913 2527 34),
943 2453 1124 2534 quod,
1149 2466 1285 2509 cum
1309 2452 1381 2510 de
1401 2453 1755 2526 corporibus
1784 2453 2129 2512 coelestibus
2161 2453 2528 2528 quaestiones
2553 2451 2799 2532 possint

364 2526 521 2658 {imi
551 2540 735 2606 parva
761 2530 819 2582 et
845 2531 1045 2597 topica
1067 2524 1393 2597 solutione,
1419 2524 1720 2598 contingit
1766 2524 2024 2584 auditori
2056 2530 2123 2582 ut
2145 2526 2472 2583 vehemens
2519 2528 2601 2581 sit
2646 2537 2794 2598 gau-

434 2610 536 2653 um
564 2611 595 2652 e
623 2609 716 2652 οε.

436 2669 521 2726 Ex
555 2611 775 2738 q‘i'iibus
817 2664 1099 2724 omnibus
1124 2670 1366 2738 apparet
1392 2664 1554 2740 quod
1578 2663 1652 2724 de
1688 2662 1870 2724 rebus
1899 2662 2297 2724 nobilissimis
2327 2669 2792 2738 quantumcum-

364 2748 480 2809 que
512 2737 858 2806 imperfecta
886 2736 1152 2809 cognitio
1199 2737 1520 2794 maximam
1547 2736 1972 2810 perfectionem
1997 2736 2212 2794 animae
2239 2737 2492 2794 confert.
2528 2737 2594 2791 Et
2624 2733 2791 2801 ideo,

365 2807 638 2880 quamvis
668 2821 758 2875 ea,
786 2821 918 2878 quae
963 2821 1146 2876 supra
1188 2809 1482 2864 rationem
1512 2813 1673 2875 sunt,
1698 2808 1850 2864 ratio
1880 2808 2143 2864 bumana
2194 2806 2366 2879 plene
2423 2821 2491 2864 ca
2537 2819 2635 2862 ere
2668 2815 2794 2864 non

362 2878 579 2948 possit,
595 2882 793 2933 tamen
817 2876 1067 2934 multum
1087 2876 1200 2933 sibi
1233 2878 1616 2947 perfectionis
1645 2877 1919 2949 acquirit,
1952 2878 2004 2934 si
2032 2877 2242 2934 saltem
2275 2892 2345 2934 ea
2371 2891 2487 2950 qua
2515 2877 2797 2934 itercum·

363 2960 483 3072 gne
507 2951 706 3003 teneat
736 2945 873 3003 fide.
905 2948 971 3002 Et
998 2946 1133 3004 ideo
1155 2946 1371 3004 dicitur
1402 2966 1415 3003 :
1444 2949 1695 3005 Plurima
1716 2962 1888 3017 supra
1911 2963 2127 3004 sensum
2156 2949 2389 3004 hominis
2416 2952 2631 3004 ostensa
2659 2949 2797 3003 sunt

416 3017 473 3070 bi
492 3014 715 3086 (Eccli.‚
743 3028 832 3084 111,
860 3015 983 3087 25);
1015 3022 1074 3072 et
1107 3033 1122 3072 ε
1156 3017 1284 3083 Quae
1308 3021 1437 3073 sunt
1463 3020 1563 3073 Dei
1582 3033 1734 3074 nemo
1761 3020 1935 3087 novit,
1964 3020 2077 3074 nisi
2107 3018 2354 3089 Spiritus
2397 3020 2520 3078 Dei.
2543 3058 2590 3074 ..
2625 3016 2799 3077 Nobis

366 3090 549 3143 autem
570 3086 833 3142 revelavit
856 3087 999 3145 Deus
1018 3100 1124 3162 pei·
1147 3088 1418 3162 Spiritum
1441 3102 1602 3145 suum
1629 3087 1674 3162 (l
1703 3088 1859 3154 Cor„
1889 3100 1958 3153 11,
1999 3092 2089 3160 10,
2108 3088 2221 3162 lt).

1379 3314 1641 3381 CAPUT
1677 3311 1781 3381 vl.

396 3506 557 3568 QUOD
589 3509 915 3562 “sm
939 3509 1042 3562 ms
1070 3509 1210 3572 ou
1237 3510 1394 3563 sm
1425 3511 1590 3559 mm
1621 3509 1745 3560 NON
1762 3508 1880 3560 m
1905 3506 2247 3572 umatus,
2280 3507 2547 3566 011stssss
2571 3507 2765 3562 sunu

1330 3601 1638 3652 uriom
1663 3600 1822 3652 SINT.

434 3788 789 3862 Huiusmodi
817 3794 1021 3849 autem
1044 3788 1301 3859 veritati,
1322 3790 1422 3849 cui
1438 3788 1596 3848 ratio
1621 3789 1887 3848 humana
1903 3787 2371 3862 experimentum
2395 3801 2518 3849 non
2545 3785 2798 3862 praebet,

360 3857 541 3988 fiderdn
589 3860 943 3987 1adhibentes
982 3874 1104 3987 pion
1147 3862 1357 3919 leviter
1382 3860 1655 3932 credunt,
1682 3860 1857 3934 quasi
1904 3861 2092 3920 doctas
2112 3861 2341 3930 tabulas
2365 3862 2556 3926 secuti,
2609 3863 2679 3918 ut
2702 3870 2801 3918 se-

360 3942 569 4082 auggg}
599 3931 1361 4082 pgpa(2i}pgaeiggffiz.ntiae
1409 4005 1642 4083 secreta
1663 4001 1801 4073 ipsa
1825 4000 2030 4060 divina
2073 3999 2398 4082 Sapientia,
2424 4013 2558 4073 quae
2586 3999 2802 4083 omnia

356 4069 711 4200 {lenissime
742 4077 925 4133 novit,
953 4073 1196 4153 dignata
1224 4078 1316 4131 est
1341 4072 1692 4130 bominibus
1721 4073 2000 4139 revelare,
2043 4086 2176 4144 quae
2202 4085 2295 4129 sui
2323 4077 2706 4142 praesenllam
2729 4075 2799 4130 ot

402 4142 648 4198 octrinae
678 4145 737 4198 et
769 4142 1183 4212 inspirationis
1223 4143 1532 4201 veritatem
1577 4142 2072 4201 convenientibus
2104 4143 2474 4215 argumentis
2497 4140 2794 4216 ostendit,

357 4207 502 4292 dum
524 4211 602 4292 ‚ad
632 4210 1105 4271 confirmandum
1134 4228 1223 4284 ea,
1255 4228 1387 4286 quae
1443 4213 1775 4272 naturalem
1821 4213 2228 4285 cognitionem
2265 4212 2577 4275 excedunt,
2610 4224 2800 4284 opert

353 4282 678 4339 visibiliter
723 4284 987 4341 ostendit
1031 4297 1164 4356 quae
1215 4285 1400 4342 totins
1432 4290 1659 4343 naturae
1707 4289 1992 4358 superant
2015 4284 2391 4351 facultatem3
2421 4282 2700 4340 videlicet
2727 4282 2798 4342 in

353 4351 623 4419 m'rabili
653 4354 962 4412 curatione
1015 4367 1371 4428 anguorum,
1403 4361 1774 4414 mortuorum
1823 4353 2237 4423 suscitatione,
2265 4354 2597 4412 coelestium
2656 4364 2794 4410 eor-

354 4429 574 4495 porum
619 4423 881 4484 mirabili
938 4424 1390 4499 immutatione,
1434 4430 1518 4499 et,
1571 4423 1737 4502 quod
1785 4429 1883 4486 est
1927 4424 2268 4486 mirabilius
2298 4426 2316 4483 l
2388 4425 2793 4485 humanarum
