3076 5025
1110 394 1245 450 ΗΒ.
1286 393 1358 459 11,
1397 393 1553 449 CAP.
1594 392 1840 450 Lxxvu.
2560 398 2663 453 2ss

234 516 512 576 actiones
534 513 936 572 attribuuntur
954 514 1184 595 homini
1206 516 1267 571 in
1285 519 1574 586 quantum
1595 513 1859 584 praedicti
1880 512 2222 572 intellectus
2238 515 2673 575 continuantur

235 586 437 647 nobis,
469 590 536 642 ut
564 585 891 643 Averrhoes
922 584 1084 654 dicit,
1113 598 1239 657 Jam
1270 599 1451 656 supra
1475 582 1551 653 (c.
1581 585 1673 657 59)
1699 590 2011 642 ostensum
2036 585 2317 658 estquod
2346 587 2663 645 continua-

233 657 324 714 tio
363 656 706 713 intellectus
743 655 1055 727 possibilis
1096 656 1434 725 nobiscum,
1465 655 1521 714 si
1566 655 1646 713 sit
1682 655 1956 728 quaedam
2000 654 2340 734 substantia
2368 663 2663 728 separata,

321 726 477 784 alem
507 727 636 797 ipse
665 726 966 799 intelligit,
997 740 1119 785 non
1150 726 1370 784 sufficit
1410 725 1485 784 ad
1513 726 1629 783 hoc
1675 726 1835 798 quod
1867 739 1968 796 per
1994 739 2193 797 ipsum
2231 726 2663 800 intelligamus.

282 797 528 854 'militer
579 797 755 854 etiam
801 802 962 868 patet
987 796 1060 854 de
1105 797 1410 855 intellectu
1443 802 1676 869 agente.
1700 798 2088 866 comparatur
2131 796 2291 853 enim
2325 798 2666 857 intellectus

351 881 428 926 ns
476 867 550 925 ad
580 866 814 939 species
855 866 1268 940 intelligibiles
1309 873 1579 938 receptas
1627 867 1690 923 in
1718 866 2024 925 intellectu
2056 867 2359 937 possibili,
2390 870 2546 927 sicut
2566 882 2669 929 ars

237 951 274 997 a
349 939 579 996 formas
617 936 959 996 artificiales
985 952 1116 1011 quae
1159 952 1268 1009 per
1315 944 1500 996 artem
1538 943 1844 1009 ponuntur
1878 936 1942 993 in
1989 937 2256 1005 materia,
2288 943 2354 995 ut
2399 943 2559 1009 patet
2590 953 2669 997 ex

236 1009 516 1080 exemplo
565 1009 902 1066 Aristotelis
951 1008 1048 1080 (De
1093 1012 1299 1077 anima,
1331 1022 1420 1078 111,
1452 1014 1593 1066 text.
1627 1020 1844 1066 comm.
1878 1005 1990 1088 17).
2024 1009 2248 1065 Formae
2293 1014 2489 1065 autem
2516 1009 2666 1069 artis

231 1093 364 1138 non
413 1084 869 1151 consequuntur
913 1079 1210 1137 actionem
1254 1080 1422 1147 artis,
1447 1079 1553 1137 sed
1582 1078 1781 1137 solum
1833 1077 2286 1158 similitudinem
2315 1078 2664 1148 formalem3

227 1149 401 1209 unde
450 1162 563 1208 nec
607 1148 941 1207 sub‘ectum
1000 1149 1213 1208 harum
1263 1150 1588 1207 formarum
1643 1153 1840 1220 potest
1893 1162 1999 1219 per
2048 1147 2392 1220 buJusmodi
2440 1150 2670 1207 formas

235 1220 545 1279 actionem
591 1220 701 1279 arti
748 1220 838 1277 cis
885 1219 1101 1278 facere.
1137 1222 1290 1291 Ergo
1319 1235 1429 1277 nec
1478 1219 1682 1283 homo,
1711 1233 1819 1293 per
1865 1218 1979 1276 boc
2024 1219 2187 1290 quod
2233 1224 2376 1277 sunt
2420 1219 2485 1276 in
2532 1220 2669 1290 ipso

233 1292 478 1419 ἓξὲξ-ξ
503 1290 916 1418 igtgfligitblisles
945 1290 1279 1420 {gausfactae
1310 1291 1383 1349 ab
1409 1289 1717 1347 intellectu
1742 1294 1979 1363 agente,
2008 1293 2206 1361 potest
2235 1289 2427 1347 facere
2456 1302 2668 1361 opera-

265 1377 284 1419 1
502 1377 522 1419 1
676 1375 744 1419 ec
1053 1377 1070 1419 ι
1114 1404 1127 1418 .

307 1433 532 1494 Adhuc,
565 1375 1032 1504 unumquoffiue
1059 1431 1219 1504 quod
1255 1445 1374 1490 non
1405 1436 1603 1503 potest
1622 1431 1787 1488 exire
1814 1429 1883 1510 in
1906 1429 2207 1510 propriam
2232 1430 2668 1511 operationem,

229 1503 360 1560 nisi
393 1516 499 1574 per
545 1501 660 1559 hoc
711 1502 870 1573 quod
911 1509 1185 1560 movetur
1222 1502 1298 1560 ab
1325 1502 1603 1560 exteriori
1633 1500 1947 1574 principio,
1978 1514 2173 1573 magis
2199 1506 2396 1573 agitur
2423 1499 2498 1558 ad
2527 1514 2667 1573 ope-

235 1572 497 1631 randum
530 1585 708 1645 quam
738 1574 1006 1644 seipsum
1036 1578 1205 1646 agat;
1237 1572 1612 1630 irrationalia
1638 1573 1797 1629 enim
1825 1570 2020 1642 magis
2040 1576 2300 1643 aguntur
2322 1571 2396 1629 ad
2422 1584 2669 1642 operan-

239 1644 383 1701 dum
409 1656 592 1716 quam
623 1644 823 1714 seipsa
844 1649 1044 1716 agant,
1063 1644 1208 1717 quia
1235 1644 1435 1702 omnis
1461 1643 1731 1715 operatio
1759 1655 1967 1723 eorum
1993 1641 2286 1722 dependet
2308 1656 2346 1723 a
2372 1642 2665 1724 principio

239 1715 587 1795 extrinseco
601 1718 919 1795 ‘movente—3
948 1728 1169 1773 sensus
1213 1719 1408 1795 autem
1443 1719 1647 1772 motus
1666 1727 1711 1794 ‘a
1735 1712 2015 1795 ⁸sensibili
2052 1719 2332 1770 exteriori
2361 1713 2669 1794 ,imprimit

237 1784 1403 1936 {2¹51‚11'11¹²31¹{‡³a{¹.³3⁵¹p’0,3332⁰affixssfflffi
1424 1784 1811 1937 ἕξῧξῗὲὲὲι
1834 1782 2667 1935 fflissffssf'ssssffi'ssrffiffi

235 1938 606 1997 principium
636 1930 726 1984 est
765 1924 1104 1984 intellectus
1142 1940 1351 1999 agens,
1382 1941 1484 1999 qui
1514 1926 1654 1984 facit
1685 1938 1919 1997 species
1948 1923 2359 1996 intelligibiles
2389 1939 2425 1982 a
2447 1924 2665 1997 quibus

234 1996 465 2068 patitur
507 1996 952 2068 quodammodo
1001 1996 1344 2067 intellectus
1389 1996 1723 2069 possibilie,
1768 1995 1875 2068 qui
1922 1995 2118 2053 factus
2174 1996 2235 2052 in
2285 2001 2420 2053 actu
2470 1999 2668 2052 movet

238 2066 634 2125 voluntatem.
660 2066 718 2125 Si
778 2066 964 2138 igitur
1015 2067 1360 2127 intellectus
1410 2081 1598 2140 agens
1651 2071 1743 2126 est
1791 2065 2065 2139 quaedam
2116 2064 2457 2124 substantia
2504 2071 2673 2124 extra

241 2136 575 2218 bominem,
604 2142 732 2195 tota
775 2137 1045 2208 operatio
1091 2138 1358 2219 bominis
1409 2137 1702 2210 dependet
1742 2150 1782 2195 a
1802 2137 2124 2269 apirineipio
2154 2137 2511 2218 extrinseco.
2537 2138 2667 2218 Non

238 2214 429 2279 lgltur
466 2212 578 2265 ent
609 2208 791 2266 homo
816 2221 1004 2280 agens
1032 2222 1323 2281 seipsum,
1351 2208 1460 2266 sed
1487 2214 1660 2266 actus
1697 2206 1773 2266 ab
1884 2221 1955 2276 ος
1984 2213 2045 2264 et
2068 2220 2157 2265 sic
2185 2220 2305 2265 non
2332 2214 2451 2265 erit
2475 2207 2665 2264 domi·

241 2290 362 2335 nus
391 2291 641 2336 suarum
670 2279 1107 2350 operationum,
1133 2292 1243 2337 nec
1269 2284 1531 2336 meretur
1552 2279 1786 2337 laudem
1816 2284 1919 2336 aut
1943 2277 2302 2349 vituperium
2332 2297 2346 2348 ;
2378 2284 2437 2334 et
2452 2277 2672 2349 peribit

233 2352 371 2407 tota
396 2348 652 2407 scientia
678 2348 930 2407 moralis
956 2355 1016 2406 et
1041 2351 1417 2408 conversatio
1446 2350 1722 2420 politica;
1751 2348 1912 2421 quod
1930 2354 2024 2407 est
2049 2348 2504 2406 inconveniens.
2533 2350 2667 2405 Non

244 2424 338 2478 est
383 2419 569 2491 igitur
580 2419 956 2564 affligemus
995 2433 1189 2496 agens
1235 2420 1576 2480 substantia
1636 2425 1915 2491 separata
1958 2418 2036 2478 ab
2081 2419 2347 2478 homine.
2398 2419 2445 2491 (l
2492 2422 2669 2490 part„

1162 2693 1418 2760 CAPUT
1463 2693 1756 2759 Lxxvn.

390 2871 544 2930 QUOD
583 2872 705 2920 lton
743 2871 854 2920 881*
885 2872 1249 2921 mossmmiz
1283 2872 1687 2921 mmmm
1724 2868 2087 2927 Possmm,
2112 2867 2191 2917 m*
2222 2866 2520 2927 mmm,

810 2959 876 3009 ΙΝ
921 2961 1047 3009 lma
1095 2961 1459 3010 sunsTANm
1493 2960 1702 3008 ANIUAE
1751 2959 2107 3009 comum.

318 3123 628 3183 Videbitnr
657 3128 856 3183 autem
882 3124 1086 3183 forsan
1109 3124 1291 3183 alicui
1311 3123 1429 3182 hoc
1452 3136 1596 3182 esse
1623 3121 2006 3194 impossibile
2037 3122 2200 3196 quod
2229 3137 2351 3183 una
2378 3128 2437 3181 et
2465 3123 2671 3182 eadem

248 3195 610 3266 substantia,
643 3194 873 3253 scilicet
900 3201 1122 3253 nostrae
1166 3197 1403 3275 animae,
1433 3195 1514 3252 sit
1542 3195 1606 3251 in
1633 3196 1900 3266 potentia
1929 3194 2006 3252 ad
2036 3195 2240 3252 omnia
2270 3194 2673 3267 intelligibilia

273 3268 433 3340 quod
465 3267 720 3338 pertinet
746 3266 820 3323 ad
849 3265 1216 3323 intellectum
1237 3265 1611 3338 possibilem)
1635 3270 1693 3322 et
1722 3265 1899 3323 saciat
1915 3278 1987 3323 ea
2013 3270 2147 3323 actu
2179 3264 2362 3338 (quod
2391 3271 2483 3322 est
2504 3265 2675 3323 intel-

271 3344 441 3395 ectus
470 3337 707 3410 agentis
737 3379 753 3405 ,
786 3351 972 3408 quum
1001 3336 1154 3394 nibil
1202 3343 1341 3409 agat
1368 3336 1699 3395 secundum
1728 3335 1890 3407 quod
1912 3338 2010 3394 est
2036 3335 2099 3412 in
2128 3335 2411 3406 potentia,
2443 3335 2549 3393 sed
2576 3349 2670 3394 se-

249 3408 516 3466 cundum
566 3421 686 3480 quo
764 3410 854 3464 est
895 3408 964 3463 in
1006 3413 1159 3465 actu.
1187 3407 1352 3464 Unde
1383 3420 1501 3464 non
1532 3406 1828 3463 videbitur
1872 3405 2032 3479 quod
2061 3419 2249 3479 agens
2276 3410 2337 3462 et
2360 3405 2674 3478 possibilis

249 3477 593 3536 intellectus
623 3477 861 3549 possint
887 3476 949 3534 in
973 3491 1095 3535 una
1119 3478 1456 3535 substantia
1484 3477 1702 3535 animae
1730 3477 2069 3544 convenire.

323 3550 384 3607 Si
413 3551 551 3622 quis
586 3554 782 3606 autem
831 3554 988 3605 recte
1015 3548 1314 3619 inspiciat,
1347 3548 1496 3605 nibil
1529 3547 1961 3605 inconveniens
1992 3551 2097 3606 aut
2115 3546 2358 3605 difficile
2380 3546 2672 3619 sequitur.

249 3620 410 3678 Nihil
442 3620 602 3677 enim
630 3617 909 3690 prohibet
932 3619 1068 3686 boc,
1099 3624 1369 3690 respectu
1402 3619 1567 3676 illius
1597 3632 1732 3676 esse
1761 3616 2092 3676 secundum
2121 3617 2346 3690 aliquid
2375 3616 2438 3673 in
2465 3623 2674 3688 poten·

246 3691 335 3748 tia
363 3696 422 3748 et
450 3688 781 3747 secundum
830 3688 992 3746 aliud
1023 3689 1087 3745 in
1114 3695 1271 3760 actu,
1303 3691 1458 3748 sicut
1502 3689 1567 3745 in
1611 3690 1793 3746 rebus
1838 3686 2212 3746 naturalibus
2241 3688 2540 3756 videmus;
2572 3701 2676 3748 aer

248 3762 414 3820 enim
444 3767 538 3819 est
581 3765 718 3818 actu
763 3759 1048 3817 humidus
1078 3764 1136 3816 et
1164 3761 1428 3830 potentia
1477 3761 1698 3826 siccuS‚
1730 3765 1885 3816 terra
1910 3764 2107 3816 autem
2136 3772 2169 3815 e
2194 3772 2503 3816 converso.
2536 3760 2673 3818 Haec

248 3837 450 3889 autem
482 3830 851 3902 comparatio
880 3827 1182 3887 invenitur
1211 3844 1344 3888 esse
1373 3831 1529 3888 inter
1557 3830 1819 3888 animam
1848 3828 2273 3887 intellectivam
2302 3834 2360 3886 et
2389 3830 2670 3901 phantas-

245 3907 437 3960 mata.
469 3901 660 3959 flabet
687 3901 844 3960 enim
876 3901 1077 3960 anima
1107 3901 1465 3958 intellectiva
1495 3901 1720 3973 aliquid
1740 3901 1805 3958 in
1833 3906 1991 3970 actu,
2020 3899 2097 3958 ad
2125 3899 2282 3974 quod
2315 3902 2673 3973 phantasma

248 3979 343 4031 est
385 3972 451 4030 in
501 3973 793 4043 potentia;
824 3979 883 4029 et
926 3972 1000 4030 ad
1030 3970 1252 4045 aliquid
1301 3977 1395 4029 est
1446 3972 1509 4028 in
1535 3973 1819 4043 potentia,
1851 3970 2013 4044 quod
2044 3971 2107 4028 in
2151 3973 2675 4043 phantasmatibus

247 4048 388 4102 actu
429 4043 747 4101 invenitur.
775 4042 962 4102 Habet
977 4044 1137 4101 enim
1167 4042 1505 4101 substantia
1529 4045 1745 4100 animae
1768 4043 2043 4101 humanae
2072 4042 2629 4102 immaterialitatem
2653 4062 2671 4114 ;

247 4118 330 4185 et,
360 4113 522 4171 sicut
551 4128 621 4171 ex
650 4115 824 4172 dictis
847 4119 1028 4186 patet,
1054 4129 1127 4172 ex
1156 4115 1270 4172 boc
1295 4114 1468 4171 babet
1499 4120 1770 4172 naturam
1794 4113 2277 4180 intellectualem,
2354 4115 2452 4172 uia
2472 4115 2672 4175 omnis

247 4184 598 4243 substantia
647 4185 1059 4243 immaterialis
1110 4190 1201 4244 est
1260 4183 1625 4256 hujusmodi.
1654 4187 1736 4241 Ex
1786 4184 1902 4243 hoc
1946 4190 2142 4243 autem
2192 4198 2313 4242 non
2359 4199 2458 4243 um
2494 4186 2677 4244 habet

249 4255 419 4328 quod
469 4255 840 4312 assimiletur
882 4256 1026 4313 huic
1054 4256 1146 4314 vel
1174 4255 1263 4313 illi
1307 4255 1389 4311 rei
1441 4253 1854 4324 determinate,
1886 4254 2047 4328 quod
2087 4256 2415 4328 requiritur
2454 4257 2530 4327 ad
2560 4257 2675 4314 hoc

250 4325 419 4398 quod
464 4325 668 4383 anima
710 4329 920 4382 nostra
969 4325 1122 4383 hanc
1155 4326 1247 4384 vel
1277 4326 1437 4383 illam
1485 4339 1611 4382 rem
1662 4325 2050 4384 determinate
2090 4333 2445 4398 cognoscam
2474 4327 2675 4384 omnis

250 4396 420 4453 enim
470 4395 739 4475 cognitio
782 4393 850 4452 fit
890 4395 1219 4453 secundum
1265 4395 1722 4453 similitudinem
1764 4397 1991 4468 cogniti
2032 4396 2543 4470 in'cognoscente.
2574 4399 2681 4450 Re-

251 4470 463 4525 manet
494 4467 675 4537 igitur
699 4466 833 4536 ipsa
859 4464 1062 4523 anima
1089 4466 1450 4524 intellectiva
1471 4468 1533 4522 in
1563 4467 1830 4537 potentia
1856 4465 1931 4523 ad
1959 4466 2380 4525 determinatas
2398 4465 2675 4523 similitu·

254 4534 435 4598 dines
457 4549 657 4597 rerum
674 4534 1175 4610 cognoscibilium
1191 4551 1228 4599 a
1250 4537 1450 4610 nobis,
1477 4551 1612 4612 quae
1641 4543 1786 4598 sunt
1803 4542 2028 4599 naturae
2056 4552 2254 4600 rerum
2275 4533 2674 4597 sensibilium.
