3076 5025
360 368 443 440 ,742
1113 342 1123 349 ’
1158 345 1163 349 ’
1254 362 1387 418 un.
1426 362 1478 430 1„
1512 362 1666 419 eff.
1702 362 1917 418 xxxix.

444 486 726 560 Amplius,
764 482 1232 542 communicatio
1275 496 1410 540 esse
1448 487 1515 563 et
1556 482 1844 540 bonitatis
1884 498 1956 540 ex
1997 482 2265 542 bonitate
2306 484 2597 557 procedit,
2644 484 2810 558 quod

372 557 614 631 quidem
645 559 809 625 patet·
848 570 919 610 ex
950 555 1083 625 ipsa
1125 558 1336 610 natura
1374 552 1517 610 honi
1559 558 1618 609 et
1666 567 1740 610 ex
1766 554 1897 624 ejus
1925 554 2178 612 ratione.
2227 557 2594 612 Naturaliter
2642 556 2810 613 enim

358 626 601 686 :bonum
634 624 1109 696 uniuscujusque
1143 628 1236 681 est
1271 622 1427 680 actio
1475 629 1533 680 et
1559 622 1844 694 perfectio
1874 623 2024 695 ejus.
2076 626 2553 698 Unumquodque
2605 630 2810 683 autem

360 696 450 768 lex
478 698 590 754 hoe
620 711 649 751 a
700 694 744 751 it
792 693 953 768 quod
999 700 1134 752 actu
1173 699 1284 751 est.
1316 693 1560 764 Agendo
1587 699 1788 751 autem
1816 708 1952 751 esse
1977 699 2036 751 et
2063 694 2388 752 bonitatem
2432 700 2490 752 et
2518 696 2640 752 alia
2695 694 2808 753 dif-

357 766 592 839 ‚rundit
675 762 788 822 nde
819 770 877 822 et
903 765 1145 837 signum
1171 763 1556 834 perfectionis
1579 770 1674 822 est
1722 765 1978 833 alicujus
2005 765 2165 837 quod
2211 766 2409 823 simite
2451 766 2566 823 sibi
2605 766 2804 836 possit

357 858 361 862 >
418 838 727 903 roducere‚
743 840 806 893 ut
822 840 977 907 patet
994 850 1098 906 per
1110 834 1538 905 Philosophum
1558 834 1618 891 in
1641 842 1852 908 quarto
1867 836 2285 892 Matheoreorum
2298 836 2712 909 (textcommd
2725 836 2804 908 8).

374 852 549 965 Ratio
606 920 745 963 vero
774 906 917 964 honi
960 909 1054 964 est
1100 920 1172 963 ex
1203 904 1317 963 hoc
1407 906 1521 962 uod
1567 910 1658 963 est
1715 906 2053 977 appetibile,
2102 907 2262 986 quod
2308 913 2401 963 est
2453 905 2614 974 flniS‚
2672 921 2809 979 quaa

376 979 555 1034 etiam
577 982 774 1034 movet
802 981 1076 1047 agentem
1107 975 1180 1033 ad
1206 987 1358 1047 agen
1385 989 1525 1055 um.
1561 977 1981 1048 propterquod
2015 976 2231 1033 dieitur
2254 977 2474 1034 bonum
2518 990 2652 1033 esse
2692 977 2808 1035 dif-

376 1047 638 1106 fusivum
663 1048 757 1105 sui
782 1061 937 1104 esse.
962 1049 1095 1103 Haec
1114 1052 1311 1103 autem
1339 1043 1584 1103 diffusio
1606 1049 1727 1103 Deo
1739 1048 1869 1103 co'm
1916 1047 2038 1104 etit.
2059 1049 2379 1105 ostensum
2399 1053 2491 1104 est
2512 1047 2669 1103 enim
2711 1060 2810 1106 su-

377 1131 482 1189 pra
515 1118 758 1189 (cap.¹3)
789 1117 947 1189 quod
981 1119 1139 1174 Deus
1167 1122 1259 1172 est
1285 1116 1426 1173 aliis
1453 1130 1641 1174 causa
1679 1129 1859 1175 essen
1908 1117 1942 1186 ‘‚
1990 1116 2149 1175 sicut
2193 1132 2301 1189 per
2327 1131 2395 1176 se
2424 1130 2535 1175 ens
2556 1128 2809 1176 neeesse

378 1201 536 1246 esse.
572 1190 671 1244 Est
698 1187 881 1259 igitur
907 1201 1043 1243 vere
1066 1185 1286 1244 honus,

449 1259 597 1314 Hinc
627 1263 716 1314 est
745 1257 904 1329 quod
932 1256 995 1313 in
1026 1259 1121 1313 Ps.
1151 1268 1345 1324 mxxi,
1381 1263 1431 1326 1,
1462 1257 1681 1315 dicitur
1717 1276 1732 1314 ε
1770 1258 1943 1325 Quam
1989 1258 2157 1313 bonus
2200 1258 2375 1314 Israel
2409 1261 2550 1314 Deus
2597 1259 2686 1313 his
2713 1258 2813 1385 m

375 1331 523 1383 meto
544 1331 673 1382 sunt
698 1328 884 1394 coe-dm
915 1327 1228 1396 etierem„
1245 1326 1456 1384 Thren.
1477 1340 1568 1398 m,
1587 1328 1841 1386 dicitur:
1870 1330 2049 1386 Bonus
2076 1331 2158 1385 est
2170 1330 2436 1386 Dominus
2453 1342 2579 1401 sper
2691 1329 2704 1343 “

377 1397 442 1454 ia
459 1411 536 1463 se,
562 1398 760 1454 auimae
787 1399 1051 1468 quau-enta·
1074 1397 1250 1454 alum.
1284 1400 1331 1466 (ι
1359 1404 1534 1465 part„
1569 1412 1626 1469 q.
1659 1404 1769 1469 vl.)

1279 1603 1537 1669 CAPUT
1572 1602 1901 1668 XXXVIII.

1120 1775 1277 1828 QUOD
1310 1775 1461 1821 DE‘US
1487 1774 1597 1820 EST
1630 1773 1766 1821 ΗΒΑ
1789 1770 2063 1820 nonme.

453 1926 537 1982 Ex
559 1922 656 1980 his
684 1927 884 1980 autem
912 1919 1119 1979 haberi
1145 1925 1363 1992 potest,
1393 1919 1556 1993 quod
1584 1922 1742 1978 Deus
1767 1917 1849 1977 sit
1875 1932 1990 1977 sua
2014 1918 2429 1977 bonitas.Esse
2453 1919 2618 1976 enim
2647 1923 2785 1977 actu

381 1993 448 2052 in
476 2006 839 2065 unoquoque
867 1997 959 2050 est
986 1991 1212 2049 bonum
1241 1992 1454 2061 ipsius,
1487 1990 1599 2047 Sed
1633 1993 1790 2047 Deus
1821 2002 1943 2045 non
1973 1995 2068 2046 est
2108 1989 2326 2070 solum,
2347 2002 2457 2071 ens
2499 1995 2660 2071 actu,
2700 1960 2810 2047 sed

385 2068 479 2123 est
504 2064 700 2135 ipsum
719 2076 896 2121 suum
919 2075 1077 2131 esse,
1105 2067 1172 2118 ut
1199 2074 1384 2133 supra
1410 2060 1561 2133 (cap.
1585 2060 1678 2132 22)
1701 2065 2012 2119 ostensum
2038 2064 2151 2118 est.
2182 2062 2285 2118 Est
2309 2066 2495 2132 igitur
2528 2072 2664 2131 ipsa
2703 2057 2813 2118 bo-

384 2135 569 2201 uitae,
602 2146 723 2191 non
751 2137 981 2190 tantum
1003 2132 1223 2189 bonus,

454 2207 743 2267 Praeterea,
782 2203 1068 2273 perfectio
1115 2201 1590 2274 uniuscujusque
1639 2205 1734 2259 est
1780 2200 2018 2259 bonitas
2060 2201 2192 2273 ejus
2238 2206 2303 2258 ut
2353 2206 2667 2259 ostensum
2719 2204 2816 2258 est

385 2274 480 2348 (ca
525 2318 539 2331 .
588 2273 699 2346 37).
732 2273 1021 2330 Perseetio
1050 2277 1246 2330 autem
1278 2272 1460 2329 divini
1496 2285 1632 2328 esse
1666 2284 1789 2329 non
1842 2271 2165 2329 attenditur
2204 2272 2536 2329 secundum
2582 2270 2816 2343 aliquid

384 2345 459 2403 ad
506 2346 653 2402 itum
684 2354 866 2414 supra
902 2343 1122 2414 ipsum,
1149 2342 1255 2400 sed
1280 2341 1420 2413 quia
1442 2343 1639 2412 ipsum
1670 2342 2001 2399 secundum
2043 2342 2307 2413 seipsum
2340 2341 2668 2413 perfectum
2697 2346 2812 2410 est,

386 2420 455 2474 ut
495 2428 679 2486 supra
724 2413 874 2485 (cap.
905 2414 995 2494 28)
1026 2417 1335 2471 ostensum
1367 2418 1477 2468 est.
1508 2411 1752 2492 Bonitas
1777 2412 1961 2484 igitur
1988 2413 2091 2469 Dei
2122 2425 2245 2493 non
2274 2417 2367 2470 est
2391 2411 2621 2485 aliquid
2647 2411 2812 2470 addi-

384 2489 509 2545 tum
543 2499 667 2544 suae
696 2484 1067 2552 substantiae,
1098 2482 1203 2542 sed
1234 2497 1346 2541 sua
1375 2482 1714 2541 substantia
1746 2489 1838 2540 est
1858 2497 1969 2541 sua
1993 2483 2254 2543 bonitas.

457 2559 611 2625 Item,
644 2554 1113 2628 unumquodque
1138 2554 1363 2611 bonum
1393 2553 1550 2625 quod
1600 2567 1722 2610 non
1768 2559 1862 2610 est
1899 2567 2012 2612 sua
2050 2554 2312 2623 bonitas,
2355 2553 2817 2635 participatione

388 2626 608 2685 dicitur
634 2625 881 2683 bonum.
916 2625 1085 2693 Quod
1116 2630 1313 2682 autem
1345 2638 1449 2695 per
1477 2625 1992 2695 participationem
2023 2624 2261 2695 dieitur,
2289 2623 2516 2696 aliquid
2565 2629 2704 2682 ante
2750 2638 2818 2682 se

385 2696 816 2768 praesupponit,
848 2709 884 2753 a
909 2709 1032 2768 quo
1061 2696 1353 2753 rationem
1384 2695 1639 2766 suscipit
1667 2694 1972 2754 bonitatis.
2007 2695 2129 2752 Hoc
2178 2699 2376 2753 autem
2422 2695 2484 2750 in
2512 2693 2818 2752 infinitum

387 2775 511 2823 non
539 2772 631 2823 est
655 2765 946 2837 possibile
972 2764 1157 2836 abire,
1189 2765 1330 2838 quia
1358 2764 1421 2821 in
1447 2764 1652 2822 causis
1682 2763 1965 2823 finalibus
2013 2778 2137 2823 non
2180 2764 2525 2837 proceditur
2567 2764 2633 2821 in
2681 2764 2818 2822 infi-

387 2836 602 2893 nitum.
636 2837 937 2893 infinitum
966 2837 1126 2892 enim
1173 2841 1466 2916 repugnat
1493 2834 1854 2893 fini.Bouum
1886 2841 2084 2893 autem
2111 2836 2403 2895 rationem
2431 2833 2572 2892 finis
2614 2835 2815 2894 habet.

388 2906 632 2977 Oportet
659 2907 673 2962 i
722 2907 840 2962 itur
864 2905 1142 2962 devenire
1172 2906 1244 2962 ad
1271 2906 1514 2977 aliquod
1536 2907 1796 2986 primum
1824 2907 2072 2974 bonum,
2119 2907 2280 2978 quod
2326 2919 2447 2964 non
2495 2906 2816 2976 participa-

384 2977 551 3034 tione
581 2921 915 3032 sitffionum
944 2989 1049 3046 per
1075 2975 1347 3033 ordinem
1375 2975 1445 3032 ad
1470 2977 1713 3056 aliquod
1730 2976 1914 3046 aliud,
1934 2976 2038 3035 sed
2060 2976 2138 3034 sit
2159 2991 2266 3058 per
2293 2979 2619 3036 essentiam
2640 2988 2815 3034 suam

384 3045 635 3108 bonum.
667 3047 789 3102 Hoc
818 3050 1016 3102 autem
1046 3047 1204 3103 Deus
1229 3052 1339 3103 est.
1373 3048 1472 3103 Est
1501 3051 1685 3118 igitur
1713 3049 1872 3105 Deus
1901 3061 2015 3105 sua
2041 3049 2303 3105 bonitas».

457 3117 611 3183 Item,
640 3114 699 3171 id
724 3114 885 3187 quod
914 3121 1026 3185 est,
1055 3115 1409 3187 participare
1439 3115 1667 3187 aliquid
1689 3123 1917 3188 potest;
1948 3118 2147 3190 ipsum
2183 3123 2381 3176 autem
2436 3115 2592 3185 esse,
2633 3114 2808 3175 nihil.

386 3184 563 3255 Quod
592 3185 751 3242 enim
781 3184 989 3257 pai-tici
1035 3190 1112 3248 at,
1142 3187 1407 3257 potentia
1437 3192 1548 3244 est.
1588 3189 1728 3245 Esse
1759 3193 1957 3246 autem
1987 3193 2157 3246 aetus
2207 3194 2320 3247 est.
2359 3187 2474 3247 Sed
2521 3189 2674 3244 Deus
2719 3188 2816 3245 est

387 3256 589 3384 ipsium
621 3268 777 3383 esste,
796 3261 871 3383 ¹utt
892 3269 1002 3328 pro
1046 3261 1209 3315 atum
1233 3262 1326 3315 est
1362 3255 1514 3329 (cap.
1541 3257 1656 3330 22).
1686 3260 1819 3316 Non
1847 3264 1940 3317 est
1963 3259 2151 3331 igitur
2167 3258 2367 3318 bonus
2385 3256 2816 3332 participative,

388 3339 457 3385 se
527 3340 702 3384 essen
735 3341 834 3383 iai
864 3341 950 3384 er.

429 3398 737 3479 ‚Ampliuffi
762 3409 943 3478 omne
969 3397 1246 3469 simplex,
1278 3411 1456 3456 suum
1486 3411 1645 3466 esse,
1663 3404 1721 3456 et
1750 3399 1812 3458 id
1841 3398 2004 3474 quod
2027 3403 2142 3472 est,
2172 3413 2360 3459 unum
2390 3399 2744 3459 habet.Nam
2762 3397 2821 3458 si

390 3472 472 3527 sit
503 3468 665 3525 atiud
691 3474 750 3524 et
787 3466 970 3538 aliud,
1012 3468 1137 3540 jam
1185 3469 1543 3540 simplicitas
1588 3469 1916 3528 tolleretur.
1958 3472 2117 3530 Deus
2170 3476 2369 3528 autem
2421 3477 2516 3529 est
2569 3471 2822 3530 omnino

388 3537 664 3609 simplex,
703 3542 766 3594 ut
794 3543 1105 3596 ostensum
1139 3546 1230 3597 est
1259 3539 1407 3611 (cap.
1445 3539 1553 3612 18).
1601 3540 1790 3612 Igitur
1841 3542 2042 3613 ipsum
2087 3554 2225 3600 esse
2267 3540 2496 3601 honum
2547 3555 2673 3600 non
2727 3544 2824 3600 est

389 3607 553 3667 aliud
584 3622 759 3680 quam
792 3607 945 3680 ipse.
976 3611 1078 3667 Est
1104 3609 1288 3682 igitur
1314 3622 1427 3668 sua
1452 3610 1712 3668 bonitas.

462 3680 574 3734 Per
610 3679 818 3736 eadem
864 3679 1046 3737 etiam
1091 3685 1252 3750 patet
1292 3681 1453 3753 quod
1496 3680 1728 3738 nullum
1776 3679 1940 3738 aliud
1990 3681 2219 3741 bonum
2255 3686 2350 3741 est
2395 3696 2510 3741 sua
2552 3682 2821 3742 bonitas·

389 3749 635 3818 Propter
662 3750 821 3830 quod
850 3748 1068 3807 dieitur
1089 3750 1401 3809 Matth.x1x
1431 3769 1445 3808 ε
1480 3752 1645 3810 Nemo
1675 3751 1861 3822 bonus,
1882 3753 1995 3807 nisi
2019 3754 2165 3811 solus
2192 3755 2355 3811 Deus.
2386 3752 2661 3825 (Sanctus
2686 3753 2826 3812 doc-

386 3819 488 3873 tor
513 3823 728 3874 erravit
756 3833 819 3876 in
846 3819 959 3878 hae
984 3820 1290 3890 citatione,
1331 3826 1529 3879 textus
1558 3833 1738 3887 quem
1784 3822 1849 3879 in
1889 3822 2091 3882 medio
2134 3820 2310 3883 affert
2358 3822 2616 3885 hahetur
2659 3821 2823 3897 apud

389 3883 652 3944 Hereum
676 3897 742 3959 x,
768 3891 857 3961 18,
886 3895 947 3949 et
972 3893 1112 3951 Luc.
1139 3901 1317 3962 xvm,
1347 3889 1461 3966 19.)
1491 3895 1534 3967 (ι
1565 3897 1743 3967 part„
1773 3911 1831 3971 q.
1859 3900 1976 3973 π.)

1322 4099 1579 4168 CAPUT
1616 4101 1891 4169 xxxix.

1005 4269 1160 4326 QUOD
1182 4271 1255 4323 m
1274 4274 1392 4321 mto
1419 4272 1544 4320 Nou
1574 4274 1779 4321 Possm·
1803 4273 1950 4320 ESSE
1968 4269 2202 4323 mm·

462 4416 550 4475 Ex
568 4415 686 4499 hoc
714 4421 913 4476 autem
935 4418 1321 4499 manifestum
1346 4423 1589 4500 apparet
1614 4418 1775 4493 quod
1804 4418 1869 4476 in
1902 4421 2025 4499 Deo
2046 4431 2171 4477 non
2189 4419 2549 4498 potestesse
2566 4415 2826 4478 malum.

394 4485 543 4549 Esse
567 4501 751 4561 emm,
778 4493 839 4549 et
861 4489 1127 4562 bonitas,
1155 4496 1215 4550 et
1240 4505 1446 4550 omnia
1471 4504 1605 4564 quae
1620 4505 1727 4580 per
1753 4495 2079 4552 essentiam
2097 4489 2400 4563 dicuutur,
2423 4488 2579 4548 mhll
2599 4493 2825 4562 prater
