3076 5025
819 320 830 330 ,
921 274 1056 333 LIB.
1096 274 1185 339 lv,
1225 274 1378 332 CAP.
1418 273 1704 330 Lxxxvn.
2419 276 2522 331 633

139 400 431 462 secundum
474 398 579 455 illa
604 411 735 480 quae
764 397 943 455 statui
976 396 1442 466 incorruptionis
1487 408 1610 453 non
1657 409 1720 452 re
1762 399 2009 476 ugnant.
2038 394 2121 452 Ad
2148 393 2305 453 hanc
2342 395 2521 468 igitur

139 486 308 530 iorum
338 469 872 541 impassibilitatem
895 467 1324 526 ostendendam
1352 466 1675 537 Apostolus
1743 466 1845 524 icit
1874 479 1890 519 t
1916 466 2231 523 seminatur
2252 469 2314 522 in
2343 483 2523 524 corru-

139 545 304 603 aione,
334 544 511 609 surget
538 542 599 594 in
625 541 1052 608 incorruptione.

183 616 395 678 Rursus,
428 610 646 677 anima,
681 612 803 666 Deo
833 610 1060 676 fruens,
1090 607 1208 679 ipsi
1236 606 1668 677 perfectissime
1697 606 2034 676 adhaerebit,
2066 613 2124 663 et
2144 606 2274 678 ejus
2294 607 2520 667 bonita-

139 697 224 740 em
251 681 617 753 participabit
648 681 707 735 in
744 692 980 737 summo
1011 678 1341 735 secundum
1372 678 1612 735 modum
1650 690 1849 735 suum.
1883 678 1980 735 Sic
2006 677 2187 749 igitur
2223 684 2280 734 ct
2301 693 2520 750 corpus

139 752 354 811 >erfecte
398 752 685 810 subdetur
730 751 942 807 animae
988 754 1047 807 et
1074 749 1204 819 ejus
1238 750 1628 819 proprietates
1661 747 2042 828 participabit
2074 752 2360 828 quantum
2392 764 2525 820 pos·

139 822 277 880 tibile
317 828 405 880 est
444 822 504 878 in
536 820 952 892 perspicuitate
979 832 1291 885 sensuum,
1323 820 1383 875 in
1415 819 1795 876 ordinatione
1825 831 1931 876 cor
1972 831 2093 876 orei
2137 818 2431 890 appetitus
2463 826 2524 877 ct

139 908 173 951 u
216 892 550 951 omnimoda
591 891 950 962 perfectione
1005 895 1250 947 naturae.
1308 891 1492 947 Tanto
1543 889 1703 946 enim
1730 888 1914 961 aliqui
1996 888 2313 959 perfectius
2339 894 2430 947 est
2458 891 2519 946 in

139 969 334 1029 natura,
363 967 586 1035 quanto
625 962 755 1033 ejus
798 961 1046 1018 materia
1088 960 1410 1031 perfectius
1462 959 1737 1017 subditur
1782 958 1987 1017 formae
2031 963 2091 1015 et
2143 966 2379 1030 propter
2408 961 2524 1018 hoc

139 1035 251 1093 licit
288 1034 604 1105 Apostolus
637 1047 650 1085 z
681 1033 992 1090 seminatur
1035 1046 1232 1101 corpus
1274 1032 1528 1095 animale,
1577 1033 1763 1098 surget
1788 1044 1982 1100 corpus
2008 1032 2314 1099 spirituale.
2345 1031 2524 1100 Spiri-

141 1106 263 1163 uale
311 1104 542 1177 quidem
592 1116 812 1172 corpus
860 1101 1227 1175 resurgentis
1274 1102 1407 1170 erit,
1452 1114 1572 1158 non
1616 1100 1755 1172 quia
1782 1100 1861 1157 sit
1884 1101 2149 1170 spirituS,
2185 1108 2246 1158 ut
2276 1102 2520 1173 quidam

139 1175 262 1233 nale
298 1175 733 1241 intellexerunt,
783 1172 906 1231 sive
948 1187 1053 1244 per
1098 1173 1369 1243 spiritum
1402 1171 1770 1244 intelligatur
1805 1170 2130 1242 spiritualis
2160 1172 2515 1241 substantia,

141 1246 233 1304 live
280 1260 395 1317 aer,
447 1249 549 1302 aut
593 1251 843 1313 ventus;
886 1243 992 1302 sed
1065 1244 1164 1301 uia
1191 1243 1300 1299 erit
1323 1242 1574 1300 omnino
1604 1240 1935 1311 subjectum
1964 1242 2243 1312 spiritui;
2284 1242 2438 1299 sicut
2466 1246 2524 1299 et

139 1329 270 1374 lunc
312 1316 525 1374 dicitur
571 1328 790 1385 corpus
831 1315 1031 1371 anima
1056 1329 1108 1383 e,
1160 1327 1280 1371 non
1311 1314 1452 1385 quia
1476 1313 1557 1371 sit
1581 1311 1827 1382 animal,
1858 1311 1967 1370 sed
1992 1313 2136 1385 quia
2162 1312 2520 1371 animalibus

139 1387 491 1445 »assionibus
519 1386 804 1456 subjacet,
838 1388 897 1442 et
923 1384 1209 1442 alimonia
1236 1384 1480 1456 indiget.

175 1460 341 1515 Patet
388 1458 572 1529 igitur
615 1471 688 1513 ex
734 1456 1030 1527 praedictis
1086 1454 1269 1527 quod,
1301 1455 1456 1512 sicut
1512 1454 1715 1512 anima
1763 1453 2028 1512 hominis
2080 1454 2406 1513 elevabitur
2451 1458 2528 1512 ad

139 1527 359 1598 gloriam
416 1527 735 1598 spirituum
781 1526 1136 1594 coelestium,
1172 1531 1238 1583 ut
1286 1528 1469 1582 Deum
1513 1537 1620 1596 per
1667 1525 1991 1582 essentiam
2024 1524 2240 1590 videat,
2271 1525 2429 1583 sicut
2463 1525 2530 1582 in

139 1600 281 1656 ertio
319 1597 468 1656 libro
513 1598 662 1669 (cap.
690 1597 778 1669 5¹)
802 1601 895 1655 est
941 1601 1287 1664 ostensum;
1319 1596 1402 1652 ita
1428 1596 1559 1667 ejus
1585 1607 1805 1666 corpus
1847 1595 2267 1653 sublimabitur
2289 1596 2360 1652 ad
2394 1607 2531 1724 Ero·

141 1670 384 1727 »rietates
439 1668 770 1725 coelestium
822 1680 1141 1738 corporum
1164 1709 1179 1735 ,
1243 1667 1596 1738 inquantum
1652 1665 1761 1722 erit
1815 1667 2041 1723 clarum
2065 1709 2080 1734 ‚
2139 1666 2385 1737 impassi
2431 1666 2529 1736 ile,

141 1739 334 1812 ‚bsque
384 1737 752 1805 difficultate,
797 1742 856 1794 et
897 1738 1099 1797 labore
1147 1737 1386 1805 mobile,
1418 1743 1476 1793 et
1529 1736 1962 1807 perfectissime
2012 1750 2125 1794 sua
2171 1742 2360 1793 torma
2401 1750 2532 1807 per·

139 1818 325 1868 ectum
358 1828 373 1866 ε
404 1814 466 1867 et
508 1809 596 1868 sic
643 1812 882 1880 propter
936 1808 1052 1866 hoc
1091 1808 1413 1878 Apostolus
1458 1806 1602 1864 dicit
1632 1807 2067 1879 resurgentium
2115 1820 2366 1878 corpora
2393 1821 2530 1867 esse

139 1881 389 1951 celestia,
422 1893 541 1938 non
577 1888 863 1952 quantum
893 1878 969 1936 ad
1001 1882 1291 1943 naturam,
1323 1878 1427 1935 sed
1458 1884 1749 1949 quantum
1778 1877 1851 1935 ad
1888 1879 2161 1950 gloriam.
2191 1877 2527 1944 Unde,cun1

139 1951 357 2009 ixisset
396 1950 553 2023 quod
585 1955 726 2007 sunt
754 1962 1003 2020 corpora
1024 1950 1292 2007 coelestia
1321 1955 1379 2005 et
1404 1954 1546 2006 sunt
1565 1948 1874 2005 terrestria
1903 1962 2174 2019 corpora,
2195 1949 2526 2021 subjungit,

139 2022 270 2081 uod
298 2021 412 2079 alia
441 2028 532 2079 est
559 2021 896 2079 coelestium
983 2020 1154 2090 lotia,
1198 2020 1319 2078 alia
1356 2019 1746 2076 terrestrium.
1780 2018 1947 2076 Sicut
1991 2024 2187 2076 autem
2218 2019 2432 2091 gloria,
2465 2018 2529 2077 in

139 2106 289 2150 uam
315 2093 570 2150 humana
599 2092 799 2148 anima
827 2091 940 2149 sub
967 2094 1190 2159 evatur‚
1222 2089 1453 2148 excedit
1507 2089 1843 2146 naturalem
1869 2089 2143 2146 virtutem
2196 2090 2530 2148 coelestium

139 2162 440 2233 pirituum,
491 2167 554 2220 ut
594 2163 657 2219 in
709 2162 883 2219 tertio
935 2161 1086 2219 libro
1129 2161 1280 2233 (cap.
1332 2160 1420 2231 53)
1451 2164 1765 2216 ostensum
1791 2163 1920 2228 est;
1961 2159 2046 2216 ita
2090 2159 2285 2232 gloria
2333 2173 2534 2217 resur-

139 2232 376 2291 entium
419 2245 737 2304 corporum
765 2231 993 2290 excedit
1019 2232 1348 2290 naturalem
1384 2230 1807 2300 perfectionem
1837 2230 2165 2288 coelestium
2195 2244 2535 2303 corporum,

139 2310 159 2361 t
201 2303 301 2363 sit
325 2305 513 2375 major
555 2303 812 2372 claritas,
848 2302 1298 2373 impassibilitas
1353 2300 1600 2370 firmior,
1620 2300 1884 2372 agilitas,
1914 2306 1974 2358 et
2000 2302 2261 2373 dignitas
2307 2309 2536 2360 naturae

139 2375 439 2433 effectior.
468 2374 577 2447 (IV
593 2375 765 2438 sent„
798 2372 936 2431 dist.
968 2384 1130 2444 xm,
1159 2387 1217 2445 q.
1247 2371 1339 2443 11.)

1000 2556 1253 2620 CAPUT
1292 2553 1636 2618 LXXXVII.

741 2721 818 2767 DE
851 2719 995 2766 Loco
1032 2718 1340 2764 CORPORUM
1375 2717 1897 2765 GLomFIGATonUM.

167 2871 327 2941 Quia
352 2883 498 2928 vero
531 2868 703 2926 locus
732 2867 906 2925 debet
931 2865 1368 2937 proportionari
1398 2865 1619 2934 locato,
1648 2879 2026 2939 consequens
2051 2871 2145 2925 est
2183 2867 2367 2940 quod,
2398 2882 2538 2928 cum

139 2955 359 3014 orpora
408 2938 846 3011 resurgentium
877 2937 1292 3008 proprietatem
1339 2937 1674 2994 coelestium
1722 2949 2038 3007 corporum
2068 2946 2537 3011 consequantur,

139 3014 279 3071 tiam
311 3012 374 3068 in
406 3010 579 3067 coelis
627 3010 823 3066 locum
850 3007 1128 3073 babeant,
1158 3006 1252 3063 vel
1300 3008 1492 3074 magis
1522 3020 1703 3077 super
1732 3020 1945 3065 omnes
1994 3010 2201 3076 coeloS‚
2251 3015 2318 3067 ut
2356 3010 2540 3068 simul

139 3098 235 3140 um
286 3081 528 3142 Christo
574 3079 713 3146 sint,
745 3078 918 3150 cujus
956 3078 1173 3135 virtute
1225 3076 1300 3134 ad
1352 3079 1503 3134 banc
1531 3077 1782 3149 gloriam
1831 3078 2274 3149 perducentur3
2310 3080 2381 3136 de
2420 3093 2542 3151 quo

141 3154 243 3212 icit
266 3151 618 3223 Apostolus,
649 3149 723 3207 ad
752 3150 990 3221 Ephes.,
1021 3159 1107 3211 iv,
1141 3151 1208 3206 ¹0
1238 3164 1254 3205 z
1285 3147 1392 3216 Qui
1417 3148 1663 3204 ascendit
1685 3162 1850 3219 super
1877 3164 2056 3205 omnes
2082 3151 2322 3212 coelos,ut
2347 3152 2544 3207 adim·

141 3226 267 3280 'eret
295 3225 506 3278 omnia.
2433 3267 2440 3274 .

156 3294 485 3352 Frivolum
521 3296 717 3348 autem
739 3289 972 3348 videtur
994 3294 1204 3348 contra
1231 3290 1386 3347 hanc
1416 3288 1673 3347 divinam
1699 3289 2160 3361 promissionem
2189 3306 2262 3349 ex
2287 3293 2544 3350 naturali

139 3371 542 3422 ementorum
614 3360 912 3432 positione
977 3361 1378 3433 argumentari
1400 3404 1415 3425 ,
1486 3361 1658 3433 quasi
1725 3360 2099 3431 impossibile
2174 3363 2254 3419 sit
2322 3376 2543 3433 corpus

139 3436 399 3504 unicis,
432 3445 616 3505 quum
651 3432 730 3489 sit
765 3438 1067 3488 terrenum
1096 3437 1156 3488 et
1182 3431 1510 3488 secundum
1541 3444 1713 3488 suam
1743 3437 2016 3488 naturam
2042 3430 2311 3488 infimum
2347 3434 2544 3491 locum

139 3508 358 3574 mens,
394 3517 580 3574 supra
603 3503 896 3559 elementa
925 3501 1078 3559 levia
1104 3501 1341 3558 elevari.
1374 3501 1751 3559 Manifestum
1781 3508 1873 3560 est
1900 3502 2060 3560 enim
2107 3502 2265 3573 quod
2309 3517 2379 3559 ex
2431 3504 2544 3559 vir-

144 3584 216 3634 te
259 3576 488 3634 animae
514 3579 607 3631 est
650 3572 810 3645 quod
849 3585 1068 3643 corpus
1112 3572 1186 3630 ab
1231 3572 1431 3629 anima
1459 3573 1784 3642 perfectum
1826 3572 2257 3630 elementorum
2291 3573 2545 3631 inclina·

139 3660 299 3705 ines
343 3658 474 3703 non
504 3652 807 3715 sequatur.
836 3645 973 3714 Ipsa
1000 3642 1160 3701 enim
1193 3644 1393 3700 anima
1417 3657 1529 3699 sua
1577 3643 1790 3700 virtute
1820 3644 1996 3700 etiam
2025 3643 2288 3700 continet
2324 3657 2545 3714 corpus

139 3717 399 3775 tamdiu
428 3715 704 3783 vivimus,
737 3727 811 3771 ne
856 3728 929 3772 ex
973 3713 1388 3793 contrarietate
1429 3715 1861 3771 elementorum
1891 3714 2287 3782 dissolvatur-3
2335 3720 2393 3771 et
2438 3715 2541 3772 vir.

139 3794 211 3847 te
264 3788 453 3845 etiam
504 3785 716 3843 animae
763 3785 986 3843 motiva
1028 3797 1248 3855 corpus
1296 3797 1360 3842 m
1403 3785 1590 3842 altum
1641 3785 1924 3854 elevatur,
1953 3790 2013 3841 et
2053 3790 2217 3841 tanto
2266 3784 2543 3855 amplius,

139 3863 330 3917 tanto
397 3857 585 3913 virtus
630 3856 851 3913 motiva
892 3854 1104 3913 fortior
1152 3854 1348 3911 fuerit.
1379 3855 1759 3913 Manifestum
1808 3862 1897 3913 est
1951 3860 2146 3911 autem
2204 3856 2360 3926 quod
2404 3861 2548 3914 tunc

141 3931 301 3986 tima
380 3928 617 3985 erfeolae
653 3926 889 3984 virtutis
938 3925 1053 3984 erit
1080 3925 1320 3996 quando
1352 3927 1471 3981 Deo
1500 3938 1605 3996 per
1630 3927 1924 3983 visionem
1955 3926 2371 3996 conjungetur.
2412 3928 2546 3983 Non

139 4000 282 4057 itur
364 3999 503 4056 ebet
529 4011 707 4070 grave
735 3995 945 4065 videri,
974 3995 1030 4055 si
1070 4002 1215 4054 tunc
1241 3995 1453 4052 virtute
1498 3996 1712 4054 animae
1762 4009 1981 4067 corpus
2023 4001 2081 4052 et
2108 3997 2182 4052 ab
2227 3996 2392 4052 omni
2421 4010 2549 4054 cor·

143 4068 395 4142 ptione
419 4074 687 4127 servetur
710 4067 997 4135 immune,
1028 4071 1087 4123 et
1106 4079 1288 4137 supra
1315 4080 1625 4147 quaecumq
1637 4081 1708 4123 ue
1734 4080 1986 4137 corpora
2012 4066 2292 4123 elevetur.

139 4144 387 4212 Neque
434 4139 613 4196 etiam
667 4139 807 4196 huic
845 4137 1233 4208 promissioni
1282 4136 1498 4195 divinae
1556 4137 2097 4209 impossibilitatem
2152 4136 2323 4194 affert
2385 4137 2547 4210 quod

146 4221 366 4280 rpora
406 4209 670 4267 coelestia
702 4208 896 4281 frangi
924 4221 1045 4266 non
1116 4212 1351 4276 ossunt,
1384 4215 1451 4264 ut
1478 4221 1661 4277 super
1687 4223 1759 4266 ea
1777 4207 2045 4281 gloriosa
2073 4220 2325 4278 corpora
2345 4210 2548 4267 suble-

139 4286 339 4350 ntur‚
368 4280 513 4354 quia
543 4294 579 4337 a
606 4280 818 4337 virtute
849 4223 1193 4359 divina-Boc
1218 4277 1340 4342 fiet,
1375 4284 1436 4359 ut
1468 4278 1735 4349 gloriosa
1761 4290 2013 4349 corpora
2040 4278 2222 4335 simul
2252 4294 2386 4336 cum
2412 4278 2549 4336 aliis

139 4352 473 4422 rporibus
502 4363 638 4408 esse
666 4349 935 4421 possint;
966 4362 1140 4420 cujus
1182 4350 1267 4406 rei
1293 4348 1587 4420 judicium
1616 4349 1681 4407 in
1701 4361 1949 4421 corpore
1978 4348 2195 4407 Christi
2220 4348 2548 4421 praecessit,

147 4434 231 4481 m
275 4422 364 4481 ad
396 4421 727 4493 discipulos
745 4420 949 4493 januis
976 4417 1204 4479 clausis
1238 4419 1499 4479 intravit.
