3076 5025
1099 306 1229 362 LIB.
1269 305 1368 372 111.
1409 304 1562 362 CAP.
1604 305 1777 361 LXIV.
1908 293 1919 308 ⁸
2546 309 2663 365 339

220 429 379 488 enim
408 443 589 500 supra
619 427 745 500 (lib.
775 441 842 495 11,
902 441 1031 498 cap.
1061 432 1131 486 23
1177 431 1236 485 et
1282 425 1374 498 24)
1404 426 1563 498 quod
1594 440 1717 484 non
1766 428 1889 500 agit
1932 441 2040 499 per
2082 427 2506 488 necessitatem
2546 443 2654 488 na·

225 508 390 568 turae,
423 500 527 557 sed
559 513 664 571 per
685 499 1052 556 intellectum
1081 502 1139 555 et
1164 496 1550 554 voluntatem.
1580 497 1739 555 Nihil
1769 503 1863 556 est
1888 503 2085 556 autem
2130 498 2295 557 aliud
2342 514 2405 557 re
2450 513 2547 558 ere
2595 506 2655 560 et

220 571 554 643 gubernare
585 584 689 641 per
717 568 1148 642 providentiam
1177 582 1352 639 quam
1385 582 1622 625 movere
1642 582 1744 639 per
1762 568 2127 627 intellectum
2144 569 2393 643 aliquaa
2448 570 2651 631 finem.

224 644 383 700 Deus
414 641 599 711 igitur
624 653 730 712 per
760 653 931 697 suam
960 639 1389 710 providentiam
1421 638 1716 710 gubernat
1739 644 1798 696 et
1820 640 1972 711 regit
1996 639 2203 700 omnia
2226 654 2361 712 quae
2409 652 2654 701 moven-

220 719 318 771 tur
345 712 407 768 in
446 709 649 780 finem,
681 710 808 768 sive
836 716 1187 769 moveantur
1211 709 1619 781 corporaliter,
1646 708 1772 767 sive
1800 710 2213 781 spiritualiter,
2243 710 2400 770 sicut
2424 712 2663 774 deside·

222 796 364 841 rans
395 782 615 839 dicitur
642 781 865 838 moveri
898 796 933 838 a
960 779 1319 838 desiderato.

289 856 444 919 Item,
472 852 785 923 probatum
831 857 918 909 est
979 851 1069 921 (ca
1115 893 1127 907 .
1158 855 1213 918 2,
1263 850 1317 922 3)
1375 851 1536 922 quod
1590 864 1844 922 corpora
1895 851 2191 911 naturalia
2238 858 2552 911 moventur
2596 856 2658 914 et

223 928 546 995 operantur
574 927 812 993 propter
838 920 1037 1002 finem,
1059 865 1208 1001 ficet
1235 919 1413 1001 finem
1441 934 1566 980 non
1589 927 1980 1003 cognoscant,
2012 937 2087 980 ex
2119 922 2235 981 hoc
2281 926 2439 995 quod
2493 935 2651 983 sem-

228 1009 336 1065 per
387 994 440 1051 ei
487 993 857 1065 frequentius
882 991 1100 1050 accidit
1134 1005 1194 1047 in
1223 1005 1314 1050 eis
1343 992 1503 1064 quod
1533 992 1750 1050 melius
1787 999 1900 1063 est,
1929 1000 1986 1049 et
2036 1006 2158 1051 non
2208 993 2380 1051 aliter
2425 992 2656 1064 fierent,

223 1065 277 1122 si
312 1064 520 1121 fierent
546 1079 651 1134 per
681 1070 888 1120 artem.
922 1062 1300 1134 Impossibile
1326 1069 1414 1120 est
1445 1069 1645 1120 autem
1673 1063 1830 1135 quod
1863 1062 2063 1136 aliqua
2090 1076 2212 1121 non
2228 1064 2663 1135 cognoscentia

222 1135 406 1192 finem
441 1140 759 1206 operentur
790 1140 1027 1205 propter
1053 1132 1257 1199 finem,
1285 1138 1344 1189 et
1371 1133 1645 1190 ordinate
1673 1134 2020 1205 perveniant
2044 1134 2108 1191 in
2136 1134 2357 1205 ipsum,
2388 1135 2506 1193 nisi
2535 1135 2660 1194 sint

223 1212 394 1262 mota
421 1205 495 1263 ab
525 1205 727 1277 aliquo
757 1204 1012 1263 habente
1037 1203 1440 1276 cognitionem
1466 1203 1628 1273 finis,
1660 1204 1818 1262 sicut
1856 1205 2078 1277 sagitta
2127 1205 2404 1277 dirigitur
2446 1205 2522 1263 ad
2573 1205 2656 1263 si-

225 1277 845 1349 gnumasagittante.
878 1278 1119 1346 Oportet
1169 1287 1313 1346 ergo
1365 1274 1530 1346 quod
1579 1279 1703 1332 tota
1749 1275 2017 1347 operatio
2062 1281 2289 1333 naturae
2335 1276 2409 1334 ab
2456 1275 2659 1349 aliqua

221 1360 297 1404 co
345 1346 571 1427 uitione
624 1346 950 1416 ordinetur,
1006 1351 1064 1402 et
1116 1344 1231 1426 hoc
1281 1344 1520 1417 quidem
1572 1345 1825 1427 mediate
1873 1345 1965 1403 vel
2020 1346 2362 1404 immediate
2422 1353 2658 1428 oportet

220 1431 288 1475 re
337 1431 509 1474 ucere
537 1429 602 1474 in
630 1418 838 1474 Deum.
869 1417 1114 1487 Oportet
1136 1428 1296 1473 enim
1324 1415 1486 1488 quod
1522 1417 1724 1474 omnis
1769 1415 2020 1474 inferior
2052 1429 2153 1475 ars
2199 1422 2259 1474 et
2302 1418 2569 1490 cognitio
2620 1430 2660 1478 a

226 1486 534 1559 superiori
563 1487 855 1568 principia
881 1486 1153 1558 accipiat,
1184 1486 1341 1565 sicut
1359 1487 1420 1543 in
1437 1487 1713 1545 scientiis
1737 1492 1798 1544 et
1820 1486 2210 1557 speculativis
2238 1491 2301 1545 et
2335 1486 2657 1560 operativis

224 1564 471 1630 apparet
500 1560 657 1616 Deus
686 1558 869 1630 igitur
894 1572 1008 1616 sua
1035 1556 1406 1628 providentia
1435 1558 1725 1615 mundum
1743 1557 2055 1630 gubernat.

295 1629 517 1697 Adhuc,
549 1643 618 1686 ea
655 1643 787 1700 quae
816 1635 955 1686 sunt
983 1628 1313 1686 secundum
1342 1641 1513 1685 suam
1546 1633 1819 1687 naturam
1848 1629 2149 1698 distincta,
2186 1629 2254 1686 in
2281 1641 2467 1687 unum
2498 1628 2657 1688 ordi·

223 1713 372 1757 nem
403 1711 525 1756 nou
552 1700 940 1769 conveniunt,
971 1698 1089 1757 nisi
1120 1697 1195 1756 ab
1226 1711 1346 1756 uno
1382 1699 1697 1757 ordinante
1722 1698 2086 1771 colligantur
2111 1700 2176 1757 in
2205 1713 2410 1758 unum.
2441 1703 2510 1757 In
2530 1699 2660 1758 uni·

223 1770 583 1828 versalitate
622 1776 817 1828 autem
843 1783 1043 1828 rerum
1071 1774 1216 1828 sunt
1245 1782 1341 1827 res
1367 1769 1684 1828 distinctas
1710 1774 1770 1827 et
1797 1771 2129 1828 contrarias
2154 1776 2403 1828 naturas
2449 1770 2671 1829 haben·

227 1846 356 1909 teS,
384 1854 517 1912 quae
546 1846 746 1898 tamen
782 1854 994 1899 omnes
1022 1841 1086 1897 in
1113 1852 1300 1897 unum
1326 1839 1600 1898 ordinem
1624 1841 2009 1908 conveniunt,
2038 1853 2179 1898 cum
2215 1840 2489 1913 quaedam
2533 1852 2671 1913 ope·

234 1910 513 1971 rationes
542 1911 933 1983 quorumdam
960 1910 1283 1990 excipiunt,
1309 1911 1585 1992 quaedam
1615 1915 1813 1993 autem
1846 1924 1882 1969 a
1904 1910 2669 1983 quibusdamjuvantur,vel

233 1983 418 2110 etissm
448 1988 792 2108 opteramur.
823 1985 1063 2053 oportet
1095 1986 1280 2052 igitur
1302 1981 1463 2052 quod
1488 1987 1573 2040 sit
1596 1993 2014 2043 universorum
2056 1995 2219 2040 unus
2270 1982 2579 2042 ordinator
2616 1986 2669 2040 et

274 2068 316 2111 u
364 2066 510 2110 erna
536 2066 622 2110 or.

152 2174 158 2179 .
231 2066 272 2126 g
310 2124 590 2194 Amplius,
623 2136 830 2180 eorum
861 2135 995 2194 quae
1022 2123 1183 2181 circa
1209 2123 1545 2181 coelestium
1569 2134 1888 2196 corporum
1928 2127 2132 2182 motus
2168 2128 2474 2196 apparent,
2521 2122 2674 2185 ratio

229 2193 545 2267 assignari
577 2206 696 2251 non
729 2197 923 2264 potest
947 2206 1020 2250 ex
1046 2195 1402 2252 necessitate
1425 2199 1676 2263 naturae,
1706 2206 1843 2252 cum
1865 2193 2139 2267 quaedam
2169 2208 2375 2252 eoram
2420 2193 2671 2253 habeant

220 2265 445 2338 plures
469 2271 672 2323 motus
696 2262 1075 2336 quibusdam,
1108 2269 1166 2320 et
1191 2265 1442 2322 omnino
1469 2263 1799 2322 difformes
1833 2264 2077 2336 Oportet
2102 2264 2287 2337 igitur
2333 2264 2491 2337 quod
2541 2264 2670 2323 ille-

223 2349 377 2395 rum
405 2342 676 2393 motuum
727 2333 1023 2392 ordinatio
1081 2334 1160 2392 sit
1212 2334 1287 2392 ab
1346 2335 1550 2406 aliqua
1604 2334 1978 2406 providentia
2024 2340 2084 2392 et
2135 2348 2240 2405 per
2294 2348 2476 2393 conse
2524 2347 2673 2394 uens

224 2406 510 2465 omnium
542 2404 895 2463 inferiorum
922 2409 1193 2463 motuum
1219 2410 1281 2463 et
1308 2406 1722 2476 operationum
1751 2419 1883 2478 quae
1910 2417 2016 2477 per
2041 2404 2181 2463 illos
2219 2410 2421 2463 motus
2514 2405 2671 2477 ispo·

222 2483 484 2536 fiuntur.

312 2550 466 2616 Item,
495 2554 721 2620 quanto
746 2546 824 2603 ali
870 2545 970 2604 uid
1001 2546 1400 2619 propinquius
1441 2550 1534 2605 est
1587 2559 1808 2614 causae,
1850 2550 2017 2604 tanto
2063 2545 2202 2617 plus
2246 2546 2562 2618 participat
2603 2546 2673 2607 de

227 2617 454 2679 effectu
487 2618 701 2691 ipsius,
738 2619 819 2673 Un
864 2631 896 2673 e
926 2617 977 2674 si
1004 2616 1231 2689 aliquid
1262 2622 1426 2674 tanto
1457 2617 1846 2689 participatur
1870 2616 2195 2687 perfectius
2223 2617 2298 2675 ab
2342 2616 2670 2688 aliquibuS‚

285 2693 468 2747 uanto
496 2688 673 2746 alicui
707 2688 791 2744 rei
821 2688 1016 2758 magis
1046 2688 1501 2760 appropinquat,
1534 2687 1778 2759 signum
1805 2686 2085 2759 estquod
2127 2687 2231 2745 illa
2259 2698 2358 2745 res
2385 2687 2465 2745 sit
2493 2701 2687 2746 causa

227 2762 246 2819 i
292 2760 409 2817 lius
438 2759 598 2887 guod
629 2758 1024 2815 diversimode
1053 2758 1461 2829 participatur.
1494 2757 1679 2825 Sicut,
1715 2758 1789 2837 si,
1820 2757 2021 2830 aliqua
2049 2758 2245 2829 inagis
2292 2763 2435 2837 sunt
2479 2758 2677 2816 calida

232 2844 433 2890 secun
483 2843 580 2886 um
611 2828 768 2910 quod
797 2829 995 2909 magis
1025 2829 1504 2902 appropinquant
1558 2828 1710 2901 igni,
1741 2840 1984 2901 signum
2028 2834 2124 2885 est
2171 2828 2333 2901 quod
2382 2828 2542 2900 ignis
2596 2829 2675 2886 sit

229 2915 432 2960 eausa
458 2901 699 2957 caloris.
731 2902 1119 2957 inveniuntur
1144 2905 1342 2958 autem
1370 2903 1538 2957 tanto
1589 2899 1792 2973 aliqua
1825 2898 2147 2970 perfectius
2197 2898 2471 2957 ordinata
2515 2911 2675 2964 esse,

232 2976 472 3046 quanto
501 2970 696 3042 magis
726 2974 869 3027 sunt
892 2972 1015 3028 Deo
1042 2970 1396 3043 propinqua.
1428 2971 1577 3028 Nam
1606 2969 1671 3027 in
1710 2969 2072 3051 corporibus
2105 2968 2496 3051 inferioribus
2543 2983 2677 3043 quae

183 3052 194 3059 “
231 3048 390 3102 sunt
417 3042 674 3099 maxime
701 3055 736 3098 a
761 3042 883 3099 Deo
911 3041 1216 3111 distantia,
1245 3046 1474 3099 nat-urae
1503 3040 1997 3098 dissimilitudine
2054 3046 2357 3098 invenitur
2392 3054 2528 3099 esse
2575 3041 2676 3099 de-

237 3115 441 3172 fectus
469 3110 792 3184 aliquando
817 3110 892 3168 ab
919 3123 994 3170 eo
1022 3110 1180 3184 quod
1211 3118 1303 3170 est
1331 3112 1663 3171 secundum
1692 3124 1936 3169 cursum
1965 3115 2213 3181 naturae,
2244 3112 2402 3169 sicut
2423 3116 2583 3183 patet
2610 3111 2678 3170 in

237 3182 652 3243 monstruosis
682 3187 743 3240 et
783 3181 920 3240 aliis
949 3183 1316 3251 casualibus,
1369 3182 1531 3256 quod
1584 3195 1889 3254 nunquam
1944 3181 2162 3240 accidit
2212 3182 2276 3239 in
2320 3182 2676 3253 corporibus

237 3253 615 3315 scelestibus,
648 3266 779 3325 quae
808 3258 1008 3310 tamen
1037 3259 1178 3312 sunt
1207 3252 1409 3326 aliquo
1440 3251 1622 3310 modo
1651 3252 1995 3321 mutabilia;
2024 3252 2186 3325 quod
2214 3265 2333 3309 non
2359 3251 2578 3309 accidit
2611 3251 2679 3310 in

238 3324 604 3385 substantiis
635 3323 1141 3382 intellectualibus
1169 3324 1482 3395 separatis.
1511 3324 1891 3381 Manifestum
1918 3326 2012 3381 est
2043 3337 2186 3396 ergo
2212 3321 2373 3396 quod
2403 3323 2560 3379 Deus
2585 3324 2680 3382 est

244 3409 436 3455 causa
462 3395 648 3452 totius
678 3393 909 3450 ordinis
937 3408 1154 3452 rerum.
1189 3396 1288 3453 Est
1316 3394 1501 3471 igitur
1525 3394 1659 3467 ipse
1683 3407 1789 3467 per
1811 3407 1985 3454 suam
2001 3393 2434 3465 providentiam
2456 3391 2676 3466 guber-

241 3471 423 3525 nator
447 3466 632 3523 totius
663 3464 1070 3523 universitatis
1095 3478 1315 3522 rerum.
2498 3511 2509 3542 ,

316 3536 536 3607 Adhuc,
563 3536 722 3593 sicut
747 3548 931 3606 supra
959 3534 1084 3607 (lib.
1114 3549 1180 3603 11,
1237 3550 1368 3608 cap.
1391 3538 1464 3594 23
1503 3541 1565 3593 et
1586 3535 1683 3608 24)
1707 3535 2024 3608 probatum
2037 3541 2152 3604 est,
2174 3536 2332 3593 Deus
2346 3548 2445 3593 res
2465 3545 2678 3595 omnes

242 3609 313 3666 in
340 3621 474 3665 esse
505 3606 784 3678 produxit
805 3618 929 3664 non
957 3620 1032 3664 ex
1057 3607 1414 3664 necessitate
1444 3611 1694 3675 naturae,
1725 3606 1831 3665 sed
1858 3619 1966 3680 per
1992 3605 2359 3664 intellectum
2390 3608 2449 3662 et
2470 3604 2678 3663 volun·

242 3683 450 3735 tatem.
479 3677 824 3735 Intellectus
851 3680 1050 3733 autem
1079 3681 1140 3733 et
1159 3677 1485 3736 voluntatis
1513 3677 1711 3749 ipsius
1740 3689 1864 3734 non
1909 3680 2107 3748 potest
2150 3690 2286 3734 esse
2327 3676 2484 3734 alius
2533 3674 2677 3735 finis

246 3748 521 3817 ultimuS,
553 3747 671 3805 nisi
701 3746 941 3805 bonitas
973 3748 1126 3818 ejuS,
1156 3752 1222 3804 ut
1250 3747 1480 3805 scilicet
1508 3761 1639 3805 eam
1667 3747 1846 3805 rebus
1876 3747 2365 3817 communicaret,
2397 3747 2554 3804 sIcut
2606 3758 2682 3804 ex

243 3819 583 3892 praemissis
612 3823 873 3891 apparet.
905 3818 1020 3875 Res
1046 3821 1246 3876 autem
1273 3818 1480 3887 pertici
1525 3824 1631 3875 ant
1656 3818 1918 3876 divinam
1945 3818 2272 3877 bonitatem
2303 3832 2408 3889 per
2432 3816 2678 3875 modum

254 3889 694 3968 similitudinis,
724 3889 790 3945 in
815 3892 1106 3969 quantum
1134 3888 1282 3960 ipsae
1312 3894 1453 3945 sunt
1481 3833 1675 3947 Bonae.
1704 3889 1853 3946 lllud
1881 3894 2079 3946 autem
2108 3888 2268 3961 quod
2295 3893 2389 3945 est
2422 3887 2682 3969 maxime

249 3957 483 4017 bonum
511 3972 574 4015 in
602 3959 779 4017 rebus
807 3964 1026 4017 creatis
1065 3964 1158 4017 est
1196 3959 1421 4019 bonum
1450 3960 1685 4017 ordinis
1735 3959 2022 4028 universi,
2083 3958 2242 4031 quod
2285 3965 2378 4017 est
2421 3972 2679 4017 maxime

250 4029 605 4103 perfectum,
657 4035 722 4087 ut
775 4029 1183 4100 Philosophus
1236 4029 1384 4087 dicit
1424 4030 1790 4103 (metaphys,
1821 4042 1955 4100 xri„
1998 4036 2140 4087 text.
2168 4043 2386 4087 comm.
2431 4030 2541 4101 52).
2573 4029 2681 4089 Cui

249 4100 433 4158 etiam
465 4105 756 4158 consonat
781 4100 1084 4171 Scriptura
1114 4100 1335 4169 divina,
1365 4100 1508 4158 Gen.
1538 4106 1677 4170 1‚31‚
1706 4113 1840 4158 cum
1858 4100 2111 4158 dicitur:
2139 4100 2295 4158 Vidit
2322 4103 2463 4156 Deus
2490 4105 2683 4157 cuncta
2740 4130 2762 4143 υ

249 4184 373 4243 quae
392 4172 614 4239 fecerat,
643 4176 697 4226 et
736 4175 893 4227 erant
916 4172 1078 4227 valde
1106 4171 1261 4234 bona,
1293 4185 1430 4228 cum
1457 4171 1531 4227 de
1560 4170 1820 4241 singulis
1849 4171 2130 4242 operibus
2172 4171 2424 4229 dixisset
2459 4172 2683 4243 simpli-

245 4240 401 4300 citer
428 4242 587 4313 quod
616 4247 774 4298 erant
804 4242 964 4299 bona.
996 4243 1227 4300 Bonum
1256 4241 1440 4313 igitur
1465 4240 1697 4299 ordinis
1723 4252 1922 4298 rerum
1960 4247 2292 4300 creatarum
2336 4258 2373 4301 a
2420 4245 2561 4311 Deo,
2591 4245 2682 4298 est

248 4311 316 4372 id
340 4312 504 4387 quod
533 4316 625 4371 est
653 4312 950 4439 Praecipue
983 4312 1231 4392 volitum
1260 4316 1321 4393 et
1366 4311 1659 4394 intentum
1694 4325 1731 4368 a
1774 4312 1916 4369 Deo.
1946 4310 2332 4393 Nibilautem
2380 4312 2543 4371 aliud
2590 4314 2683 4390 est

254 4383 587 4457 gubernare
615 4398 650 4440 a
677 4397 819 4457 iqua
845 4395 1025 4455 quam
1051 4395 1143 4441 eis
1182 4382 1456 4441 ordinem
1500 4395 1831 4457 imponere.
1861 4384 1997 4456 lpse
2042 4388 2227 4456 igitur
2273 4384 2433 4443 Deus
2476 4391 2681 4442 omnia

256 4464 368 4516 suo
394 4455 705 4517 intellectu
733 4459 794 4511 et
818 4453 1124 4514 voluntate
1150 4453 1461 4525 gubernat.
