3076 5025
1083 261 1217 320 ΗΒ.
1255 263 1329 332 ῙΙ,
1369 262 1521 321 CAP.
1562 263 1829 322 LXXXIII.
2561 275 2668 332 225

242 397 347 444 eas
393 384 576 465 etiam
613 389 867 445 aeternas
910 391 1191 445 asserunt
1236 398 1374 443 cum
1412 383 1679 456 Platone,
1719 391 1779 443 et
1806 398 1910 443 eas
1939 385 2012 444 de
2043 400 2292 460 corpore
2337 380 2414 449 ad
2447 396 2668 466 corpus

239 462 526 514 transire.

310 525 424 584 Sed
475 525 549 583 de
581 524 740 582 sacili
784 525 1021 584 ostendi
1068 531 1266 598 potest
1314 525 1660 597 praemissas
1702 526 2038 598 positiones
2078 542 2201 587 non
2245 543 2383 589 esse
2418 533 2665 595 veritate

236 596 557 656 subnixas.
604 594 772 664 Quod
806 596 967 654 enim
992 608 1117 654 non
1143 596 1221 655 sit
1252 609 1411 654 unus
1452 596 1723 653 omnium
1751 596 2090 656 intellectus
2130 600 2440 671 possibilis
2468 616 2666 678 neque

237 679 454 739 agens,
481 666 604 738 jam
651 679 833 737 supra
879 666 955 739 (c.
999 670 1072 724 73
1118 671 1178 724 et
1213 666 1305 738 76)
1349 673 1440 724 est
1483 672 1815 724 ostensum.
1856 668 2019 725 Unde
2063 676 2244 727 restat
2280 678 2488 731 contra
2513 674 2666 735 istas

236 737 581 809 positiones
605 736 926 807 procedere
954 750 1086 808 quae
1110 736 1316 795 dicunt
1351 738 1552 808 plures
1582 737 1816 795 animas
1845 751 1979 797 esse
2008 739 2339 806 hominum,
2372 747 2430 799 et
2463 750 2666 806 tamen

234 810 477 880 ponunt
512 820 617 866 eas
646 811 782 864 ante
809 820 1063 878 corpora
1107 807 1430 876 exstitisse,
1461 807 1588 865 sive
1618 805 1692 864 ab
1718 813 1961 877 aeterno‚
1992 808 2118 866 sive
2144 825 2180 868 a
2207 812 2413 871 mundi
2438 816 2664 876 consti-

143 907 152 917 ·
234 878 474 936 tutione
508 896 525 947 ς
556 877 716 950 quod
754 877 994 949 quidem
1026 876 1260 936 videtur
1288 877 1721 935 inconveniens
1749 877 1848 936 bis
1875 878 2232 938 rationibus.

316 951 640 1008 ostensum
685 953 777 1005 est
813 947 973 1005 enim
1025 961 1208 1020 supra
1255 947 1327 1020 (c.
1359 948 1450 1021 57)
1498 948 1760 1005 animam
1790 948 1949 1006 uniri
1978 951 2212 1021 corpori
2237 955 2303 1009 ut
2329 953 2581 1017 sormam
2609 962 2672 1018 et

231 1024 442 1079 actum
471 1018 687 1090 ipsius.
717 1022 897 1076 Actus
924 1022 1144 1088 autem,
1172 1018 1313 1077 licet
1339 1019 1418 1076 sit
1445 1018 1800 1076 naturaliter
1840 1018 2005 1089 prior
2073 1021 2316 1092 olentia,
2345 1028 2566 1097 tamen,
2596 1028 2665 1088 in

235 1090 478 1158 eodem,
503 1094 790 1169 ,tempore
837 1093 931 1169 est
955 1088 1289 1160 posterior;
1333 1093 1604 1147 movetur
1630 1088 1791 1146 enim
1833 1034 2069 1162 aliquidj
2085 1090 2159 1147 de
2188 1095 2453 1162 potentia
2480 1097 2544 1153 in
2571 1111 2667 1157 ac·

237 1165 392 1218 tum.
420 1161 596 1217 Prius
624 1163 808 1231 igitur
835 1159 946 1217 fuit
973 1173 1203 1229 semen,
1228 1159 1390 1232 quod
1405 1159 1646 1232 quidem
1664 1164 1754 1217 est
1768 1160 2032 1233 potentia
2058 1160 2280 1233 vivum,
2308 1177 2488 1236 quam
2507 1172 2673 1228 esset

134 1267 140 1271 -
236 1230 471 1300 anima,
502 1244 636 1302 quae
665 1235 757 1286 est
783 1234 955 1288 actus
985 1230 1137 1288 vitoe.

315 1301 534 1368 Adhuc,
565 1300 889 1382 unicuique
918 1300 1124 1358 sormae
1149 1301 1420 1359 naturale
1449 1306 1541 1359 est
1568 1301 1824 1373 propriae
1849 1301 2112 1360 materiae
2158 1303 2349 1375 uniri;
2396 1305 2671 1380 alioquin

238 1371 641 1431 constitutum
671 1384 743 1426 ex
776 1371 968 1428 lorma
994 1376 1053 1427 et
1079 1372 1330 1430 materia
1352 1376 1514 1430 esset
1540 1370 1765 1445 aliquid
1792 1378 2007 1443 praeter
2030 1377 2324 1432 naturam.
2355 1377 2530 1434 Prius
2553 1391 2669 1435 au-

239 1447 365 1501 tem
405 1440 746 1499 attribuitur
774 1440 1098 1513 unicuique
1140 1442 1301 1514 quod
1345 1442 1627 1500 convenit
1679 1440 1733 1499 ei
1787 1442 2116 1501 secundum
2159 1450 2431 1504 naturam
2488 1460 2669 1519 quam

242 1512 407 1585 quod
438 1510 730 1591 convenit·
751 1511 803 1569 ei
834 1516 1046 1591 praeter
1073 1517 1375 1582 naturam3
1405 1512 1568 1585 quod
1597 1510 1759 1570 enim
1787 1513 2066 1593 convenit
2093 1513 2273 1572 alicui
2314 1521 2529 1587 praeter
2563 1531 2672 1577 na·

241 1588 463 1651 turam,
495 1582 653 1639 inest
680 1595 733 1639 ei
763 1595 870 1653 per
896 1580 1203 1652 accidens;
1233 1582 1391 1655 quod
1414 1588 1613 1640 autem
1634 1587 1914 1641 convenit
1937 1582 1992 1641 ei
2017 1586 2348 1643 secundum
2371 1593 2668 1654 naturam,

241 1654 408 1712 inest
435 1651 490 1708 ei
519 1664 754 1724 perse:
784 1652 943 1724 quod
974 1656 1172 1710 autem
1201 1665 1305 1724 per
1341 1652 1621 1711 accidens
1666 1656 1779 1722 est,
1824 1665 2062 1725 semper
2098 1657 2399 1725 posterius
2449 1663 2543 1716 est
2595 1671 2671 1718 eo

242 1723 407 1797 quod
440 1728 535 1780 est
558 1736 665 1794 per
688 1736 774 1780 se.
803 1722 1029 1779 Animae
1057 1722 1244 1794 igitur
1269 1723 1437 1795 prius
1469 1722 1748 1781 convenit
1775 1735 1911 1781 esse
1940 1724 2170 1783 unitam
2210 1727 2444 1798 corpori
2488 1742 2669 1801 quam

241 1807 384 1853 esse
413 1807 451 1851 a
476 1806 726 1866 corpore
755 1798 1109 1864 separatam.
1141 1796 1270 1852 Non
1301 1799 1392 1852 est
1422 1794 1606 1866 igitur
1633 1797 1831 1851 creata
1858 1800 1995 1852 ante
2022 1807 2241 1867 corpus
2268 1800 2361 1855 cui
2387 1799 2611 1857 unitur.

316 1864 593 1935 Amplius,
622 1863 820 1921 omnis
843 1876 982 1934 pars
1011 1877 1047 1921 a
1074 1876 1189 1922 suo
1214 1868 1340 1922 toto
1370 1870 1643 1936 separata
1670 1869 1762 1922 est
1786 1864 2149 1936 imperfecta.
2192 1868 2405 1926 Anima
2449 1873 2672 1942 autem,

201 1972 212 1979 -
242 1948 433 2009 quum
468 1934 549 1992 sit
577 1934 789 2002 forma,
821 1939 886 1992 ut
912 1933 1225 2004 probatum
1255 1939 1345 1994 est
1375 1933 1448 2006 (c.
1478 1934 1593 2006 47),
1624 1939 1879 2005 estpars
1902 1948 1932 1993 s
1976 1934 2438 1996 ecieihumanae.
2464 1940 2671 2012 igitur,

243 2005 550 2065 exsistens
574 2017 680 2076 per
717 2016 784 2061 se
810 2004 1036 2076 absque
1078 2017 1347 2076 corpore,
1386 2009 1475 2063 est
1521 2004 1886 2075 imperfecta.
1990 2006 2274 2066 errectum
2327 2013 2524 2068 autem
2581 2015 2675 2070 est

240 2076 415 2148 prius
437 2076 520 2133 im
565 2074 806 2138 erfecto,
839 2075 901 2131 in
927 2087 1126 2132 rerum
1153 2074 1516 2133 naturalium
1561 2074 1790 2133 ordine.
1830 2078 1961 2134 Nou
2005 2077 2191 2150 igitur
2234 2080 2517 2150 competit
2563 2095 2669 2140 na·

241 2154 396 2272 tui-,ate
425 2159 495 2205 or
538 2145 625 2204 ini
653 2144 815 2217 quod
842 2145 1044 2204 anima
1067 2144 1247 2204 fuerit
1270 2145 1440 2218 prius
1478 2151 1678 2204 creata
1715 2157 1966 2218 corpore
2000 2153 2200 2220 exuta,
2236 2163 2414 2224 quam
2434 2151 2672 2225 corpori

316 2287 594 2357 Amplius,
624 2286 678 2345 si
709 2285 926 2366 animai
953 2291 1096 2345 sunt
1122 2291 1333 2346 creatae
1358 2285 1585 2368 absque
1601 2286 1975 2368 corporibuS,
1997 2289 2382 2361 quaerenduin
2407 2297 2501 2351 est
2517 2306 2669 2366 quo·

233 2358 427 2417 modo
450 2357 574 2414 sint
592 2356 944 2428 corporibus
965 2357 1170 2415 unitre.
1186 2361 1298 2415 Aut
1320 2370 1480 2415 enim
1507 2357 1623 2415 hoc
1650 2357 1764 2415 ruit
1782 2358 2094 2427 violenter,
2116 2365 2220 2418 aut
2244 2374 2350 2431 per
2370 2369 2669 2422 naturam.

316 2429 375 2487 Si
402 2433 602 2486 autem
626 2427 917 2489 violenter
950 2427 1148 2500 (omne
1175 2433 1373 2486 autem
1400 2427 1728 2485 violentum
1774 2432 1868 2487 est
1907 2433 2116 2487 contra
2152 2433 2470 2503 naturam),
2526 2434 2672 2492 unio

240 2499 432 2573 igitur
459 2498 675 2580 animae
703 2497 778 2556 ad
803 2510 1023 2580 corpus
1055 2502 1150 2556 est
1173 2503 1385 2571 praeter
1417 2502 1722 2568 naturam
1754 2496 1936 2557 homo
1957 2499 2160 2626 ifimr’
2188 2500 2293 2626 gui
2317 2516 2389 2558 ex
2419 2507 2671 2576 utroque

240 2575 648 2641 componitur,
682 2575 774 2627 est
799 2569 944 2642 quid
967 2570 1333 2627 innaturale·
1364 2568 1524 2641 quod
1552 2573 1713 2642 patet
1752 2582 1889 2628 esse
1916 2569 1978 2626 fa
2001 2582 2156 2627 sum.
2235 2576 2499 2642 raeterea,
2530 2574 2670 2632 sub-

241 2641 484 2700 stantiae
510 2640 947 2698 intellectuales
975 2640 1208 2697 altioris
1236 2652 1306 2697 or
1347 2640 1466 2698 inis
1482 2644 1627 2697 sunt
1643 2651 1821 2712 quam
1845 2651 2095 2710 corpora
2123 2639 2417 2711 coelestia3
2450 2643 2513 2700 in
2537 2658 2669 2703 cor·

239 2711 496 2784 poribus
523 2716 723 2768 autern
750 2710 1118 2779 coelestibus,
1146 2709 1299 2766 nihil
1328 2709 1630 2767 invenitur
1654 2709 1982 2767 violentum
2022 2723 2214 2783 neque
2244 2717 2452 2771 contra
2495 2720 2670 2773 natu·

241 2795 408 2850 ram;
434 2780 626 2839 multo
655 2780 837 2853 igitur
863 2780 1067 2839 minus
1091 2780 1156 2837 in
1181 2779 1537 2838 substantiis
1570 2780 2096 2839 intellectualibus.

317 2852 374 2910 Si
410 2855 610 2909 autem
634 2852 982 2909 naturaliter
1010 2851 1224 2909 animae
1254 2855 1397 2907 sunt
1445 2849 1798 2921 corporibus
1841 2850 2044 2920 unitae,
2090 2852 2440 2910 naturaliter
2485 2854 2669 2926 igitur

243 2922 463 2981 animae
491 2921 557 2978 in
582 2921 678 2980 sui
708 2922 1007 2980 creatione
1035 2921 1411 2993 appetierunt
1437 2919 1791 2992 corporibus
1811 2921 1991 2979 uniri.
2016 2922 2323 2994 Appetitus
2342 2929 2540 2982 autem
2567 2938 2667 2985 na·

241 2992 460 3050 turalis
488 2993 690 3050 statim
715 2991 912 3063 prodit
936 2992 999 3049 in
1026 2997 1243 3056 actum,
1276 2991 1393 3049 nisi
1424 2992 1506 3049 sit
1531 2990 1757 3063 aliquid
1781 2991 2135 3063 impediens,
2185 2992 2343 3051 sicut
2391 2999 2553 3064 patet
2603 2995 2670 3054 in

243 3068 412 3121 motu
444 3063 714 3135 gravium
748 3067 806 3119 et
833 3062 1083 3132 levium;
1113 3066 1327 3120 natura
1348 3061 1509 3119 enim
1538 3074 1775 3133 semper
1798 3075 1923 3119 uno
1949 3063 2129 3121 modo
2145 3069 2442 3135 operatur.
2460 3065 2671 3124 Statim

245 3146 391 3214 ergo
419 3146 457 3191 a
478 3132 772 3204 principio
801 3146 927 3191 suae
955 3132 1300 3201 creationis,
1336 3131 1597 3191 fuissent
1617 3132 1969 3203 corporibus
1997 3133 2200 3203 unitae,
2231 3135 2349 3192 nisi
2372 3141 2534 3193 esset
2560 3135 2670 3193 ali·

244 3205 390 3277 quid
418 3203 500 3260 im
545 3203 774 3262 ediens.
826 3204 940 3262 Sed
986 3216 1164 3262 omne
1200 3202 1535 3284 impediens
1581 3202 1989 3262 executionem
2018 3205 2311 3263 naturalis
2351 3205 2669 3277 appetitus,

243 3280 343 3333 est
398 3274 497 3331 vio
524 3274 747 3332 entiam
802 3274 1089 3332 inferens.
1115 3276 1228 3332 Per
1252 3272 1598 3332 violentiam
1626 3274 1812 3346 igitur
1836 3273 1950 3332 fuit
1996 3275 2156 3347 quod
2203 3275 2420 3333 animai
2466 3282 2672 3334 essent

243 3344 451 3425 aliquo
473 3349 738 3415 tempore
766 3357 810 3424 a·
829 3344 1182 3416 corporibus
1214 3351 1529 3416 separatae3
1561 3345 1719 3425 quod
1746 3348 1840 3402 est
1860 3344 2313 3415 inconveniens,
2356 3351 2482 3403 tuin
2523 3345 2669 3419 quia

241 3414 465 3473 inillis
493 3414 851 3474 substantiis
878 3427 1001 3473 non
1024 3418 1386 3487 potestesse
1415 3414 1642 3486 aliquid
1666 3413 2017 3486 violentum,
2052 3420 2324 3487 utsupra
2352 3421 2666 3475 ostensum

243 3489 359 3554 est,
391 3490 518 3544 tum
547 3485 691 3557 quia
714 3485 1043 3544 violentum
1070 3489 1130 3545 et
1154 3483 1316 3559 quod
1341 3489 1435 3543 est
1452 3488 1662 3543 contra
1689 3489 1983 3556 naturam,
2023 3498 2205 3557 quum
2235 3487 2318 3544 sit
2361 3499 2468 3557 per
2514 3487 2672 3545 acci-

173 3559 186 3617 1
243 3554 417 3637 dens,
449 3567 570 3613 non
599 3560 796 3627 potest
819 3569 955 3615 esse
1019 3556 1146 3615 rius
1173 3569 1247 3615 eo
1273 3555 1434 3629 quod
1462 3561 1556 3615 est
1577 3555 1908 3614 secundum
1937 3560 2230 3625 naturam,
2262 3569 2456 3630 neque
2474 3561 2663 3615 totam

242 3638 506 3697 speciem
536 3639 936 3698 consequens.
1014 3633 1277 3697 raeterea,
1307 3639 1492 3700 quum
1518 3625 1988 3698 unumquodque
2027 3626 2378 3685 naturaliter
2426 3631 2668 3698 appetat

170 3695 188 3772 ζ
243 3707 417 3754 suam
446 3697 896 3768 perfectionem,
925 3699 1188 3756 materiae
1215 3704 1308 3756 est
1335 3702 1608 3770 appetere
1654 3697 1929 3765 formam,
1983 3700 2042 3754 et
2093 3708 2215 3755 non
2263 3712 2297 3754 e
2348 3708 2664 3755 converso.

187 3783 194 3788 ·
241 3767 458 3825 Anima
484 3772 684 3826 autem
710 3772 1090 3840 comparatur
1115 3767 1190 3825 ad
1218 3781 1435 3840 corpus
1477 3767 1636 3826 sicut
1664 3767 1857 3825 forma
1882 3766 1957 3825 ad
1987 3766 2318 3835 materiam,
2366 3772 2433 3825 ut
2481 3779 2666 3839 supra

270 3850 323 3918 c.
350 3842 414 3895 57
449 3843 509 3896 et
535 3837 625 3910 65)
657 3844 969 3897 ostensum
997 3842 1109 3896 est.
1137 3840 1270 3897 Non
1297 3838 1480 3919 igitur
1509 3838 1654 3896 unio
1677 3837 1893 3918 animae
1915 3835 1992 3896 ad
2020 3849 2241 3910 corpus
2265 3836 2332 3896 fit
2360 3850 2467 3909 per
2492 3851 2665 3912 appe·
2718 3885 2725 3889 .

296 3908 686 3984 tumtanimae,
715 3909 820 3967 sed
852 3908 1047 3981 magis
1072 3922 1180 3981 per
1206 3913 1530 3979 appetitum
1561 3920 1855 3979 corporis.

301 3979 373 4037 rSi
403 3985 601 4038 autem
633 3979 864 4039 dicatur
889 3978 1051 4052 quod
1079 3985 1396 4051 utrumque
1424 3983 1518 4036 est
1543 3978 1761 4059 animm
1788 3978 2079 4060 naturale,
2101 3977 2333 4037 scilicet
2352 3977 2510 4059 uniri
2532 3991 2663 4038 cor·

242 4049 377 4122 pori
405 4054 467 4107 et
488 4062 625 4108 esse
654 4064 693 4107 a
721 4063 969 4123 corpore
999 4054 1334 4122 separatam
1372 4062 1481 4120 pro
1522 4048 1782 4107 diversis
1828 4047 2219 4122 temporibus.
2274 4048 2388 4107 boc
2435 4049 2667 4110 videtur
2717 4051 2728 4088 ³

244 4132 383 4179 esse
413 4119 812 4192 impossibile,
841 4120 985 4194 quia
1010 4135 1083 4178 ea
1109 4133 1243 4192 quae
1261 4118 1941 4201 naturalitervariantur
1966 4119 2126 4200 circa
2153 4118 2485 4199 subjectum
2524 4127 2668 4180 sunt
2724 4139 2732 4147 ·

240 4191 599 4260 accidentia,
629 4191 789 4249 sicut
805 4190 1089 4261 juventus
1116 4196 1177 4248 et
1202 4194 1504 4248 senectus.
1530 4191 1589 4247 Sl
1614 4195 1800 4262 igitur
1826 4202 1984 4247 uniri
2023 4201 2257 4259 corpori
2298 4196 2358 4247 et
2400 4192 2667 4262 separari

241 4275 285 4321 a
302 4275 556 4336 corpore
576 4261 924 4319 naturaliter
949 4262 1110 4320 circa
1135 4260 1398 4320 animam
1418 4258 1699 4342 varietur,
1728 4257 1842 4318 erit
1867 4258 2146 4341 accidens
2174 4259 2389 4319 animae
2428 4276 2502 4320 co
2575 4262 2675 4321 ori·

240 4332 435 4463 unii-53
467 4336 531 4390 et
552 4331 647 4391 sic
676 4345 751 4392 ex
775 4332 889 4392 hac
916 4332 1142 4392 unione
1163 4332 1348 4391 hoino
1371 4334 1736 4391 constitutus
1762 4342 1888 4389 non
1914 4333 2029 4388 erit
2053 4341 2165 4389 ens
2190 4343 2300 4403 per
2324 4345 2412 4403 se,
2435 4345 2501 4392 se
2561 4344 2671 4406 per

2421 4517 2483 4569 15
