<?xml version="1.0" encoding="UTF-8"?>
<!DOCTYPE html PUBLIC "-//W3C//DTD XHTML 1.0 Transitional//EN"
    "http://www.w3.org/TR/xhtml1/DTD/xhtml1-transitional.dtd">
<html xmlns="http://www.w3.org/1999/xhtml" xml:lang="en" lang="en">
 <head>
  <title>
</title>
<meta http-equiv="Content-Type" content="text/html;charset=utf-8" />
  <meta name='ocr-system' content='tesseract 3.04.00' />
  <meta name='ocr-capabilities' content='ocr_page ocr_carea ocr_par ocr_line ocrx_word'/>
</head>
<body>
  <div class='ocr_page' id='page_1' title='image "./deveritatecatho00rubegoog_0158.png"; bbox 0 0 3076 5025; ppageno 0'>
   <div class='ocr_carea' id='block_1_1' title="bbox 459 314 1969 398">
    <p class='ocr_par' dir='ltr' id='par_1_1' title="bbox 459 314 1969 398">
     <span class='ocr_line' id='line_1_1' title="bbox 459 314 1969 398; baseline -0.005 -17"><span class='ocrx_word' id='word_1_1' title='bbox 459 326 559 381; x_wconf 80' lang='lat'><strong>122</strong></span> <span class='ocrx_word' id='word_1_2' title='bbox 1140 343 1143 348; x_wconf 88' lang='lat'>·</span> <span class='ocrx_word' id='word_1_3' title='bbox 1385 316 1519 398; x_wconf 72' lang='lat' dir='ltr'><strong>ue.</strong></span> <span class='ocrx_word' id='word_1_4' title='bbox 1559 317 1605 386; x_wconf 90' lang='lat'><strong>1,</strong></span> <span class='ocrx_word' id='word_1_5' title='bbox 1646 314 1799 373; x_wconf 58' lang='lat' dir='ltr'><strong>car.</strong></span> <span class='ocrx_word' id='word_1_6' title='bbox 1837 315 1969 376; x_wconf 82' lang='lat' dir='ltr'><strong>m.</strong></span> 
     </span>
    </p>
   </div>
   <div class='ocr_carea' id='block_1_2' title="bbox 453 435 2899 2414">
    <p class='ocr_par' dir='ltr' id='par_1_2' title="bbox 453 435 2888 864">
     <span class='ocr_line' id='line_1_2' title="bbox 456 435 2888 515; baseline -0.003 -11"><span class='ocrx_word' id='word_1_7' title='bbox 456 455 677 515; x_wconf 84' lang='lat' dir='ltr'><strong>corpus</strong></span> <span class='ocrx_word' id='word_1_8' title='bbox 702 446 830 500; x_wconf 86' lang='lat' dir='ltr'><strong>tota</strong></span> <span class='ocrx_word' id='word_1_9' title='bbox 846 454 962 499; x_wconf 87' lang='lat' dir='ltr'><strong>sua</strong></span> <span class='ocrx_word' id='word_1_10' title='bbox 987 438 1323 500; x_wconf 81' lang='lat' dir='ltr'><strong>substantia</strong></span> <span class='ocrx_word' id='word_1_11' title='bbox 1347 437 1492 512; x_wconf 79' lang='lat' dir='ltr'><strong>agit,</strong></span> <span class='ocrx_word' id='word_1_12' title='bbox 1522 436 1636 495; x_wconf 89' lang='lat' dir='ltr'><strong>etsi</strong></span> <span class='ocrx_word' id='word_1_13' title='bbox 1671 442 1862 495; x_wconf 86' lang='lat' dir='ltr'><strong>totum</strong></span> <span class='ocrx_word' id='word_1_14' title='bbox 1899 441 2075 510; x_wconf 59' lang='lat' dir='ltr'><strong>agan</strong></span> <span class='ocrx_word' id='word_1_15' title='bbox 2114 435 2278 510; x_wconf 86' lang='lat' dir='ltr'><strong>quia,</strong></span> <span class='ocrx_word' id='word_1_16' title='bbox 2318 449 2455 495; x_wconf 86' lang='lat' dir='ltr'><strong>cum</strong></span> <span class='ocrx_word' id='word_1_17' title='bbox 2487 448 2664 495; x_wconf 89' lang='lat' dir='ltr'><strong>omne</strong></span> <span class='ocrx_word' id='word_1_18' title='bbox 2695 450 2888 510; x_wconf 80' lang='lat' dir='ltr'><strong>agens</strong></span> 
     </span>
     <span class='ocr_line' id='line_1_3' title="bbox 456 506 2885 587; baseline -0.002 -16"><span class='ocrx_word' id='word_1_19' title='bbox 456 520 599 587; x_wconf 80' lang='lat' dir='ltr'><strong>agat</strong></span> <span class='ocrx_word' id='word_1_20' title='bbox 643 527 751 585; x_wconf 87' lang='lat' dir='ltr'><strong>per</strong></span> <span class='ocrx_word' id='word_1_21' title='bbox 795 511 1047 570; x_wconf 85' lang='lat' dir='ltr'><strong>formam</strong></span> <span class='ocrx_word' id='word_1_22' title='bbox 1078 523 1199 584; x_wconf 87' lang='lat' dir='ltr'><strong>qua</strong></span> <span class='ocrx_word' id='word_1_23' title='bbox 1235 513 1375 569; x_wconf 86' lang='lat' dir='ltr'><strong>actu</strong></span> <span class='ocrx_word' id='word_1_24' title='bbox 1423 513 1535 571; x_wconf 86' lang='lat' dir='ltr'><strong>est,</strong></span> <span class='ocrx_word' id='word_1_25' title='bbox 1569 507 1714 565; x_wconf 89' lang='lat' dir='ltr'><strong>illud</strong></span> <span class='ocrx_word' id='word_1_26' title='bbox 1764 508 1962 565; x_wconf 86' lang='lat' dir='ltr'><strong>solum</strong></span> <span class='ocrx_word' id='word_1_27' title='bbox 2008 521 2115 579; x_wconf 87' lang='lat' dir='ltr'><strong>per</strong></span> <span class='ocrx_word' id='word_1_28' title='bbox 2155 512 2343 565; x_wconf 87' lang='lat' dir='ltr'><strong>totam</strong></span> <span class='ocrx_word' id='word_1_29' title='bbox 2385 521 2561 566; x_wconf 87' lang='lat' dir='ltr'><strong>suam</strong></span> <span class='ocrx_word' id='word_1_30' title='bbox 2604 506 2885 567; x_wconf 83' lang='lat' dir='ltr'><strong>substan-</strong></span> 
     </span>
     <span class='ocr_line' id='line_1_4' title="bbox 453 577 2884 662; baseline -0.002 -20"><span class='ocrx_word' id='word_1_31' title='bbox 453 586 601 642; x_wconf 85' lang='lat' dir='ltr'><strong>tiam</strong></span> <span class='ocrx_word' id='word_1_32' title='bbox 646 596 823 656; x_wconf 82' lang='lat' dir='ltr'><strong>agere</strong></span> <span class='ocrx_word' id='word_1_33' title='bbox 864 581 1102 662; x_wconf 81' lang='lat' dir='ltr'><strong>poterit,</strong></span> <span class='ocrx_word' id='word_1_34' title='bbox 1141 579 1318 652; x_wconf 83' lang='lat' dir='ltr'><strong>cujus</strong></span> <span class='ocrx_word' id='word_1_35' title='bbox 1385 584 1478 636; x_wconf 89' lang='lat' dir='ltr'><strong>est</strong></span> <span class='ocrx_word' id='word_1_36' title='bbox 1520 583 1652 636; x_wconf 85' lang='lat' dir='ltr'><strong>tota</strong></span> <span class='ocrx_word' id='word_1_37' title='bbox 1700 578 2039 636; x_wconf 85' lang='lat' dir='ltr'><strong>substantia</strong></span> <span class='ocrx_word' id='word_1_38' title='bbox 2103 577 2344 659; x_wconf 31' lang='lat' dir='ltr'><strong>form-a:</strong></span> <span class='ocrx_word' id='word_1_39' title='bbox 2386 578 2546 650; x_wconf 84' lang='lat' dir='ltr'><strong>quod</strong></span> <span class='ocrx_word' id='word_1_40' title='bbox 2593 578 2665 636; x_wconf 84' lang='lat' dir='ltr'><strong>de</strong></span> <span class='ocrx_word' id='word_1_41' title='bbox 2715 578 2884 637; x_wconf 87' lang='lat' dir='ltr'><strong>nullo</strong></span> 
     </span>
     <span class='ocr_line' id='line_1_5' title="bbox 456 648 2883 726; baseline -0.002 -13"><span class='ocrx_word' id='word_1_42' title='bbox 456 666 710 726; x_wconf 90' lang='lat' dir='ltr'><strong>corpore</strong></span> <span class='ocrx_word' id='word_1_43' title='bbox 752 657 947 724; x_wconf 86' lang='lat' dir='ltr'><strong>potest</strong></span> <span class='ocrx_word' id='word_1_44' title='bbox 978 652 1118 722; x_wconf 90' lang='lat' dir='ltr'><strong>dici,</strong></span> <span class='ocrx_word' id='word_1_45' title='bbox 1175 664 1311 710; x_wconf 88' lang='lat' dir='ltr'><strong>cum</strong></span> <span class='ocrx_word' id='word_1_46' title='bbox 1356 662 1535 706; x_wconf 91' lang='lat' dir='ltr'><strong>omne</strong></span> <span class='ocrx_word' id='word_1_47' title='bbox 1563 661 1782 720; x_wconf 89' lang='lat' dir='ltr'><strong>corpus</strong></span> <span class='ocrx_word' id='word_1_48' title='bbox 1813 648 2028 707; x_wconf 85' lang='lat' dir='ltr'><strong>b&#39;abeat</strong></span> <span class='ocrx_word' id='word_1_49' title='bbox 2056 653 2386 718; x_wconf 87' lang='lat' dir='ltr'><strong>materiam,</strong></span> <span class='ocrx_word' id='word_1_50' title='bbox 2418 662 2490 706; x_wconf 93' lang='lat' dir='ltr'><strong>eo</strong></span> <span class='ocrx_word' id='word_1_51' title='bbox 2515 648 2675 722; x_wconf 87' lang='lat' dir='ltr'><strong>quod</strong></span> <span class='ocrx_word' id='word_1_52' title='bbox 2705 662 2883 707; x_wconf 88' lang='lat' dir='ltr'><strong>omne</strong></span> 
     </span>
     <span class='ocr_line' id='line_1_6' title="bbox 457 718 2886 800; baseline -0.002 -15"><span class='ocrx_word' id='word_1_53' title='bbox 457 738 678 796; x_wconf 90' lang='lat' dir='ltr'><strong>corpus</strong></span> <span class='ocrx_word' id='word_1_54' title='bbox 728 730 825 781; x_wconf 89' lang='lat' dir='ltr'><strong>est</strong></span> <span class='ocrx_word' id='word_1_55' title='bbox 878 722 1189 780; x_wconf 86' lang='lat' dir='ltr'><strong>mutabile.</strong></span> <span class='ocrx_word' id='word_1_56' title='bbox 1256 723 1409 792; x_wconf 83' lang='lat' dir='ltr'><strong>Ergo</strong></span> <span class='ocrx_word' id='word_1_57' title='bbox 1456 719 1688 777; x_wconf 88' lang='lat' dir='ltr'><strong>nullum</strong></span> <span class='ocrx_word' id='word_1_58' title='bbox 1745 732 1964 790; x_wconf 87' lang='lat' dir='ltr'><strong>corpus</strong></span> <span class='ocrx_word' id='word_1_59' title='bbox 2016 723 2213 790; x_wconf 89' lang='lat' dir='ltr'><strong>potest</strong></span> <span class='ocrx_word' id='word_1_60' title='bbox 2263 718 2493 791; x_wconf 86' lang='lat' dir='ltr'><strong>aliquid</strong></span> <span class='ocrx_word' id='word_1_61' title='bbox 2555 719 2886 800; x_wconf 80' lang='lat' dir='ltr'><strong>producere</strong></span> 
     </span>
     <span class='ocr_line' id='line_1_7' title="bbox 462 789 2651 864; baseline -0.003 -9"><span class='ocrx_word' id='word_1_62' title='bbox 462 795 796 855; x_wconf 86' lang='lat' dir='ltr'><strong>secundum</strong></span> <span class='ocrx_word' id='word_1_63' title='bbox 818 798 1005 851; x_wconf 90' lang='lat' dir='ltr'><strong>totam</strong></span> <span class='ocrx_word' id='word_1_64' title='bbox 1030 792 1162 864; x_wconf 81' lang='lat' dir='ltr'><strong>ejus</strong></span> <span class='ocrx_word' id='word_1_65' title='bbox 1188 790 1610 859; x_wconf 77' lang='lat' dir='ltr'><strong>substantiam,</strong></span> <span class='ocrx_word' id='word_1_66' title='bbox 1641 790 1801 862; x_wconf 86' lang='lat' dir='ltr'><strong>quod</strong></span> <span class='ocrx_word' id='word_1_67' title='bbox 1827 795 1924 847; x_wconf 88' lang='lat' dir='ltr'><strong>est</strong></span> <span class='ocrx_word' id='word_1_68' title='bbox 1941 790 2014 846; x_wconf 82' lang='lat' dir='ltr'><strong>de</strong></span> <span class='ocrx_word' id='word_1_69' title='bbox 2045 789 2275 847; x_wconf 84' lang='lat' dir='ltr'><strong>ratione</strong></span> <span class='ocrx_word' id='word_1_70' title='bbox 2306 790 2651 848; x_wconf 87' lang='lat' dir='ltr'><strong>creationis.</strong></span> 
     </span>
    </p>

    <p class='ocr_par' dir='ltr' id='par_1_3' title="bbox 458 858 2899 2414">
     <span class='ocr_line' id='line_1_8' title="bbox 529 858 2888 941; baseline -0.001 -19"><span class='ocrx_word' id='word_1_71' title='bbox 529 865 805 935; x_wconf 71' lang='lat' dir='ltr'><strong>Amplius,</strong></span> <span class='ocrx_word' id='word_1_72' title='bbox 836 877 1037 922; x_wconf 86' lang='lat' dir='ltr'><strong>creare</strong></span> <span class='ocrx_word' id='word_1_73' title='bbox 1066 874 1186 919; x_wconf 89' lang='lat' dir='ltr'><strong>non</strong></span> <span class='ocrx_word' id='word_1_74' title='bbox 1214 868 1306 920; x_wconf 88' lang='lat' dir='ltr'><strong>est</strong></span> <span class='ocrx_word' id='word_1_75' title='bbox 1333 860 1453 918; x_wconf 88' lang='lat' dir='ltr'><strong>nisi</strong></span> <span class='ocrx_word' id='word_1_76' title='bbox 1484 861 1766 932; x_wconf 78' lang='lat' dir='ltr'><strong>potentiae</strong></span> <span class='ocrx_word' id='word_1_77' title='bbox 1806 859 2089 941; x_wconf 59' lang='lat' dir='ltr'><strong>infinitae,</strong></span> <span class='ocrx_word' id='word_1_78' title='bbox 2131 864 2300 918; x_wconf 83' lang='lat' dir='ltr'><strong>tanto</strong></span> <span class='ocrx_word' id='word_1_79' title='bbox 2329 860 2488 917; x_wconf 87' lang='lat' dir='ltr'><strong>enim</strong></span> <span class='ocrx_word' id='word_1_80' title='bbox 2513 865 2606 917; x_wconf 86' lang='lat' dir='ltr'><strong>est</strong></span> <span class='ocrx_word' id='word_1_81' title='bbox 2638 858 2888 932; x_wconf 82' lang='lat' dir='ltr'><strong>majoris</strong></span> 
     </span>
     <span class='ocr_line' id='line_1_9' title="bbox 458 930 2888 1010; baseline -0.002 -17"><span class='ocrx_word' id='word_1_82' title='bbox 458 936 742 1008; x_wconf 83' lang='lat' dir='ltr'><strong>potentiae</strong></span> <span class='ocrx_word' id='word_1_83' title='bbox 766 946 956 1007; x_wconf 75' lang='lat' dir='ltr'><strong>agens</strong></span> <span class='ocrx_word' id='word_1_84' title='bbox 985 931 1248 1005; x_wconf 80' lang='lat' dir='ltr'><strong>aliquod,</strong></span> <span class='ocrx_word' id='word_1_85' title='bbox 1279 938 1504 1005; x_wconf 86' lang='lat' dir='ltr'><strong>quanto</strong></span> <span class='ocrx_word' id='word_1_86' title='bbox 1557 931 1880 1002; x_wconf 88' lang='lat' dir='ltr'><strong>potentiam</strong></span> <span class='ocrx_word' id='word_1_87' title='bbox 1930 943 2128 1010; x_wconf 81' lang='lat' dir='ltr'><strong>magis</strong></span> <span class='ocrx_word' id='word_1_88' title='bbox 2172 930 2248 988; x_wconf 89' lang='lat' dir='ltr'><strong>ab</strong></span> <span class='ocrx_word' id='word_1_89' title='bbox 2292 935 2428 988; x_wconf 89' lang='lat' dir='ltr'><strong>actu</strong></span> <span class='ocrx_word' id='word_1_90' title='bbox 2474 930 2797 988; x_wconf 84' lang='lat' dir='ltr'><strong>distantem</strong></span> <span class='ocrx_word' id='word_1_91' title='bbox 2821 931 2888 987; x_wconf 90' lang='lat' dir='ltr'><strong>in</strong></span> 
     </span>
     <span class='ocr_line' id='line_1_10' title="bbox 459 1000 2888 1075; baseline -0.001 -12"><span class='ocrx_word' id='word_1_92' title='bbox 459 1011 659 1064; x_wconf 88' lang='lat' dir='ltr'><strong>actum</strong></span> <span class='ocrx_word' id='word_1_93' title='bbox 678 1004 963 1063; x_wconf 77' lang='lat' dir='ltr'><strong>reducere</strong></span> <span class='ocrx_word' id='word_1_94' title='bbox 980 1007 1178 1075; x_wconf 87' lang='lat' dir='ltr'><strong>potest</strong></span> <span class='ocrx_word' id='word_1_95' title='bbox 1204 1020 1218 1058; x_wconf 73' lang='grc' dir='ltr'><strong>ε</strong></span> <span class='ocrx_word' id='word_1_96' title='bbox 1249 1008 1317 1060; x_wconf 90' lang='lat' dir='ltr'><strong>ut</strong></span> <span class='ocrx_word' id='word_1_97' title='bbox 1339 1001 1498 1074; x_wconf 82' lang='lat' dir='ltr'><strong>quod</strong></span> <span class='ocrx_word' id='word_1_98' title='bbox 1530 1007 1816 1072; x_wconf 71' lang='lat' dir='ltr'><strong>potestat</strong></span> <span class='ocrx_word' id='word_1_99' title='bbox 1844 1015 2000 1073; x_wconf 84' lang='lat' dir='ltr'><strong>aqua</strong></span> <span class='ocrx_word' id='word_1_100' title='bbox 2029 1014 2227 1074; x_wconf 82' lang='lat' dir='ltr'><strong>ignem</strong></span> <span class='ocrx_word' id='word_1_101' title='bbox 2255 1001 2471 1067; x_wconf 82' lang='lat' dir='ltr'><strong>iacere.</strong></span> <span class='ocrx_word' id='word_1_102' title='bbox 2499 1014 2676 1074; x_wconf 86' lang='lat' dir='ltr'><strong>quam</strong></span> <span class='ocrx_word' id='word_1_103' title='bbox 2773 1000 2888 1060; x_wconf 85' lang='lat' dir='ltr'><strong>uod</strong></span> 
     </span>
     <span class='ocr_line' id='line_1_11' title="bbox 459 1070 2891 1143; baseline -0.002 -9"><span class='ocrx_word' id='word_1_104' title='bbox 459 1090 535 1134; x_wconf 83' lang='lat' dir='ltr'><strong>ex</strong></span> <span class='ocrx_word' id='word_1_105' title='bbox 570 1090 727 1134; x_wconf 88' lang='lat' dir='ltr'><strong>aere.</strong></span> <span class='ocrx_word' id='word_1_106' title='bbox 760 1075 944 1142; x_wconf 83' lang='lat' dir='ltr'>Unde,</span> <span class='ocrx_word' id='word_1_107' title='bbox 993 1073 1096 1130; x_wconf 90' lang='lat' dir='ltr'><strong>ubi</strong></span> <span class='ocrx_word' id='word_1_108' title='bbox 1141 1072 1392 1130; x_wconf 88' lang='lat' dir='ltr'><strong>omnino</strong></span> <span class='ocrx_word' id='word_1_109' title='bbox 1433 1072 1702 1143; x_wconf 88' lang='lat' dir='ltr'><strong>potentia</strong></span> <span class='ocrx_word' id='word_1_110' title='bbox 1737 1072 2126 1142; x_wconf 65' lang='lat' dir='ltr'><strong>praeexistens</strong></span> <span class='ocrx_word' id='word_1_111' title='bbox 2167 1070 2559 1142; x_wconf 75' lang='lat' dir='ltr'><strong>subtrahitur,</strong></span> <span class='ocrx_word' id='word_1_112' title='bbox 2587 1086 2730 1129; x_wconf 85' lang='lat' dir='ltr'><strong>exce</strong></span> <span class='ocrx_word' id='word_1_113' title='bbox 2774 1072 2891 1130; x_wconf 89' lang='lat' dir='ltr'><strong>itur</strong></span> 
     </span>
     <span class='ocr_line' id='line_1_12' title="bbox 458 1142 2889 1214; baseline -0.002 -10"><span class='ocrx_word' id='word_1_114' title='bbox 458 1146 663 1205; x_wconf 87' lang='lat' dir='ltr'><strong>omnis</strong></span> <span class='ocrx_word' id='word_1_115' title='bbox 704 1144 1114 1204; x_wconf 62' lang='lat' dir='ltr'><strong>determinatae</strong></span> <span class='ocrx_word' id='word_1_116' title='bbox 1154 1142 1454 1201; x_wconf 74' lang='lat' dir='ltr'><strong>distantiae</strong></span> <span class='ocrx_word' id='word_1_117' title='bbox 1500 1144 1844 1214; x_wconf 83' lang='lat' dir='ltr'><strong>proportio,</strong></span> <span class='ocrx_word' id='word_1_118' title='bbox 1889 1147 1950 1199; x_wconf 84' lang='lat' dir='ltr'><strong>et</strong></span> <span class='ocrx_word' id='word_1_119' title='bbox 1989 1143 2081 1199; x_wconf 88' lang='lat' dir='ltr'><strong>sic</strong></span> <span class='ocrx_word' id='word_1_120' title='bbox 2124 1155 2376 1200; x_wconf 86' lang='lat' dir='ltr'><strong>necesse</strong></span> <span class='ocrx_word' id='word_1_121' title='bbox 2426 1147 2519 1199; x_wconf 83' lang='lat' dir='ltr'><strong>est</strong></span> <span class='ocrx_word' id='word_1_122' title='bbox 2559 1142 2889 1214; x_wconf 87' lang='lat' dir='ltr'><strong>potentiam</strong></span> 
     </span>
     <span class='ocr_line' id='line_1_13' title="bbox 461 1212 2892 1289; baseline -0.002 -15"><span class='ocrx_word' id='word_1_123' title='bbox 461 1215 736 1289; x_wconf 79' lang='lat' dir='ltr'><strong>agentis,</strong></span> <span class='ocrx_word' id='word_1_124' title='bbox 793 1228 925 1288; x_wconf 84' lang='lat' dir='ltr'><strong>quae</strong></span> <span class='ocrx_word' id='word_1_125' title='bbox 978 1213 1204 1287; x_wconf 88' lang='lat' dir='ltr'><strong>aliquid</strong></span> <span class='ocrx_word' id='word_1_126' title='bbox 1259 1214 1557 1282; x_wconf 72' lang='lat' dir='ltr'><strong>instituit,</strong></span> <span class='ocrx_word' id='word_1_127' title='bbox 1605 1213 1772 1269; x_wconf 88' lang='lat' dir='ltr'><strong>nulla</strong></span> <span class='ocrx_word' id='word_1_128' title='bbox 1821 1213 2088 1283; x_wconf 84' lang='lat' dir='ltr'><strong>potentia</strong></span> <span class='ocrx_word' id='word_1_129' title='bbox 2138 1212 2575 1283; x_wconf 72' lang='lat' dir='ltr'><strong>praeexistente,</strong></span> <span class='ocrx_word' id='word_1_130' title='bbox 2606 1212 2892 1271; x_wconf 80' lang='lat' dir='ltr'><strong>excedere</strong></span> 
     </span>
     <span class='ocr_line' id='line_1_14' title="bbox 461 1282 2891 1357; baseline -0.001 -12"><span class='ocrx_word' id='word_1_131' title='bbox 461 1299 703 1345; x_wconf 87' lang='lat' dir='ltr'><strong>omnem</strong></span> <span class='ocrx_word' id='word_1_132' title='bbox 757 1285 1204 1357; x_wconf 84' lang='lat' dir='ltr'><strong>proportionem</strong></span> <span class='ocrx_word' id='word_1_133' title='bbox 1261 1297 1394 1356; x_wconf 79' lang='lat' dir='ltr'><strong>quae</strong></span> <span class='ocrx_word' id='word_1_134' title='bbox 1449 1289 1657 1354; x_wconf 83' lang='lat' dir='ltr'><strong>posset</strong></span> <span class='ocrx_word' id='word_1_135' title='bbox 1705 1283 2081 1341; x_wconf 87' lang='lat' dir='ltr'><strong>considerari</strong></span> <span class='ocrx_word' id='word_1_136' title='bbox 2140 1282 2216 1340; x_wconf 89' lang='lat' dir='ltr'><strong>ad</strong></span> <span class='ocrx_word' id='word_1_137' title='bbox 2267 1284 2590 1353; x_wconf 87' lang='lat' dir='ltr'><strong>potentiam</strong></span> <span class='ocrx_word' id='word_1_138' title='bbox 2733 1284 2891 1342; x_wconf 86' lang='lat' dir='ltr'><strong>entis</strong></span> 
     </span>
     <span class='ocr_line' id='line_1_15' title="bbox 462 1353 2889 1429; baseline -0.002 -15"><span class='ocrx_word' id='word_1_139' title='bbox 462 1357 691 1429; x_wconf 85' lang='lat' dir='ltr'><strong>aliquid</strong></span> <span class='ocrx_word' id='word_1_140' title='bbox 723 1371 798 1413; x_wconf 81' lang='lat' dir='ltr'><strong>ex</strong></span> <span class='ocrx_word' id='word_1_141' title='bbox 824 1355 1077 1414; x_wconf 87' lang='lat' dir='ltr'><strong>materia</strong></span> <span class='ocrx_word' id='word_1_142' title='bbox 1104 1354 1402 1412; x_wconf 76' lang='lat' dir='ltr'><strong>facientis.</strong></span> <span class='ocrx_word' id='word_1_143' title='bbox 1435 1354 1614 1411; x_wconf 87' lang='lat' dir='ltr'><strong>Nulla</strong></span> <span class='ocrx_word' id='word_1_144' title='bbox 1639 1359 1839 1410; x_wconf 85' lang='lat' dir='ltr'><strong>autem</strong></span> <span class='ocrx_word' id='word_1_145' title='bbox 1906 1354 2132 1410; x_wconf 82' lang='lat' dir='ltr'><strong>otentia</strong></span> <span class='ocrx_word' id='word_1_146' title='bbox 2173 1354 2447 1424; x_wconf 86' lang='lat' dir='ltr'><strong>corporis</strong></span> <span class='ocrx_word' id='word_1_147' title='bbox 2489 1360 2583 1410; x_wconf 92' lang='lat' dir='ltr'><strong>est</strong></span> <span class='ocrx_word' id='word_1_148' title='bbox 2625 1353 2889 1422; x_wconf 73' lang='lat' dir='ltr'><strong>intuita,</strong></span> 
     </span>
     <span class='ocr_line' id='line_1_16' title="bbox 459 1424 2894 1506; baseline -0.002 -20"><span class='ocrx_word' id='word_1_149' title='bbox 459 1432 530 1486; x_wconf 87' lang='lat' dir='ltr'><strong>ut</strong></span> <span class='ocrx_word' id='word_1_150' title='bbox 552 1426 836 1497; x_wconf 85' lang='lat' dir='ltr'><strong>probatur</strong></span> <span class='ocrx_word' id='word_1_151' title='bbox 862 1441 900 1483; x_wconf 89' lang='lat' dir='ltr'><strong>a</strong></span> <span class='ocrx_word' id='word_1_152' title='bbox 927 1424 1291 1506; x_wconf 76' lang='lat' dir='ltr'><strong>Pbilosopbo</strong></span> <span class='ocrx_word' id='word_1_153' title='bbox 1321 1425 1384 1481; x_wconf 87' lang='lat' dir='ltr'><strong>in</strong></span> <span class='ocrx_word' id='word_1_154' title='bbox 1407 1431 1620 1482; x_wconf 83' lang='lat' dir='ltr'><strong>octavo</strong></span> <span class='ocrx_word' id='word_1_155' title='bbox 1647 1425 1814 1494; x_wconf 75' lang='lat' dir='ltr'><em>Phys.</em></span> <span class='ocrx_word' id='word_1_156' title='bbox 1874 1429 2013 1505; x_wconf 72' lang='lat' dir='ltr'><strong>text.</strong></span> <span class='ocrx_word' id='word_1_157' title='bbox 2040 1436 2268 1505; x_wconf 37' lang='lat' dir='ltr'><strong>comni..</strong></span> <span class='ocrx_word' id='word_1_158' title='bbox 2289 1425 2404 1495; x_wconf 73' lang='lat'>28.)</span> <span class='ocrx_word' id='word_1_159' title='bbox 2435 1424 2680 1482; x_wconf 88' lang='lat' dir='ltr'><strong>Nullum</strong></span> <span class='ocrx_word' id='word_1_160' title='bbox 2704 1425 2894 1496; x_wconf 83' lang='lat' dir='ltr'><strong>igitur</strong></span> 
     </span>
     <span class='ocr_line' id='line_1_17' title="bbox 460 1494 2899 1647; baseline -0.001 -22"><span class='ocrx_word' id='word_1_161' title='bbox 460 1494 2571 1647; x_wconf 53' lang='lat' dir='ltr'><strong>⁰⁰i¹³4¹¹t251⁰if³a²a¹tt¹i¹iissiitlffattat{i‘saiuahalss’oiiait&#39;lssiissiza</strong></span> <span class='ocrx_word' id='word_1_162' title='bbox 2596 1568 2660 1623; x_wconf 64' lang='lat' dir='ltr'><strong>ut</strong></span> <span class='ocrx_word' id='word_1_163' title='bbox 2685 1563 2899 1636; x_wconf 66' lang='lat' dir='ltr'><strong>„mba-</strong></span> 
     </span>
     <span class='ocr_line' id='line_1_18' title="bbox 464 1634 2898 1716; baseline 0 -22"><span class='ocrx_word' id='word_1_164' title='bbox 464 1642 564 1694; x_wconf 82' lang='lat' dir='ltr'><strong>tur</strong></span> <span class='ocrx_word' id='word_1_165' title='bbox 592 1650 657 1693; x_wconf 90' lang='lat' dir='ltr'><strong>in</strong></span> <span class='ocrx_word' id='word_1_166' title='bbox 682 1643 937 1708; x_wconf 90' lang='lat' dir='ltr'><strong>septimo</strong></span> <span class='ocrx_word' id='word_1_167' title='bbox 964 1636 1132 1705; x_wconf 73' lang='lat' dir='ltr'><em>Phys.</em></span> <span class='ocrx_word' id='word_1_168' title='bbox 1162 1635 1324 1708; x_wconf 82' lang='lat' dir='ltr'><strong>(text.</strong></span> <span class='ocrx_word' id='word_1_169' title='bbox 1355 1648 1668 1692; x_wconf 87' lang='lat' dir='ltr'><strong>nommun.</strong></span> <span class='ocrx_word' id='word_1_170' title='bbox 1706 1634 1815 1707; x_wconf 80' lang='lat' dir='ltr'><strong>to).</strong></span> <span class='ocrx_word' id='word_1_171' title='bbox 1848 1636 2075 1707; x_wconf 86' lang='lat' dir='ltr'><strong>Corpus</strong></span> <span class='ocrx_word' id='word_1_172' title='bbox 2104 1641 2303 1693; x_wconf 81' lang='lat' dir='ltr'><strong>autem</strong></span> <span class='ocrx_word' id='word_1_173' title='bbox 2331 1648 2518 1708; x_wconf 83' lang='lat' dir='ltr'><strong>agens</strong></span> <span class='ocrx_word' id='word_1_174' title='bbox 2545 1648 2670 1693; x_wconf 86' lang='lat' dir='ltr'><strong>non</strong></span> <span class='ocrx_word' id='word_1_175' title='bbox 2697 1641 2898 1716; x_wconf 83' lang='lat' dir='ltr'><strong>potest</strong></span> 
     </span>
     <span class='ocr_line' id='line_1_19' title="bbox 466 1705 2892 1777; baseline -0 -11"><span class='ocrx_word' id='word_1_176' title='bbox 466 1706 682 1766; x_wconf 80' lang='lat' dir='ltr'><strong>adesse</strong></span> <span class='ocrx_word' id='word_1_177' title='bbox 703 1720 816 1765; x_wconf 82' lang='lat' dir='ltr'><strong>suo</strong></span> <span class='ocrx_word' id='word_1_178' title='bbox 837 1705 1075 1764; x_wconf 79' lang='lat' dir='ltr'><strong>effectui</strong></span> <span class='ocrx_word' id='word_1_179' title='bbox 1097 1706 1215 1763; x_wconf 91' lang='lat' dir='ltr'><strong>nisi</strong></span> <span class='ocrx_word' id='word_1_180' title='bbox 1234 1719 1343 1777; x_wconf 88' lang='lat' dir='ltr'><strong>per</strong></span> <span class='ocrx_word' id='word_1_181' title='bbox 1368 1711 1732 1775; x_wconf 89' lang='lat' dir='ltr'><strong>contactum,</strong></span> <span class='ocrx_word' id='word_1_182' title='bbox 1761 1718 1881 1777; x_wconf 89' lang='lat' dir='ltr'><strong>quo</strong></span> <span class='ocrx_word' id='word_1_183' title='bbox 1910 1707 2218 1777; x_wconf 82' lang='lat' dir='ltr'><strong>tangentia</strong></span> <span class='ocrx_word' id='word_1_184' title='bbox 2243 1706 2453 1764; x_wconf 88' lang='lat' dir='ltr'><strong>ultima</strong></span> <span class='ocrx_word' id='word_1_185' title='bbox 2491 1706 2640 1765; x_wconf 79' lang='lat' dir='ltr'><strong>flunt</strong></span> <span class='ocrx_word' id='word_1_186' title='bbox 2669 1705 2892 1765; x_wconf 85' lang='lat' dir='ltr'><strong>simul:</strong></span> 
     </span>
     <span class='ocr_line' id='line_1_20' title="bbox 464 1775 2897 1857; baseline 0 -23"><span class='ocrx_word' id='word_1_187' title='bbox 464 1776 625 1835; x_wconf 87' lang='lat' dir='ltr'><strong>unde</strong></span> <span class='ocrx_word' id='word_1_188' title='bbox 671 1776 1046 1848; x_wconf 85' lang='lat' dir='ltr'><strong>impossibile</strong></span> <span class='ocrx_word' id='word_1_189' title='bbox 1093 1781 1185 1835; x_wconf 88' lang='lat' dir='ltr'><strong>est</strong></span> <span class='ocrx_word' id='word_1_190' title='bbox 1230 1775 1472 1848; x_wconf 82' lang='lat' dir='ltr'><strong>aliquod</strong></span> <span class='ocrx_word' id='word_1_191' title='bbox 1508 1788 1727 1846; x_wconf 89' lang='lat' dir='ltr'><strong>corpus</strong></span> <span class='ocrx_word' id='word_1_192' title='bbox 1753 1789 1931 1847; x_wconf 84' lang='lat' dir='ltr'><strong>agere</strong></span> <span class='ocrx_word' id='word_1_193' title='bbox 1961 1775 2081 1857; x_wconf 74' lang='lat' dir='ltr'><strong>nisi</strong></span> <span class='ocrx_word' id='word_1_194' title='bbox 2112 1776 2436 1856; x_wconf 74' lang='lat' dir='ltr'><strong>tangendo.</strong></span> <span class='ocrx_word' id='word_1_195' title='bbox 2457 1779 2670 1857; x_wconf 69' lang='lat' dir='ltr'><strong>Tactus</strong></span> <span class='ocrx_word' id='word_1_196' title='bbox 2694 1781 2897 1834; x_wconf 83' lang='lat' dir='ltr'><strong>autem</strong></span> 
     </span>
     <span class='ocr_line' id='line_1_21' title="bbox 464 1845 2898 1919; baseline 0 -14"><span class='ocrx_word' id='word_1_197' title='bbox 464 1845 723 1919; x_wconf 75' lang='lat' dir='ltr'><strong>alicuius</strong></span> <span class='ocrx_word' id='word_1_198' title='bbox 760 1847 836 1904; x_wconf 83' lang='lat' dir='ltr'><strong>ad</strong></span> <span class='ocrx_word' id='word_1_199' title='bbox 858 1848 1111 1905; x_wconf 87' lang='lat' dir='ltr'><strong>alterum</strong></span> <span class='ocrx_word' id='word_1_200' title='bbox 1141 1851 1268 1915; x_wconf 88' lang='lat' dir='ltr'><strong>est;</strong></span> <span class='ocrx_word' id='word_1_201' title='bbox 1303 1851 1361 1903; x_wconf 88' lang='lat' dir='ltr'><strong>et</strong></span> <span class='ocrx_word' id='word_1_202' title='bbox 1398 1845 1508 1914; x_wconf 88' lang='lat' dir='ltr'><strong>sic,</strong></span> <span class='ocrx_word' id='word_1_203' title='bbox 1549 1846 1650 1904; x_wconf 91' lang='lat' dir='ltr'><strong>ubi</strong></span> <span class='ocrx_word' id='word_1_204' title='bbox 1682 1859 1804 1903; x_wconf 89' lang='lat' dir='ltr'><strong>non</strong></span> <span class='ocrx_word' id='word_1_205' title='bbox 1848 1851 1943 1903; x_wconf 87' lang='lat' dir='ltr'><strong>est</strong></span> <span class='ocrx_word' id='word_1_206' title='bbox 1983 1846 2207 1919; x_wconf 86' lang='lat' dir='ltr'><strong>aliquid</strong></span> <span class='ocrx_word' id='word_1_207' title='bbox 2255 1853 2642 1918; x_wconf 79' lang='lat' dir='ltr'><strong>praeexlstens</strong></span> <span class='ocrx_word' id='word_1_208' title='bbox 2682 1853 2898 1918; x_wconf 80' lang='lat' dir='ltr'><strong>praeter</strong></span> 
     </span>
     <span class='ocr_line' id='line_1_22' title="bbox 465 1916 2898 1990; baseline 0 -15"><span class='ocrx_word' id='word_1_209' title='bbox 465 1931 675 1989; x_wconf 80' lang='lat' dir='ltr'><strong>agens,</strong></span> <span class='ocrx_word' id='word_1_210' title='bbox 703 1916 861 1975; x_wconf 87' lang='lat' dir='ltr'><strong>sicut</strong></span> <span class='ocrx_word' id='word_1_211' title='bbox 904 1918 971 1974; x_wconf 89' lang='lat' dir='ltr'><strong>in</strong></span> <span class='ocrx_word' id='word_1_212' title='bbox 1013 1918 1315 1974; x_wconf 83' lang='lat' dir='ltr'><strong>creatione</strong></span> <span class='ocrx_word' id='word_1_213' title='bbox 1358 1916 1598 1986; x_wconf 87' lang='lat' dir='ltr'><strong>accidit,</strong></span> <span class='ocrx_word' id='word_1_214' title='bbox 1637 1921 1833 1974; x_wconf 80' lang='lat' dir='ltr'><strong>tactus</strong></span> <span class='ocrx_word' id='word_1_215' title='bbox 1865 1929 2002 1974; x_wconf 85' lang='lat' dir='ltr'><strong>esse</strong></span> <span class='ocrx_word' id='word_1_216' title='bbox 2032 1930 2151 1973; x_wconf 88' lang='lat' dir='ltr'><strong>non</strong></span> <span class='ocrx_word' id='word_1_217' title='bbox 2187 1923 2408 1988; x_wconf 87' lang='lat' dir='ltr'><strong>potest.</strong></span> <span class='ocrx_word' id='word_1_218' title='bbox 2437 1917 2681 1976; x_wconf 87' lang='lat' dir='ltr'><strong>Nullum</strong></span> <span class='ocrx_word' id='word_1_219' title='bbox 2707 1917 2898 1990; x_wconf 83' lang='lat' dir='ltr'><strong>igitur</strong></span> 
     </span>
     <span class='ocr_line' id='line_1_23' title="bbox 465 1985 2896 2141; baseline 0.001 -27"><span class='ocrx_word' id='word_1_220' title='bbox 465 1991 931 2139; x_wconf 49' lang='lat' dir='ltr'><strong>coffiltlgtpiogtffiitr</strong></span> <span class='ocrx_word' id='word_1_221' title='bbox 1012 1985 1598 2129; x_wconf 36' lang='lat' dir='ltr'><strong>girgtcdigeagggffioms</strong></span> <span class='ocrx_word' id='word_1_222' title='bbox 1643 2056 2040 2138; x_wconf 73' lang='lat' dir='ltr'><strong>quorumdam</strong></span> <span class='ocrx_word' id='word_1_223' title='bbox 2097 2056 2424 2116; x_wconf 82' lang='lat' dir='ltr'><strong>dicentium</strong></span> <span class='ocrx_word' id='word_1_224' title='bbox 2492 2058 2896 2141; x_wconf 71' lang='lat' dir='ltr'><strong>substantiam</strong></span> 
     </span>
     <span class='ocr_line' id='line_1_24' title="bbox 468 2127 2898 2199; baseline 0 -12"><span class='ocrx_word' id='word_1_225' title='bbox 468 2127 803 2187; x_wconf 79' lang='lat' dir='ltr'><strong>coelestium</strong></span> <span class='ocrx_word' id='word_1_226' title='bbox 831 2141 1150 2199; x_wconf 87' lang='lat' dir='ltr'><strong>corporum</strong></span> <span class='ocrx_word' id='word_1_227' title='bbox 1199 2140 1443 2186; x_wconf 86' lang='lat' dir='ltr'><strong>causam</strong></span> <span class='ocrx_word' id='word_1_228' title='bbox 1486 2133 1752 2185; x_wconf 78' lang='lat' dir='ltr'><strong>materiae</strong></span> <span class='ocrx_word' id='word_1_229' title='bbox 1795 2129 2224 2186; x_wconf 88' lang='lat' dir='ltr'><strong>elementorum</strong></span> <span class='ocrx_word' id='word_1_230' title='bbox 2267 2142 2426 2199; x_wconf 86' lang='lat' dir='ltr'><strong>esse,</strong></span> <span class='ocrx_word' id='word_1_231' title='bbox 2457 2142 2592 2187; x_wconf 89' lang='lat' dir='ltr'><strong>cum</strong></span> <span class='ocrx_word' id='word_1_232' title='bbox 2643 2134 2898 2191; x_wconf 87' lang='lat' dir='ltr'><strong>materia</strong></span> 
     </span>
     <span class='ocr_line' id='line_1_25' title="bbox 465 2197 2899 2278; baseline 0.001 -23"><span class='ocrx_word' id='word_1_233' title='bbox 465 2210 713 2256; x_wconf 81' lang='lat' dir='ltr'><strong>causam</strong></span> <span class='ocrx_word' id='word_1_234' title='bbox 736 2197 957 2256; x_wconf 88' lang='lat' dir='ltr'><strong>habere</strong></span> <span class='ocrx_word' id='word_1_235' title='bbox 986 2211 1109 2256; x_wconf 92' lang='lat' dir='ltr'><strong>non</strong></span> <span class='ocrx_word' id='word_1_236' title='bbox 1137 2198 1350 2269; x_wconf 90' lang='lat' dir='ltr'><strong>possit,</strong></span> <span class='ocrx_word' id='word_1_237' title='bbox 1378 2198 1500 2256; x_wconf 87' lang='lat' dir='ltr'><strong>nisi</strong></span> <span class='ocrx_word' id='word_1_238' title='bbox 1528 2197 1591 2255; x_wconf 88' lang='lat' dir='ltr'><strong>id</strong></span> <span class='ocrx_word' id='word_1_239' title='bbox 1620 2197 1780 2278; x_wconf 85' lang='lat' dir='ltr'><strong>quod</strong></span> <span class='ocrx_word' id='word_1_240' title='bbox 1803 2197 2063 2256; x_wconf 86' lang='lat' dir='ltr'><strong>creando</strong></span> <span class='ocrx_word' id='word_1_241' title='bbox 2105 2198 2253 2271; x_wconf 80' lang='lat' dir='ltr'><strong>agit,</strong></span> <span class='ocrx_word' id='word_1_242' title='bbox 2302 2213 2375 2257; x_wconf 88' lang='lat' dir='ltr'><strong>eo</strong></span> <span class='ocrx_word' id='word_1_243' title='bbox 2418 2199 2578 2273; x_wconf 87' lang='lat' dir='ltr'><strong>quod</strong></span> <span class='ocrx_word' id='word_1_244' title='bbox 2622 2200 2756 2271; x_wconf 90' lang='lat' dir='ltr'><strong>ipsa</strong></span> <span class='ocrx_word' id='word_1_245' title='bbox 2797 2206 2899 2258; x_wconf 86' lang='lat' dir='ltr'><strong>est</strong></span> 
     </span>
     <span class='ocr_line' id='line_1_26' title="bbox 465 2268 2898 2411; baseline 0.001 -86"><span class='ocrx_word' id='word_1_246' title='bbox 465 2268 994 2399; x_wconf 58' lang='lat' dir='ltr'><strong>primumsmmtuse</strong></span> <span class='ocrx_word' id='word_1_247' title='bbox 1017 2275 1077 2411; x_wconf 60' lang='lat'><strong>331</strong></span> <span class='ocrx_word' id='word_1_248' title='bbox 1117 2269 1469 2328; x_wconf 82' lang='lat' dir='ltr'><strong>mutationis</strong></span> <span class='ocrx_word' id='word_1_249' title='bbox 1513 2268 1870 2341; x_wconf 74' lang='lat' dir='ltr'><strong>subjectum.</strong></span> <span class='ocrx_word' id='word_1_250' title='bbox 1916 2268 1966 2341; x_wconf 79' lang='grc' dir='ltr'><strong>(Ι</strong></span> <span class='ocrx_word' id='word_1_251' title='bbox 2005 2274 2178 2341; x_wconf 66' lang='lat' dir='ltr'><strong>part„</strong></span> <span class='ocrx_word' id='word_1_252' title='bbox 2214 2284 2272 2343; x_wconf 85' lang='lat' dir='ltr'><strong>q.</strong></span> <span class='ocrx_word' id='word_1_253' title='bbox 2305 2282 2446 2338; x_wconf 68' lang='lat' dir='ltr'><strong>xm,</strong></span> <span class='ocrx_word' id='word_1_254' title='bbox 2471 2277 2581 2328; x_wconf 85' lang='lat' dir='ltr'><strong>art.</strong></span> <span class='ocrx_word' id='word_1_255' title='bbox 2619 2274 2691 2339; x_wconf 74' lang='lat'><strong>53</strong></span> <span class='ocrx_word' id='word_1_256' title='bbox 2733 2274 2791 2327; x_wconf 89' lang='lat' dir='ltr'><strong>et</strong></span> <span class='ocrx_word' id='word_1_257' title='bbox 2817 2273 2898 2328; x_wconf 72' lang='lat' dir='ltr'><strong>Do</strong></span> 
     </span>
     <span class='ocr_line' id='line_1_27' title="bbox 463 2351 1015 2414; baseline 0.005 -18"><span class='ocrx_word' id='word_1_258' title='bbox 463 2351 605 2405; x_wconf 68' lang='lat' dir='ltr'><strong>ver„</strong></span> <span class='ocrx_word' id='word_1_259' title='bbox 633 2353 694 2414; x_wconf 80' lang='lat' dir='ltr'><strong>q.</strong></span> <span class='ocrx_word' id='word_1_260' title='bbox 765 2380 783 2412; x_wconf 92' lang='lat'><strong>,</strong></span> <span class='ocrx_word' id='word_1_261' title='bbox 820 2352 886 2399; x_wconf 85' lang='lat' dir='ltr'><strong>ar</strong></span> <span class='ocrx_word' id='word_1_262' title='bbox 916 2381 930 2399; x_wconf 91' lang='lat'><strong>.</strong></span> <span class='ocrx_word' id='word_1_263' title='bbox 1000 2381 1015 2399; x_wconf 89' lang='lat'><strong>.</strong></span> 
     </span>
    </p>
   </div>
   <div class='ocr_carea' id='block_1_3' title="bbox 1443 2556 1903 2624">
    <p class='ocr_par' dir='ltr' id='par_1_4' title="bbox 1443 2556 1903 2624">
     <span class='ocr_line' id='line_1_28' title="bbox 1443 2556 1903 2624; baseline 0.007 -3"><span class='ocrx_word' id='word_1_264' title='bbox 1443 2556 1696 2623; x_wconf 85' lang='lat' dir='ltr'><strong>CAPUT</strong></span> <span class='ocrx_word' id='word_1_265' title='bbox 1745 2560 1903 2624; x_wconf 88' lang='lat' dir='ltr'><strong>XXI.</strong></span> 
     </span>
    </p>
   </div>
   <div class='ocr_carea' id='block_1_4' title="bbox 1203 2737 2156 2791">
    <p class='ocr_par' dir='ltr' id='par_1_5' title="bbox 1203 2737 2156 2791">
     <span class='ocr_line' id='line_1_29' title="bbox 1203 2737 2156 2791; baseline 0.002 -7"><span class='ocrx_word' id='word_1_266' title='bbox 1203 2737 1356 2791; x_wconf 79' lang='lat' dir='ltr'>QUOD</span> <span class='ocrx_word' id='word_1_267' title='bbox 1393 2738 1593 2784; x_wconf 70' lang='lat' dir='ltr'><strong>sontis</strong></span> <span class='ocrx_word' id='word_1_268' title='bbox 1629 2739 1732 2784; x_wconf 76' lang='lat' dir='ltr'><strong>nm</strong></span> <span class='ocrx_word' id='word_1_269' title='bbox 1769 2740 1876 2784; x_wconf 80' lang='lat' dir='ltr'><strong>EST</strong></span> <span class='ocrx_word' id='word_1_270' title='bbox 1912 2740 2156 2786; x_wconf 67' lang='lat' dir='ltr'>GRBARE.</span> 
     </span>
    </p>
   </div>
   <div class='ocr_carea' id='block_1_5' title="bbox 459 2899 2897 4523">
    <p class='ocr_par' dir='ltr' id='par_1_6' title="bbox 462 2899 2897 3332">
     <span class='ocr_line' id='line_1_30' title="bbox 538 2899 2897 2978; baseline 0.001 -17"><span class='ocrx_word' id='word_1_271' title='bbox 538 2902 626 2961; x_wconf 78' lang='lat' dir='ltr'><strong>Ex</strong></span> <span class='ocrx_word' id='word_1_272' title='bbox 651 2899 985 2973; x_wconf 78' lang='lat' dir='ltr'><strong>proemissis</strong></span> <span class='ocrx_word' id='word_1_273' title='bbox 1008 2900 1186 2960; x_wconf 86' lang='lat' dir='ltr'><strong>etiam</strong></span> <span class='ocrx_word' id='word_1_274' title='bbox 1213 2900 1467 2959; x_wconf 87' lang='lat' dir='ltr'><strong>ulterius</strong></span> <span class='ocrx_word' id='word_1_275' title='bbox 1507 2901 1744 2959; x_wconf 87' lang='lat' dir='ltr'><strong>ostendi</strong></span> <span class='ocrx_word' id='word_1_276' title='bbox 1792 2907 1991 2975; x_wconf 85' lang='lat' dir='ltr'><strong>potest</strong></span> <span class='ocrx_word' id='word_1_277' title='bbox 2034 2903 2195 2975; x_wconf 81' lang='lat' dir='ltr'><strong>quod</strong></span> <span class='ocrx_word' id='word_1_278' title='bbox 2235 2905 2458 2961; x_wconf 81' lang='lat' dir='ltr'><strong>creatio</strong></span> <span class='ocrx_word' id='word_1_279' title='bbox 2503 2909 2599 2961; x_wconf 88' lang='lat' dir='ltr'><strong>est</strong></span> <span class='ocrx_word' id='word_1_280' title='bbox 2646 2907 2897 2978; x_wconf 86' lang='lat' dir='ltr'><strong>propria</strong></span> 
     </span>
     <span class='ocr_line' id='line_1_31' title="bbox 470 2970 2896 3045; baseline 0.003 -16"><span class='ocrx_word' id='word_1_281' title='bbox 470 2971 577 3030; x_wconf 82' lang='lat' dir='ltr'><strong>Dei</strong></span> <span class='ocrx_word' id='word_1_282' title='bbox 607 2971 786 3040; x_wconf 88' lang='lat' dir='ltr'><strong>acti0,</strong></span> <span class='ocrx_word' id='word_1_283' title='bbox 814 2976 873 3028; x_wconf 84' lang='lat' dir='ltr'><strong>et</strong></span> <span class='ocrx_word' id='word_1_284' title='bbox 898 2971 1060 3044; x_wconf 86' lang='lat' dir='ltr'><strong>quod</strong></span> <span class='ocrx_word' id='word_1_285' title='bbox 1087 2971 1217 3045; x_wconf 82' lang='lat' dir='ltr'><strong>ejus</strong></span> <span class='ocrx_word' id='word_1_286' title='bbox 1238 2970 1435 3029; x_wconf 89' lang='lat' dir='ltr'><strong>solius</strong></span> <span class='ocrx_word' id='word_1_287' title='bbox 1461 2978 1556 3030; x_wconf 85' lang='lat' dir='ltr'><strong>est</strong></span> <span class='ocrx_word' id='word_1_288' title='bbox 1583 2986 1805 3030; x_wconf 89' lang='lat' dir='ltr'><strong>creare.</strong></span> <span class='ocrx_word' id='word_1_289' title='bbox 1837 2972 1982 3031; x_wconf 87' lang='lat' dir='ltr'><strong>Cum</strong></span> <span class='ocrx_word' id='word_1_290' title='bbox 2029 2974 2190 3031; x_wconf 84' lang='lat' dir='ltr'><strong>enim</strong></span> <span class='ocrx_word' id='word_1_291' title='bbox 2231 2973 2561 3031; x_wconf 87' lang='lat' dir='ltr'><strong>secundum</strong></span> <span class='ocrx_word' id='word_1_292' title='bbox 2611 2975 2896 3037; x_wconf 80' lang='lat' dir='ltr'><strong>ordinem</strong></span> 
     </span>
     <span class='ocr_line' id='line_1_32' title="bbox 466 3041 2894 3114; baseline 0.002 -17"><span class='ocrx_word' id='word_1_293' title='bbox 466 3041 776 3114; x_wconf 73' lang='lat' dir='ltr'><strong>agentium</strong></span> <span class='ocrx_word' id='word_1_294' title='bbox 823 3041 905 3099; x_wconf 89' lang='lat' dir='ltr'><strong>sit</strong></span> <span class='ocrx_word' id='word_1_295' title='bbox 948 3041 1097 3100; x_wconf 88' lang='lat' dir='ltr'><strong>ordo</strong></span> <span class='ocrx_word' id='word_1_296' title='bbox 1144 3042 1469 3109; x_wconf 87' lang='lat' dir='ltr'><strong>actionum,</strong></span> <span class='ocrx_word' id='word_1_297' title='bbox 1500 3055 1575 3100; x_wconf 92' lang='lat' dir='ltr'><strong>eo</strong></span> <span class='ocrx_word' id='word_1_298' title='bbox 1612 3042 1774 3114; x_wconf 84' lang='lat' dir='ltr'><strong>quod</strong></span> <span class='ocrx_word' id='word_1_299' title='bbox 1821 3042 2138 3101; x_wconf 73' lang='lat' dir='ltr'><strong>nobilioris</strong></span> <span class='ocrx_word' id='word_1_300' title='bbox 2183 3044 2420 3114; x_wconf 84' lang='lat' dir='ltr'><strong>agentis</strong></span> <span class='ocrx_word' id='word_1_301' title='bbox 2463 3043 2728 3100; x_wconf 86' lang='lat' dir='ltr'><strong>nobilior</strong></span> <span class='ocrx_word' id='word_1_302' title='bbox 2792 3054 2894 3106; x_wconf 83' lang='lat' dir='ltr'><strong>est</strong></span> 
     </span>
     <span class='ocr_line' id='line_1_33' title="bbox 470 3110 2889 3192; baseline 0.002 -22"><span class='ocrx_word' id='word_1_303' title='bbox 470 3112 652 3181; x_wconf 74' lang='lat' dir='ltr'><strong>actio,</strong></span> <span class='ocrx_word' id='word_1_304' title='bbox 678 3116 911 3182; x_wconf 86' lang='lat' dir='ltr'><strong>oportet</strong></span> <span class='ocrx_word' id='word_1_305' title='bbox 938 3110 1099 3183; x_wconf 86' lang='lat' dir='ltr'><strong>quod</strong></span> <span class='ocrx_word' id='word_1_306' title='bbox 1121 3111 1316 3183; x_wconf 82' lang='lat' dir='ltr'><strong>prima</strong></span> <span class='ocrx_word' id='word_1_307' title='bbox 1342 3113 1498 3169; x_wconf 88' lang='lat' dir='ltr'><strong>actio</strong></span> <span class='ocrx_word' id='word_1_308' title='bbox 1530 3113 1611 3171; x_wconf 87' lang='lat' dir='ltr'><strong>sit</strong></span> <span class='ocrx_word' id='word_1_309' title='bbox 1636 3112 1809 3192; x_wconf 88' lang='lat' dir='ltr'><strong>primi</strong></span> <span class='ocrx_word' id='word_1_310' title='bbox 1839 3115 2072 3186; x_wconf 84' lang='lat' dir='ltr'><strong>agentis</strong></span> <span class='ocrx_word' id='word_1_311' title='bbox 2118 3113 2374 3184; x_wconf 87' lang='lat' dir='ltr'><strong>propria.</strong></span> <span class='ocrx_word' id='word_1_312' title='bbox 2401 3112 2632 3170; x_wconf 85' lang='lat' dir='ltr'><strong>creatio</strong></span> <span class='ocrx_word' id='word_1_313' title='bbox 2678 3121 2889 3175; x_wconf 85' lang='lat' dir='ltr'><strong>autem</strong></span> 
     </span>
     <span class='ocr_line' id='line_1_34' title="bbox 466 3180 2896 3310; baseline 0.002 -70"><span class='ocrx_word' id='word_1_314' title='bbox 466 3185 565 3240; x_wconf 79' lang='lat' dir='ltr'><strong>est</strong></span> <span class='ocrx_word' id='word_1_315' title='bbox 590 3181 782 3252; x_wconf 91' lang='lat' dir='ltr'><strong>prima</strong></span> <span class='ocrx_word' id='word_1_316' title='bbox 806 3180 984 3251; x_wconf 86' lang='lat' dir='ltr'><strong>acti0‚</strong></span> <span class='ocrx_word' id='word_1_317' title='bbox 1015 3194 1088 3239; x_wconf 89' lang='lat' dir='ltr'><strong>eo</strong></span> <span class='ocrx_word' id='word_1_318' title='bbox 1157 3182 1275 3240; x_wconf 88' lang='lat' dir='ltr'><strong>uod</strong></span> <span class='ocrx_word' id='word_1_319' title='bbox 1302 3182 1528 3240; x_wconf 84' lang='lat' dir='ltr'><strong>nullam</strong></span> <span class='ocrx_word' id='word_1_320' title='bbox 1574 3183 1753 3240; x_wconf 83' lang='lat' dir='ltr'><strong>aliam</strong></span> <span class='ocrx_word' id='word_1_321' title='bbox 1794 3183 2220 3310; x_wconf 65' lang='lat' dir='ltr'><strong>praesupssoiiit,</strong></span> <span class='ocrx_word' id='word_1_322' title='bbox 2251 3194 2462 3263; x_wconf 80' lang='lat' dir='ltr'><strong>omnes</strong></span> <span class='ocrx_word' id='word_1_323' title='bbox 2503 3188 2704 3261; x_wconf 78' lang='lat' dir='ltr'><strong>aulem</strong></span> <span class='ocrx_word' id='word_1_324' title='bbox 2750 3187 2896 3246; x_wconf 71' lang='lat' dir='ltr'><strong>aliae</strong></span> 
     </span>
     <span class='ocr_line' id='line_1_35' title="bbox 462 3252 2889 3332; baseline 0.002 -23"><span class='ocrx_word' id='word_1_325' title='bbox 462 3258 940 3332; x_wconf 61' lang='lat' dir='ltr'><strong>praesupponunt</strong></span> <span class='ocrx_word' id='word_1_326' title='bbox 960 3265 1114 3312; x_wconf 82' lang='lat' dir='ltr'><strong>eam.</strong></span> <span class='ocrx_word' id='word_1_327' title='bbox 1187 3257 1243 3311; x_wconf 87' lang='lat' dir='ltr'><strong>st</strong></span> <span class='ocrx_word' id='word_1_328' title='bbox 1279 3252 1462 3326; x_wconf 78' lang='lat' dir='ltr'><strong>igitur</strong></span> <span class='ocrx_word' id='word_1_329' title='bbox 1506 3255 1733 3312; x_wconf 81' lang='lat' dir='ltr'><strong>creatio</strong></span> <span class='ocrx_word' id='word_1_330' title='bbox 1771 3267 2013 3324; x_wconf 86' lang='lat' dir='ltr'><strong>propria</strong></span> <span class='ocrx_word' id='word_1_331' title='bbox 2083 3267 2139 3309; x_wconf 87' lang='lat' dir='ltr'><strong>ei</strong></span> <span class='ocrx_word' id='word_1_332' title='bbox 2175 3252 2372 3311; x_wconf 87' lang='lat' dir='ltr'><strong>solius</strong></span> <span class='ocrx_word' id='word_1_333' title='bbox 2419 3258 2596 3323; x_wconf 87' lang='lat' dir='ltr'><strong>actio,</strong></span> <span class='ocrx_word' id='word_1_334' title='bbox 2629 3254 2733 3326; x_wconf 89' lang='lat' dir='ltr'><strong>qui</strong></span> <span class='ocrx_word' id='word_1_335' title='bbox 2785 3265 2889 3316; x_wconf 88' lang='lat' dir='ltr'><strong>est</strong></span> 
     </span>
    </p>

    <p class='ocr_par' dir='ltr' id='par_1_7' title="bbox 545 3336 963 3380">
     <span class='ocr_line' id='line_1_36' title="bbox 545 3336 963 3380; baseline 0.005 -2"><span class='ocrx_word' id='word_1_336' title='bbox 545 3336 657 3380; x_wconf 85' lang='lat' dir='ltr'><strong>ens</strong></span> <span class='ocrx_word' id='word_1_337' title='bbox 730 3336 963 3380; x_wconf 87' lang='lat' dir='ltr'><strong>rimum.</strong></span> 
     </span>
    </p>

    <p class='ocr_par' dir='ltr' id='par_1_8' title="bbox 459 3336 2885 3677">
     <span class='ocr_line' id='line_1_37' title="bbox 462 3336 2880 3475; baseline 0.004 -27"><span class='ocrx_word' id='word_1_338' title='bbox 462 3336 807 3461; x_wconf 51' lang='lat' dir='ltr'><strong>*gum’pex</strong></span> <span class='ocrx_word' id='word_1_339' title='bbox 856 3392 972 3450; x_wconf 89' lang='lat' dir='ltr'><strong>boc</strong></span> <span class='ocrx_word' id='word_1_340' title='bbox 1021 3397 1333 3453; x_wconf 84' lang='lat' dir='ltr'><strong>ostensum</strong></span> <span class='ocrx_word' id='word_1_341' title='bbox 1375 3400 1469 3452; x_wconf 87' lang='lat' dir='ltr'><strong>est</strong></span> <span class='ocrx_word' id='word_1_342' title='bbox 1493 3393 1570 3467; x_wconf 90' lang='lat' dir='ltr'><strong>(c.</strong></span> <span class='ocrx_word' id='word_1_343' title='bbox 1620 3393 1706 3465; x_wconf 77' lang='lat'><strong>¹5)</strong></span> <span class='ocrx_word' id='word_1_344' title='bbox 1743 3393 1899 3466; x_wconf 85' lang='lat' dir='ltr'><strong>quod</strong></span> <span class='ocrx_word' id='word_1_345' title='bbox 1947 3394 2106 3450; x_wconf 90' lang='lat' dir='ltr'><strong>Deus</strong></span> <span class='ocrx_word' id='word_1_346' title='bbox 2146 3397 2306 3451; x_wconf 88' lang='lat' dir='ltr'><strong>creat</strong></span> <span class='ocrx_word' id='word_1_347' title='bbox 2349 3406 2470 3462; x_wconf 81' lang='lat' dir='ltr'><strong>ree,</strong></span> <span class='ocrx_word' id='word_1_348' title='bbox 2525 3393 2671 3475; x_wconf 81' lang='lat' dir='ltr'><strong>quia</strong></span> <span class='ocrx_word' id='word_1_349' title='bbox 2718 3394 2880 3457; x_wconf 86' lang='lat' dir='ltr'><strong>nihil</strong></span> 
     </span>
     <span class='ocr_line' id='line_1_38' title="bbox 459 3463 2885 3544; baseline 0.003 -25"><span class='ocrx_word' id='word_1_350' title='bbox 459 3468 664 3543; x_wconf 80' lang='lat' dir='ltr'><strong>potest</strong></span> <span class='ocrx_word' id='word_1_351' title='bbox 689 3476 846 3531; x_wconf 87' lang='lat' dir='ltr'><strong>esse,</strong></span> <span class='ocrx_word' id='word_1_352' title='bbox 874 3467 1089 3535; x_wconf 87' lang='lat' dir='ltr'><strong>praeter</strong></span> <span class='ocrx_word' id='word_1_353' title='bbox 1113 3464 1311 3544; x_wconf 83' lang='lat' dir='ltr'><strong>ipsum</strong></span> <span class='ocrx_word' id='word_1_354' title='bbox 1361 3465 1438 3522; x_wconf 89' lang='lat' dir='ltr'><strong>ab</strong></span> <span class='ocrx_word' id='word_1_355' title='bbox 1470 3478 1544 3522; x_wconf 89' lang='lat' dir='ltr'><strong>eo</strong></span> <span class='ocrx_word' id='word_1_356' title='bbox 1571 3478 1691 3544; x_wconf 80' lang='lat' dir='ltr'><strong>non</strong></span> <span class='ocrx_word' id='word_1_357' title='bbox 1724 3467 2005 3543; x_wconf 82' lang='lat' dir='ltr'><strong>creatum.</strong></span> <span class='ocrx_word' id='word_1_358' title='bbox 2034 3463 2155 3521; x_wconf 84' lang='lat' dir='ltr'><strong>Hoc</strong></span> <span class='ocrx_word' id='word_1_359' title='bbox 2181 3468 2382 3522; x_wconf 86' lang='lat' dir='ltr'><strong>autem</strong></span> <span class='ocrx_word' id='word_1_360' title='bbox 2417 3464 2568 3522; x_wconf 82' lang='lat' dir='ltr'><strong>nulli</strong></span> <span class='ocrx_word' id='word_1_361' title='bbox 2599 3464 2703 3522; x_wconf 89' lang='lat' dir='ltr'><strong>alii</strong></span> <span class='ocrx_word' id='word_1_362' title='bbox 2729 3480 2885 3525; x_wconf 88' lang='lat' dir='ltr'><strong>con-</strong></span> 
     </span>
     <span class='ocr_line' id='line_1_39' title="bbox 464 3504 2882 3614; baseline 0.002 -23"><span class='ocrx_word' id='word_1_363' title='bbox 464 3546 669 3591; x_wconf 73' lang='lat' dir='ltr'><strong>venii-e</strong></span> <span class='ocrx_word' id='word_1_364' title='bbox 698 3540 914 3611; x_wconf 76' lang='lat' dir='ltr'><strong>potest,</strong></span> <span class='ocrx_word' id='word_1_365' title='bbox 939 3547 1075 3590; x_wconf 90' lang='lat' dir='ltr'><strong>cum</strong></span> <span class='ocrx_word' id='word_1_366' title='bbox 1103 3534 1254 3614; x_wconf 72' lang='lat' dir='ltr'><strong>nihil</strong></span> <span class='ocrx_word' id='word_1_367' title='bbox 1282 3504 1448 3592; x_wconf 67' lang='lat' dir='ltr'><strong>aliud</strong></span> <span class='ocrx_word' id='word_1_368' title='bbox 1478 3535 1558 3592; x_wconf 87' lang='lat' dir='ltr'><strong>sit</strong></span> <span class='ocrx_word' id='word_1_369' title='bbox 1583 3533 1942 3614; x_wconf 76' lang='lat' dir='ltr'><strong>universalis</strong></span> <span class='ocrx_word' id='word_1_370' title='bbox 1987 3546 2174 3592; x_wconf 82' lang='lat' dir='ltr'><strong>causa</strong></span> <span class='ocrx_word' id='word_1_371' title='bbox 2217 3534 2483 3607; x_wconf 84' lang='lat' dir='ltr'><strong>essendi.</strong></span> <span class='ocrx_word' id='word_1_372' title='bbox 2515 3535 2641 3595; x_wconf 86' lang='lat' dir='ltr'><strong>Soli</strong></span> <span class='ocrx_word' id='word_1_373' title='bbox 2689 3535 2882 3610; x_wconf 85' lang='lat' dir='ltr'><strong>igitur</strong></span> 
     </span>
     <span class='ocr_line' id='line_1_40' title="bbox 466 3603 1962 3677; baseline 0 -15"><span class='ocrx_word' id='word_1_374' title='bbox 466 3603 592 3662; x_wconf 81' lang='lat' dir='ltr'><strong>Deo</strong></span> <span class='ocrx_word' id='word_1_375' title='bbox 618 3609 900 3675; x_wconf 85' lang='lat' dir='ltr'><strong>competit</strong></span> <span class='ocrx_word' id='word_1_376' title='bbox 927 3604 1149 3663; x_wconf 85' lang='lat' dir='ltr'><strong>creatio</strong></span> <span class='ocrx_word' id='word_1_377' title='bbox 1177 3609 1338 3662; x_wconf 86' lang='lat' dir='ltr'><strong>sicut</strong></span> <span class='ocrx_word' id='word_1_378' title='bbox 1361 3605 1602 3677; x_wconf 88' lang='lat' dir='ltr'><strong>propria</strong></span> <span class='ocrx_word' id='word_1_379' title='bbox 1627 3617 1757 3675; x_wconf 68' lang='lat' dir='ltr'><strong>ejus</strong></span> <span class='ocrx_word' id='word_1_380' title='bbox 1781 3610 1962 3662; x_wconf 88' lang='lat' dir='ltr'><strong>actio.</strong></span> 
     </span>
    </p>

    <p class='ocr_par' dir='ltr' id='par_1_9' title="bbox 460 3672 2890 4523">
     <span class='ocr_line' id='line_1_41' title="bbox 534 3672 2890 3746; baseline 0.003 -16"><span class='ocrx_word' id='word_1_381' title='bbox 534 3674 753 3736; x_wconf 75' lang='lat' dir='ltr'><strong>Adhuc.</strong></span> <span class='ocrx_word' id='word_1_382' title='bbox 784 3672 1034 3733; x_wconf 81' lang='lat' dir='ltr'><strong>effectus</strong></span> <span class='ocrx_word' id='word_1_383' title='bbox 1071 3675 1202 3734; x_wconf 86' lang='lat' dir='ltr'><strong>suis</strong></span> <span class='ocrx_word' id='word_1_384' title='bbox 1245 3677 1447 3733; x_wconf 87' lang='lat' dir='ltr'><strong>causis</strong></span> <span class='ocrx_word' id='word_1_385' title='bbox 1489 3674 2079 3746; x_wconf 86' lang='lat' dir='ltr'><strong>proportionabiliter</strong></span> <span class='ocrx_word' id='word_1_386' title='bbox 2126 3688 2225 3734; x_wconf 86' lang='lat' dir='ltr'><strong>res</strong></span> <span class='ocrx_word' id='word_1_387' title='bbox 2307 3674 2510 3745; x_wconf 75' lang='lat' dir='ltr'><strong>rident,</strong></span> <span class='ocrx_word' id='word_1_388' title='bbox 2539 3680 2606 3734; x_wconf 89' lang='lat' dir='ltr'><strong>ut</strong></span> <span class='ocrx_word' id='word_1_389' title='bbox 2647 3676 2890 3736; x_wconf 88' lang='lat' dir='ltr'><strong>scilicet</strong></span> 
     </span>
     <span class='ocr_line' id='line_1_42' title="bbox 464 3741 2881 3826; baseline 0.002 -24"><span class='ocrx_word' id='word_1_390' title='bbox 464 3741 718 3803; x_wconf 81' lang='lat' dir='ltr'><strong>effectus</strong></span> <span class='ocrx_word' id='word_1_391' title='bbox 746 3745 811 3802; x_wconf 91' lang='lat' dir='ltr'><strong>in</strong></span> <span class='ocrx_word' id='word_1_392' title='bbox 849 3750 987 3804; x_wconf 86' lang='lat' dir='ltr'><strong>actu</strong></span> <span class='ocrx_word' id='word_1_393' title='bbox 1021 3745 1225 3804; x_wconf 85' lang='lat' dir='ltr'><strong>causis</strong></span> <span class='ocrx_word' id='word_1_394' title='bbox 1253 3744 1588 3804; x_wconf 85' lang='lat' dir='ltr'><strong>actualibus</strong></span> <span class='ocrx_word' id='word_1_395' title='bbox 1630 3746 2052 3826; x_wconf 78' lang='lat' dir='ltr'><strong>attribuamuS,</strong></span> <span class='ocrx_word' id='word_1_396' title='bbox 2080 3750 2142 3804; x_wconf 90' lang='lat' dir='ltr'><strong>et</strong></span> <span class='ocrx_word' id='word_1_397' title='bbox 2185 3759 2220 3804; x_wconf 90' lang='lat' dir='ltr'><strong>e</strong></span> <span class='ocrx_word' id='word_1_398' title='bbox 2267 3753 2436 3804; x_wconf 88' lang='lat' dir='ltr'><strong>ectus</strong></span> <span class='ocrx_word' id='word_1_399' title='bbox 2476 3747 2540 3804; x_wconf 87' lang='lat' dir='ltr'><strong>in</strong></span> <span class='ocrx_word' id='word_1_400' title='bbox 2587 3749 2881 3818; x_wconf 87' lang='lat' dir='ltr'><strong>potentia,</strong></span> 
     </span>
     <span class='ocr_line' id='line_1_43' title="bbox 461 3816 2872 3888; baseline 0.001 -15"><span class='ocrx_word' id='word_1_401' title='bbox 461 3816 668 3873; x_wconf 87' lang='lat' dir='ltr'><strong>causis</strong></span> <span class='ocrx_word' id='word_1_402' title='bbox 714 3829 847 3887; x_wconf 73' lang='lat' dir='ltr'><strong>quae</strong></span> <span class='ocrx_word' id='word_1_403' title='bbox 889 3816 1128 3874; x_wconf 86' lang='lat' dir='ltr'><strong>suntin</strong></span> <span class='ocrx_word' id='word_1_404' title='bbox 1170 3817 1458 3887; x_wconf 88' lang='lat' dir='ltr'><strong>potentia,</strong></span> <span class='ocrx_word' id='word_1_405' title='bbox 1506 3820 1569 3873; x_wconf 86' lang='lat' dir='ltr'><strong>et</strong></span> <span class='ocrx_word' id='word_1_406' title='bbox 1608 3816 1885 3874; x_wconf 85' lang='lat' dir='ltr'><strong>similiter</strong></span> <span class='ocrx_word' id='word_1_407' title='bbox 1931 3816 2183 3875; x_wconf 83' lang='lat' dir='ltr'><strong>effectus</strong></span> <span class='ocrx_word' id='word_1_408' title='bbox 2223 3816 2611 3888; x_wconf 84' lang='lat' dir='ltr'><strong>particulares</strong></span> <span class='ocrx_word' id='word_1_409' title='bbox 2659 3820 2872 3877; x_wconf 90' lang='lat' dir='ltr'><strong>causis</strong></span> 
     </span>
     <span class='ocr_line' id='line_1_44' title="bbox 463 3884 2874 3959; baseline 0.002 -19"><span class='ocrx_word' id='word_1_410' title='bbox 463 3884 946 3957; x_wconf 83' lang='lat' dir='ltr'><strong>particularibus,</strong></span> <span class='ocrx_word' id='word_1_411' title='bbox 972 3886 1417 3946; x_wconf 82' lang='lat' dir='ltr'><strong>universalibus</strong></span> <span class='ocrx_word' id='word_1_412' title='bbox 1443 3900 1584 3944; x_wconf 82' lang='lat' dir='ltr'><strong>vero</strong></span> <span class='ocrx_word' id='word_1_413' title='bbox 1626 3887 2016 3957; x_wconf 89' lang='lat' dir='ltr'><strong>universales,</strong></span> <span class='ocrx_word' id='word_1_414' title='bbox 2045 3892 2118 3952; x_wconf 63' lang='lat' dir='ltr'><strong>ut,</strong></span> <span class='ocrx_word' id='word_1_415' title='bbox 2153 3886 2329 3945; x_wconf 84' lang='lat' dir='ltr'><strong>docet</strong></span> <span class='ocrx_word' id='word_1_416' title='bbox 2352 3888 2758 3959; x_wconf 83' lang='lat' dir='ltr'><strong>Philosophus</strong></span> <span class='ocrx_word' id='word_1_417' title='bbox 2805 3889 2874 3946; x_wconf 84' lang='lat' dir='ltr'><strong>in</strong></span> 
     </span>
     <span class='ocr_line' id='line_1_45' title="bbox 460 3955 2872 4040; baseline 0.003 -29"><span class='ocrx_word' id='word_1_418' title='bbox 460 3955 732 4035; x_wconf 61' lang='lat' dir='ltr'><strong>secundo</strong></span> <span class='ocrx_word' id='word_1_419' title='bbox 757 3957 923 4026; x_wconf 72' lang='lat' dir='ltr'><strong><em>Phys.</em></strong></span> <span class='ocrx_word' id='word_1_420' title='bbox 955 3956 1119 4029; x_wconf 85' lang='lat' dir='ltr'><strong>(text.</strong></span> <span class='ocrx_word' id='word_1_421' title='bbox 1146 3958 1509 4039; x_wconf 41' lang='lat' dir='ltr'><strong>comm338).</strong></span> <span class='ocrx_word' id='word_1_422' title='bbox 1543 3960 1687 4015; x_wconf 87' lang='lat' dir='ltr'><strong>Esse</strong></span> <span class='ocrx_word' id='word_1_423' title='bbox 1716 3963 1912 4016; x_wconf 88' lang='lat' dir='ltr'><strong>autem</strong></span> <span class='ocrx_word' id='word_1_424' title='bbox 1944 3962 2368 4039; x_wconf 38' lang='lat' dir='ltr'><strong>est-causatum</strong></span> <span class='ocrx_word' id='word_1_425' title='bbox 2396 3958 2676 4038; x_wconf 83' lang='lat' dir='ltr'><strong>primum,</strong></span> <span class='ocrx_word' id='word_1_426' title='bbox 2705 3959 2872 4040; x_wconf 81' lang='lat' dir='ltr'><strong>quod</strong></span> 
     </span>
     <span class='ocr_line' id='line_1_46' title="bbox 462 4029 2875 4099; baseline 0.003 -19"><span class='ocrx_word' id='word_1_427' title='bbox 462 4035 542 4081; x_wconf 80' lang='lat' dir='ltr'><strong>ex</strong></span> <span class='ocrx_word' id='word_1_428' title='bbox 568 4030 798 4082; x_wconf 88' lang='lat' dir='ltr'><strong>ratione</strong></span> <span class='ocrx_word' id='word_1_429' title='bbox 820 4040 949 4084; x_wconf 79' lang='lat' dir='ltr'><strong>suae</strong></span> <span class='ocrx_word' id='word_1_430' title='bbox 977 4033 1425 4086; x_wconf 78' lang='lat' dir='ltr'><strong>communitatis</strong></span> <span class='ocrx_word' id='word_1_431' title='bbox 1454 4033 1716 4099; x_wconf 86' lang='lat' dir='ltr'><strong>apparet.</strong></span> <span class='ocrx_word' id='word_1_432' title='bbox 1748 4030 1941 4086; x_wconf 88' lang='lat' dir='ltr'><strong>Causa</strong></span> <span class='ocrx_word' id='word_1_433' title='bbox 1978 4043 1996 4085; x_wconf 89' lang='lat'>1</span> <span class='ocrx_word' id='word_1_434' title='bbox 2044 4033 2164 4099; x_wconf 83' lang='lat' dir='ltr'><strong>itur</strong></span> <span class='ocrx_word' id='word_1_435' title='bbox 2209 4041 2450 4099; x_wconf 89' lang='lat' dir='ltr'><strong>propria</strong></span> <span class='ocrx_word' id='word_1_436' title='bbox 2493 4029 2734 4087; x_wconf 87' lang='lat' dir='ltr'><strong>essendi</strong></span> <span class='ocrx_word' id='word_1_437' title='bbox 2781 4035 2875 4087; x_wconf 81' lang='lat' dir='ltr'><strong>est</strong></span> 
     </span>
     <span class='ocr_line' id='line_1_47' title="bbox 466 4096 2875 4171; baseline 0.002 -22"><span class='ocrx_word' id='word_1_438' title='bbox 466 4105 653 4165; x_wconf 82' lang='lat' dir='ltr'><strong>agens</strong></span> <span class='ocrx_word' id='word_1_439' title='bbox 677 4096 933 4167; x_wconf 90' lang='lat' dir='ltr'><strong>primum</strong></span> <span class='ocrx_word' id='word_1_440' title='bbox 965 4101 1024 4155; x_wconf 88' lang='lat' dir='ltr'><strong>et</strong></span> <span class='ocrx_word' id='word_1_441' title='bbox 1051 4098 1409 4168; x_wconf 86' lang='lat' dir='ltr'><strong>universale,</strong></span> <span class='ocrx_word' id='word_1_442' title='bbox 1440 4099 1600 4170; x_wconf 89' lang='lat' dir='ltr'><strong>quod</strong></span> <span class='ocrx_word' id='word_1_443' title='bbox 1633 4102 1790 4156; x_wconf 89' lang='lat' dir='ltr'><strong>Deus</strong></span> <span class='ocrx_word' id='word_1_444' title='bbox 1819 4104 1912 4156; x_wconf 90' lang='lat' dir='ltr'><strong>est</strong></span> <span class='ocrx_word' id='word_1_445' title='bbox 1940 4114 1954 4155; x_wconf 72' lang='grc' dir='ltr'><strong>ε</strong></span> <span class='ocrx_word' id='word_1_446' title='bbox 1986 4112 2023 4154; x_wconf 90' lang='lat' dir='ltr'><strong>a</strong></span> <span class='ocrx_word' id='word_1_447' title='bbox 2050 4099 2107 4155; x_wconf 85' lang='lat' dir='ltr'><strong>ia</strong></span> <span class='ocrx_word' id='word_1_448' title='bbox 2130 4112 2268 4156; x_wconf 87' lang='lat' dir='ltr'><strong>vero</strong></span> <span class='ocrx_word' id='word_1_449' title='bbox 2298 4099 2540 4171; x_wconf 84' lang='lat' dir='ltr'><strong>agentia</strong></span> <span class='ocrx_word' id='word_1_450' title='bbox 2572 4113 2694 4156; x_wconf 88' lang='lat' dir='ltr'><strong>non</strong></span> <span class='ocrx_word' id='word_1_451' title='bbox 2735 4104 2875 4158; x_wconf 87' lang='lat' dir='ltr'><strong>sunt</strong></span> 
     </span>
     <span class='ocr_line' id='line_1_48' title="bbox 462 4167 2866 4240; baseline 0.002 -19"><span class='ocrx_word' id='word_1_452' title='bbox 462 4176 666 4222; x_wconf 80' lang='lat' dir='ltr'><strong>causoe</strong></span> <span class='ocrx_word' id='word_1_453' title='bbox 715 4167 957 4225; x_wconf 87' lang='lat' dir='ltr'><strong>essendi</strong></span> <span class='ocrx_word' id='word_1_454' title='bbox 1003 4168 1374 4240; x_wconf 86' lang='lat' dir='ltr'><strong>simpliciter,</strong></span> <span class='ocrx_word' id='word_1_455' title='bbox 1422 4169 1529 4226; x_wconf 89' lang='lat' dir='ltr'><strong>sed</strong></span> <span class='ocrx_word' id='word_1_456' title='bbox 1574 4183 1771 4227; x_wconf 78' lang='lat' dir='ltr'><strong>causae</strong></span> <span class='ocrx_word' id='word_1_457' title='bbox 1817 4168 2060 4226; x_wconf 84' lang='lat' dir='ltr'><strong>essendi</strong></span> <span class='ocrx_word' id='word_1_458' title='bbox 2106 4167 2245 4237; x_wconf 88' lang='lat' dir='ltr'><strong>boc,</strong></span> <span class='ocrx_word' id='word_1_459' title='bbox 2289 4176 2355 4227; x_wconf 86' lang='lat' dir='ltr'><strong>ut</strong></span> <span class='ocrx_word' id='word_1_460' title='bbox 2410 4169 2717 4227; x_wconf 87' lang='lat' dir='ltr'><strong>hominem</strong></span> <span class='ocrx_word' id='word_1_461' title='bbox 2775 4168 2866 4226; x_wconf 79' lang='lat' dir='ltr'><strong>vel</strong></span> 
     </span>
     <span class='ocr_line' id='line_1_49' title="bbox 462 4232 2872 4315; baseline 0.002 -23"><span class='ocrx_word' id='word_1_462' title='bbox 462 4232 668 4292; x_wconf 84' lang='lat' dir='ltr'><strong>album</strong></span> <span class='ocrx_word' id='word_1_463' title='bbox 712 4252 728 4290; x_wconf 73' lang='grc' dir='ltr'><strong>ε</strong></span> <span class='ocrx_word' id='word_1_464' title='bbox 770 4250 907 4315; x_wconf 76' lang='lat' dir='ltr'><strong>esse</strong></span> <span class='ocrx_word' id='word_1_465' title='bbox 960 4244 1157 4296; x_wconf 88' lang='lat' dir='ltr'><strong>autem</strong></span> <span class='ocrx_word' id='word_1_466' title='bbox 1206 4238 1561 4310; x_wconf 88' lang='lat' dir='ltr'><strong>simpliciter</strong></span> <span class='ocrx_word' id='word_1_467' title='bbox 1614 4254 1720 4310; x_wconf 82' lang='lat' dir='ltr'><strong>per</strong></span> <span class='ocrx_word' id='word_1_468' title='bbox 1766 4239 2128 4296; x_wconf 86' lang='lat' dir='ltr'><strong>creationem</strong></span> <span class='ocrx_word' id='word_1_469' title='bbox 2177 4245 2483 4309; x_wconf 87' lang='lat' dir='ltr'><strong>causatur,</strong></span> <span class='ocrx_word' id='word_1_470' title='bbox 2532 4255 2665 4315; x_wconf 84' lang='lat' dir='ltr'><strong>quae</strong></span> <span class='ocrx_word' id='word_1_471' title='bbox 2719 4238 2872 4299; x_wconf 88' lang='lat' dir='ltr'><strong>nihil</strong></span> 
     </span>
     <span class='ocr_line' id='line_1_50' title="bbox 462 4308 2877 4389; baseline 0.002 -28"><span class='ocrx_word' id='word_1_472' title='bbox 462 4312 892 4385; x_wconf 69' lang='lat' dir='ltr'><strong>praesupponit,</strong></span> <span class='ocrx_word' id='word_1_473' title='bbox 922 4308 1062 4379; x_wconf 83' lang='lat' dir='ltr'><strong>quia</strong></span> <span class='ocrx_word' id='word_1_474' title='bbox 1093 4321 1232 4389; x_wconf 34' lang='lat' dir='ltr'><strong>&#39;non</strong></span> <span class='ocrx_word' id='word_1_475' title='bbox 1276 4314 1471 4379; x_wconf 86' lang='lat' dir='ltr'><strong>potest</strong></span> <span class='ocrx_word' id='word_1_476' title='bbox 1510 4309 1738 4382; x_wconf 84' lang='lat' dir='ltr'><strong>aliquid</strong></span> <span class='ocrx_word' id='word_1_477' title='bbox 1786 4310 2162 4380; x_wconf 76' lang='lat' dir='ltr'><strong>praeexistere</strong></span> <span class='ocrx_word' id='word_1_478' title='bbox 2213 4311 2376 4383; x_wconf 85' lang='lat' dir='ltr'><strong>quod</strong></span> <span class='ocrx_word' id='word_1_479' title='bbox 2429 4310 2512 4368; x_wconf 88' lang='lat' dir='ltr'><strong>sit</strong></span> <span class='ocrx_word' id='word_1_480' title='bbox 2555 4317 2725 4370; x_wconf 83' lang='lat' dir='ltr'><strong>extra</strong></span> <span class='ocrx_word' id='word_1_481' title='bbox 2766 4323 2877 4369; x_wconf 89' lang='lat' dir='ltr'><strong>ens</strong></span> 
     </span>
     <span class='ocr_line' id='line_1_51' title="bbox 462 4376 2874 4447; baseline 0.002 -13"><span class='ocrx_word' id='word_1_482' title='bbox 462 4376 820 4445; x_wconf 80' lang='lat' dir='ltr'><strong>simpliciter</strong></span> <span class='ocrx_word' id='word_1_483' title='bbox 848 4394 863 4431; x_wconf 76' lang='lat' dir='ltr'><em>z</em></span> <span class='ocrx_word' id='word_1_484' title='bbox 896 4391 999 4447; x_wconf 89' lang='lat' dir='ltr'><strong>per</strong></span> <span class='ocrx_word' id='word_1_485' title='bbox 1027 4378 1180 4436; x_wconf 90' lang='lat' dir='ltr'><strong>alias</strong></span> <span class='ocrx_word' id='word_1_486' title='bbox 1208 4385 1405 4441; x_wconf 85' lang='lat' dir='ltr'><strong>autem</strong></span> <span class='ocrx_word' id='word_1_487' title='bbox 1433 4380 1726 4438; x_wconf 76' lang='lat' dir='ltr'><strong>factiones</strong></span> <span class='ocrx_word' id='word_1_488' title='bbox 1754 4379 1819 4437; x_wconf 85' lang='lat' dir='ltr'><strong>tit</strong></span> <span class='ocrx_word' id='word_1_489' title='bbox 1846 4380 1960 4437; x_wconf 86' lang='lat' dir='ltr'><strong>hoc</strong></span> <span class='ocrx_word' id='word_1_490' title='bbox 1989 4394 2100 4438; x_wconf 86' lang='lat' dir='ltr'><strong>ens</strong></span> <span class='ocrx_word' id='word_1_491' title='bbox 2132 4380 2226 4438; x_wconf 81' lang='lat' dir='ltr'><strong>vel</strong></span> <span class='ocrx_word' id='word_1_492' title='bbox 2254 4382 2371 4438; x_wconf 87' lang='lat' dir='ltr'><strong>tale</strong></span> <span class='ocrx_word' id='word_1_493' title='bbox 2401 4398 2417 4437; x_wconf 76' lang='lat' dir='ltr'><strong>t</strong></span> <span class='ocrx_word' id='word_1_494' title='bbox 2450 4395 2584 4438; x_wconf 87' lang='lat' dir='ltr'><strong>nam</strong></span> <span class='ocrx_word' id='word_1_495' title='bbox 2617 4396 2692 4438; x_wconf 82' lang='lat' dir='ltr'><strong>ex</strong></span> <span class='ocrx_word' id='word_1_496' title='bbox 2734 4386 2874 4439; x_wconf 85' lang='lat' dir='ltr'><strong>ente</strong></span> 
     </span>
     <span class='ocr_line' id='line_1_52' title="bbox 461 4446 2695 4523; baseline 0.003 -21"><span class='ocrx_word' id='word_1_497' title='bbox 461 4446 879 4519; x_wconf 79' lang='lat' dir='ltr'><strong>praeexistente</strong></span> <span class='ocrx_word' id='word_1_498' title='bbox 906 4446 973 4504; x_wconf 84' lang='lat' dir='ltr'><strong>fit</strong></span> <span class='ocrx_word' id='word_1_499' title='bbox 1001 4447 1116 4506; x_wconf 86' lang='lat' dir='ltr'><strong>boc</strong></span> <span class='ocrx_word' id='word_1_500' title='bbox 1143 4462 1254 4507; x_wconf 87' lang='lat' dir='ltr'><strong>ens</strong></span> <span class='ocrx_word' id='word_1_501' title='bbox 1284 4449 1374 4507; x_wconf 78' lang='lat' dir='ltr'><strong>vel</strong></span> <span class='ocrx_word' id='word_1_502' title='bbox 1402 4451 1541 4508; x_wconf 81' lang='lat' dir='ltr'><strong>talc.</strong></span> <span class='ocrx_word' id='word_1_503' title='bbox 1575 4454 1727 4523; x_wconf 83' lang='lat' dir='ltr'><strong>Ergo</strong></span> <span class='ocrx_word' id='word_1_504' title='bbox 1753 4451 1977 4508; x_wconf 84' lang='lat' dir='ltr'><strong>creatio</strong></span> <span class='ocrx_word' id='word_1_505' title='bbox 2007 4457 2098 4508; x_wconf 82' lang='lat' dir='ltr'><strong>est</strong></span> <span class='ocrx_word' id='word_1_506' title='bbox 2121 4452 2359 4522; x_wconf 86' lang='lat' dir='ltr'><strong>propria</strong></span> <span class='ocrx_word' id='word_1_507' title='bbox 2384 4452 2486 4508; x_wconf 82' lang='lat' dir='ltr'><strong>Dei</strong></span> <span class='ocrx_word' id='word_1_508' title='bbox 2516 4451 2695 4509; x_wconf 85' lang='lat' dir='ltr'><strong>actio.</strong></span> 
     </span>
    </p>
   </div>
   <div class='ocr_carea' id='block_1_6' title="bbox 3041 2459 3046 3797">
    <p class='ocr_par' dir='ltr' id='par_1_10' title="bbox 3041 2459 3046 3797">
     <span class='ocr_line' id='line_1_53' title="bbox 3041 2459 3046 3797; baseline 0 0"><span class='ocrx_word' id='word_1_509' title='bbox 3041 2459 3046 3797; x_wconf 95' lang='lat' dir='ltr'><strong> </strong></span> 
     </span>
    </p>
   </div>
   <div class='ocr_carea' id='block_1_7' title="bbox 3039 6 3049 1888">
    <p class='ocr_par' dir='ltr' id='par_1_11' title="bbox 3039 6 3049 1888">
     <span class='ocr_line' id='line_1_54' title="bbox 3039 6 3049 1888; baseline 0 0"><span class='ocrx_word' id='word_1_510' title='bbox 3039 6 3049 1888; x_wconf 95' lang='lat' dir='ltr'><strong> </strong></span> 
     </span>
    </p>
   </div>
  </div>
 </body>
</html>
