3076 5025
374 297 480 355 390
1237 288 1374 348 Lm.
1411 289 1511 357 111,
1549 287 1704 345 CAP.
1737 285 1920 346 xcvi.

372 412 757 542 enuffilis.
782 411 932 538 Bititisc
957 410 1236 485 estquod
1259 410 1498 481 dicitur,
1521 408 1750 480 Jacobi,
1774 421 1863 478 Π,
1891 411 1925 466 3
1955 426 1971 464 :
1999 409 2209 470 Petitis,
2238 410 2293 463 et
2313 420 2426 462 vion
2448 405 2730 477 accipitis,
2757 418 2816 462 eo

373 487 525 562 quoa
663 500 691 539 e
803 499 836 538 a
918 525 931 538 ο
953 513 960 526 “
2851 519 2857 536 i

450 487 963 616 Similiteffiutem
989 566 1062 610 ex
1083 551 1200 610 hoc
1228 550 1389 624 quod
1423 552 1583 610 Deus
1611 550 1688 609 ad
1718 548 2179 609 desiderandum
2225 553 2446 617 movet,
2498 551 2818 606 ostensum
2852 593 2859 604 .

378 634 476 688 est
503 626 657 699 (cap.
687 623 779 696 95)
807 622 1173 682 conveniens
1202 634 1339 702 esse
1367 620 1530 695 quod
1578 620 1877 702 desideria
1915 619 2180 692 impleat.
2228 617 2444 700 liobile
2483 622 2717 699 autern,
2747 616 2821 674 ad
2856 680 2861 684 ,

375 697 560 757 finem
590 700 794 754 motus
823 706 947 751 non
975 692 1320 764 perducitur
1345 706 1383 750 a
1408 697 1707 761 movente,
1735 704 1856 750 nisi
1879 696 2082 750 motus
2110 694 2513 748 continuetur.
2533 688 2596 745 Si
2627 691 2821 760 igitur

375 772 582 827 motus
610 764 890 824 desiderii
913 777 1022 835 per
1049 762 1344 822 orationis
1371 763 1722 821 instantiam
1742 775 1867 820 uon
1893 764 2298 829 continuetur,
2326 772 2452 819 uon
2480 763 2575 817 est
2601 757 2823 839 incon·

378 838 632 896 veniens
660 836 713 894 si
743 834 937 894 oratio
970 831 1247 892 effectum
1276 831 1541 892 debitum
1570 846 1695 890 nou
1714 833 2021 893 sortiatur.
2052 831 2202 890 Hinc
2229 829 2504 905 estquod
2522 831 2825 887 Dominus

377 908 546 977 dicit,
587 908 780 974 Lucae,
835 917 1015 985 xum,
1040 910 1076 962 Ἰ
1109 905 1420 972 :Quoniam
1462 907 1673 974 oportet
1714 919 1922 974 semper·
1964 918 2141 967 orare,
2170 905 2358 959 ernon
2398 900 2640 972 deficere.
2688 901 2764 958 Et
2798 898 2827 955 1

378 979 618 1048 Thess„
643 988 708 1047 v,
740 980 829 1044 17,
856 975 1000 1034 dicit
1026 974 1350 1046 Apostolus
1381 992 1398 1031 z
1429 975 1562 1031 Siue
1581 976 1979 1030 intermissione
2001 977 2170 1029 orate.

454 1050 685 1116 Rursus,
717 1051 1028 1105 ostensum
1057 1051 1151 1105 est
1177 1044 1329 1117 (cap.
1359 1043 1452 1117 95)
1481 1044 1642 1118 quod
1665 1047 1824 1103 Deus
1851 1042 2166 1104 rationalis
2210 1046 2497 1102 creaturae
2538 1040 2829 1119 decenter

380 1117 749 1180 desiderium
772 1116 1000 1189 implet,
1029 1114 1093 1173 in
1122 1122 1411 1188 quantum
1436 1115 1492 1173 ei
1534 1115 1990 1188 appropinquat.
2019 1113 2468 1188 Appropinquat
2510 1116 2722 1171 autem
2772 1122 2827 1169 ei

384 1188 610 1262 aliquis
651 1201 757 1260 per
806 1186 1393 1258 contemplationem,
1437 1191 1497 1244 et
1541 1186 1814 1245 devotam
1855 1183 2266 1253 affectionem,
2315 1189 2374 1242 et
2416 1181 2741 1251 humilem,
2770 1183 2829 1239 et

380 1258 617 1318 firmam
643 1258 1058 1316 intentionem.
1084 1256 1193 1314 illa
1215 1257 1400 1329 igitur
1424 1257 1618 1315 oratio
1647 1270 1779 1331 quae
1810 1256 1900 1314 sic
1928 1259 2050 1315 Deo
2075 1268 2195 1314 non
2213 1253 2675 1327 appropinquat,
2700 1262 2829 1309 non

382 1330 619 1389 estDeo
649 1327 1026 1386 exaudibilis.
1057 1327 1224 1385 Unde
1254 1328 1402 1385 etin
1435 1329 1532 1385 Ps.
1564 1340 1644 1395 ci,
1677 1330 1743 1385 18
1784 1326 2001 1388 dicitnr
2052 1344 2069 1383 ε
2117 1327 2374 1397 Respexit
2413 1327 2477 1380 iii
2521 1326 2830 1380 orationem

384 1400 696 1458 humilium.
730 1400 798 1456 Et
821 1397 1049 1466 Jacobi,
1068 1411 1113 1467 1,
1129 1401 1163 1455 6
1194 1415 1210 1454 t
1240 1393 1481 1455 Pottulet
1505 1402 1685 1454 autem
1709 1400 1773 1454 in
1797 1398 1923 1469 fide,
1947 1397 2093 1454 nihil
2117 1397 2393 1460 liaesitans,

453 1472 608 1539 Item,
637 1474 949 1528 ostensum
980 1473 1073 1526 est
1122 1482 1252 1540 cap.
1280 1467 1371 1540 95)
1387 1468 1565 1549 ,quod
1603 1468 1834 1527 ratione
1860 1468 2160 1536 amicitiai,
2192 1468 2351 1526 Deus
2397 1470 2537 1545 vota
2579 1463 2828 1543 piorum

384 1539 646 1600 exaudit.
676 1539 787 1608 Qui
811 1538 997 1620 igitur
1021 1552 1061 1596 a
1136 1539 1189 1595 ei
1222 1539 1487 1596 amicitia
1513 1537 1775 1596 declinat
1820 1552 1945 1597 non
1975 1542 2067 1597 est
2115 1537 2339 1611 diguus
2365 1540 2434 1595 ut
2459 1548 2592 1606 ejus
2622 1539 2826 1593 oratio

389 1610 763 1669 exaudiatur.
794 1610 944 1667 Hinc
994 1614 1086 1667 est
1131 1609 1292 1681 quod
1337 1611 1534 1679 Prov„
1564 1621 1782 1679 xxvm,
1807 1612 1863 1677 9,
1910 1608 2129 1668 dicitur
2156 1626 2172 1667 t
2196 1607 2308 1676 Qui·
2352 1606 2592 1664 declinat
2636 1618 2830 1661 aiu-eiii

384 1695 543 1738 suom
568 1694 636 1736 ne
660 1680 859 1735 audiat
884 1681 1069 1748 leqem,
1097 1681 1273 1736 oratio
1299 1679 1419 1749 ejus
1448 1682 1556 1736 erit
1578 1680 1918 1737 execrabilis.
1951 1681 2019 1738 Et
2061 1678 2255 1749 Isaiae,
2280 1692 2326 1748 1,
2357 1681 2425 1735 15
2455 1693 2471 1733 τ
2502 1677 2637 1734 Cum
2682 1674 2827 1732 mul-

386 1751 767 1820 tipticavmtis
779 1753 1082 1829 ‚orationem
1102 1764 1212 1806 non
1231 1750 1524 1806 exaudiam
1551 1768 1570 1805 ε
1596 1766 1791 1807 monus
1817 1752 1964 1807 enim
1981 1754 2172 1807 vestrae
2190 1749 2458 1817 sanquine
2469 1747 2652 1817 plenae
2672 1747 2824 1803 emit.

462 1821 545 1899 Er
573 1819 686 1876 bac
715 1823 894 1877 etiam
921 1819 1119 1878 radice
1144 1820 1414 1891 procedit
1442 1819 1605 1893 quod
1638 1819 1879 1893 quando
1922 1835 1997 1881 ue
2021 1819 2241 1894 aliquis
2290 1818 2396 1877 Dei
2436 1816 2675 1877 amiciis
2703 1828 2826 1874 non

388 1889 686 1958 audiatur,
716 1888 957 1961 quaudo
979 1903 1089 1961 pro
1117 1890 1214 1948 bis
1242 1903 1310 1948 ro
1354 1890 1545 1963 atqui
1572 1904 1697 1949 non
1726 1897 1868 1950 sunt
1945 1891 2001 1949 ei
2046 1889 2247 1959 amici,
2289 1887 2622 1947 secundum
2674 1883 2827 1946 illud

386 1961 1013 2027 serem3vii,16:1¹u
1043 1963 1896 2033 cutemnoiorarepropopulo
1934 1958 2826 2030 lice,iiecassiunasproei'elau-

387 2031 530 2098 dem,
559 2033 610 2085 et
637 2030 952 2097 orationem,
977 2034 1030 2084 et
1049 2045 1157 2086 riori
1183 2030 1413 2088 obsistas
1436 2031 1596 2101 mihi,
1659 2035 1757 2087 uia
1784 2047 1894 2088 non
1918 2031 2216 2089 exaudiam
2237 2035 2309 2088 te.

417 2170 429 2182 ·
460 2099 1380 2181 Contingitautemquandoque
1409 2101 1573 2173 quod
1595 2114 1633 2159 a
1660 2100 1820 2174 iquis
1849 2115 1922 2160 ex
1950 2101 2218 2160 amicitia
2243 2100 2501 2174 denegat
2527 2098 2698 2173 quod
2724 2110 2824 2178 pe:

387 2174 534 2228 titur
560 2169 634 2228 ab
666 2181 881 2251 amico,
913 2183 1055 2242 quia
1088 2176 1400 2251 cognoscit
1448 2171 1563 2228 hoc
1609 2171 1663 2229 ei
1713 2184 1848 2230 esse
1890 2172 2194 2243 nocivum,
2232 2172 2326 2230 vel
2371 2170 2746 2230 contrarium
2768 2182 2823 2227 ei

388 2240 583 2322 magis
612 2239 910 2312 expedire,
940 2245 1004 2298 ut
1031 2239 1302 2322 medicus
1331 2240 1658 2299 infirmanti
1685 2241 2045 2316 quandoque
2070 2246 2251 2315 negat
2278 2241 2440 2315 quod
2479 2240 2650 2313 petit,
2680 2252 2823 2299 con·

390 2310 665 2371 siderans
693 2309 854 2382 quod
881 2323 1004 2393 uon
1034 2310 1270 2383 expedit
1298 2312 1352 2369 ei
1382 2311 1457 2372 ad
1494 2312 1751 2371 salutem
1796 2312 2067 2385 corporis
2094 2311 2601 2386 consequendam.
2631 2309 2820 2380 Unde,

388 2394 526 2440 cum
556 2386 869 2462 ostensum
894 2388 975 2439 sit
1001 2381 1161 2454 quod
1190 2384 1348 2440 Deus
1377 2397 1450 2441 ex
1477 2396 1682 2441 amore
1725 2397 1904 2456 quem
1959 2382 2034 2441 ad
2080 2388 2414 2442 creaturam
2459 2381 2818 2440 rationalem

389 2450 568 2533 babet
621 2465 753 2524 eJus
790 2450 1087 2512 desideria
1129 2451 1373 2525 impleat
1418 2466 1526 2526 per
1565 2454 1899 2514 orationem
1952 2453 2072 2514 sibi
2114 2467 2224 2527 pro
2267 2454 2510 2525 ositam‚
2558 2465 2691 2510 non
2732 2453 2823 2510 est

387 2522 727 2604 mirandum
763 2523 814 2582 si
844 2523 1203 2605 quaudoque
1228 2536 1436 2583 eorum
1465 2524 1644 2606 etiam
1672 2538 1828 2606 quos
1867 2526 2163 2608 praecipue
2206 2468 2311 2584 dpili
2363 2525 2425 2595 ἰ,
2468 2523 2819 2596 petitionem

387 2606 511 2651 nou
541 2593 767 2664 implet,
798 2599 865 2651 ut
891 2594 1133 2675 impleat
1159 2594 1318 2668 quod
1339 2601 1571 2676 petenti
1619 2609 1815 2669 magis
1865 2596 2106 2668 expedit
2158 2595 2234 2655 ad
2271 2609 2342 2655 sa
2367 2599 2550 2664 utem,
2576 2599 2820 2667 propter

386 2662 615 2791 uu}
639 2663 1390 2795 ti2¹⁰.÷²z¹i·;¹.:¹¹afr¹u
1420 2667 1818 2796 ”garriret
1845 2667 2385 2797 auratus
2411 2669 2823 2795 viarius

386 2805 438 2862 11
468 2804 883 2888 cqrinin.,xu‚
909 2808 1029 2863 7-9.
1072 2806 1235 2864 unce
1284 2811 1344 2866 et
1381 2808 1583 2877 naith,
1619 2819 1721 2878 xx,
1763 2812 1857 2879 22,
1896 2807 2255 2882 quibusdam
2295 2778 2589 2865 noininus
2631 2805 2816 2864 dicit:

384 2875 619 2934 Nescitis
648 2875 783 2945 quid
804 2878 1026 2946 petatis.
1059 2877 1125 2932 Et
1154 2878 1347 2949 Rom„
1374 2890 1507 2947 vni,
1536 2877 1862 2947 26,dicitur
1891 2880 2075 2938 :Nam
2102 2879 2238 2950 quid
2262 2892 2473 2937 ereinuc
2500 2879 2644 2932 sicict
2668 2891 2821 2949 opor-

386 2948 483 3014 tet,
513 2947 798 3025 nescimus.
834 2946 902 3001 Et
929 2950 1169 3017 propter
1196 2946 1312 3005 hoc
1337 2948 1711 3020 Augustinus
1737 2948 1881 3006 dicit
1928 2949 1989 3006 in
2048 2950 2232 3021 Epist.
2262 2947 2338 3006 ad
2390 2946 2716 3006 Paulinum
2764 2950 2820 3004 et

383 3014 728 3073 Therasiam
752 3033 765 3070 :
791 3035 822 3067 i<
843 3017 1045 3096 bonus
1060 3017 1372 3088 Dominus,
1392 3018 1495 3092 qui
1517 3031 1640 3076 non
1660 3017 1869 3077 tribuit
1887 3031 2048 3092 saepe
2065 3019 2229 3095 quod
2248 3017 2548 3088 volumus,
2569 3022 2637 3076 ιιι
2653 3015 2818 3093 quod

384 3084 705 3143 mallemus
733 3085 1016 3144 attribuat
1052 3105 1106 3142 ».

457 3156 625 3236 Patet
668 3153 853 3228 igitur
879 3170 952 3236 ex
980 3156 1314 3238 praemissis
1381 3156 1501 3215 uod
1528 3157 1872 3232 aliquorum
1900 3174 2035 3233 quae
2057 3158 2211 3220 fiunt
2244 3174 2285 3219 a
2310 3162 2433 3218 Deo
2461 3172 2649 3219 causa
2675 3162 2820 3217 sunt

386 3230 693 3306 orationes
742 3229 801 3306 et
836 3238 937 3307 pia
982 3225 1330 3309 desideria..
1398 3232 1672 3287 stensum
1721 3236 1816 3289 est
1855 3234 2055 3289 autem
2099 3244 2285 3303 supra
2322 3230 2419 3303 (ca
2466 3273 2481 3288 .
2525 3228 2616 3302 43)
2654 3227 2814 3302 quod

385 3293 588 3354 divina
607 3295 979 3367 providentia
1004 3309 1221 3355 causas
1253 3297 1405 3357 alias
1433 3311 1559 3357 non
1598 3300 1878 3370 excludit,
1909 3301 2057 3375 quin
2106 3302 2311 3373 potius
2341 3314 2412 3360 or
2453 3300 2581 3358 inat
2605 3313 2713 3358 eas
2744 3297 2815 3359 ad

385 3364 504 3423 boc
550 3365 713 3438 quod
756 3365 905 3424 ordo
947 3380 1123 3439 quem
1170 3367 1327 3438 apud
1373 3381 1440 3427 se
1477 3371 1689 3429 statuit
1727 3370 1910 3430 rebus
1971 3371 2342 3443 imponatur;
2387 3376 2447 3430 et
2492 3371 2583 3429 sic
2615 3382 2816 3429 causae

384 3435 666 3494 secundae
694 3449 818 3517 non
845 3443 1182 3519 repugnant
1207 3438 1617 3509 providentiae,
1646 3441 1753 3500 sed
1786 3441 1983 3515 magis
2008 3441 2397 3514 providentiae
2441 3447 2816 3515 exequuntur

383 3498 684 3587 effectum.
716 3508 814 3564 Sic
843 3521 986 3588 ergo
1014 3513 1319 3588 orationes
1342 3508 1500 3580 apud
1527 3512 1714 3569 Deum
1746 3511 2022 3572 efficaces
2051 3518 2214 3584 sunt,
2243 3525 2368 3572 non
2402 3516 2605 3570 tamen
2655 3511 2815 3569 ordi·

383 3588 525 3657 nem
554 3566 988 3657 immutabilem
1017 3577 1235 3638 divinae
1259 3579 1649 3661 providentia>
1673 3582 1937 3655 solvunt,
1966 3583 2110 3656 quia
2140 3588 2200 3642 et
2243 3582 2360 3642 hoc
2411 3582 2612 3654 ipsum
2652 3578 2814 3655 quod

382 3645 489 3704 tali
514 3652 738 3728 petenti
765 3647 879 3705 hoc
907 3648 1268 3707 concedatur
1294 3650 1410 3709 sub
1451 3650 1663 3709 ordine
1691 3651 1908 3712 divinae
1955 3652 2344 3726 providentiae
2384 3652 2563 3712 cadit.
2605 3651 2814 3710 Simile

382 3721 478 3773 est
503 3730 647 3791 ergo
674 3717 880 3800 dicere⁸
897 3731 1185 3801 non-esse
1230 3720 1546 3791 orandum,
1575 3727 1644 3781 ut
1687 3722 1916 3797 aliquid
1959 3736 2404 3798 consequamur
2427 3736 2466 3783 a
2491 3724 2639 3793 De0,
2671 3722 2815 3795 quia

382 3784 530 3843 ordo
561 3800 687 3846 suae
716 3788 1101 3872 providentia}
1133 3796 1226 3849 est
1250 3790 1669 3863 immutabilis,
1695 3807 1767 3851 ac
1796 3794 1851 3854 si
1879 3793 2178 3853 diceretur
2211 3794 2373 3868 quod
2396 3807 2520 3853 non
2556 3798 2651 3852 est
2686 3807 2811 3852 am·

379 3853 731 3941 bulandum‚
763 3863 829 3918 ut
849 3872 1266 3931 perveniamus
1302 3861 1377 3919 ad
1418 3860 1644 3935 locum,
1690 3876 1805 3924 nec
1846 3864 2281 3926 comedendum
2327 3869 2398 3927 ut
2439 3865 2807 3934 nutriamur;

381 3937 515 3997 quae
543 3939 749 3987 omnia
777 3935 940 4002 patet
966 3942 1104 3990 esse
1132 3931 1410 3991 absurda.

451 3997 796 4079 includitur
819 4011 964 4074 ergo
1010 4016 1081 4060 ex
1126 4003 1458 4074 praemissis
1482 4003 1721 4086 ‚duplex
1768 4020 1937 4065 error
1968 4006 2130 4067 circa
2170 4008 2525 4067 orationem.
2553 4006 2808 4076 Quidam

378 4077 548 4146 omui
571 4065 847 4151 dixerunt
891 4071 1122 4131 nullum
1169 4086 1304 4132 esse
1346 4079 1639 4135 orationis
1688 4076 1979 4147 fructum3
2024 4077 2187 4151 quod
2240 4078 2483 4153 quidem
2531 4077 2808 4137 dicebant

377 4139 503 4195 tam
531 4135 621 4193 illi
650 4153 751 4211 qui
781 4141 1082 4224 negabant
1108 4142 1366 4225 divi-nam
1386 4145 1851 4227 providentiam,
1883 4148 2042 4229 sicut
2064 4148 2359 4221 Epicurei,
2431 4160 2569 4208 uam
2596 4146 2804 4219 iniqui

376 4217 479 4265 res
507 4204 804 4268 humanas
830 4211 1045 4295 divinia
1069 4215 1454 4297 providentiis
1509 4215 1941 4277 subtrahebant
1965 4224 2126 4279 sicut
2152 4219 2339 4293 aliqui
2386 4163 2804 4292 garipatetico-

374 4287 535 4359 rum,
561 4289 672 4335 nec
698 4291 818 4337 non
847 4286 904 4361 et
930 4283 1018 4342 illi
1049 4299 1151 4357 qui
1179 4298 1384 4345 omnia
1420 4300 1554 4359 quae
1595 4289 1981 4360 providentiae
2026 4288 2306 4359 subsunt,
2336 4304 2410 4349 ex
2447 4290 2803 4349 necessitate

372 4351 724 4431 contingere
749 4349 1206 4434 arbitrabantur,
1229 4357 1388 4416 sicut
1408 4358 1616 4417 Stoici.
1644 4361 1726 4417 Ex
1752 4359 1848 4418 his
1873 4360 2034 4420 enim
2053 4360 2339 4421 omnibus
2356 4360 2631 4433 sequitur
2642 4359 2802 4433 quod

373 4418 579 4478 nullus
607 4424 687 4480 sit
714 4425 1008 4482 orationis
1034 4424 1285 4498 fructus,
1313 4432 1374 4486 et
1398 4441 1505 4502 per
1530 4441 1911 4504 consequens
1933 4431 2097 4505 quod
2123 4431 2325 4491 omnis
2343 4430 2584 4492 deitatis
2601 4432 2797 4491 cultus
