<?xml version="1.0" encoding="UTF-8"?>
<!DOCTYPE html PUBLIC "-//W3C//DTD XHTML 1.0 Transitional//EN"
    "http://www.w3.org/TR/xhtml1/DTD/xhtml1-transitional.dtd">
<html xmlns="http://www.w3.org/1999/xhtml" xml:lang="en" lang="en">
 <head>
  <title>
</title>
<meta http-equiv="Content-Type" content="text/html;charset=utf-8" />
  <meta name='ocr-system' content='tesseract 3.04.00' />
  <meta name='ocr-capabilities' content='ocr_page ocr_carea ocr_par ocr_line ocrx_word'/>
</head>
<body>
  <div class='ocr_page' id='page_1' title='image "./deveritatecatho00rubegoog_0159.png"; bbox 0 0 3076 5025; ppageno 0'>
   <div class='ocr_carea' id='block_1_1' title="bbox 31 1430 34 2249">
    <p class='ocr_par' dir='ltr' id='par_1_1' title="bbox 31 1430 34 2249">
     <span class='ocr_line' id='line_1_1' title="bbox 31 1430 34 2249; baseline 0 0"><span class='ocrx_word' id='word_1_1' title='bbox 31 1430 34 2249; x_wconf 95' lang='lat' dir='ltr'><strong> </strong></span> 
     </span>
    </p>
   </div>
   <div class='ocr_carea' id='block_1_2' title="bbox 1075 320 2592 389">
    <p class='ocr_par' dir='ltr' id='par_1_2' title="bbox 1075 320 2592 389">
     <span class='ocr_line' id='line_1_2' title="bbox 1075 320 2592 389; baseline -0.001 -10"><span class='ocrx_word' id='word_1_2' title='bbox 1075 321 1211 379; x_wconf 78' lang='lat' dir='ltr'><strong>Lm.</strong></span> <span class='ocrx_word' id='word_1_3' title='bbox 1249 320 1323 389; x_wconf 86' lang='grc' dir='ltr'><strong>ΙΙ,</strong></span> <span class='ocrx_word' id='word_1_4' title='bbox 1363 320 1516 377; x_wconf 77' lang='lat' dir='ltr'><strong>GAP.</strong></span> <span class='ocrx_word' id='word_1_5' title='bbox 1555 320 1685 378; x_wconf 77' lang='lat' dir='ltr'><strong>xxi.</strong></span> <span class='ocrx_word' id='word_1_6' title='bbox 2494 325 2592 378; x_wconf 74' lang='lat'><strong>123</strong></span> 
     </span>
    </p>
   </div>
   <div class='ocr_carea' id='block_1_3' title="bbox 164 441 2599 4541">
    <p class='ocr_par' dir='ltr' id='par_1_3' title="bbox 230 441 2580 517">
     <span class='ocr_line' id='line_1_3' title="bbox 230 441 2580 517; baseline -0 -14"><span class='ocrx_word' id='word_1_7' title='bbox 230 447 513 516; x_wconf 72' lang='lat' dir='ltr'><strong>Amplius,</strong></span> <span class='ocrx_word' id='word_1_8' title='bbox 564 442 843 517; x_wconf 86' lang='lat' dir='ltr'><strong>quicquid</strong></span> <span class='ocrx_word' id='word_1_9' title='bbox 898 449 992 503; x_wconf 88' lang='grc' dir='ltr'><strong>εει</strong></span> <span class='ocrx_word' id='word_1_10' title='bbox 1046 448 1355 502; x_wconf 86' lang='lat' dir='ltr'><strong>causatum</strong></span> <span class='ocrx_word' id='word_1_11' title='bbox 1408 442 1737 500; x_wconf 88' lang='lat' dir='ltr'><strong>secundum</strong></span> <span class='ocrx_word' id='word_1_12' title='bbox 1793 441 2056 516; x_wconf 80' lang='lat' dir='ltr'>aliquam</span> <span class='ocrx_word' id='word_1_13' title='bbox 2109 447 2403 512; x_wconf 84' lang='lat' dir='ltr'><strong>naturam,</strong></span> <span class='ocrx_word' id='word_1_14' title='bbox 2455 458 2580 503; x_wconf 86' lang='lat' dir='ltr'><strong>non</strong></span> 
     </span>
    </p>

    <p class='ocr_par' dir='ltr' id='par_1_4' title="bbox 164 513 2588 658">
     <span class='ocr_line' id='line_1_4' title="bbox 164 513 2574 645; baseline -0.001 -71"><span class='ocrx_word' id='word_1_15' title='bbox 164 522 361 645; x_wconf 52' lang='lat' dir='ltr'><strong>§otest</strong></span> <span class='ocrx_word' id='word_1_16' title='bbox 389 530 532 574; x_wconf 89' lang='lat' dir='ltr'><strong>esse</strong></span> <span class='ocrx_word' id='word_1_17' title='bbox 556 516 744 596; x_wconf 81' lang='lat' dir='ltr'><strong>prima</strong></span> <span class='ocrx_word' id='word_1_18' title='bbox 788 513 1157 571; x_wconf 86' lang='lat' dir='ltr'><strong>causaillius</strong></span> <span class='ocrx_word' id='word_1_19' title='bbox 1201 520 1451 579; x_wconf 68' lang='lat' dir='ltr'><strong>naturae.</strong></span> <span class='ocrx_word' id='word_1_20' title='bbox 1510 513 1616 571; x_wconf 85' lang='lat' dir='ltr'><strong>sed</strong></span> <span class='ocrx_word' id='word_1_21' title='bbox 1662 513 1928 572; x_wconf 88' lang='lat' dir='ltr'><strong>secunda</strong></span> <span class='ocrx_word' id='word_1_22' title='bbox 1972 518 2031 572; x_wconf 87' lang='lat' dir='ltr'><strong>et</strong></span> <span class='ocrx_word' id='word_1_23' title='bbox 2077 513 2574 572; x_wconf 77' lang='lat' dir='ltr'><strong>instrumentalis.</strong></span> 
     </span>
     <span class='ocr_line' id='line_1_5' title="bbox 208 583 2588 658; baseline -0 -14"><span class='ocrx_word' id='word_1_24' title='bbox 208 592 449 644; x_wconf 87' lang='lat' dir='ltr'><strong>ocrates</strong></span> <span class='ocrx_word' id='word_1_25' title='bbox 482 599 664 654; x_wconf 86' lang='lat' dir='ltr'><strong>enim,</strong></span> <span class='ocrx_word' id='word_1_26' title='bbox 686 583 827 658; x_wconf 88' lang='lat' dir='ltr'><strong>quia</strong></span> <span class='ocrx_word' id='word_1_27' title='bbox 847 585 1021 643; x_wconf 84' lang='lat' dir='ltr'><strong>babet</strong></span> <span class='ocrx_word' id='word_1_28' title='bbox 1050 598 1175 643; x_wconf 77' lang='lat' dir='ltr'><strong>suae</strong></span> <span class='ocrx_word' id='word_1_29' title='bbox 1193 584 1586 642; x_wconf 85' lang='lat' dir='ltr'><strong>humanitatis</strong></span> <span class='ocrx_word' id='word_1_30' title='bbox 1602 598 1868 653; x_wconf 88' lang='lat' dir='ltr'><strong>causam,</strong></span> <span class='ocrx_word' id='word_1_31' title='bbox 1888 596 2009 641; x_wconf 91' lang='lat' dir='ltr'><strong>non</strong></span> <span class='ocrx_word' id='word_1_32' title='bbox 2032 590 2378 655; x_wconf 86' lang='lat' dir='ltr'><strong>potestesse</strong></span> <span class='ocrx_word' id='word_1_33' title='bbox 2395 586 2588 656; x_wconf 85' lang='lat' dir='ltr'><strong>prima</strong></span> 
     </span>
    </p>

    <p class='ocr_par' dir='ltr' id='par_1_5' title="bbox 166 654 2592 1576">
     <span class='ocr_line' id='line_1_6' title="bbox 166 654 2585 729; baseline -0.002 -13"><span class='ocrx_word' id='word_1_34' title='bbox 166 656 561 716; x_wconf 85' lang='lat' dir='ltr'><strong>humanitatis</strong></span> <span class='ocrx_word' id='word_1_35' title='bbox 608 670 823 723; x_wconf 87' lang='lat' dir='ltr'><strong>causa;</strong></span> <span class='ocrx_word' id='word_1_36' title='bbox 910 656 1031 722; x_wconf 87' lang='lat' dir='ltr'><strong>uia,</strong></span> <span class='ocrx_word' id='word_1_37' title='bbox 1063 669 1199 713; x_wconf 88' lang='lat' dir='ltr'><strong>eum</strong></span> <span class='ocrx_word' id='word_1_38' title='bbox 1242 655 1588 713; x_wconf 87' lang='lat' dir='ltr'><strong>humanitas</strong></span> <span class='ocrx_word' id='word_1_39' title='bbox 1634 667 1747 713; x_wconf 86' lang='lat' dir='ltr'><strong>sua</strong></span> <span class='ocrx_word' id='word_1_40' title='bbox 1796 655 1877 712; x_wconf 88' lang='lat' dir='ltr'><strong>sit</strong></span> <span class='ocrx_word' id='word_1_41' title='bbox 1922 654 1998 712; x_wconf 86' lang='lat' dir='ltr'><strong>ab</strong></span> <span class='ocrx_word' id='word_1_42' title='bbox 2043 655 2247 729; x_wconf 84' lang='lat' dir='ltr'><strong>aliquo</strong></span> <span class='ocrx_word' id='word_1_43' title='bbox 2310 661 2585 725; x_wconf 85' lang='lat' dir='ltr'><strong>causata,</strong></span> 
     </span>
     <span class='ocr_line' id='line_1_7' title="bbox 167 670 2584 854; baseline -0.001 -69"><span class='ocrx_word' id='word_1_44' title='bbox 167 733 527 807; x_wconf 79' lang='lat' dir='ltr'><strong>sequeretur</strong></span> <span class='ocrx_word' id='word_1_45' title='bbox 549 726 710 799; x_wconf 88' lang='lat' dir='ltr'><strong>quod</strong></span> <span class='ocrx_word' id='word_1_46' title='bbox 748 670 909 783; x_wconf 61' lang='lat' dir='ltr'><strong>esse‘i</strong></span> <span class='ocrx_word' id='word_1_47' title='bbox 946 724 1239 854; x_wconf 56' lang='lat' dir='ltr'><strong>sniffsms</strong></span> <span class='ocrx_word' id='word_1_48' title='bbox 1269 740 1474 794; x_wconf 88' lang='lat' dir='ltr'><strong>causa,</strong></span> <span class='ocrx_word' id='word_1_49' title='bbox 1501 739 1638 806; x_wconf 79' lang='lat' dir='ltr'><strong>cum</strong></span> <span class='ocrx_word' id='word_1_50' title='bbox 1668 726 1748 783; x_wconf 88' lang='lat' dir='ltr'><strong>sit</strong></span> <span class='ocrx_word' id='word_1_51' title='bbox 1770 724 2021 807; x_wconf 70' lang='lat' dir='ltr'><strong>idquod</strong></span> <span class='ocrx_word' id='word_1_52' title='bbox 2050 731 2142 806; x_wconf 82' lang='grc' dir='ltr'><strong>εει</strong></span> <span class='ocrx_word' id='word_1_53' title='bbox 2169 740 2275 795; x_wconf 80' lang='grc' dir='ltr'>ρει·</span> <span class='ocrx_word' id='word_1_54' title='bbox 2303 725 2584 808; x_wconf 79' lang='lat' dir='ltr'><strong>humani-</strong></span> 
     </span>
     <span class='ocr_line' id='line_1_8' title="bbox 166 797 2584 869; baseline -0 -13"><span class='ocrx_word' id='word_1_55' title='bbox 166 803 379 867; x_wconf 88' lang='lat' dir='ltr'><strong>tatcm;</strong></span> <span class='ocrx_word' id='word_1_56' title='bbox 409 803 471 855; x_wconf 90' lang='lat' dir='ltr'><strong>et</strong></span> <span class='ocrx_word' id='word_1_57' title='bbox 498 797 635 855; x_wconf 88' lang='lat' dir='ltr'><strong>ideo</strong></span> <span class='ocrx_word' id='word_1_58' title='bbox 663 801 1041 869; x_wconf 84' lang='lat' dir='ltr'><strong>oportetque</strong></span> <span class='ocrx_word' id='word_1_59' title='bbox 1108 809 1405 869; x_wconf 82' lang='lat' dir='ltr'><strong>generans</strong></span> <span class='ocrx_word' id='word_1_60' title='bbox 1438 809 1757 854; x_wconf 82' lang='lat' dir='ltr'><strong>univocum</strong></span> <span class='ocrx_word' id='word_1_61' title='bbox 1797 801 1878 854; x_wconf 87' lang='lat' dir='ltr'><strong>sit</strong></span> <span class='ocrx_word' id='word_1_62' title='bbox 1913 809 2085 869; x_wconf 88' lang='lat' dir='ltr'><strong>quasi</strong></span> <span class='ocrx_word' id='word_1_63' title='bbox 2130 810 2316 868; x_wconf 79' lang='lat' dir='ltr'><strong>agens</strong></span> <span class='ocrx_word' id='word_1_64' title='bbox 2361 803 2584 855; x_wconf 82' lang='lat' dir='ltr'><strong>instru-</strong></span> 
     </span>
     <span class='ocr_line' id='line_1_9' title="bbox 166 866 2584 939; baseline -0.001 -12"><span class='ocrx_word' id='word_1_65' title='bbox 166 868 428 927; x_wconf 85' lang='lat' dir='ltr'><strong>mentale</strong></span> <span class='ocrx_word' id='word_1_66' title='bbox 459 874 734 939; x_wconf 87' lang='lat' dir='ltr'><strong>respectu</strong></span> <span class='ocrx_word' id='word_1_67' title='bbox 762 867 892 938; x_wconf 83' lang='lat' dir='ltr'><strong>ejus</strong></span> <span class='ocrx_word' id='word_1_68' title='bbox 920 879 1055 939; x_wconf 86' lang='lat' dir='ltr'><strong>quae</strong></span> <span class='ocrx_word' id='word_1_69' title='bbox 1082 872 1171 924; x_wconf 90' lang='lat' dir='ltr'><strong>est</strong></span> <span class='ocrx_word' id='word_1_70' title='bbox 1199 880 1384 924; x_wconf 81' lang='lat' dir='ltr'><strong>causa</strong></span> <span class='ocrx_word' id='word_1_71' title='bbox 1413 866 1696 938; x_wconf 86' lang='lat' dir='ltr'><strong>primaria</strong></span> <span class='ocrx_word' id='word_1_72' title='bbox 1723 866 1910 925; x_wconf 90' lang='lat' dir='ltr'><strong>totius</strong></span> <span class='ocrx_word' id='word_1_73' title='bbox 1939 866 2184 936; x_wconf 88' lang='lat' dir='ltr'><strong>speciei.</strong></span> <span class='ocrx_word' id='word_1_74' title='bbox 2219 870 2284 924; x_wconf 73' lang='lat' dir='ltr'><strong>Et</strong></span> <span class='ocrx_word' id='word_1_75' title='bbox 2307 867 2446 925; x_wconf 90' lang='lat' dir='ltr'><strong>inde</strong></span> <span class='ocrx_word' id='word_1_76' title='bbox 2488 872 2584 926; x_wconf 84' lang='lat' dir='ltr'><strong>est</strong></span> 
     </span>
     <span class='ocr_line' id='line_1_10' title="bbox 168 937 2586 1019; baseline -0.001 -22"><span class='ocrx_word' id='word_1_77' title='bbox 168 939 328 1019; x_wconf 70' lang='lat' dir='ltr'><strong>quod</strong></span> <span class='ocrx_word' id='word_1_78' title='bbox 358 945 834 1010; x_wconf 88' lang='lat' dir='ltr'><strong>oportetomnes</strong></span> <span class='ocrx_word' id='word_1_79' title='bbox 859 950 1079 995; x_wconf 84' lang='lat' dir='ltr'><strong>causas</strong></span> <span class='ocrx_word' id='word_1_80' title='bbox 1124 937 1442 995; x_wconf 81' lang='lat' dir='ltr'><strong>inferiores</strong></span> <span class='ocrx_word' id='word_1_81' title='bbox 1487 943 1736 1010; x_wconf 81' lang='lat' dir='ltr'><strong>agentes</strong></span> <span class='ocrx_word' id='word_1_82' title='bbox 1783 938 1986 996; x_wconf 86' lang='lat' dir='ltr'>reduci</span> <span class='ocrx_word' id='word_1_83' title='bbox 2035 937 2096 995; x_wconf 91' lang='lat' dir='ltr'><strong>in</strong></span> <span class='ocrx_word' id='word_1_84' title='bbox 2142 951 2360 995; x_wconf 82' lang='lat' dir='ltr'><strong>causas</strong></span> <span class='ocrx_word' id='word_1_85' title='bbox 2407 952 2586 1010; x_wconf 87' lang='lat' dir='ltr'><strong>supe—</strong></span> 
     </span>
     <span class='ocr_line' id='line_1_11' title="bbox 170 1007 2583 1079; baseline -0.001 -11"><span class='ocrx_word' id='word_1_86' title='bbox 170 1022 384 1079; x_wconf 75' lang='lat' dir='ltr'><strong>norea,</strong></span> <span class='ocrx_word' id='word_1_87' title='bbox 416 1009 576 1066; x_wconf 86' lang='lat' dir='ltr'><strong>sicut</strong></span> <span class='ocrx_word' id='word_1_88' title='bbox 604 1008 1093 1066; x_wconf 78' lang='lat' dir='ltr'><strong>instrumentales</strong></span> <span class='ocrx_word' id='word_1_89' title='bbox 1122 1007 1185 1065; x_wconf 89' lang='lat' dir='ltr'><strong>in</strong></span> <span class='ocrx_word' id='word_1_90' title='bbox 1206 1008 1540 1079; x_wconf 88' lang='lat' dir='ltr'><strong>primarias.</strong></span> <span class='ocrx_word' id='word_1_91' title='bbox 1572 1007 1784 1066; x_wconf 88' lang='lat' dir='ltr'><strong>Omnis</strong></span> <span class='ocrx_word' id='word_1_92' title='bbox 1830 1012 2029 1066; x_wconf 87' lang='lat' dir='ltr'><strong>autem</strong></span> <span class='ocrx_word' id='word_1_93' title='bbox 2078 1008 2198 1066; x_wconf 87' lang='lat' dir='ltr'><strong>alia</strong></span> <span class='ocrx_word' id='word_1_94' title='bbox 2244 1008 2583 1067; x_wconf 87' lang='lat' dir='ltr'><strong>substantia</strong></span> 
     </span>
     <span class='ocr_line' id='line_1_12' title="bbox 169 1077 2591 1152; baseline -0.001 -14"><span class='ocrx_word' id='word_1_95' title='bbox 169 1085 384 1152; x_wconf 81' lang='lat' dir='ltr'><strong>praeter</strong></span> <span class='ocrx_word' id='word_1_96' title='bbox 408 1081 598 1136; x_wconf 84' lang='lat' dir='ltr'><strong>Deum</strong></span> <span class='ocrx_word' id='word_1_97' title='bbox 628 1083 721 1137; x_wconf 88' lang='lat' dir='ltr'><strong>est</strong></span> <span class='ocrx_word' id='word_1_98' title='bbox 762 1083 1007 1136; x_wconf 89' lang='lat' dir='ltr'><strong>causata</strong></span> <span class='ocrx_word' id='word_1_99' title='bbox 1035 1077 1098 1135; x_wconf 88' lang='lat' dir='ltr'><strong>in</strong></span> <span class='ocrx_word' id='word_1_100' title='bbox 1143 1085 1428 1151; x_wconf 82' lang='lat' dir='ltr'><strong>quantum</strong></span> <span class='ocrx_word' id='word_1_101' title='bbox 1475 1078 1654 1136; x_wconf 86' lang='lat' dir='ltr'><strong>babet</strong></span> <span class='ocrx_word' id='word_1_102' title='bbox 1696 1090 1833 1136; x_wconf 86' lang='lat' dir='ltr'><strong>esse</strong></span> <span class='ocrx_word' id='word_1_103' title='bbox 1877 1083 2188 1136; x_wconf 87' lang='lat' dir='ltr'><strong>causatum</strong></span> <span class='ocrx_word' id='word_1_104' title='bbox 2235 1079 2310 1136; x_wconf 90' lang='lat' dir='ltr'><strong>ab</strong></span> <span class='ocrx_word' id='word_1_105' title='bbox 2356 1080 2496 1148; x_wconf 89' lang='lat' dir='ltr'><strong>alio,</strong></span> <span class='ocrx_word' id='word_1_106' title='bbox 2528 1084 2591 1137; x_wconf 85' lang='lat' dir='ltr'><strong>ut</strong></span> 
     </span>
     <span class='ocr_line' id='line_1_13' title="bbox 173 1146 2590 1222; baseline -0 -13"><span class='ocrx_word' id='word_1_107' title='bbox 173 1164 356 1222; x_wconf 87' lang='lat' dir='ltr'><strong>supra</strong></span> <span class='ocrx_word' id='word_1_108' title='bbox 382 1150 701 1221; x_wconf 84' lang='lat' dir='ltr'><strong>probatum</strong></span> <span class='ocrx_word' id='word_1_109' title='bbox 731 1154 843 1208; x_wconf 88' lang='lat' dir='ltr'><strong>est.</strong></span> <span class='ocrx_word' id='word_1_110' title='bbox 873 1146 1252 1221; x_wconf 83' lang='lat' dir='ltr'><strong>Impossibile</strong></span> <span class='ocrx_word' id='word_1_111' title='bbox 1278 1155 1370 1207; x_wconf 88' lang='lat' dir='ltr'><strong>est</strong></span> <span class='ocrx_word' id='word_1_112' title='bbox 1393 1149 1577 1220; x_wconf 81' lang='lat' dir='ltr'><strong>igitur</strong></span> <span class='ocrx_word' id='word_1_113' title='bbox 1614 1148 1775 1222; x_wconf 87' lang='lat' dir='ltr'><strong>quod</strong></span> <span class='ocrx_word' id='word_1_114' title='bbox 1824 1147 1904 1207; x_wconf 89' lang='lat' dir='ltr'><strong>sit</strong></span> <span class='ocrx_word' id='word_1_115' title='bbox 1947 1162 2130 1207; x_wconf 85' lang='lat' dir='ltr'><strong>causa</strong></span> <span class='ocrx_word' id='word_1_116' title='bbox 2172 1149 2433 1214; x_wconf 87' lang='lat' dir='ltr'><strong>essendi,</strong></span> <span class='ocrx_word' id='word_1_117' title='bbox 2468 1150 2590 1208; x_wconf 85' lang='lat' dir='ltr'><strong>nisi</strong></span> 
     </span>
     <span class='ocr_line' id='line_1_14' title="bbox 171 1219 2589 1292; baseline -0.001 -12"><span class='ocrx_word' id='word_1_118' title='bbox 171 1221 331 1280; x_wconf 78' lang='lat' dir='ltr'><strong>sicut</strong></span> <span class='ocrx_word' id='word_1_119' title='bbox 357 1221 837 1280; x_wconf 79' lang='lat' dir='ltr'><strong>instrumentalis</strong></span> <span class='ocrx_word' id='word_1_120' title='bbox 873 1225 933 1278; x_wconf 91' lang='grc' dir='ltr'><strong>ει</strong></span> <span class='ocrx_word' id='word_1_121' title='bbox 971 1233 1158 1292; x_wconf 84' lang='lat' dir='ltr'><strong>agens</strong></span> <span class='ocrx_word' id='word_1_122' title='bbox 1204 1220 1265 1276; x_wconf 92' lang='lat' dir='ltr'><strong>in</strong></span> <span class='ocrx_word' id='word_1_123' title='bbox 1312 1220 1526 1277; x_wconf 81' lang='lat' dir='ltr'><strong>virtute</strong></span> <span class='ocrx_word' id='word_1_124' title='bbox 1574 1219 1839 1278; x_wconf 88' lang='lat' dir='ltr'><strong>alterius.</strong></span> <span class='ocrx_word' id='word_1_125' title='bbox 1875 1222 2343 1278; x_wconf 88' lang='lat' dir='ltr'><strong>Instrumentum</strong></span> <span class='ocrx_word' id='word_1_126' title='bbox 2386 1225 2589 1277; x_wconf 88' lang='lat' dir='ltr'><strong>autem</strong></span> 
     </span>
     <span class='ocr_line' id='line_1_15' title="bbox 170 1289 2589 1364; baseline -0.001 -15"><span class='ocrx_word' id='word_1_127' title='bbox 170 1304 482 1364; x_wconf 87' lang='lat' dir='ltr'><strong>nunquam</strong></span> <span class='ocrx_word' id='word_1_128' title='bbox 532 1289 852 1348; x_wconf 82' lang='lat' dir='ltr'><strong>adhibetur</strong></span> <span class='ocrx_word' id='word_1_129' title='bbox 890 1290 1009 1348; x_wconf 85' lang='lat' dir='ltr'><strong>nisi</strong></span> <span class='ocrx_word' id='word_1_130' title='bbox 1058 1289 1131 1348; x_wconf 90' lang='lat' dir='ltr'><strong>ad</strong></span> <span class='ocrx_word' id='word_1_131' title='bbox 1181 1290 1550 1348; x_wconf 89' lang='lat' dir='ltr'><strong>causandum</strong></span> <span class='ocrx_word' id='word_1_132' title='bbox 1595 1289 1822 1363; x_wconf 88' lang='lat' dir='ltr'><strong>aliquid</strong></span> <span class='ocrx_word' id='word_1_133' title='bbox 1869 1303 1976 1362; x_wconf 90' lang='lat' dir='ltr'><strong>per</strong></span> <span class='ocrx_word' id='word_1_134' title='bbox 2019 1291 2174 1347; x_wconf 82' lang='lat' dir='ltr'><strong>viam</strong></span> <span class='ocrx_word' id='word_1_135' title='bbox 2220 1297 2441 1347; x_wconf 86' lang='lat' dir='ltr'><strong>motus.</strong></span> <span class='ocrx_word' id='word_1_136' title='bbox 2487 1292 2589 1347; x_wconf 83' lang='lat' dir='ltr'><strong>Est</strong></span> 
     </span>
     <span class='ocr_line' id='line_1_16' title="bbox 172 1359 2592 1434; baseline -0.001 -14"><span class='ocrx_word' id='word_1_137' title='bbox 172 1361 336 1420; x_wconf 91' lang='lat' dir='ltr'><strong>enim</strong></span> <span class='ocrx_word' id='word_1_138' title='bbox 367 1362 522 1420; x_wconf 90' lang='lat' dir='ltr'><strong>ratio</strong></span> <span class='ocrx_word' id='word_1_139' title='bbox 554 1360 933 1419; x_wconf 83' lang='lat' dir='ltr'><strong>instrumenti</strong></span> <span class='ocrx_word' id='word_1_140' title='bbox 961 1360 1121 1434; x_wconf 87' lang='lat' dir='ltr'><strong>quod</strong></span> <span class='ocrx_word' id='word_1_141' title='bbox 1149 1359 1228 1419; x_wconf 87' lang='lat' dir='ltr'><strong>sit</strong></span> <span class='ocrx_word' id='word_1_142' title='bbox 1256 1373 1504 1418; x_wconf 85' lang='lat' dir='ltr'><strong>movens</strong></span> <span class='ocrx_word' id='word_1_143' title='bbox 1533 1364 1793 1430; x_wconf 88' lang='lat' dir='ltr'><strong>motum;</strong></span> <span class='ocrx_word' id='word_1_144' title='bbox 1819 1361 2046 1419; x_wconf 84' lang='lat' dir='ltr'><strong>creatio</strong></span> <span class='ocrx_word' id='word_1_145' title='bbox 2090 1367 2285 1419; x_wconf 86' lang='lat' dir='ltr'><strong>autem</strong></span> <span class='ocrx_word' id='word_1_146' title='bbox 2330 1373 2454 1418; x_wconf 89' lang='lat' dir='ltr'><strong>non</strong></span> <span class='ocrx_word' id='word_1_147' title='bbox 2497 1364 2592 1418; x_wconf 83' lang='lat' dir='ltr'><strong>est</strong></span> 
     </span>
     <span class='ocr_line' id='line_1_17' title="bbox 169 1429 2587 1505; baseline -0.001 -14"><span class='ocrx_word' id='word_1_148' title='bbox 169 1437 397 1502; x_wconf 80' lang='lat' dir='ltr'><strong>motuS,</strong></span> <span class='ocrx_word' id='word_1_149' title='bbox 427 1437 493 1490; x_wconf 91' lang='lat' dir='ltr'><strong>ut</strong></span> <span class='ocrx_word' id='word_1_150' title='bbox 548 1437 860 1489; x_wconf 89' lang='lat' dir='ltr'><strong>ostensum</strong></span> <span class='ocrx_word' id='word_1_151' title='bbox 907 1437 1000 1491; x_wconf 87' lang='lat' dir='ltr'><strong>est</strong></span> <span class='ocrx_word' id='word_1_152' title='bbox 1044 1430 1120 1505; x_wconf 91' lang='lat' dir='ltr'><strong>(c.</strong></span> <span class='ocrx_word' id='word_1_153' title='bbox 1171 1429 1282 1504; x_wconf 78' lang='lat'>17).</span> <span class='ocrx_word' id='word_1_154' title='bbox 1315 1430 1493 1490; x_wconf 81' lang='lat' dir='ltr'><strong>Nulla</strong></span> <span class='ocrx_word' id='word_1_155' title='bbox 1534 1431 1718 1505; x_wconf 85' lang='lat' dir='ltr'><strong>igitur</strong></span> <span class='ocrx_word' id='word_1_156' title='bbox 1758 1430 2095 1491; x_wconf 84' lang='lat' dir='ltr'><strong>substantia</strong></span> <span class='ocrx_word' id='word_1_157' title='bbox 2142 1435 2355 1503; x_wconf 72' lang='lat' dir='ltr'><strong>praeter</strong></span> <span class='ocrx_word' id='word_1_158' title='bbox 2401 1433 2587 1489; x_wconf 88' lang='lat' dir='ltr'><strong>Deum</strong></span> 
     </span>
     <span class='ocr_line' id='line_1_18' title="bbox 169 1501 1775 1576; baseline -0.001 -17"><span class='ocrx_word' id='word_1_159' title='bbox 169 1507 369 1576; x_wconf 88' lang='lat' dir='ltr'><strong>potest</strong></span> <span class='ocrx_word' id='word_1_160' title='bbox 397 1501 623 1573; x_wconf 87' lang='lat' dir='ltr'><strong>aliquid</strong></span> <span class='ocrx_word' id='word_1_161' title='bbox 654 1515 877 1561; x_wconf 87' lang='lat' dir='ltr'><strong>creare.</strong></span> <span class='ocrx_word' id='word_1_162' title='bbox 1769 1549 1775 1558; x_wconf 86' lang='lat'><strong>.</strong></span> 
     </span>
    </p>

    <p class='ocr_par' dir='ltr' id='par_1_6' title="bbox 172 1570 2592 2077">
     <span class='ocr_line' id='line_1_19' title="bbox 236 1570 2586 1644; baseline 0 -14"><span class='ocrx_word' id='word_1_163' title='bbox 236 1575 396 1635; x_wconf 76' lang='lat' dir='ltr'><strong>Rern,</strong></span> <span class='ocrx_word' id='word_1_164' title='bbox 419 1573 883 1630; x_wconf 83' lang='lat' dir='ltr'><strong>instrumentum</strong></span> <span class='ocrx_word' id='word_1_165' title='bbox 913 1571 1229 1630; x_wconf 87' lang='lat' dir='ltr'><strong>adhibetur</strong></span> <span class='ocrx_word' id='word_1_166' title='bbox 1246 1575 1487 1644; x_wconf 87' lang='lat' dir='ltr'><strong>propter</strong></span> <span class='ocrx_word' id='word_1_167' title='bbox 1511 1571 1989 1631; x_wconf 83' lang='lat' dir='ltr'><strong>convenientiam</strong></span> <span class='ocrx_word' id='word_1_168' title='bbox 2011 1570 2141 1644; x_wconf 84' lang='lat' dir='ltr'><strong>ejus</strong></span> <span class='ocrx_word' id='word_1_169' title='bbox 2160 1584 2295 1630; x_wconf 91' lang='lat' dir='ltr'><strong>cum</strong></span> <span class='ocrx_word' id='word_1_170' title='bbox 2317 1576 2586 1643; x_wconf 84' lang='lat' dir='ltr'><strong>causato,</strong></span> 
     </span>
     <span class='ocr_line' id='line_1_20' title="bbox 172 1643 2586 1716; baseline -0 -15"><span class='ocrx_word' id='word_1_171' title='bbox 172 1649 239 1701; x_wconf 88' lang='lat' dir='ltr'><strong>nt</strong></span> <span class='ocrx_word' id='word_1_172' title='bbox 263 1643 349 1703; x_wconf 90' lang='lat' dir='ltr'><strong>sit</strong></span> <span class='ocrx_word' id='word_1_173' title='bbox 377 1643 643 1700; x_wconf 89' lang='lat' dir='ltr'><strong>medium</strong></span> <span class='ocrx_word' id='word_1_174' title='bbox 675 1643 829 1700; x_wconf 88' lang='lat' dir='ltr'><strong>inter</strong></span> <span class='ocrx_word' id='word_1_175' title='bbox 855 1656 1097 1702; x_wconf 88' lang='lat' dir='ltr'><strong>causam</strong></span> <span class='ocrx_word' id='word_1_176' title='bbox 1126 1643 1378 1715; x_wconf 84' lang='lat' dir='ltr'><strong>primam</strong></span> <span class='ocrx_word' id='word_1_177' title='bbox 1404 1647 1463 1701; x_wconf 89' lang='lat' dir='ltr'><strong>et</strong></span> <span class='ocrx_word' id='word_1_178' title='bbox 1488 1649 1823 1711; x_wconf 88' lang='lat' dir='ltr'><strong>causatum,</strong></span> <span class='ocrx_word' id='word_1_179' title='bbox 1857 1648 1916 1700; x_wconf 88' lang='lat' dir='ltr'><strong>et</strong></span> <span class='ocrx_word' id='word_1_180' title='bbox 1943 1643 2196 1715; x_wconf 85' lang='lat' dir='ltr'><strong>attingat</strong></span> <span class='ocrx_word' id='word_1_181' title='bbox 2247 1649 2586 1716; x_wconf 88' lang='lat' dir='ltr'><strong>utrumque,</strong></span> 
     </span>
     <span class='ocr_line' id='line_1_21' title="bbox 174 1713 2590 1785; baseline 0 -14"><span class='ocrx_word' id='word_1_182' title='bbox 174 1718 229 1771; x_wconf 88' lang='lat' dir='ltr'><strong>et</strong></span> <span class='ocrx_word' id='word_1_183' title='bbox 258 1713 350 1772; x_wconf 89' lang='lat' dir='ltr'><strong>sic</strong></span> <span class='ocrx_word' id='word_1_184' title='bbox 378 1713 693 1771; x_wconf 84' lang='lat' dir='ltr'><strong>influentia</strong></span> <span class='ocrx_word' id='word_1_185' title='bbox 724 1713 896 1784; x_wconf 86' lang='lat' dir='ltr'><strong>primi</strong></span> <span class='ocrx_word' id='word_1_186' title='bbox 1020 1713 1247 1771; x_wconf 84' lang='lat' dir='ltr'><strong>rveniat</strong></span> <span class='ocrx_word' id='word_1_187' title='bbox 1288 1714 1362 1771; x_wconf 86' lang='lat' dir='ltr'><strong>ad</strong></span> <span class='ocrx_word' id='word_1_188' title='bbox 1408 1720 1720 1771; x_wconf 89' lang='lat' dir='ltr'><strong>causatum</strong></span> <span class='ocrx_word' id='word_1_189' title='bbox 1773 1726 1875 1785; x_wconf 90' lang='lat' dir='ltr'><strong>per</strong></span> <span class='ocrx_word' id='word_1_190' title='bbox 1903 1714 2385 1772; x_wconf 87' lang='lat' dir='ltr'><strong>instrumentum.</strong></span> <span class='ocrx_word' id='word_1_191' title='bbox 2425 1713 2590 1772; x_wconf 83' lang='lat' dir='ltr'><strong>Unde</strong></span> 
     </span>
     <span class='ocr_line' id='line_1_22' title="bbox 175 1783 2591 1857; baseline -0.001 -14"><span class='ocrx_word' id='word_1_192' title='bbox 175 1789 406 1856; x_wconf 86' lang='lat' dir='ltr'><strong>oportet</strong></span> <span class='ocrx_word' id='word_1_193' title='bbox 436 1784 595 1857; x_wconf 92' lang='lat' dir='ltr'><strong>quod</strong></span> <span class='ocrx_word' id='word_1_194' title='bbox 626 1783 706 1842; x_wconf 89' lang='lat' dir='ltr'><strong>sit</strong></span> <span class='ocrx_word' id='word_1_195' title='bbox 734 1783 915 1856; x_wconf 87' lang='lat' dir='ltr'><strong>aliqui</strong></span> <span class='ocrx_word' id='word_1_196' title='bbox 985 1784 1279 1855; x_wconf 89' lang='lat' dir='ltr'><strong>recipiens</strong></span> <span class='ocrx_word' id='word_1_197' title='bbox 1307 1783 1501 1855; x_wconf 88' lang='lat' dir='ltr'><strong>primo</strong></span> <span class='ocrx_word' id='word_1_198' title='bbox 1531 1783 1925 1854; x_wconf 86' lang='lat' dir='ltr'><strong>influentiam,</strong></span> <span class='ocrx_word' id='word_1_199' title='bbox 1959 1785 2020 1842; x_wconf 92' lang='lat' dir='ltr'><strong>in</strong></span> <span class='ocrx_word' id='word_1_200' title='bbox 2048 1798 2121 1842; x_wconf 90' lang='lat' dir='ltr'><strong>eo</strong></span> <span class='ocrx_word' id='word_1_201' title='bbox 2146 1784 2302 1856; x_wconf 89' lang='lat' dir='ltr'><strong>quod</strong></span> <span class='ocrx_word' id='word_1_202' title='bbox 2352 1799 2458 1856; x_wconf 85' lang='lat' dir='ltr'><strong>per</strong></span> <span class='ocrx_word' id='word_1_203' title='bbox 2498 1786 2591 1842; x_wconf 86' lang='lat' dir='ltr'><strong>in-</strong></span> 
     </span>
     <span class='ocr_line' id='line_1_23' title="bbox 177 1854 2588 1926; baseline 0.001 -14"><span class='ocrx_word' id='word_1_204' title='bbox 177 1861 579 1913; x_wconf 87' lang='lat' dir='ltr'><strong>strumentum</strong></span> <span class='ocrx_word' id='word_1_205' title='bbox 609 1859 920 1923; x_wconf 64' lang='lat' dir='ltr'><strong>causatum</strong></span> <span class='ocrx_word' id='word_1_206' title='bbox 950 1854 1110 1926; x_wconf 81' lang='lat' dir='ltr'><strong>quod</strong></span> <span class='ocrx_word' id='word_1_207' title='bbox 1154 1859 1248 1912; x_wconf 88' lang='lat' dir='ltr'><strong>est</strong></span> <span class='ocrx_word' id='word_1_208' title='bbox 1286 1860 1491 1912; x_wconf 88' lang='lat' dir='ltr'><strong>contra</strong></span> <span class='ocrx_word' id='word_1_209' title='bbox 1538 1855 1831 1913; x_wconf 88' lang='lat' dir='ltr'><strong>rationem</strong></span> <span class='ocrx_word' id='word_1_210' title='bbox 1878 1855 2222 1924; x_wconf 86' lang='lat' dir='ltr'><strong>creationis,</strong></span> <span class='ocrx_word' id='word_1_211' title='bbox 2251 1868 2390 1913; x_wconf 88' lang='lat' dir='ltr'><strong>nam</strong></span> <span class='ocrx_word' id='word_1_212' title='bbox 2436 1855 2588 1914; x_wconf 87' lang='lat' dir='ltr'><strong>nibil</strong></span> 
     </span>
     <span class='ocr_line' id='line_1_24' title="bbox 174 1923 2592 1998; baseline -0.001 -13"><span class='ocrx_word' id='word_1_213' title='bbox 174 1925 605 1998; x_wconf 76' lang='lat' dir='ltr'><strong>praesupponit.</strong></span> <span class='ocrx_word' id='word_1_214' title='bbox 633 1923 1009 1997; x_wconf 83' lang='lat' dir='ltr'><strong>Relinquitur</strong></span> <span class='ocrx_word' id='word_1_215' title='bbox 1049 1924 1252 1997; x_wconf 83' lang='lat' dir='ltr'><strong>igitur,</strong></span> <span class='ocrx_word' id='word_1_216' title='bbox 1290 1925 1449 1996; x_wconf 90' lang='lat' dir='ltr'><strong>quod</strong></span> <span class='ocrx_word' id='word_1_217' title='bbox 1499 1924 1650 1982; x_wconf 87' lang='lat' dir='ltr'><strong>nihil</strong></span> <span class='ocrx_word' id='word_1_218' title='bbox 1698 1924 1861 1985; x_wconf 83' lang='lat' dir='ltr'><strong>aliud</strong></span> <span class='ocrx_word' id='word_1_219' title='bbox 1906 1929 2118 1998; x_wconf 76' lang='lat' dir='ltr'><strong>praeter</strong></span> <span class='ocrx_word' id='word_1_220' title='bbox 2161 1929 2346 1983; x_wconf 86' lang='lat' dir='ltr'><strong>Deum</strong></span> <span class='ocrx_word' id='word_1_221' title='bbox 2392 1930 2592 1997; x_wconf 85' lang='lat' dir='ltr'><strong>potest</strong></span> 
     </span>
     <span class='ocr_line' id='line_1_25' title="bbox 180 1995 2332 2077; baseline -0 -23"><span class='ocrx_word' id='word_1_222' title='bbox 180 2009 402 2064; x_wconf 86' lang='lat' dir='ltr'><strong>creare,</strong></span> <span class='ocrx_word' id='word_1_223' title='bbox 431 2009 626 2068; x_wconf 89' lang='lat' dir='ltr'><strong>neque</strong></span> <span class='ocrx_word' id='word_1_224' title='bbox 665 1995 823 2053; x_wconf 88' lang='lat' dir='ltr'><strong>sicut</strong></span> <span class='ocrx_word' id='word_1_225' title='bbox 853 1995 1177 2077; x_wconf 86' lang='lat' dir='ltr'><strong>principale</strong></span> <span class='ocrx_word' id='word_1_226' title='bbox 1203 2009 1411 2067; x_wconf 83' lang='lat' dir='ltr'><strong>agens,</strong></span> <span class='ocrx_word' id='word_1_227' title='bbox 1442 2008 1638 2069; x_wconf 90' lang='lat' dir='ltr'><strong>neque</strong></span> <span class='ocrx_word' id='word_1_228' title='bbox 1662 1995 1820 2054; x_wconf 89' lang='lat' dir='ltr'><strong>sicut</strong></span> <span class='ocrx_word' id='word_1_229' title='bbox 1848 1996 2332 2055; x_wconf 87' lang='lat' dir='ltr'><strong>instrumentum.</strong></span> 
     </span>
    </p>

    <p class='ocr_par' dir='ltr' id='par_1_7' title="bbox 180 2066 2596 3323">
     <span class='ocr_line' id='line_1_26' title="bbox 242 2066 2591 2140; baseline 0 -16"><span class='ocrx_word' id='word_1_230' title='bbox 242 2069 540 2135; x_wconf 78' lang='lat' dir='ltr'><strong>Praeterea,</strong></span> <span class='ocrx_word' id='word_1_231' title='bbox 585 2079 762 2124; x_wconf 89' lang='lat' dir='ltr'><strong>omne</strong></span> <span class='ocrx_word' id='word_1_232' title='bbox 808 2079 997 2138; x_wconf 84' lang='lat' dir='ltr'><strong>agens</strong></span> <span class='ocrx_word' id='word_1_233' title='bbox 1043 2066 1497 2124; x_wconf 87' lang='lat' dir='ltr'><strong>instrumentale</strong></span> <span class='ocrx_word' id='word_1_234' title='bbox 1548 2067 1859 2140; x_wconf 84' lang='lat' dir='ltr'><strong>exequitur</strong></span> <span class='ocrx_word' id='word_1_235' title='bbox 1897 2066 2193 2125; x_wconf 86' lang='lat' dir='ltr'><strong>actionem</strong></span> <span class='ocrx_word' id='word_1_236' title='bbox 2243 2066 2591 2139; x_wconf 88' lang='lat' dir='ltr'><strong>principalis</strong></span> 
     </span>
     <span class='ocr_line' id='line_1_27' title="bbox 180 2136 2596 2265; baseline 0 -70"><span class='ocrx_word' id='word_1_237' title='bbox 180 2138 420 2210; x_wconf 82' lang='lat' dir='ltr'><strong>agentis</strong></span> <span class='ocrx_word' id='word_1_238' title='bbox 466 2149 575 2208; x_wconf 90' lang='lat' dir='ltr'><strong>per</strong></span> <span class='ocrx_word' id='word_1_239' title='bbox 620 2137 881 2209; x_wconf 81' lang='lat' dir='ltr'><strong>aliquam</strong></span> <span class='ocrx_word' id='word_1_240' title='bbox 927 2136 1223 2195; x_wconf 87' lang='lat' dir='ltr'><strong>actionem</strong></span> <span class='ocrx_word' id='word_1_241' title='bbox 1249 2137 1566 2265; x_wconf 75' lang='lat' dir='ltr'><strong>dpropriam</strong></span> <span class='ocrx_word' id='word_1_242' title='bbox 1613 2143 1672 2196; x_wconf 88' lang='lat' dir='ltr'><strong>et</strong></span> <span class='ocrx_word' id='word_1_243' title='bbox 1726 2138 2172 2196; x_wconf 87' lang='lat' dir='ltr'><strong>connaturalem</strong></span> <span class='ocrx_word' id='word_1_244' title='bbox 2221 2139 2377 2207; x_wconf 90' lang='lat' dir='ltr'><strong>sibi;</strong></span> <span class='ocrx_word' id='word_1_245' title='bbox 2437 2137 2596 2195; x_wconf 83' lang='lat' dir='ltr'><strong>sicut</strong></span> 
     </span>
     <span class='ocr_line' id='line_1_28' title="bbox 182 2207 2593 2281; baseline 0 -16"><span class='ocrx_word' id='word_1_246' title='bbox 182 2207 343 2266; x_wconf 89' lang='lat' dir='ltr'><strong>calor</strong></span> <span class='ocrx_word' id='word_1_247' title='bbox 370 2207 669 2265; x_wconf 84' lang='lat' dir='ltr'><strong>naturalis</strong></span> <span class='ocrx_word' id='word_1_248' title='bbox 694 2211 939 2280; x_wconf 83' lang='lat' dir='ltr'><strong>generat</strong></span> <span class='ocrx_word' id='word_1_249' title='bbox 965 2221 1204 2265; x_wconf 86' lang='lat' dir='ltr'><strong>carnem</strong></span> <span class='ocrx_word' id='word_1_250' title='bbox 1290 2207 1635 2266; x_wconf 88' lang='lat' dir='ltr'><strong>issolvendo</strong></span> <span class='ocrx_word' id='word_1_251' title='bbox 1681 2212 1737 2264; x_wconf 90' lang='lat' dir='ltr'><strong>et</strong></span> <span class='ocrx_word' id='word_1_252' title='bbox 1779 2207 2124 2281; x_wconf 80' lang='lat' dir='ltr'><strong>digerendo,</strong></span> <span class='ocrx_word' id='word_1_253' title='bbox 2150 2213 2206 2267; x_wconf 91' lang='lat' dir='ltr'><strong>et</strong></span> <span class='ocrx_word' id='word_1_254' title='bbox 2248 2221 2416 2268; x_wconf 88' lang='lat' dir='ltr'><strong>serra</strong></span> <span class='ocrx_word' id='word_1_255' title='bbox 2456 2221 2593 2280; x_wconf 84' lang='lat' dir='ltr'><strong>ope-</strong></span> 
     </span>
     <span class='ocr_line' id='line_1_29' title="bbox 182 2278 2587 2352; baseline 0.001 -16"><span class='ocrx_word' id='word_1_256' title='bbox 182 2286 345 2336; x_wconf 84' lang='lat' dir='ltr'><strong>ratur</strong></span> <span class='ocrx_word' id='word_1_257' title='bbox 369 2279 445 2336; x_wconf 92' lang='lat' dir='ltr'><strong>ad</strong></span> <span class='ocrx_word' id='word_1_258' title='bbox 475 2278 793 2335; x_wconf 80' lang='lat' dir='ltr'><strong>factionem</strong></span> <span class='ocrx_word' id='word_1_259' title='bbox 822 2278 1075 2348; x_wconf 87' lang='lat' dir='ltr'><strong>scamni,</strong></span> <span class='ocrx_word' id='word_1_260' title='bbox 1104 2278 1385 2337; x_wconf 90' lang='lat' dir='ltr'><strong>secando.</strong></span> <span class='ocrx_word' id='word_1_261' title='bbox 1417 2278 1472 2336; x_wconf 88' lang='lat' dir='ltr'><strong>Si</strong></span> <span class='ocrx_word' id='word_1_262' title='bbox 1506 2278 1690 2350; x_wconf 82' lang='lat' dir='ltr'><strong>igitur</strong></span> <span class='ocrx_word' id='word_1_263' title='bbox 1712 2278 1908 2352; x_wconf 89' lang='lat' dir='ltr'><strong>aliqua</strong></span> <span class='ocrx_word' id='word_1_264' title='bbox 1938 2285 2152 2337; x_wconf 89' lang='lat' dir='ltr'><strong>natura</strong></span> <span class='ocrx_word' id='word_1_265' title='bbox 2180 2279 2258 2337; x_wconf 90' lang='lat' dir='ltr'><strong>sit</strong></span> <span class='ocrx_word' id='word_1_266' title='bbox 2286 2293 2418 2351; x_wconf 85' lang='lat' dir='ltr'><strong>quae</strong></span> <span class='ocrx_word' id='word_1_267' title='bbox 2447 2293 2587 2349; x_wconf 86' lang='lat' dir='ltr'><strong>ope-</strong></span> 
     </span>
     <span class='ocr_line' id='line_1_30' title="bbox 183 2347 2589 2421; baseline 0 -14"><span class='ocrx_word' id='word_1_268' title='bbox 183 2354 344 2408; x_wconf 87' lang='lat' dir='ltr'><strong>ratur</strong></span> <span class='ocrx_word' id='word_1_269' title='bbox 367 2349 443 2407; x_wconf 87' lang='lat' dir='ltr'><strong>ad</strong></span> <span class='ocrx_word' id='word_1_270' title='bbox 493 2348 878 2418; x_wconf 87' lang='lat' dir='ltr'><strong>creationem,</strong></span> <span class='ocrx_word' id='word_1_271' title='bbox 908 2348 1067 2407; x_wconf 88' lang='lat' dir='ltr'><strong>sicut</strong></span> <span class='ocrx_word' id='word_1_272' title='bbox 1113 2348 1575 2406; x_wconf 89' lang='lat' dir='ltr'><strong>instrumentum</strong></span> <span class='ocrx_word' id='word_1_273' title='bbox 1625 2348 1801 2420; x_wconf 90' lang='lat' dir='ltr'><strong>primi</strong></span> <span class='ocrx_word' id='word_1_274' title='bbox 1843 2350 2123 2418; x_wconf 87' lang='lat' dir='ltr'><strong>creantis,</strong></span> <span class='ocrx_word' id='word_1_275' title='bbox 2153 2356 2386 2421; x_wconf 83' lang='lat' dir='ltr'><strong>oportet</strong></span> <span class='ocrx_word' id='word_1_276' title='bbox 2426 2347 2589 2421; x_wconf 82' lang='lat' dir='ltr'><strong>quod</strong></span> 
     </span>
     <span class='ocr_line' id='line_1_31' title="bbox 182 2418 2590 2492; baseline 0 -15"><span class='ocrx_word' id='word_1_277' title='bbox 182 2418 294 2478; x_wconf 87' lang='lat' dir='ltr'><strong>hcc</strong></span> <span class='ocrx_word' id='word_1_278' title='bbox 325 2425 613 2491; x_wconf 85' lang='lat' dir='ltr'><strong>operetur</strong></span> <span class='ocrx_word' id='word_1_279' title='bbox 648 2432 757 2490; x_wconf 87' lang='lat' dir='ltr'><strong>per</strong></span> <span class='ocrx_word' id='word_1_280' title='bbox 788 2418 1048 2491; x_wconf 86' lang='lat' dir='ltr'><strong>aliquam</strong></span> <span class='ocrx_word' id='word_1_281' title='bbox 1093 2419 1389 2487; x_wconf 81' lang='lat' dir='ltr'><strong>actionem</strong></span> <span class='ocrx_word' id='word_1_282' title='bbox 1433 2418 1692 2477; x_wconf 87' lang='lat' dir='ltr'><strong>debitam</strong></span> <span class='ocrx_word' id='word_1_283' title='bbox 1723 2425 1781 2477; x_wconf 86' lang='lat' dir='ltr'><strong>et</strong></span> <span class='ocrx_word' id='word_1_284' title='bbox 1828 2421 2127 2492; x_wconf 88' lang='lat' dir='ltr'><strong>propriam</strong></span> <span class='ocrx_word' id='word_1_285' title='bbox 2175 2433 2300 2479; x_wconf 65' lang='lat' dir='ltr'><strong>suae</strong></span> <span class='ocrx_word' id='word_1_286' title='bbox 2343 2426 2590 2478; x_wconf 65' lang='lat' dir='ltr'><strong>naturai.</strong></span> 
     </span>
     <span class='ocr_line' id='line_1_32' title="bbox 182 2489 2593 2564; baseline -0 -15"><span class='ocrx_word' id='word_1_287' title='bbox 182 2489 439 2549; x_wconf 74' lang='lat' dir='ltr'><strong>Effectus</strong></span> <span class='ocrx_word' id='word_1_288' title='bbox 465 2494 663 2548; x_wconf 87' lang='lat' dir='ltr'><strong>antem</strong></span> <span class='ocrx_word' id='word_1_289' title='bbox 691 2489 1064 2563; x_wconf 88' lang='lat' dir='ltr'><strong>respondens</strong></span> <span class='ocrx_word' id='word_1_290' title='bbox 1092 2490 1313 2549; x_wconf 87' lang='lat' dir='ltr'><strong>actioni</strong></span> <span class='ocrx_word' id='word_1_291' title='bbox 1355 2489 1612 2562; x_wconf 75' lang='lat' dir='ltr'><strong>propriae</strong></span> <span class='ocrx_word' id='word_1_292' title='bbox 1639 2490 2019 2549; x_wconf 89' lang='lat' dir='ltr'><strong>instrumenti</strong></span> <span class='ocrx_word' id='word_1_293' title='bbox 2049 2495 2140 2550; x_wconf 89' lang='lat' dir='ltr'><strong>est</strong></span> <span class='ocrx_word' id='word_1_294' title='bbox 2176 2490 2340 2564; x_wconf 89' lang='lat' dir='ltr'><strong>prior</strong></span> <span class='ocrx_word' id='word_1_295' title='bbox 2381 2491 2443 2548; x_wconf 91' lang='lat' dir='ltr'><strong>in</strong></span> <span class='ocrx_word' id='word_1_296' title='bbox 2493 2489 2593 2548; x_wconf 72' lang='lat' dir='ltr'><strong>via</strong></span> 
     </span>
     <span class='ocr_line' id='line_1_33' title="bbox 182 2560 2591 2635; baseline 0 -16"><span class='ocrx_word' id='word_1_297' title='bbox 182 2561 594 2633; x_wconf 70' lang='lat' dir='ltr'><strong>generationis</strong></span> <span class='ocrx_word' id='word_1_298' title='bbox 622 2574 801 2634; x_wconf 89' lang='lat' dir='ltr'><strong>quam</strong></span> <span class='ocrx_word' id='word_1_299' title='bbox 825 2560 1072 2619; x_wconf 77' lang='lat' dir='ltr'><strong>effectus</strong></span> <span class='ocrx_word' id='word_1_300' title='bbox 1097 2561 1467 2632; x_wconf 86' lang='lat' dir='ltr'><strong>respondens</strong></span> <span class='ocrx_word' id='word_1_301' title='bbox 1496 2561 1810 2632; x_wconf 82' lang='lat' dir='ltr'><strong>principali</strong></span> <span class='ocrx_word' id='word_1_302' title='bbox 1843 2560 2075 2634; x_wconf 80' lang='lat' dir='ltr'><strong>agenti3</strong></span> <span class='ocrx_word' id='word_1_303' title='bbox 2107 2577 2179 2619; x_wconf 80' lang='lat' dir='ltr'><strong>ex</strong></span> <span class='ocrx_word' id='word_1_304' title='bbox 2221 2575 2342 2635; x_wconf 91' lang='lat' dir='ltr'><strong>quo</strong></span> <span class='ocrx_word' id='word_1_305' title='bbox 2389 2574 2591 2633; x_wconf 79' lang='lat' dir='ltr'><strong>prove-</strong></span> 
     </span>
     <span class='ocr_line' id='line_1_34' title="bbox 182 2629 2583 2705; baseline 0 -17"><span class='ocrx_word' id='word_1_306' title='bbox 182 2632 268 2689; x_wconf 89' lang='lat' dir='ltr'><strong>nit</strong></span> <span class='ocrx_word' id='word_1_307' title='bbox 311 2631 477 2705; x_wconf 89' lang='lat' dir='ltr'><strong>quod</strong></span> <span class='ocrx_word' id='word_1_308' title='bbox 524 2632 717 2702; x_wconf 89' lang='lat' dir='ltr'><strong>primo</strong></span> <span class='ocrx_word' id='word_1_309' title='bbox 760 2631 958 2703; x_wconf 86' lang='lat' dir='ltr'><strong>agenti</strong></span> <span class='ocrx_word' id='word_1_310' title='bbox 1002 2629 1142 2690; x_wconf 86' lang='lat' dir='ltr'><strong>finis</strong></span> <span class='ocrx_word' id='word_1_311' title='bbox 1184 2632 1433 2690; x_wconf 87' lang='lat' dir='ltr'><strong>ultimus</strong></span> <span class='ocrx_word' id='word_1_312' title='bbox 1480 2631 1820 2702; x_wconf 88' lang='lat' dir='ltr'><strong>respondet.</strong></span> <span class='ocrx_word' id='word_1_313' title='bbox 1860 2632 2028 2689; x_wconf 89' lang='lat' dir='ltr'><strong>Prior</strong></span> <span class='ocrx_word' id='word_1_314' title='bbox 2071 2633 2234 2688; x_wconf 90' lang='lat' dir='ltr'><strong>enim</strong></span> <span class='ocrx_word' id='word_1_315' title='bbox 2277 2637 2367 2689; x_wconf 90' lang='lat' dir='ltr'><strong>est</strong></span> <span class='ocrx_word' id='word_1_316' title='bbox 2394 2630 2583 2690; x_wconf 84' lang='lat' dir='ltr'><strong>sectio</strong></span> 
     </span>
     <span class='ocr_line' id='line_1_35' title="bbox 180 2700 2596 2781; baseline 0 -23"><span class='ocrx_word' id='word_1_317' title='bbox 180 2700 219 2759; x_wconf 92' lang='lat' dir='ltr'><strong>li</strong></span> <span class='ocrx_word' id='word_1_318' title='bbox 266 2703 326 2759; x_wconf 91' lang='lat' dir='ltr'><strong>ni</strong></span> <span class='ocrx_word' id='word_1_319' title='bbox 354 2716 534 2775; x_wconf 89' lang='lat' dir='ltr'><strong>quam</strong></span> <span class='ocrx_word' id='word_1_320' title='bbox 566 2702 756 2760; x_wconf 82' lang='lat' dir='ltr'><strong>forma</strong></span> <span class='ocrx_word' id='word_1_321' title='bbox 781 2701 1008 2760; x_wconf 87' lang='lat' dir='ltr'><strong>scamni</strong></span> <span class='ocrx_word' id='word_1_322' title='bbox 1065 2708 1123 2758; x_wconf 88' lang='lat' dir='ltr'><strong>et</strong></span> <span class='ocrx_word' id='word_1_323' title='bbox 1151 2701 1407 2773; x_wconf 81' lang='lat' dir='ltr'><strong>digestio</strong></span> <span class='ocrx_word' id='word_1_324' title='bbox 1438 2702 1553 2759; x_wconf 90' lang='lat' dir='ltr'><strong>cibi</strong></span> <span class='ocrx_word' id='word_1_325' title='bbox 1598 2713 1775 2781; x_wconf 88' lang='lat' dir='ltr'><strong>quam</strong></span> <span class='ocrx_word' id='word_1_326' title='bbox 1824 2702 2130 2774; x_wconf 84' lang='lat' dir='ltr'><strong>generatio</strong></span> <span class='ocrx_word' id='word_1_327' title='bbox 2161 2703 2382 2759; x_wconf 80' lang='lat' dir='ltr'><strong>carnis,</strong></span> <span class='ocrx_word' id='word_1_328' title='bbox 2414 2702 2596 2772; x_wconf 82' lang='lat' dir='ltr'><strong>opor-</strong></span> 
     </span>
     <span class='ocr_line' id='line_1_36' title="bbox 180 2744 2591 2853; baseline -0.002 -22"><span class='ocrx_word' id='word_1_329' title='bbox 180 2776 233 2831; x_wconf 81' lang='lat' dir='ltr'><strong>te</strong></span> <span class='ocrx_word' id='word_1_330' title='bbox 274 2772 323 2830; x_wconf 86' lang='lat' dir='ltr'><strong>it</strong></span> <span class='ocrx_word' id='word_1_331' title='bbox 350 2772 538 2846; x_wconf 82' lang='lat' dir='ltr'><strong>igitur</strong></span> <span class='ocrx_word' id='word_1_332' title='bbox 562 2772 788 2845; x_wconf 88' lang='lat' dir='ltr'><strong>aliquid</strong></span> <span class='ocrx_word' id='word_1_333' title='bbox 812 2785 947 2830; x_wconf 89' lang='lat' dir='ltr'><strong>esse</strong></span> <span class='ocrx_word' id='word_1_334' title='bbox 974 2744 1249 2853; x_wconf 39' lang='lat' dir='ltr'><strong>aflectu-m</strong></span> <span class='ocrx_word' id='word_1_335' title='bbox 1283 2786 1388 2843; x_wconf 89' lang='lat' dir='ltr'><strong>per</strong></span> <span class='ocrx_word' id='word_1_336' title='bbox 1434 2784 1734 2852; x_wconf 73' lang='lat' dir='ltr'><strong>propriam</strong></span> <span class='ocrx_word' id='word_1_337' title='bbox 1779 2771 2186 2852; x_wconf 79' lang='lat' dir='ltr'><strong>operationem</strong></span> <span class='ocrx_word' id='word_1_338' title='bbox 2233 2772 2591 2829; x_wconf 90' lang='lat' dir='ltr'><strong>instrumen-</strong></span> 
     </span>
     <span class='ocr_line' id='line_1_37' title="bbox 180 2842 2591 2915; baseline -0.001 -14"><span class='ocrx_word' id='word_1_339' title='bbox 180 2844 314 2901; x_wconf 87' lang='lat' dir='ltr'><strong>talis</strong></span> <span class='ocrx_word' id='word_1_340' title='bbox 344 2844 628 2911; x_wconf 85' lang='lat' dir='ltr'><strong>creantis,</strong></span> <span class='ocrx_word' id='word_1_341' title='bbox 659 2842 819 2915; x_wconf 89' lang='lat' dir='ltr'><strong>quod</strong></span> <span class='ocrx_word' id='word_1_342' title='bbox 848 2843 930 2902; x_wconf 90' lang='lat' dir='ltr'><strong>sit</strong></span> <span class='ocrx_word' id='word_1_343' title='bbox 973 2854 1143 2913; x_wconf 84' lang='lat' dir='ltr'><strong>prius</strong></span> <span class='ocrx_word' id='word_1_344' title='bbox 1184 2855 1247 2899; x_wconf 90' lang='lat' dir='ltr'><strong>in</strong></span> <span class='ocrx_word' id='word_1_345' title='bbox 1285 2843 1382 2900; x_wconf 83' lang='lat' dir='ltr'><strong>via</strong></span> <span class='ocrx_word' id='word_1_346' title='bbox 1420 2846 1827 2914; x_wconf 76' lang='lat' dir='ltr'><strong>generationis</strong></span> <span class='ocrx_word' id='word_1_347' title='bbox 1870 2856 2047 2914; x_wconf 86' lang='lat' dir='ltr'><strong>quam</strong></span> <span class='ocrx_word' id='word_1_348' title='bbox 2096 2855 2252 2910; x_wconf 90' lang='lat' dir='ltr'><strong>esse,</strong></span> <span class='ocrx_word' id='word_1_349' title='bbox 2286 2842 2443 2914; x_wconf 91' lang='lat' dir='ltr'><strong>quod</strong></span> <span class='ocrx_word' id='word_1_350' title='bbox 2497 2845 2591 2901; x_wconf 88' lang='lat' dir='ltr'><strong>est</strong></span> 
     </span>
     <span class='ocr_line' id='line_1_38' title="bbox 181 2912 2586 2985; baseline -0.001 -14"><span class='ocrx_word' id='word_1_351' title='bbox 181 2912 429 2972; x_wconf 83' lang='lat' dir='ltr'><strong>effectus</strong></span> <span class='ocrx_word' id='word_1_352' title='bbox 454 2914 826 2985; x_wconf 88' lang='lat' dir='ltr'><strong>respondens</strong></span> <span class='ocrx_word' id='word_1_353' title='bbox 861 2912 1082 2971; x_wconf 89' lang='lat' dir='ltr'><strong>actioni</strong></span> <span class='ocrx_word' id='word_1_354' title='bbox 1109 2912 1283 2984; x_wconf 89' lang='lat' dir='ltr'><strong>primi</strong></span> <span class='ocrx_word' id='word_1_355' title='bbox 1313 2913 1594 2970; x_wconf 89' lang='lat' dir='ltr'><strong>creantis.</strong></span> <span class='ocrx_word' id='word_1_356' title='bbox 1625 2914 1748 2970; x_wconf 83' lang='lat' dir='ltr'><strong>Hoc</strong></span> <span class='ocrx_word' id='word_1_357' title='bbox 1788 2918 1985 2971; x_wconf 90' lang='lat' dir='ltr'><strong>autem</strong></span> <span class='ocrx_word' id='word_1_358' title='bbox 2032 2918 2126 2970; x_wconf 90' lang='lat' dir='ltr'><strong>est</strong></span> <span class='ocrx_word' id='word_1_359' title='bbox 2164 2912 2586 2983; x_wconf 85' lang='lat' dir='ltr'><strong>impossibile:</strong></span> 
     </span>
     <span class='ocr_line' id='line_1_39' title="bbox 182 2981 2585 3065; baseline 0 -24"><span class='ocrx_word' id='word_1_360' title='bbox 182 2996 315 3042; x_wconf 90' lang='lat' dir='ltr'><strong>nam</strong></span> <span class='ocrx_word' id='word_1_361' title='bbox 340 2988 569 3058; x_wconf 87' lang='lat' dir='ltr'><strong>quanto</strong></span> <span class='ocrx_word' id='word_1_362' title='bbox 599 2984 822 3057; x_wconf 88' lang='lat' dir='ltr'><strong>aliquid</strong></span> <span class='ocrx_word' id='word_1_363' title='bbox 848 2988 941 3042; x_wconf 89' lang='lat' dir='ltr'><strong>est</strong></span> <span class='ocrx_word' id='word_1_364' title='bbox 963 2984 1364 3052; x_wconf 88' lang='lat' dir='ltr'><strong>communius,</strong></span> <span class='ocrx_word' id='word_1_365' title='bbox 1394 2988 1558 3041; x_wconf 89' lang='lat' dir='ltr'><strong>tanto</strong></span> <span class='ocrx_word' id='word_1_366' title='bbox 1586 2989 1681 3041; x_wconf 86' lang='lat' dir='ltr'><strong>est</strong></span> <span class='ocrx_word' id='word_1_367' title='bbox 1706 2981 1874 3055; x_wconf 90' lang='lat' dir='ltr'><strong>prius</strong></span> <span class='ocrx_word' id='word_1_368' title='bbox 1907 2982 1970 3040; x_wconf 92' lang='lat' dir='ltr'><strong>in</strong></span> <span class='ocrx_word' id='word_1_369' title='bbox 2017 2982 2113 3041; x_wconf 86' lang='lat' dir='ltr'><strong>via</strong></span> <span class='ocrx_word' id='word_1_370' title='bbox 2156 2983 2585 3065; x_wconf 76' lang='lat' dir='ltr'><strong>generationiS‚</strong></span> 
     </span>
     <span class='ocr_line' id='line_1_40' title="bbox 183 3052 2589 3126; baseline -0.001 -13"><span class='ocrx_word' id='word_1_371' title='bbox 183 3054 336 3113; x_wconf 86' lang='lat' dir='ltr'><strong>sicut</strong></span> <span class='ocrx_word' id='word_1_372' title='bbox 363 3055 535 3126; x_wconf 90' lang='lat' dir='ltr'><strong>prius</strong></span> <span class='ocrx_word' id='word_1_373' title='bbox 589 3061 679 3111; x_wconf 90' lang='lat' dir='ltr'><strong>est</strong></span> <span class='ocrx_word' id='word_1_374' title='bbox 718 3054 940 3112; x_wconf 89' lang='lat' dir='ltr'><strong>animal</strong></span> <span class='ocrx_word' id='word_1_375' title='bbox 985 3067 1163 3126; x_wconf 90' lang='lat' dir='ltr'><strong>quam</strong></span> <span class='ocrx_word' id='word_1_376' title='bbox 1208 3053 1388 3112; x_wconf 89' lang='lat' dir='ltr'><strong>bomo</strong></span> <span class='ocrx_word' id='word_1_377' title='bbox 1433 3054 1494 3110; x_wconf 91' lang='lat' dir='ltr'><strong>in</strong></span> <span class='ocrx_word' id='word_1_378' title='bbox 1542 3052 1924 3123; x_wconf 83' lang='lat' dir='ltr'><strong>generatione</strong></span> <span class='ocrx_word' id='word_1_379' title='bbox 1966 3054 2250 3123; x_wconf 91' lang='lat' dir='ltr'><strong>hominis,</strong></span> <span class='ocrx_word' id='word_1_380' title='bbox 2286 3060 2349 3111; x_wconf 90' lang='lat' dir='ltr'><strong>ut</strong></span> <span class='ocrx_word' id='word_1_381' title='bbox 2389 3054 2589 3111; x_wconf 84' lang='lat' dir='ltr'><strong>Philo-</strong></span> 
     </span>
     <span class='ocr_line' id='line_1_41' title="bbox 183 3124 2586 3206; baseline 0 -23"><span class='ocrx_word' id='word_1_382' title='bbox 183 3125 409 3206; x_wconf 77' lang='lat' dir='ltr'><strong>sophus</strong></span> <span class='ocrx_word' id='word_1_383' title='bbox 437 3124 581 3183; x_wconf 86' lang='lat' dir='ltr'><strong>dicit</strong></span> <span class='ocrx_word' id='word_1_384' title='bbox 606 3125 669 3182; x_wconf 90' lang='lat' dir='ltr'><strong>in</strong></span> <span class='ocrx_word' id='word_1_385' title='bbox 694 3125 847 3182; x_wconf 88' lang='lat' dir='ltr'><strong>libro</strong></span> <span class='ocrx_word' id='word_1_386' title='bbox 866 3127 944 3182; x_wconf 86' lang='lat' dir='ltr'><strong>De</strong></span> <span class='ocrx_word' id='word_1_387' title='bbox 969 3126 1311 3195; x_wconf 72' lang='lat' dir='ltr'><strong>aenei-atione</strong></span> <span class='ocrx_word' id='word_1_388' title='bbox 1336 3124 1681 3180; x_wconf 73' lang='lat' dir='ltr'><strong>animalium.</strong></span> <span class='ocrx_word' id='word_1_389' title='bbox 1705 3125 2082 3196; x_wconf 88' lang='lat' dir='ltr'><strong>Impossibile</strong></span> <span class='ocrx_word' id='word_1_390' title='bbox 2112 3130 2205 3183; x_wconf 91' lang='lat' dir='ltr'><strong>est</strong></span> <span class='ocrx_word' id='word_1_391' title='bbox 2243 3138 2385 3198; x_wconf 84' lang='lat' dir='ltr'><strong>ergo</strong></span> <span class='ocrx_word' id='word_1_392' title='bbox 2425 3124 2586 3197; x_wconf 86' lang='lat' dir='ltr'><strong>quod</strong></span> 
     </span>
     <span class='ocr_line' id='line_1_42' title="bbox 184 3194 2592 3323; baseline 0 -70"><span class='ocrx_word' id='word_1_393' title='bbox 184 3195 380 3323; x_wconf 55' lang='lat' dir='ltr'><strong>ialtiequa</strong></span> <span class='ocrx_word' id='word_1_394' title='bbox 409 3201 687 3255; x_wconf 86' lang='lat' dir='ltr'><strong>creatura</strong></span> <span class='ocrx_word' id='word_1_395' title='bbox 712 3200 889 3263; x_wconf 89' lang='lat' dir='ltr'><strong>creet,</strong></span> <span class='ocrx_word' id='word_1_396' title='bbox 916 3207 1110 3269; x_wconf 89' lang='lat' dir='ltr'><strong>neque</strong></span> <span class='ocrx_word' id='word_1_397' title='bbox 1139 3194 1296 3254; x_wconf 89' lang='lat' dir='ltr'><strong>sicut</strong></span> <span class='ocrx_word' id='word_1_398' title='bbox 1319 3194 1648 3267; x_wconf 87' lang='lat' dir='ltr'><strong>principale</strong></span> <span class='ocrx_word' id='word_1_399' title='bbox 1693 3208 1901 3268; x_wconf 81' lang='lat' dir='ltr'><strong>agens,</strong></span> <span class='ocrx_word' id='word_1_400' title='bbox 1932 3208 2124 3269; x_wconf 88' lang='lat' dir='ltr'><strong>neque</strong></span> <span class='ocrx_word' id='word_1_401' title='bbox 2168 3195 2592 3254; x_wconf 89' lang='lat' dir='ltr'><strong>instrumenta·</strong></span> 
     </span>
    </p>

    <p class='ocr_par' dir='ltr' id='par_1_8' title="bbox 183 3333 2596 3972">
     <span class='ocr_line' id='line_1_43' title="bbox 246 3333 2591 3417; baseline 0 -24"><span class='ocrx_word' id='word_1_402' title='bbox 246 3337 402 3399; x_wconf 75' lang='lat' dir='ltr'><strong>Rern.</strong></span> <span class='ocrx_word' id='word_1_403' title='bbox 432 3333 595 3416; x_wconf 76' lang='lat' dir='ltr'><strong>quod</strong></span> <span class='ocrx_word' id='word_1_404' title='bbox 622 3339 715 3395; x_wconf 90' lang='lat' dir='ltr'><strong>est</strong></span> <span class='ocrx_word' id='word_1_405' title='bbox 755 3333 1085 3394; x_wconf 87' lang='lat' dir='ltr'><strong>secundum</strong></span> <span class='ocrx_word' id='word_1_406' title='bbox 1132 3335 1392 3409; x_wconf 89' lang='lat' dir='ltr'><strong>aliquam</strong></span> <span class='ocrx_word' id='word_1_407' title='bbox 1441 3340 1716 3393; x_wconf 88' lang='lat' dir='ltr'><strong>naturam</strong></span> <span class='ocrx_word' id='word_1_408' title='bbox 1765 3338 2013 3417; x_wconf 84' lang='lat' dir='ltr'><strong>tantum,</strong></span> <span class='ocrx_word' id='word_1_409' title='bbox 2042 3348 2164 3395; x_wconf 88' lang='lat' dir='ltr'><strong>non</strong></span> <span class='ocrx_word' id='word_1_410' title='bbox 2209 3338 2407 3408; x_wconf 88' lang='lat' dir='ltr'><strong>potest</strong></span> <span class='ocrx_word' id='word_1_411' title='bbox 2453 3347 2591 3393; x_wconf 87' lang='lat' dir='ltr'><strong>esse</strong></span> 
     </span>
     <span class='ocr_line' id='line_1_44' title="bbox 184 3406 2596 3479; baseline 0 -15"><span class='ocrx_word' id='word_1_412' title='bbox 184 3406 535 3478; x_wconf 85' lang='lat' dir='ltr'><strong>simpliciter</strong></span> <span class='ocrx_word' id='word_1_413' title='bbox 579 3406 746 3465; x_wconf 90' lang='lat' dir='ltr'><strong>illius</strong></span> <span class='ocrx_word' id='word_1_414' title='bbox 796 3411 1022 3465; x_wconf 63' lang='lat' dir='ltr'><strong>naturae</strong></span> <span class='ocrx_word' id='word_1_415' title='bbox 1073 3419 1276 3465; x_wconf 88' lang='lat' dir='ltr'><strong>causa.</strong></span> <span class='ocrx_word' id='word_1_416' title='bbox 1340 3408 1511 3464; x_wconf 86' lang='lat' dir='ltr'><strong>Esset</strong></span> <span class='ocrx_word' id='word_1_417' title='bbox 1565 3406 1725 3464; x_wconf 90' lang='lat' dir='ltr'><strong>enim</strong></span> <span class='ocrx_word' id='word_1_418' title='bbox 1772 3406 2063 3479; x_wconf 77' lang='lat' dir='ltr'><strong>suiipsius</strong></span> <span class='ocrx_word' id='word_1_419' title='bbox 2127 3420 2331 3464; x_wconf 87' lang='lat' dir='ltr'><strong>causa.</strong></span> <span class='ocrx_word' id='word_1_420' title='bbox 2392 3408 2596 3464; x_wconf 85' lang='lat' dir='ltr'><strong>Potest</strong></span> 
     </span>
     <span class='ocr_line' id='line_1_45' title="bbox 184 3475 2596 3545; baseline -0 -10"><span class='ocrx_word' id='word_1_421' title='bbox 184 3484 377 3537; x_wconf 83' lang='lat' dir='ltr'><strong>autem</strong></span> <span class='ocrx_word' id='word_1_422' title='bbox 408 3490 546 3535; x_wconf 89' lang='lat' dir='ltr'><strong>esse</strong></span> <span class='ocrx_word' id='word_1_423' title='bbox 574 3489 757 3535; x_wconf 90' lang='lat' dir='ltr'><strong>causa</strong></span> <span class='ocrx_word' id='word_1_424' title='bbox 792 3476 958 3535; x_wconf 88' lang='lat' dir='ltr'><strong>illius</strong></span> <span class='ocrx_word' id='word_1_425' title='bbox 987 3481 1212 3536; x_wconf 83' lang='lat' dir='ltr'><strong>naturae</strong></span> <span class='ocrx_word' id='word_1_426' title='bbox 1260 3475 1323 3534; x_wconf 90' lang='lat' dir='ltr'><strong>in</strong></span> <span class='ocrx_word' id='word_1_427' title='bbox 1366 3477 1497 3545; x_wconf 80' lang='lat' dir='ltr'><strong>boc,</strong></span> <span class='ocrx_word' id='word_1_428' title='bbox 1529 3476 1688 3535; x_wconf 90' lang='lat' dir='ltr'><strong>sicut</strong></span> <span class='ocrx_word' id='word_1_429' title='bbox 1739 3475 1905 3535; x_wconf 85' lang='lat' dir='ltr'><strong>Plato</strong></span> <span class='ocrx_word' id='word_1_430' title='bbox 1953 3483 2047 3535; x_wconf 89' lang='lat' dir='ltr'><strong>est</strong></span> <span class='ocrx_word' id='word_1_431' title='bbox 2090 3490 2275 3535; x_wconf 88' lang='lat' dir='ltr'><strong>causa</strong></span> <span class='ocrx_word' id='word_1_432' title='bbox 2319 3477 2596 3534; x_wconf 81' lang='lat' dir='ltr'><strong>bumanae</strong></span> 
     </span>
     <span class='ocr_line' id='line_1_46' title="bbox 183 3546 2594 3620; baseline -0.002 -14"><span class='ocrx_word' id='word_1_433' title='bbox 183 3554 408 3607; x_wconf 83' lang='lat' dir='ltr'><strong>naturae</strong></span> <span class='ocrx_word' id='word_1_434' title='bbox 456 3547 519 3605; x_wconf 91' lang='lat' dir='ltr'><strong>in</strong></span> <span class='ocrx_word' id='word_1_435' title='bbox 568 3548 831 3617; x_wconf 87' lang='lat' dir='ltr'><strong>Socrate,</strong></span> <span class='ocrx_word' id='word_1_436' title='bbox 877 3560 1000 3605; x_wconf 90' lang='lat' dir='ltr'><strong>non</strong></span> <span class='ocrx_word' id='word_1_437' title='bbox 1042 3553 1237 3606; x_wconf 86' lang='lat' dir='ltr'><strong>autem</strong></span> <span class='ocrx_word' id='word_1_438' title='bbox 1286 3546 1657 3618; x_wconf 88' lang='lat' dir='ltr'><strong>simpliciter,</strong></span> <span class='ocrx_word' id='word_1_439' title='bbox 1687 3559 1759 3604; x_wconf 89' lang='lat' dir='ltr'><strong>eo</strong></span> <span class='ocrx_word' id='word_1_440' title='bbox 1786 3546 1947 3620; x_wconf 89' lang='lat' dir='ltr'><strong>quod</strong></span> <span class='ocrx_word' id='word_1_441' title='bbox 1987 3547 2116 3619; x_wconf 91' lang='lat' dir='ltr'><strong>ipse</strong></span> <span class='ocrx_word' id='word_1_442' title='bbox 2147 3552 2238 3605; x_wconf 89' lang='lat' dir='ltr'><strong>est</strong></span> <span class='ocrx_word' id='word_1_443' title='bbox 2267 3552 2504 3605; x_wconf 86' lang='lat' dir='ltr'><strong>creatus</strong></span> <span class='ocrx_word' id='word_1_444' title='bbox 2533 3546 2594 3602; x_wconf 91' lang='lat' dir='ltr'><strong>in</strong></span> 
     </span>
     <span class='ocr_line' id='line_1_47' title="bbox 186 3616 2596 3689; baseline -0.001 -13"><span class='ocrx_word' id='word_1_445' title='bbox 186 3616 447 3676; x_wconf 87' lang='lat' dir='ltr'><strong>humana</strong></span> <span class='ocrx_word' id='word_1_446' title='bbox 476 3624 709 3675; x_wconf 89' lang='lat' dir='ltr'><strong>natura.</strong></span> <span class='ocrx_word' id='word_1_447' title='bbox 756 3618 926 3686; x_wconf 82' lang='lat' dir='ltr'><strong>Quod</strong></span> <span class='ocrx_word' id='word_1_448' title='bbox 967 3623 1161 3676; x_wconf 86' lang='lat' dir='ltr'><strong>autem</strong></span> <span class='ocrx_word' id='word_1_449' title='bbox 1206 3622 1297 3677; x_wconf 88' lang='lat' dir='ltr'><strong>est</strong></span> <span class='ocrx_word' id='word_1_450' title='bbox 1339 3631 1522 3675; x_wconf 87' lang='lat' dir='ltr'><strong>causa</strong></span> <span class='ocrx_word' id='word_1_451' title='bbox 1570 3616 1825 3689; x_wconf 89' lang='lat' dir='ltr'><strong>alicujus</strong></span> <span class='ocrx_word' id='word_1_452' title='bbox 1867 3617 1931 3675; x_wconf 89' lang='lat' dir='ltr'><strong>in</strong></span> <span class='ocrx_word' id='word_1_453' title='bbox 1975 3617 2090 3675; x_wconf 90' lang='lat' dir='ltr'><strong>boc</strong></span> <span class='ocrx_word' id='word_1_454' title='bbox 2129 3623 2222 3675; x_wconf 91' lang='lat' dir='ltr'><strong>est</strong></span> <span class='ocrx_word' id='word_1_455' title='bbox 2264 3616 2596 3675; x_wconf 88' lang='lat' dir='ltr'><strong>attribuens</strong></span> 
     </span>
     <span class='ocr_line' id='line_1_48' title="bbox 187 3685 2593 3769; baseline -0.001 -23"><span class='ocrx_word' id='word_1_456' title='bbox 187 3694 461 3748; x_wconf 84' lang='lat' dir='ltr'><strong>naturam</strong></span> <span class='ocrx_word' id='word_1_457' title='bbox 492 3698 871 3746; x_wconf 86' lang='lat' dir='ltr'><strong>communem</strong></span> <span class='ocrx_word' id='word_1_458' title='bbox 903 3687 1228 3760; x_wconf 89' lang='lat' dir='ltr'><strong>alicui‚per</strong></span> <span class='ocrx_word' id='word_1_459' title='bbox 1253 3689 1411 3761; x_wconf 90' lang='lat' dir='ltr'><strong>quod</strong></span> <span class='ocrx_word' id='word_1_460' title='bbox 1433 3687 1813 3769; x_wconf 82' lang='lat' dir='ltr'><strong>specificatur</strong></span> <span class='ocrx_word' id='word_1_461' title='bbox 1831 3688 1924 3747; x_wconf 86' lang='lat' dir='ltr'><strong>vel</strong></span> <span class='ocrx_word' id='word_1_462' title='bbox 1948 3687 2354 3745; x_wconf 85' lang='lat' dir='ltr'><strong>individuatur</strong></span> <span class='ocrx_word' id='word_1_463' title='bbox 2383 3704 2402 3742; x_wconf 75' lang='lat' dir='ltr'><strong>e</strong></span> <span class='ocrx_word' id='word_1_464' title='bbox 2433 3685 2593 3767; x_wconf 70' lang='lat' dir='ltr'><strong>quod</strong></span> 
     </span>
     <span class='ocr_line' id='line_1_49' title="bbox 187 3757 2591 3832; baseline -0.001 -16"><span class='ocrx_word' id='word_1_465' title='bbox 187 3770 302 3817; x_wconf 89' lang='lat' dir='ltr'><strong>non</strong></span> <span class='ocrx_word' id='word_1_466' title='bbox 329 3765 531 3831; x_wconf 86' lang='lat' dir='ltr'><strong>potest</strong></span> <span class='ocrx_word' id='word_1_467' title='bbox 558 3772 693 3817; x_wconf 91' lang='lat' dir='ltr'><strong>esse</strong></span> <span class='ocrx_word' id='word_1_468' title='bbox 723 3772 829 3830; x_wconf 91' lang='lat' dir='ltr'><strong>per</strong></span> <span class='ocrx_word' id='word_1_469' title='bbox 854 3758 1240 3827; x_wconf 86' lang='lat' dir='ltr'><strong>creationem,</strong></span> <span class='ocrx_word' id='word_1_470' title='bbox 1272 3772 1403 3832; x_wconf 83' lang='lat' dir='ltr'><strong>quae</strong></span> <span class='ocrx_word' id='word_1_471' title='bbox 1431 3758 1581 3815; x_wconf 86' lang='lat' dir='ltr'><strong>nibil</strong></span> <span class='ocrx_word' id='word_1_472' title='bbox 1613 3758 2023 3830; x_wconf 77' lang='lat' dir='ltr'><strong>praesupponit</strong></span> <span class='ocrx_word' id='word_1_473' title='bbox 2049 3759 2145 3816; x_wconf 90' lang='lat' dir='ltr'><strong>cui</strong></span> <span class='ocrx_word' id='word_1_474' title='bbox 2177 3757 2402 3831; x_wconf 88' lang='lat' dir='ltr'><strong>aliquid</strong></span> <span class='ocrx_word' id='word_1_475' title='bbox 2431 3760 2591 3815; x_wconf 82' lang='lat' dir='ltr'><strong>attri-</strong></span> 
     </span>
     <span class='ocr_line' id='line_1_50' title="bbox 190 3827 2594 3910; baseline -0.001 -22"><span class='ocrx_word' id='word_1_476' title='bbox 190 3827 398 3889; x_wconf 87' lang='lat' dir='ltr'><strong>buatur</strong></span> <span class='ocrx_word' id='word_1_477' title='bbox 428 3843 535 3900; x_wconf 85' lang='lat' dir='ltr'><strong>per</strong></span> <span class='ocrx_word' id='word_1_478' title='bbox 566 3830 885 3887; x_wconf 87' lang='lat' dir='ltr'><strong>actionem.</strong></span> <span class='ocrx_word' id='word_1_479' title='bbox 917 3829 1294 3910; x_wconf 74' lang='lat' dir='ltr'><strong>Impossibile</strong></span> <span class='ocrx_word' id='word_1_480' title='bbox 1340 3833 1434 3889; x_wconf 89' lang='lat' dir='ltr'><strong>est</strong></span> <span class='ocrx_word' id='word_1_481' title='bbox 1478 3829 1664 3903; x_wconf 82' lang='lat' dir='ltr'><strong>igitur</strong></span> <span class='ocrx_word' id='word_1_482' title='bbox 1703 3828 1948 3903; x_wconf 85' lang='lat' dir='ltr'><strong>aliquod</strong></span> <span class='ocrx_word' id='word_1_483' title='bbox 1988 3841 2099 3888; x_wconf 86' lang='lat' dir='ltr'><strong>ens</strong></span> <span class='ocrx_word' id='word_1_484' title='bbox 2146 3835 2411 3888; x_wconf 87' lang='lat' dir='ltr'><strong>creatum</strong></span> <span class='ocrx_word' id='word_1_485' title='bbox 2459 3838 2594 3886; x_wconf 84' lang='lat' dir='ltr'><strong>esse</strong></span> 
     </span>
     <span class='ocr_line' id='line_1_51' title="bbox 188 3900 1244 3972; baseline -0.001 -13"><span class='ocrx_word' id='word_1_486' title='bbox 188 3912 427 3960; x_wconf 84' lang='lat' dir='ltr'><strong>causam</strong></span> <span class='ocrx_word' id='word_1_487' title='bbox 457 3900 705 3959; x_wconf 87' lang='lat' dir='ltr'><strong>alterius</strong></span> <span class='ocrx_word' id='word_1_488' title='bbox 732 3913 841 3972; x_wconf 87' lang='lat' dir='ltr'><strong>per</strong></span> <span class='ocrx_word' id='word_1_489' title='bbox 860 3905 1244 3960; x_wconf 88' lang='lat' dir='ltr'><strong>creationem.</strong></span> 
     </span>
    </p>

    <p class='ocr_par' dir='ltr' id='par_1_9' title="bbox 181 3967 2599 4541">
     <span class='ocr_line' id='line_1_52' title="bbox 251 3967 2599 4043; baseline -0.001 -14"><span class='ocrx_word' id='word_1_490' title='bbox 251 3972 532 4042; x_wconf 75' lang='lat' dir='ltr'><strong>Amplius,</strong></span> <span class='ocrx_word' id='word_1_491' title='bbox 590 3984 725 4029; x_wconf 90' lang='lat' dir='ltr'><strong>cum</strong></span> <span class='ocrx_word' id='word_1_492' title='bbox 776 3983 954 4029; x_wconf 89' lang='lat' dir='ltr'><strong>omne</strong></span> <span class='ocrx_word' id='word_1_493' title='bbox 1000 3983 1186 4043; x_wconf 82' lang='lat' dir='ltr'><strong>agens</strong></span> <span class='ocrx_word' id='word_1_494' title='bbox 1227 3974 1365 4043; x_wconf 77' lang='lat' dir='ltr'><strong>agat</strong></span> <span class='ocrx_word' id='word_1_495' title='bbox 1406 3968 1740 4031; x_wconf 87' lang='lat' dir='ltr'><strong>secundum</strong></span> <span class='ocrx_word' id='word_1_496' title='bbox 1786 3967 1947 4043; x_wconf 86' lang='lat' dir='ltr'><strong>quod</strong></span> <span class='ocrx_word' id='word_1_497' title='bbox 2008 3972 2146 4029; x_wconf 87' lang='lat' dir='ltr'><strong>actu</strong></span> <span class='ocrx_word' id='word_1_498' title='bbox 2198 3973 2322 4041; x_wconf 85' lang='lat' dir='ltr'><strong>est,</strong></span> <span class='ocrx_word' id='word_1_499' title='bbox 2366 3982 2403 4029; x_wconf 91' lang='lat' dir='ltr'><strong>o</strong></span> <span class='ocrx_word' id='word_1_500' title='bbox 2446 3972 2599 4029; x_wconf 86' lang='lat' dir='ltr'><strong>ortet</strong></span> 
     </span>
     <span class='ocr_line' id='line_1_53' title="bbox 189 4039 2597 4112; baseline -0 -12"><span class='ocrx_word' id='word_1_501' title='bbox 189 4041 431 4100; x_wconf 87' lang='lat' dir='ltr'><strong>modum</strong></span> <span class='ocrx_word' id='word_1_502' title='bbox 459 4040 716 4100; x_wconf 89' lang='lat' dir='ltr'><strong>actionis</strong></span> <span class='ocrx_word' id='word_1_503' title='bbox 744 4053 879 4100; x_wconf 88' lang='lat' dir='ltr'><strong>esse</strong></span> <span class='ocrx_word' id='word_1_504' title='bbox 908 4041 1237 4100; x_wconf 87' lang='lat' dir='ltr'><strong>secundum</strong></span> <span class='ocrx_word' id='word_1_505' title='bbox 1265 4040 1506 4098; x_wconf 89' lang='lat' dir='ltr'><strong>modum</strong></span> <span class='ocrx_word' id='word_1_506' title='bbox 1538 4046 1707 4099; x_wconf 87' lang='lat' dir='ltr'><strong>actus</strong></span> <span class='ocrx_word' id='word_1_507' title='bbox 1737 4039 1931 4112; x_wconf 87' lang='lat' dir='ltr'><strong>ipsius</strong></span> <span class='ocrx_word' id='word_1_508' title='bbox 1967 4040 2084 4110; x_wconf 81' lang='lat' dir='ltr'><strong>rei3</strong></span> <span class='ocrx_word' id='word_1_509' title='bbox 2131 4040 2289 4099; x_wconf 88' lang='lat' dir='ltr'><strong>unde</strong></span> <span class='ocrx_word' id='word_1_510' title='bbox 2336 4056 2406 4099; x_wconf 88' lang='lat' dir='ltr'><strong>ca</strong></span> <span class='ocrx_word' id='word_1_511' title='bbox 2433 4040 2597 4099; x_wconf 85' lang='lat' dir='ltr'><strong>idum</strong></span> 
     </span>
     <span class='ocr_line' id='line_1_54' title="bbox 185 4110 2599 4185; baseline -0.002 -13"><span class='ocrx_word' id='word_1_512' title='bbox 185 4112 347 4185; x_wconf 81' lang='lat' dir='ltr'><strong>quod</strong></span> <span class='ocrx_word' id='word_1_513' title='bbox 400 4112 595 4183; x_wconf 85' lang='lat' dir='ltr'><strong>magis</strong></span> <span class='ocrx_word' id='word_1_514' title='bbox 643 4111 839 4170; x_wconf 86' lang='lat' dir='ltr'><strong>estin</strong></span> <span class='ocrx_word' id='word_1_515' title='bbox 885 4116 1021 4170; x_wconf 85' lang='lat' dir='ltr'><strong>actu</strong></span> <span class='ocrx_word' id='word_1_516' title='bbox 1065 4111 1285 4170; x_wconf 89' lang='lat' dir='ltr'><strong>caloris</strong></span> <span class='ocrx_word' id='word_1_517' title='bbox 1331 4111 1525 4183; x_wconf 83' lang='lat' dir='ltr'><strong>magis</strong></span> <span class='ocrx_word' id='word_1_518' title='bbox 1572 4111 1862 4170; x_wconf 81' lang='lat' dir='ltr'><strong>calefacit.</strong></span> <span class='ocrx_word' id='word_1_519' title='bbox 1916 4110 2353 4185; x_wconf 70' lang='lat' dir='ltr'><strong>Cuiuscumque</strong></span> <span class='ocrx_word' id='word_1_520' title='bbox 2415 4111 2599 4184; x_wconf 82' lang='lat' dir='ltr'><strong>igitur</strong></span> 
     </span>
     <span class='ocr_line' id='line_1_55' title="bbox 183 4180 2596 4255; baseline -0.002 -13"><span class='ocrx_word' id='word_1_521' title='bbox 183 4186 355 4242; x_wconf 82' lang='lat' dir='ltr'><strong>actus</strong></span> <span class='ocrx_word' id='word_1_522' title='bbox 387 4180 816 4241; x_wconf 86' lang='lat' dir='ltr'><strong>determinatur</strong></span> <span class='ocrx_word' id='word_1_523' title='bbox 842 4181 914 4240; x_wconf 88' lang='lat' dir='ltr'><strong>ad</strong></span> <span class='ocrx_word' id='word_1_524' title='bbox 941 4195 1135 4255; x_wconf 79' lang='lat' dir='ltr'><strong>genus</strong></span> <span class='ocrx_word' id='word_1_525' title='bbox 1163 4188 1221 4240; x_wconf 91' lang='lat' dir='ltr'><strong>et</strong></span> <span class='ocrx_word' id='word_1_526' title='bbox 1254 4180 1328 4239; x_wconf 90' lang='lat' dir='ltr'><strong>ad</strong></span> <span class='ocrx_word' id='word_1_527' title='bbox 1376 4181 1638 4252; x_wconf 87' lang='lat' dir='ltr'><strong>speciem</strong></span> <span class='ocrx_word' id='word_1_528' title='bbox 1685 4185 1746 4239; x_wconf 88' lang='lat' dir='ltr'><strong>et</strong></span> <span class='ocrx_word' id='word_1_529' title='bbox 1787 4181 2088 4253; x_wconf 88' lang='lat' dir='ltr'><strong>accidens,</strong></span> <span class='ocrx_word' id='word_1_530' title='bbox 2136 4182 2266 4254; x_wconf 87' lang='lat' dir='ltr'><strong>ejus</strong></span> <span class='ocrx_word' id='word_1_531' title='bbox 2310 4184 2596 4241; x_wconf 82' lang='lat' dir='ltr'><strong>virtutem</strong></span> 
     </span>
     <span class='ocr_line' id='line_1_56' title="bbox 184 4250 2599 4326; baseline -0.001 -14"><span class='ocrx_word' id='word_1_532' title='bbox 184 4257 427 4325; x_wconf 86' lang='lat' dir='ltr'><strong>oportet</strong></span> <span class='ocrx_word' id='word_1_533' title='bbox 454 4265 589 4311; x_wconf 89' lang='lat' dir='ltr'><strong>esse</strong></span> <span class='ocrx_word' id='word_1_534' title='bbox 619 4252 1068 4311; x_wconf 88' lang='lat' dir='ltr'><strong>determinatam</strong></span> <span class='ocrx_word' id='word_1_535' title='bbox 1099 4251 1173 4311; x_wconf 89' lang='lat' dir='ltr'><strong>ad</strong></span> <span class='ocrx_word' id='word_1_536' title='bbox 1202 4250 1451 4310; x_wconf 81' lang='lat' dir='ltr'><strong>effecius</strong></span> <span class='ocrx_word' id='word_1_537' title='bbox 1479 4252 1710 4311; x_wconf 89' lang='lat' dir='ltr'><strong>similes</strong></span> <span class='ocrx_word' id='word_1_538' title='bbox 1739 4265 1774 4310; x_wconf 94' lang='lat' dir='ltr'><strong>a</strong></span> <span class='ocrx_word' id='word_1_539' title='bbox 1817 4252 1961 4323; x_wconf 88' lang='lat' dir='ltr'><strong>enti,</strong></span> <span class='ocrx_word' id='word_1_540' title='bbox 1985 4252 2048 4310; x_wconf 89' lang='lat' dir='ltr'><strong>in</strong></span> <span class='ocrx_word' id='word_1_541' title='bbox 2079 4258 2363 4326; x_wconf 90' lang='lat' dir='ltr'><strong>quantum</strong></span> <span class='ocrx_word' id='word_1_542' title='bbox 2389 4253 2599 4324; x_wconf 86' lang='lat' dir='ltr'><strong>hujus-</strong></span> 
     </span>
     <span class='ocr_line' id='line_1_57' title="bbox 184 4322 2598 4404; baseline -0.002 -22"><span class='ocrx_word' id='word_1_543' title='bbox 184 4323 376 4396; x_wconf 90' lang='lat' dir='ltr'><strong>modi,</strong></span> <span class='ocrx_word' id='word_1_544' title='bbox 405 4337 479 4381; x_wconf 80' lang='lat' dir='ltr'><strong>ex</strong></span> <span class='ocrx_word' id='word_1_545' title='bbox 507 4337 579 4381; x_wconf 92' lang='lat' dir='ltr'><strong>eo</strong></span> <span class='ocrx_word' id='word_1_546' title='bbox 607 4323 767 4404; x_wconf 84' lang='lat' dir='ltr'><strong>quod</strong></span> <span class='ocrx_word' id='word_1_547' title='bbox 795 4336 974 4381; x_wconf 91' lang='lat' dir='ltr'><strong>omne</strong></span> <span class='ocrx_word' id='word_1_548' title='bbox 1003 4336 1191 4395; x_wconf 82' lang='lat' dir='ltr'><strong>agens</strong></span> <span class='ocrx_word' id='word_1_549' title='bbox 1218 4324 1351 4392; x_wconf 75' lang='lat' dir='ltr'><strong>agit</strong></span> <span class='ocrx_word' id='word_1_550' title='bbox 1370 4322 1486 4380; x_wconf 92' lang='lat' dir='ltr'><strong>sibi</strong></span> <span class='ocrx_word' id='word_1_551' title='bbox 1516 4323 1734 4380; x_wconf 88' lang='lat' dir='ltr'><strong>simile.</strong></span> <span class='ocrx_word' id='word_1_552' title='bbox 1814 4322 1924 4381; x_wconf 85' lang='lat' dir='ltr'><strong>iliil</strong></span> <span class='ocrx_word' id='word_1_553' title='bbox 1966 4328 2164 4382; x_wconf 86' lang='lat' dir='ltr'><strong>autem</strong></span> <span class='ocrx_word' id='word_1_554' title='bbox 2210 4325 2370 4398; x_wconf 89' lang='lat' dir='ltr'><strong>quod</strong></span> <span class='ocrx_word' id='word_1_555' title='bbox 2419 4323 2598 4381; x_wconf 85' lang='lat' dir='ltr'><strong>habet</strong></span> 
     </span>
     <span class='ocr_line' id='line_1_58' title="bbox 181 4390 2597 4475; baseline -0.004 -21"><span class='ocrx_word' id='word_1_556' title='bbox 181 4404 324 4454; x_wconf 78' lang='lat' dir='ltr'><strong>esse</strong></span> <span class='ocrx_word' id='word_1_557' title='bbox 381 4393 839 4452; x_wconf 85' lang='lat' dir='ltr'><strong>determinatum</strong></span> <span class='ocrx_word' id='word_1_558' title='bbox 885 4398 1266 4464; x_wconf 87' lang='lat' dir='ltr'><strong>potestesse</strong></span> <span class='ocrx_word' id='word_1_559' title='bbox 1326 4391 1830 4473; x_wconf 41' lang='lat' dir='ltr'><strong>simile-effectui</strong></span> <span class='ocrx_word' id='word_1_560' title='bbox 1890 4392 2157 4475; x_wconf 82' lang='lat' dir='ltr'><strong>ejusdem</strong></span> <span class='ocrx_word' id='word_1_561' title='bbox 2220 4394 2461 4468; x_wconf 81' lang='lat' dir='ltr'><strong>generis</strong></span> <span class='ocrx_word' id='word_1_562' title='bbox 2505 4390 2597 4446; x_wconf 77' lang='lat' dir='ltr'><strong>vel</strong></span> 
     </span>
     <span class='ocr_line' id='line_1_59' title="bbox 182 4462 2595 4541; baseline -0.004 -14"><span class='ocrx_word' id='word_1_563' title='bbox 182 4465 438 4540; x_wconf 81' lang='lat' dir='ltr'><strong>speciei,</strong></span> <span class='ocrx_word' id='word_1_564' title='bbox 466 4464 587 4526; x_wconf 82' lang='lat' dir='ltr'><strong>nisi</strong></span> <span class='ocrx_word' id='word_1_565' title='bbox 634 4462 966 4526; x_wconf 83' lang='lat' dir='ltr'><strong>secundum</strong></span> <span class='ocrx_word' id='word_1_566' title='bbox 1007 4464 1301 4527; x_wconf 79' lang='lat' dir='ltr'><strong>rationem</strong></span> <span class='ocrx_word' id='word_1_567' title='bbox 1359 4476 1603 4539; x_wconf 81' lang='lat' dir='ltr'><strong>generis</strong></span> <span class='ocrx_word' id='word_1_568' title='bbox 1642 4464 1737 4524; x_wconf 79' lang='lat' dir='ltr'><strong>vel</strong></span> <span class='ocrx_word' id='word_1_569' title='bbox 1776 4464 2021 4541; x_wconf 85' lang='lat' dir='ltr'><strong>speciei.</strong></span> <span class='ocrx_word' id='word_1_570' title='bbox 2067 4468 2218 4526; x_wconf 83' lang='lat' dir='ltr'><strong>Nam</strong></span> <span class='ocrx_word' id='word_1_571' title='bbox 2265 4462 2595 4525; x_wconf 84' lang='lat' dir='ltr'><strong>secundum</strong></span> 
     </span>
    </p>
   </div>
   <div class='ocr_carea' id='block_1_4' title="bbox 3040 3604 3047 4722">
    <p class='ocr_par' dir='ltr' id='par_1_10' title="bbox 3040 3604 3047 4722">
     <span class='ocr_line' id='line_1_60' title="bbox 3040 3604 3047 4722; baseline 0 0"><span class='ocrx_word' id='word_1_572' title='bbox 3040 3604 3047 4722; x_wconf 95' lang='lat' dir='ltr'><strong> </strong></span> 
     </span>
    </p>
   </div>
  </div>
 </body>
</html>
