3076 5025
381 315 487 372 182
1312 306 1451 364 Lm.
1489 306 1565 374 11,
1601 306 1757 362 ΕἉΡ.
1795 305 1900 361 Lx.

384 435 561 493 etiam
613 439 784 490 actus
832 429 1163 489 voluntatis
1192 429 1256 487 in
1292 427 1618 487 universali
1644 445 1661 495 ς
1691 426 1931 484 odimus
1960 424 2142 494 enim,
2183 430 2248 483 ut
2275 423 2421 482 dicit
2460 425 2815 483 Aristoteles

379 506 446 575 in
473 519 586 564 sua
619 504 907 561 Rhetorica
955 503 1019 583 (l.
1067 513 1198 559 vui.
1244 514 1297 556 c.
1330 499 1406 572 4),
1441 498 1502 554 in
1550 496 1870 555 universali
1904 497 2200 554 latronum
2240 509 2471 568 genus3
2499 496 2824 577 irascimur

387 584 588 635 autem
637 573 1096 645 particularibus
1132 577 1385 627 tantum.
1424 569 1711 627 Voluntas
1741 568 1922 639 igitur
1951 581 2066 624 non
2103 572 2295 638 potest
2341 579 2476 623 esse
2509 572 2681 624 actus
2717 566 2827 623 ali-

386 647 559 718 cujus
608 646 794 723 partis
849 644 1121 716 corporis
1176 655 1284 698 nec
1342 640 1632 711 consequi
1679 639 1938 710 aliquam
1970 638 2297 717 potentiam
2341 651 2473 709 quae
2506 638 2603 718 ‚sit
2645 643 2824 694 actus

388 716 934 787 coi-poris301nnis
977 720 1174 770 autem
1216 725 1354 783 pars
1400 710 1616 767 animae
1655 714 1749 767 est
1792 715 1961 766 actus
2002 707 2257 777 alicujus
2286 721 2577 779 corporiS‚
2650 713 2826 766 raeter

388 790 587 846 solum
656 786 1022 842 intellectum
1098 782 1333 854 proprie
1408 781 1653 838 dictum.
1717 779 1905 852 Igitur
1970 778 2250 837 voluntas
2321 777 2385 834 in
2458 778 2600 835 intel
2630 779 2824 835 ectiva

383 864 553 930 parte
604 862 735 924 est;
786 855 941 912 unde
990 860 1048 912 et
1074 851 1423 910 Aristoteles
1453 851 1597 908 dicit
1630 850 1729 921 (Dc
1757 852 1961 912 citima,
1990 863 2079 917 111,
2107 855 2247 906 text.
2281 862 2499 906 comm.
2531 852 2622 919 42)
2655 848 2820 921 quod

385 931 668 985 voluntas
697 926 756 982 in
790 927 1021 983 ratione
1050 929 1163 992 est,
1187 922 1509 980 irascibilis
1536 926 1732 978 autem
1764 926 1822 977 et
1847 918 2336 990 concupiscibilis
2368 920 2429 975 in
2479 926 2642 991 parte
2674 934 2816 977 sen-

388 998 603 1065 sitiva;
631 1002 869 1067 propter
913 994 1073 1066 quod
1107 999 1164 1050 et
1192 999 1361 1050 actus
1390 990 1885 1063 concupiscibilis
1913 997 1970 1047 et
2000 990 2323 1047 irascibilis
2363 1004 2496 1046 cum
2532 990 2817 1061 passione

389 1073 550 1134 sunt,
604 1079 721 1124 non
766 1072 964 1123 autem
1013 1071 1182 1122 actus
1214 1063 1559 1130 voluntatis,
1610 1062 1715 1119 sed
1763 1075 1900 1118 cum
1946 1061 2258 1118 electione.
2289 1059 2577 1117 Voluntas
2616 1062 2820 1118 a‘utem

379 1128 657 1196 'hominis
685 1148 803 1193 noii
835 1142 928 1193 est
953 1134 1288 1192 extrinseca
1318 1133 1390 1191 ab
1425 1133 1690 1201 homine,
1721 1133 1891 1206 quasi
1925 1131 1983 1188 in
2007 1131 2262 1204 quadam
2286 1130 2626 1188 substantia
2653 1144 2824 1211 sepa-

389 1215 516 1266 rata
568 1207 834 1273 fundata,
882 1205 988 1263 sed
1033 1212 1123 1263 est
1169 1206 1228 1261 in
1279 1203 1411 1276 ipso
1444 1204 1721 1270 bouiine;
1772 1203 1946 1259 aliter
1990 1203 2148 1259 enim
2196 1215 2316 1259 non
2347 1207 2507 1259 esset
2536 1201 2823 1259 dominus

389 1292 634 1337 suarum
675 1278 1001 1343 actionum,
1046 1276 1505 1348 quia·ageretur
1553 1274 1852 1330 voluntate
1896 1272 2207 1344 quusdam
2258 1271 2611 1353 substantiis
2655 1285 2829 1343 sepa·

387 1354 487 1416 tae,
518 1355 574 1404 ct
606 1351 663 1404 in
695 1348 825 1419 ipso
855 1353 1057 1404 essent
1090 1352 1317 1403 tantum
1346 1345 1626 1416 potentiae
1656 1343 1987 1415 appetitivae
2007 1357 2142 1400 cum
2167 1355 2450 1423 passione
2477 1349 2826 1423 operante8‚

392 1419 627 1477 scilicet
651 1418 974 1475 irascibilis
1004 1422 1063 1472 et
1090 1415 1581 1486 concupiscibilis
1611 1429 1742 1488 quae
1771 1420 1913 1471 sunt
1940 1414 2002 1470 in
2034 1419 2196 1485 parte
2230 1419 2536 1476 sensitiva,
2572 1418 2735 1471 sicut
2760 1418 2827 1470 et

389 1489 454 1547 in
494 1489 726 1546 caeteris
760 1486 1124 1545 animalibus
1172 1500 1304 1567 quae
1350 1488 1546 1556 magis
1588 1491 1847 1557 aguntur
1893 1498 2069 1558 quam
2101 1489 2307 1556 agunt.
2358 1485 2481 1541 Hoc
2504 1489 2702 1540 autem
2732 1487 2836 1548 est

389 1558 770 1630 impossibile
815 1563 874 1615 et
920 1557 1340 1614 destructivum
1392 1557 1577 1613 totius
1616 1556 1861 1613 moralis
1891 1555 2287 1626 philosophiae
2313 1560 2370 1611 et
2399 1555 2654 1624 politicae
2684 1567 2830 1611 con·

391 1629 799 1688 siderationis.
845 1628 1086 1698 Oportet
1135 1627 1315 1698 igitur
1363 1626 1728 1684 intellectum
1776 1625 2127 1697 possibilem
2179 1626 2242 1681 in
2284 1624 2461 1682 nobis
2513 1639 2671 1696 esse,
2720 1639 2830 1696 per

392 1713 569 1779 quem
626 1714 661 1756 a
713 1698 906 1756 brutis
953 1696 1326 1767 differamus,
1364 1702 1425 1754 et
1470 1710 1594 1755 non
1641 1699 1839 1754 solum
1883 1696 2214 1754 secundum
2255 1695 2623 1754 intellectum
2684 1709 2826 1768 pas·

392 1782 616 1827 sivum.

460 1841 615 1907 Itan,
646 1838 803 1896 sicut
845 1838 997 1895 nibil
1029 1838 1128 1896 ‘est
1151 1841 1366 1909 potens
1394 1850 1570 1909 agere
1609 1836 1728 1894 nisi
1762 1850 1869 1908 per
1911 1837 2236 1909 potentiam
2284 1838 2534 1896 activam
2576 1836 2641 1895 in
2686 1838 2826 1909 ipso

393 1910 771 1975 existentem,
803 1907 884 1965 ita
915 1908 1064 1965 nibil
1096 1914 1308 1980 potens
1338 1914 1433 1965 est
1458 1907 1578 1979 pati
1610 1907 1726 1965 nisi
1759 1921 1863 1978 per
1892 1909 2217 1980 potentiam
2245 1908 2543 1980 passivam
2568 1922 2706 1980 quae
2729 1913 2829 1966 est

395 1979 457 2036 in
493 1982 622 2050 ipso
649 1997 663 2045 ;
695 1978 1112 2036 combustibile
1136 1979 1293 2035 enim
1328 1984 1420 2035 est
1444 1985 1659 2048 potens
1683 1978 1977 2048 comburi,
2009 1992 2125 2036 non
2158 1978 2356 2037 solum
2388 1980 2530 2052 quia
2575 1985 2668 2036 est
2712 1976 2824 2035 ali-

395 2050 537 2123 quid
573 2055 783 2120 potens
824 2050 1172 2106 comburere
1202 2049 1420 2120 ipsum,
1452 2049 1557 2105 sed
1603 2048 1781 2105 etiam
1828 2049 1969 2121 quia
1997 2049 2060 2106 in
2088 2063 2153 2107 se
2186 2050 2359 2107 babet
2472 2051 2717 2107 tentiam
2756 2054 2826 2107 ut

396 2121 804 2177 comburatur.
836 2119 1174 2190 Intelligere
1203 2125 1400 2176 autem
1431 2126 1524 2175 est
1553 2119 1848 2192 quoddam
1884 2119 2024 2192 pati,
2051 2126 2118 2177 ut
2142 2119 2359 2178 dicitur
2402 2124 2478 2176 De
2501 2122 2710 2189 anima,
2730 2132 2827 2190 111,

395 2195 537 2247 text.
570 2203 786 2247 comm.
817 2190 894 2261 4).
948 2194 1140 2258 Quum
1172 2189 1355 2262 igitur
1388 2204 1533 2260 puer
1562 2191 1641 2247 sit
1670 2190 2015 2262 intelligens
2052 2192 2334 2263 potentia,
2366 2191 2479 2249 etsi
2525 2204 2646 2249 non
2685 2195 2825 2249 actu

395 2259 717 2332 intelligat,
746 2265 980 2330 oportet
999 2259 1156 2332 quod
1186 2262 1264 2317 sit
1292 2260 1356 2316 in
1375 2276 1447 2318 eo
1477 2260 1677 2333 aliqua
1702 2262 1965 2332 potentia
1984 2276 2102 2334 quo
2121 2262 2430 2332 sitpotens
2458 2261 2822 2334 intelligere.

394 2332 531 2388 Haec
589 2337 786 2387 autem
831 2332 1096 2402 potentia
1140 2336 1231 2388 est
1285 2331 1624 2388 intellectus
1694 2332 2024 2402 possibilis.
2098 2333 2337 2403 Oportet
2407 2332 2591 2403 igitur
2660 2331 2824 2411 quod

391 2413 583 2530 guero
606 2401 726 2473 jam
756 2401 835 2458 sit
861 2403 1217 2471 conjunctus
1265 2401 1603 2459 intellectus
1648 2401 1957 2473 possibilis
1986 2409 2301 2476 antequam
2333 2409 2469 2460 actu
2504 2402 2820 2475 intelligat.

445 2485 521 2530 on
548 2478 639 2530 est
669 2472 851 2544 igitur
881 2471 1251 2531 continuatio
1277 2472 1618 2530 intellectus
1648 2472 1956 2545 possibilis
1984 2487 2121 2531 cum
2166 2473 2406 2532 bomine
2436 2487 2540 2546 per
2568 2474 2824 2532 formam

392 2542 759 2601 intellectam
788 2544 847 2600 in
879 2553 1052 2612 actu;
1085 2544 1192 2601 sed
1219 2544 1348 2615 ipse
1390 2544 1735 2602 intellectus
1773 2544 2085 2617 possibilis
2135 2544 2294 2604 inest
2335 2544 2633 2603 hominia
2660 2545 2822 2616 prin-

393 2614 556 2686 cipio
588 2614 742 2671 sicut
769 2613 994 2686 aliquid
1023 2613 1173 2685 ejns.

467 2683 615 2742 Huic
664 2690 860 2742 autem
906 2685 1121 2741 rationi
1170 2698 1265 2743 res
1309 2684 1490 2743 ondet
1513 2685 1845 2744 Averrhoes
1892 2684 2227 2757 praedictus.
2261 2685 2415 2743 Dicit
2459 2686 2621 2743 enim
2702 2685 2821 2744 uod

392 2768 544 2827 puer
584 2754 801 2812 dicitur
848 2755 1112 2836 potentia
1141 2700 1470 2828 inteRigere
1508 2756 1728 2827 duplici
1775 2757 2048 2814 ratione:
2083 2770 2202 2814 uno
2231 2757 2433 2825 mod0,
2459 2757 2605 2828 quia
2632 2771 2671 2827 p
2716 2770 2822 2814 an-

392 2830 650 2882 tasmata
677 2838 810 2897 quae
839 2831 1067 2882 suntin
1099 2839 1231 2897 ipso
1260 2832 1404 2884 sunt
1430 2826 1832 2907 intelligibilia
1861 2827 1923 2883 in
1954 2828 2252 2898 potentia3
2283 2828 2404 2885 alio
2447 2827 2647 2891 modo,
2679 2827 2825 2899 quia

391 2894 733 2952 intellectus
774 2895 1083 2966 possibilis
1113 2903 1207 2954 est
1244 2903 1458 2968 potens
1497 2897 1835 2955 continuari
1865 2910 2001 2955 cum
2049 2897 2203 2969 ipso,
2235 2903 2294 2956 et
2321 2911 2443 2956 non
2470 2897 2613 2971 quia
2645 2897 2824 2955 intel-

394 2962 585 3022 lectus
616 2966 696 3021 sit
713 2964 834 3036 jam
869 2966 1073 3023 unitus
1097 2965 1176 3023 ei.

467 3034 910 3092 Ostendendum
941 3042 1031 3092 est
1060 3041 1258 3094 autem
1284 3034 1444 3109 quod
1471 3041 1717 3109 uterque
1746 3036 1961 3096 modus
1984 3038 2065 3096 sit
2092 3037 2491 3098 insufficiens.

463 3105 589 3184 Alia
639 3105 796 3161 enim
843 3106 1109 3186 potentia
1152 3113 1246 3164 est
1289 3121 1407 3179 qua
1436 3120 1625 3179 agens
1656 3113 1851 3188 potest
1898 3123 1933 3166 a
1977 3123 2096 3176 ere,
2126 3115 2184 3167 et
2226 3110 2347 3167 alia
2391 3107 2654 3181 potentia
2701 3120 2825 3180 qua

391 3181 629 3247 patiens
659 3181 852 3245 potest
879 3181 997 3246 pati
1024 3194 1038 3244 ;
1067 3181 1123 3233 et
1152 3191 1225 3233 ex
1252 3177 1529 3248 opposito
1560 3176 1921 3236 dividuntur.
1987 3195 2023 3236 x
2051 3193 2123 3237 eo
2149 3180 2332 3253 igitur
2354 3179 2511 3252 quod
2542 3178 2826 3237 convenit

395 3245 572 3303 alicui
621 3245 777 3317 quod
810 3246 1004 3317 possit
1032 3260 1229 3319 agere,
1261 3260 1381 3304 non
1413 3249 1696 3319 competit
1721 3249 1771 3305 ei
1805 3249 1964 3321 quod
2076 3252 2189 3308 ssit
2234 3250 2375 3322 pati.
2410 3253 2594 3308 Posse
2622 3256 2824 3307 autem

392 3315 728 3386 intelligere
758 3323 848 3373 est
874 3330 1051 3387 posse
1084 3318 1224 3388 pati,
1253 3332 1437 3391 quum
1482 3319 1817 3391 intelligere
1847 3334 1967 3392 quo
2011 3321 2147 3378 dam
2177 3322 2298 3393 pati
2340 3321 2442 3390 sit,
2484 3321 2824 3378 secundum

393 3386 824 3468 philosophum
855 3387 953 3459 (De
980 3389 1188 3451 anima,
1217 3400 1282 3456 11,
1311 3395 1451 3446 text.
1478 3403 1696 3446 comm.
1718 3390 1794 3461 2).
1828 3391 1956 3447 Non
1988 3392 2171 3464 igitur
2199 3392 2416 3449 dicitnr
2438 3406 2584 3463 puer
2608 3397 2824 3462 potens

388 3457 726 3530 intelligere
754 3472 827 3514 ex
854 3471 926 3515 eo
950 3459 1112 3530 quod
1138 3458 1553 3530 phantasmata
1582 3461 1644 3516 in
1674 3473 1746 3518 eo
1812 3468 2029 3518 ossunt
2055 3476 2191 3521 esse
2219 3461 2521 3520 intellecta
2550 3461 2613 3518 in
2658 3468 2821 3525 actu,

390 3540 576 3655 quem
628 3528 740 3584 hoc
787 3529 1076 3657 ρεέιζίἰῑιεειί
1119 3528 1194 3587 ad
1245 3542 1426 3602 posse
1483 3544 1698 3603 agerc;
1728 3545 1767 3602 p
1812 3539 2149 3591 aniasmata
2173 3534 2335 3591 enim
2364 3539 2606 3591 movent
2643 3530 2821 3590 intel·

424 3612 491 3655 ec
522 3611 616 3654 um
699 3611 824 3656 ossi
870 3612 1029 3657 iem.

460 3612 695 3730 Adhuc?
712 3671 975 3740 potentia
997 3683 1181 3729 conse
1226 3685 1377 3729 uens
1401 3671 1659 3742 speciem
1687 3671 1943 3746 alicuius
1962 3687 2085 3732 non
2102 3673 2386 3745 competit
2403 3674 2457 3730 ei
2486 3671 2818 3731 secundum

393 3735 456 3795 id
511 3739 671 3820 quod
725 3741 986 3811 speciem
1043 3754 1163 3799 non
1234 3742 1478 3814 argitur.
1535 3745 1723 3801 Posse
1786 3751 1983 3802 autem
2038 3745 2375 3825 intelligere
2430 3744 2823 3816 consequitur

390 3819 656 3888 speciem
687 3809 1043 3881 bumanam;
1087 3816 1177 3870 est
1214 3813 1372 3870 enim
1416 3813 1750 3886 intelligere
1792 3816 2060 3887 operatio
2105 3815 2369 3872 bominis
2417 3813 2480 3871 in
2527 3820 2821 3887 quantum

392 3873 738 3949 huJusmodi
765 3899 782 3950 ;
812 3883 1229 3952 phantasmata
1254 3889 1450 3941 autem
1483 3896 1604 3964 non
1636 3885 1781 3942 dant
1820 3886 2080 3958 speciem
2114 3885 2459 3953 humanam,
2490 3884 2596 3943 sed
2627 3885 2824 3957 magis

390 3956 845 4022 consequuntur
898 3960 1305 4025 operationem
1355 3954 1639 4013 bominis.
1681 3958 1813 4014 Non
1861 3971 2005 4029 ergo
2054 3956 2285 4014 ratione
2333 3956 2821 4027 phantasmatum

390 4023 589 4098 potest
612 4022 729 4078 dici
763 4037 911 4093 puer
934 4025 1201 4095 potentia
1228 4024 1595 4096 intelligens.

465 4090 751 4172 Similiter
777 4101 975 4151 autem
1004 4108 1193 4166 neque
1214 4095 1332 4153 dici
1359 4101 1559 4168 potest
1587 4111 1734 4168 puer
1759 4109 1939 4178 posse
1963 4095 2296 4169 intelligere
2314 4096 2457 4177 quia
2482 4096 2825 4155 intellectus

388 4160 706 4231 possibilis
750 4171 949 4235 potest
975 4165 1311 4223 continuari
1365 4181 1502 4225 cum
1532 4168 1691 4238 ipso.
1718 4169 1812 4226 Sic
1850 4169 2010 4224 enim
2053 4167 2274 4241 aliquis
2301 4168 2521 4226 dicitur
2556 4166 2822 4238 potentia

393 4242 568 4302 agere
615 4231 728 4313 vel·
757 4236 873 4303 pati
919 4249 1024 4308 per
1059 4237 1383 4310 potentiam
1415 4238 1666 4296 activam
1695 4237 1785 4296 vel
1827 4239 2148 4309 passivam,
2180 4239 2339 4296 sicut
2387 4238 2609 4296 dicitur
2645 4237 2818 4296 albus

390 4299 896 4382 per-albedinem.
926 4309 1053 4364 Non
1086 4313 1282 4365 autem
1318 4307 1540 4380 aliquis
1569 4309 1788 4366 dicitur
1814 4308 2010 4378 albus,
2041 4315 2359 4380 antequam
2409 4308 2623 4366 albedo
2654 4309 2739 4366 sit
2762 4306 2819 4365 ei

391 4378 732 4452 conjuncta.
780 4375 931 4455 Ergo
979 4390 1170 4450 neque
1215 4378 1432 4437 dicitur
1471 4380 1693 4453 aliquis
1722 4384 1933 4450 potens
1963 4393 2138 4452 agere
2186 4379 2278 4437 vel
2309 4379 2450 4450 pati,
2491 4386 2815 4451 antequam

387 4449 659 4512 potentia
684 4450 878 4506 activa
905 4448 999 4506 vel
1025 4448 1268 4522 passiva
1298 4451 1355 4510 ei
1382 4449 1579 4522 adsit;
1607 4462 1732 4510 non
1759 4463 1906 4524 ergo
1941 4449 2015 4509 de
2042 4463 2229 4525 puero
2257 4453 2468 4522 posset
2504 4449 2627 4509 dici
2655 4445 2817 4523 quod
