3076 5025
1109 253 1120 258 “
1165 251 1234 267 ''32-

361 295 464 351 322
1281 261 1432 339 Lis.
1473 284 1571 349 ιιι,
1608 283 1764 338 ciii).
1805 283 1868 339 i..

363 417 652 484 separatae
680 412 1057 482 cognoscunt
1083 406 1356 465 omnium
1403 418 1624 473 rerum,
1655 418 1907 476 quarum
1952 403 2350 462 substantiam
2402 404 2627 466 vident,
2664 418 2803 464 esse

363 487 550 542 Deum
580 494 846 549 causam,
885 493 1007 537 non
1037 476 1296 551 quiescit
1326 474 1691 533 desiderium
1718 474 1986 532 naturale
2016 475 2079 532 in
2125 476 2300 545 ipsis,
2332 475 2451 532 nisi
2503 480 2561 531 et
2605 475 2807 546 ipsius

363 555 468 613 Dei
496 552 896 611 substantiam
926 549 1187 607 videant.

432 625 650 687 Adhuc,
684 623 842 680 sicut
866 635 932 680 se
963 620 1140 677 babet
1182 617 1437 690 quaestio
1481 621 1711 697 propter
1758 617 1896 687 quid
1945 617 2017 674 ad
2064 617 2666 746 qgaestionemfluia,
2721 618 2808 676 ita

366 709 430 754 se
462 693 639 751 habet
665 692 920 765 quaestio
959 691 1096 761 quid
1144 692 1222 745 est
1268 690 1341 745 ad
1391 692 1783 760 quaestionem
1834 704 1907 742 an
1949 690 2046 743 est.
2147 701 2241 743 am
2282 691 2537 759 quaestio
2582 693 2811 759 propter

452 768 463 779 ’
549 764 758 837 quaerit
808 761 1068 819 medium
1119 760 1193 817 ad
1243 758 1775 839 demonstrandum
1833 760 1967 828 qmssa
2008 763 2100 838 est
2148 758 2406 829 aliquid;
2496 763 2597 815 uta
2642 759 2803 830 quod

265 885 272 890 .
389 850 511 894 una
537 835 878 905 eclipsatur.
902 835 968 889 Et
995 829 1274 888 similiter
1300 835 1555 957 qiuaestio
1580 829 1715 899 quid
1742 833 2061 910 est-quaerit
2107 829 2350 885 modum
2398 772 2491 886 ad)
2523 829 2805 887 demons-

364 906 643 964 trandum
673 920 747 959 an
787 907 885 971 est,
931 900 1265 960 secundum
1352 906 1645 958 octrinam
1691 899 1967 957 traditam
2014 912 2079 955 in
2124 899 2392 957 secundo
2433 901 2805 956 Foster-iorum

367 977 531 1049 (text.
560 988 779 1032 comm.
814 973 887 1045 l).
917 972 1200 1030 Videmus
1242 977 1440 1028 autem
1473 971 1635 1042 quod
1664 969 1934 1027 videntes
1962 970 2105 1041 quia
2131 976 2222 1028 est
2279 971 2525 1042 aliquid,
2562 978 2804 1028 natura·

365 1047 503 1105 liter
535 1046 688 1103 scire
718 1044 1061 1102 desiderant
1089 1048 1329 1113 propter
1352 1042 1517 1114 quid.
1552 1044 1705 1112 Ergo
1734 1047 1791 1099 et
1817 1046 2255 1114 cognoscentes
2296 1055 2373 1097 an
2421 1040 2651 1114 aliquid
2702 1043 2799 1106 sit,

369 1116 721 1174 naturaliter
761 1116 916 1172 scire
965 1114 1305 1172 desiderant
1349 1113 1492 1186 quid
1540 1117 1632 1170 est
1676 1111 1897 1183 ipsum.
1930 1112 2102 1192 Quod
2146 1117 2238 1193 est
2286 1111 2621 1192 intelligere
2670 1112 2801 1194 ejus

370 1186 790 1247 substantiam.
821 1188 949 1243 Non
981 1184 1166 1256 igitur
1190 1183 1490 1254 quietatur
1516 1183 1787 1240 naturale
1812 1182 2041 1241 sciendi
2073 1181 2436 1240 desiderium
2478 1196 2539 1238 in
2594 1196 2805 1256 cogni-

369 1258 535 1315 tione
566 1258 691 1327 Dei,
717 1271 836 1329 qua
866 1256 1054 1313 scitur
1084 1255 1156 1312 de
1183 1255 1320 1325 ipso
1347 1255 1544 1312 solum
1577 1253 1721 1326 quia
1747 1259 1858 1310 est.
2119 1322 2130 1333 ι

438 1329 712 1397 Amplius,
763 1325 913 1383 nihil
958 1325 1189 1382 finitum
1229 1325 1592 1383 desiderium
1644 1324 1986 1381 intellectus
2031 1328 2298 1396 quietare
2364 1326 2581 1394 potest.
2634 1324 2805 1392 Quod

370 1399 585 1456 exinde
634 1397 989 1464 ostenditur,
1022 1395 1183 1522 quod
1227 1396 1571 1476 intellectus
1629 1394 1899 1467 quolibet
1938 1393 2115 1476 finito
2167 1392 2600 1474 datoffaliquid
2653 1394 2808 1475 ultra

369 1469 635 1527 molitur.
701 1467 860 1524 Unde
914 1481 1030 1539 qua
1059 1466 1181 1523 ibet
1236 1466 1395 1524 linea
1446 1465 1618 1522 finita
1673 1465 1840 1527 data,
1901 1465 2161 1536 aliquam
2222 1477 2504 1535 majorem
2562 1464 2810 1523 molitur

371 1538 836 1620 apprehendere.
870 1539 932 1593 Et
966 1536 1245 1593 similiter
1272 1537 1334 1593 in
1360 1537 1651 1594 numeris,
1684 1538 1751 1592 Et
1781 1536 1908 1592 haec
1938 1542 2030 1593 est
2056 1535 2208 1592 ratio
2255 1534 2503 1615 infinitae
2552 1535 2809 1616 additio·

371 1622 470 1666 nis
499 1609 559 1664 in
589 1607 857 1665 numeris
887 1613 944 1663 et
971 1608 1148 1665 lineis
1175 1608 1636 1664 mathematicis.
1666 1606 1927 1663 Altitudo
1956 1611 2153 1663 autem
2179 1610 2236 1662 et
2264 1611 2454 1685 virtus
2483 1606 2807 1677 quustibet

373 1679 724 1738 substantiae
752 1682 963 1734 creatae
992 1676 1161 1735 finita
1185 1683 1298 1734 est.
1331 1681 1458 1735 Non
1500 1678 1685 1750 igitur
1732 1676 2071 1734 intellectus
2115 1676 2465 1733 substantiae
2513 1683 2800 1746 separatae

373 1749 628 1823 quiescit
674 1762 779 1819 per
824 1749 960 1816 hoc,
991 1748 1151 1821 quod
1200 1748 1512 1819 cognoscit
1561 1747 1932 1805 substantias
1975 1752 2206 1804 creatas
2250 1753 2804 1818 quantumcumque

373 1820 725 1888 eminenteS,
749 1819 855 1875 sed
884 1819 1079 1876 adhuc
1108 1819 1360 1876 naturali
1393 1818 1694 1876 desiderio
1722 1817 1915 1874 tendit
1943 1818 2018 1874 ad
2048 1816 2509 1888 intelligendum
2532 1817 2813 1875 substan—

370 1891 514 1947 tiam
546 1903 677 1960 quin
701 1895 793 1946 est
821 1889 1155 1946 altitudinis
1180 1888 1448 1957 infinitae,
1477 1891 1635 1946 utin
1663 1888 1857 1959 primo
1905 1887 2008 1945 lib.
2046 1887 2195 1959 (cap.
2229 1888 2321 1959 43)
2355 1894 2666 1945 ostensum
2716 1895 2812 1947 est

375 1960 445 2020 de
476 1959 813 2017 substantia
835 1959 1056 2016 divina.
2305 2027 2315 2037 .

442 2034 728 2092 Praeterea,
783 2028 941 2087 sicut
998 2028 1266 2087 naturale
1328 2029 1692 2086 desiderium
1746 2029 1906 2085 inest
1965 2028 2248 2086 omnibus
2300 2027 2811 2090 intellectualibus

373 2105 607 2159 naturis
633 2101 707 2156 ad
737 2100 1071 2168 sciendum,
1114 2100 1199 2156 ita
1225 2099 1385 2157 inest
1410 2100 1503 2157 eis
1529 2099 1796 2157 naturale
1840 2099 2201 2157 desiderium
2251 2099 2650 2180 ignorantiam
2699 2115 2812 2160 seu

373 2171 767 2229 nescientiam
797 2170 1078 2241 pellendi.
1120 2169 1479 2227 Substantiae
1509 2175 1706 2226 autem
1752 2175 2058 2241 separatae,
2092 2170 2248 2227 sicut
2283 2184 2405 2241 jam
2444 2169 2667 2227 dictum
2718 2177 2815 2230 est

374 2241 526 2315 (cap.
557 2241 671 2314 49),
703 2245 1082 2313 cognoscunt
1120 2241 1403 2310 praedicto
1448 2254 1521 2297 co
1568 2240 1818 2298 nitionis
1863 2241 2044 2297 modo
2091 2240 2484 2298 substantiam
2516 2242 2615 2297 Dei
2669 2254 2811 2300 esse

371 2325 557 2393 supra
603 2326 689 2379 se,
722 2317 780 2368 et
825 2325 1007 2382 supra
1056 2325 1233 2368 omne
1281 2311 1438 2383 quod
1490 2327 1522 2368 a
1609 2312 1698 2368 eis
1749 2311 2124 2384 intelligitur,
2173 2317 2228 2367 et
2276 2325 2381 2382 per
2431 2324 2816 2384 consequens

374 2387 578 2441 sciunt
616 2381 876 2438 divinam
924 2382 1323 2440 substantiam
1366 2381 1482 2440 sibi
1525 2396 1664 2439 esse
1713 2382 2002 2462 ignotam.
2051 2381 2259 2438 Tendit
2306 2382 2487 2453 igitur
2538 2384 2810 2442 naturale

373 2454 642 2526 ipsorum
678 2452 1037 2510 desiderium
1068 2453 1143 2509 ad
1171 2452 1623 2526 intelligendam
1655 2451 1913 2510 divinam
1943 2452 2365 2510 substantiam.

445 2527 599 2588 Item,
633 2532 858 2596 quanto
891 2526 1120 2597 aliquid
1147 2531 1238 2581 est
1266 2524 1370 2581 fini
1405 2524 1826 2595 propinquius,
1856 2530 2024 2581 tanto
2054 2524 2263 2595 majori
2292 2525 2595 2582 desiderio
2620 2526 2811 2583 tendit

382 2595 456 2653 ad
488 2595 689 2652 finem.
721 2595 883 2651 Unde
908 2601 967 2652 et
995 2595 1265 2652 videmus
1295 2595 1452 2667 quod
1483 2604 1683 2652 motus
1710 2595 2001 2652 naturalis
2032 2609 2351 2666 corporum
2380 2596 2443 2651 in
2472 2596 2589 2653 fine
2616 2597 2807 2654 inten-

382 2665 563 2722 ditur.
598 2666 942 2723 lntellectus
973 2671 1172 2723 autem
1197 2665 1673 2723 substantiarum
1714 2670 2123 2736 separatarum
2169 2666 2628 2739 propinquiores
2668 2672 2811 2724 sunt

380 2735 598 2793 divinae
648 2737 977 2815 cognitioni
1029 2750 1207 2807 quam
1254 2742 1460 2793 noster
1503 2736 1863 2793 intellectus.
1894 2736 2194 2793 intensius
2241 2736 2424 2808 igitur
2472 2737 2810 2795 desiderant

379 2806 486 2863 Dei
521 2806 925 2877 cognitionem
956 2820 1133 2878 quain
1170 2820 1303 2864 nos.
1340 2809 1460 2864 Nos
1492 2812 1690 2863 autem
1736 2814 2281 2878 quantumcumque
2329 2807 2594 2866 sciamus
2626 2811 2810 2865 Deum

377 2890 531 2938 esse,
567 2881 624 2931 et
653 2876 769 2932 alia
797 2891 927 2949 quae
960 2890 1141 2948 supra
1171 2877 1330 2934 dicta
1356 2881 1519 2946 sunt,
1548 2890 1669 2934 non
1700 2877 2069 2948 quiescimus
2098 2876 2417 2945 desiderio,
2452 2878 2554 2935 sed
2616 2879 2813 2936 adhuc

377 2946 788 3003 desideramus
818 2961 953 3003 eum
985 2961 1088 3017 per
1130 2949 1455 3005 essentiam
1506 2961 1674 3005 suam
1725 2962 2121 3019 cognoscere3
2155 2947 2343 3005 multo
2392 2948 2576 3020 igitur
2616 2950 2813 3022 magis

377 3016 728 3074 substantiae
758 3022 1043 3087 separatae
1073 3018 1188 3074 boc
1221 3018 1571 3074 naturaliter
1601 3017 1961 3075 desiderant.
1995 3021 2128 3075 Non
2155 3018 2339 3090 igitur
2363 3017 2425 3074 in
2462 3020 2814 3091 cognitione

376 3086 481 3144 Dei
511 3086 790 3156 praedicta
819 3101 1021 3144 eorum
1054 3088 1413 3145 desiderium
1447 3089 1766 3160 quietatur.

449 3159 528 3213 Ex
558 3155 776 3235 quibus
802 3158 1180 3214 concluditur
1207 3157 1368 3229 quod
1397 3158 1607 3215 ultima
1638 3158 1891 3216 felicitas
1939 3157 2292 3216 substantiae
2353 3165 2637 3230 separatae
2685 3172 2813 3216 non

330 3254 334 3258 ·
376 3227 559 3283 estin
604 3228 707 3284 illa
752 3230 1097 3299 cognitione
1132 3231 1233 3284 Dei
1283 3243 1401 3301 qua
1448 3243 1582 3285 eum
1632 3235 2011 3301 cognoscunt
2060 3244 2165 3299 per
2213 3242 2366 3287 suas
2415 3230 2811 3297 substantias,

376 3311 509 3354 cum
541 3296 738 3354 adhuc
766 3312 969 3355 eorum
1004 3298 1366 3356 desiderium
1398 3299 1575 3356 ducat
1604 3314 1709 3357 eos
1742 3314 1931 3372 usque
1962 3299 2034 3356 ad
2069 3299 2169 3355 Dei
2204 3300 2629 3357 substantiam.

451 3371 661 3446 inquo
691 3368 868 3425 etiam
900 3369 1047 3426 satis
1093 3376 1352 3439 apparet,
1386 3370 1545 3442 quod
1596 3371 1657 3426 in
1709 3371 1876 3428 nullo
1928 3371 2049 3428 alio
2100 3371 2433 3442 quaerenda
2462 3377 2553 3428 est
2602 3369 2817 3429 ultima

374 3436 653 3505 felicitas,
725 3452 860 3495 uam
888 3440 948 3494 in
978 3441 1325 3510 operatione
1355 3441 1720 3509 intellectuS,
1754 3455 1891 3499 cum
1917 3441 2155 3498 nullum
2185 3440 2556 3500 desiderium
2580 3449 2696 3498 tam
2746 3442 2812 3498 in

373 3505 632 3565 sublime
706 3516 828 3565 erat
875 3510 1032 3566 sicut
1077 3510 1439 3568 desiderium
1489 3511 1894 3583 intelligendae
1954 3511 2244 3568 veritatis.
2279 3512 2492 3570 Omnia
2552 3526 2811 3583 namque

372 3584 582 3635 nostra
633 3577 930 3636 desideria
978 3580 1066 3636 vel
1115 3581 1552 3643 delectationis,
1585 3583 1674 3638 vel
1723 3585 2154 3654 cujuscumque
2203 3581 2456 3641 alterius
2510 3584 2670 3655 quod
2730 3582 2807 3639 ab

370 3646 617 3705 homine
646 3647 1036 3719 desideratur,
1064 3651 1126 3707 in
1156 3652 1293 3709 aliis
1322 3652 1500 3710 rebus
1526 3653 1834 3725 quiescere
1859 3658 2135 3722 possunt.
2170 3654 2543 3710 Desiderium
2605 3658 2805 3710 autern

411 3719 718 3776 raedictum
754 3734 875 3777 non
905 3721 1163 3794 quiescit
1187 3722 1305 3780 nisi
1335 3723 1412 3780 ad
1454 3737 1753 3779 summum
1806 3737 2003 3780 rerum
2053 3721 2355 3779 cardinem
2412 3729 2473 3780 et
2521 3724 2810 3781 factorem

422 3804 558 3846 eum
579 3792 929 3860 pervenerit.
951 3794 1194 3863 Propter
1209 3794 1368 3865 quod
1386 3793 1809 3850 convenienter
1826 3793 2133 3863 Sapientia
2152 3792 2314 3862 dicit,
2340 3794 2771 3864 Eccli.,xxii1‚7
2793 3811 2810 3851 ε

367 3861 484 3927 Epo
533 3862 591 3914 in
618 3862 902 3917 altissimis
930 3862 1197 3926 habitavi.
1230 3868 1281 3919 et
1313 3865 1538 3919 tiu-onus
1565 3879 1714 3918 naeus
1742 3867 1802 3920 in
1838 3866 2088 3919 aalma
2112 3863 2292 3920 nubis.
2326 3866 2395 3920 Et
2422 3867 2618 3935 prov„
2644 3877 2729 3933 lx,
2755 3867 2811 3935 3,

373 3925 612 4000 dicitur,
643 3931 805 4003 quod
831 3935 1107 4013 sapientia
1131 3935 1365 3990 ancillas
1393 3950 1520 3989 suas
1548 3939 1703 3989 vocat
1730 3934 1807 3989 ad
1830 3950 2029 3989 oeoem.

371 4080 403 4125 r
438 3999 806 4126 §rubescant
833 4003 1017 4130 {gitur
1044 4004 1147 4077 qui
1179 4005 1521 4062 felicitatem
1553 4004 1954 4063 hoministam
1987 4005 2280 4065 altissime
2297 4005 2475 4064 sitam
2499 4004 2562 4062 in
2583 4004 2815 4065 infimis

404 4082 436 4125 e
482 4084 554 4128 us
583 4085 831 4144 quaerun
860 4113 874 4133 .
