<?xml version="1.0" encoding="UTF-8"?>
<!DOCTYPE html PUBLIC "-//W3C//DTD XHTML 1.0 Transitional//EN"
    "http://www.w3.org/TR/xhtml1/DTD/xhtml1-transitional.dtd">
<html xmlns="http://www.w3.org/1999/xhtml" xml:lang="en" lang="en">
 <head>
  <title>
</title>
<meta http-equiv="Content-Type" content="text/html;charset=utf-8" />
  <meta name='ocr-system' content='tesseract 3.04.00' />
  <meta name='ocr-capabilities' content='ocr_page ocr_carea ocr_par ocr_line ocrx_word'/>
</head>
<body>
  <div class='ocr_page' id='page_1' title='image "./deveritatecatho00rubegoog_0132.png"; bbox 0 0 3076 5025; ppageno 0'>
   <div class='ocr_carea' id='block_1_1' title="bbox 452 237 1959 356">
    <p class='ocr_par' dir='ltr' id='par_1_1' title="bbox 452 237 1959 356">
     <span class='ocr_line' id='line_1_1' title="bbox 452 237 1959 356; baseline -0.008 -3"><span class='ocrx_word' id='word_1_1' title='bbox 452 298 524 354; x_wconf 75' lang='lat' dir='ltr'>9ss</span> <span class='ocrx_word' id='word_1_2' title='bbox 726 237 739 260; x_wconf 43' lang='lat' dir='ltr'><em>e</em></span> <span class='ocrx_word' id='word_1_3' title='bbox 1377 287 1511 345; x_wconf 87' lang='lat' dir='ltr'>LIB.</span> <span class='ocrx_word' id='word_1_4' title='bbox 1552 289 1598 356; x_wconf 92' lang='lat'>1,</span> <span class='ocrx_word' id='word_1_5' title='bbox 1638 286 1789 344; x_wconf 81' lang='lat' dir='ltr'>CAP.</span> <span class='ocrx_word' id='word_1_6' title='bbox 1827 287 1959 342; x_wconf 76' lang='lat' dir='ltr'>xci.</span> 
     </span>
    </p>
   </div>
   <div class='ocr_carea' id='block_1_2' title="bbox 452 406 2901 4504">
    <p class='ocr_par' dir='ltr' id='par_1_2' title="bbox 452 406 2888 844">
     <span class='ocr_line' id='line_1_2' title="bbox 456 406 2882 490; baseline -0.005 -13"><span class='ocrx_word' id='word_1_7' title='bbox 456 418 563 484; x_wconf 87' lang='lat' dir='ltr'>rei,</span> <span class='ocrx_word' id='word_1_8' title='bbox 590 430 711 474; x_wconf 86' lang='lat' dir='ltr'>uon</span> <span class='ocrx_word' id='word_1_9' title='bbox 737 415 938 473; x_wconf 83' lang='lat' dir='ltr'>minus</span> <span class='ocrx_word' id='word_1_10' title='bbox 966 427 1103 472; x_wconf 92' lang='lat' dir='ltr'>cum</span> <span class='ocrx_word' id='word_1_11' title='bbox 1131 411 1412 481; x_wconf 61' lang='lat' dir='ltr'>hebetum</span> <span class='ocrx_word' id='word_1_12' title='bbox 1455 410 1560 468; x_wconf 90' lang='lat' dir='ltr'>sed</span> <span class='ocrx_word' id='word_1_13' title='bbox 1606 410 1799 481; x_wconf 86' lang='lat' dir='ltr'>magis</span> <span class='ocrx_word' id='word_1_14' title='bbox 1846 407 1987 490; x_wconf 71' lang='lat' dir='ltr'>quia</span> <span class='ocrx_word' id='word_1_15' title='bbox 2030 421 2253 465; x_wconf 87' lang='lat' dir='ltr'>nonum</span> <span class='ocrx_word' id='word_1_16' title='bbox 2306 407 2544 489; x_wconf 87' lang='lat' dir='ltr'>aliquod</span> <span class='ocrx_word' id='word_1_17' title='bbox 2592 406 2658 466; x_wconf 80' lang='lat' dir='ltr'>fit</span> <span class='ocrx_word' id='word_1_18' title='bbox 2699 409 2882 467; x_wconf 72' lang='lat' dir='ltr'>nobis</span> 
     </span>
     <span class='ocr_line' id='line_1_3' title="bbox 457 478 2884 554; baseline -0.005 -7"><span class='ocrx_word' id='word_1_19' title='bbox 457 488 721 554; x_wconf 81' lang='lat' dir='ltr'>affinius,</span> <span class='ocrx_word' id='word_1_20' title='bbox 749 500 882 543; x_wconf 86' lang='lat' dir='ltr'>cum</span> <span class='ocrx_word' id='word_1_21' title='bbox 913 483 1180 551; x_wconf 87' lang='lat' dir='ltr'>habetur,</span> <span class='ocrx_word' id='word_1_22' title='bbox 1212 483 1368 541; x_wconf 90' lang='lat' dir='ltr'>unde</span> <span class='ocrx_word' id='word_1_23' title='bbox 1402 487 1602 539; x_wconf 90' lang='lat' dir='ltr'>motus</span> <span class='ocrx_word' id='word_1_24' title='bbox 1631 480 1704 538; x_wconf 88' lang='lat' dir='ltr'>ad</span> <span class='ocrx_word' id='word_1_25' title='bbox 1736 478 1910 536; x_wconf 80' lang='lat' dir='ltr'>tinem</span> <span class='ocrx_word' id='word_1_26' title='bbox 1941 491 2001 534; x_wconf 78' lang='lat' dir='ltr'>in</span> <span class='ocrx_word' id='word_1_27' title='bbox 2031 480 2208 537; x_wconf 88' lang='lat' dir='ltr'>rebus</span> <span class='ocrx_word' id='word_1_28' title='bbox 2240 479 2610 537; x_wconf 85' lang='lat' dir='ltr'>naturalibus</span> <span class='ocrx_word' id='word_1_29' title='bbox 2645 494 2721 536; x_wconf 83' lang='lat' dir='ltr'>ex</span> <span class='ocrx_word' id='word_1_30' title='bbox 2795 495 2884 537; x_wconf 87' lang='lat' dir='ltr'>ro·</span> 
     </span>
     <span class='ocr_line' id='line_1_4' title="bbox 456 548 2884 632; baseline -0.003 -16"><span class='ocrx_word' id='word_1_31' title='bbox 456 558 783 632; x_wconf 83' lang='lat' dir='ltr'>pinquitate</span> <span class='ocrx_word' id='word_1_32' title='bbox 816 555 954 613; x_wconf 80' lang='lat' dir='ltr'>finis</span> <span class='ocrx_word' id='word_1_33' title='bbox 995 554 1339 612; x_wconf 90' lang='lat' dir='ltr'>intenditur.</span> <span class='ocrx_word' id='word_1_34' title='bbox 1364 552 1731 623; x_wconf 84' lang='lat' dir='ltr'>Quandoque</span> <span class='ocrx_word' id='word_1_35' title='bbox 1785 556 1983 606; x_wconf 89' lang='lat' dir='ltr'>autem</span> <span class='ocrx_word' id='word_1_36' title='bbox 2037 548 2397 630; x_wconf 83' lang='lat' dir='ltr'>contrarium</span> <span class='ocrx_word' id='word_1_37' title='bbox 2447 564 2552 619; x_wconf 90' lang='lat' dir='ltr'>per</span> <span class='ocrx_word' id='word_1_38' title='bbox 2597 550 2724 607; x_wconf 85' lang='lat' dir='ltr'>acci</span> <span class='ocrx_word' id='word_1_39' title='bbox 2776 564 2884 608; x_wconf 91' lang='lat' dir='ltr'>ens</span> 
     </span>
     <span class='ocr_line' id='line_1_5' title="bbox 458 620 2885 700; baseline -0.004 -13"><span class='ocrx_word' id='word_1_40' title='bbox 458 629 691 696; x_wconf 81' lang='lat' dir='ltr'>accidit,</span> <span class='ocrx_word' id='word_1_41' title='bbox 722 632 921 697; x_wconf 80' lang='lat' dir='ltr'>utpote</span> <span class='ocrx_word' id='word_1_42' title='bbox 951 625 1189 698; x_wconf 86' lang='lat' dir='ltr'>quando</span> <span class='ocrx_word' id='word_1_43' title='bbox 1220 625 1279 680; x_wconf 91' lang='lat' dir='ltr'>in</span> <span class='ocrx_word' id='word_1_44' title='bbox 1306 631 1502 681; x_wconf 84' lang='lat' dir='ltr'>amato</span> <span class='ocrx_word' id='word_1_45' title='bbox 1538 621 1875 693; x_wconf 80' lang='lat' dir='ltr'>experimur</span> <span class='ocrx_word' id='word_1_46' title='bbox 1903 620 2127 691; x_wconf 85' lang='lat' dir='ltr'>aliquid</span> <span class='ocrx_word' id='word_1_47' title='bbox 2154 620 2312 700; x_wconf 82' lang='lat' dir='ltr'>quod</span> <span class='ocrx_word' id='word_1_48' title='bbox 2338 626 2627 692; x_wconf 82' lang='lat' dir='ltr'>repugnat</span> <span class='ocrx_word' id='word_1_49' title='bbox 2663 622 2885 689; x_wconf 83' lang='lat' dir='ltr'>amori,</span> 
     </span>
     <span class='ocr_line' id='line_1_6' title="bbox 462 691 2888 771; baseline -0.004 -13"><span class='ocrx_word' id='word_1_50' title='bbox 462 708 607 759; x_wconf 88' lang='lat' dir='ltr'>tunc</span> <span class='ocrx_word' id='word_1_51' title='bbox 653 699 809 755; x_wconf 90' lang='lat' dir='ltr'>enim</span> <span class='ocrx_word' id='word_1_52' title='bbox 862 698 1062 754; x_wconf 84' lang='lat' dir='ltr'>miuus</span> <span class='ocrx_word' id='word_1_53' title='bbox 1108 701 1341 753; x_wconf 89' lang='lat' dir='ltr'>amatur</span> <span class='ocrx_word' id='word_1_54' title='bbox 1385 694 1625 767; x_wconf 84' lang='lat' dir='ltr'>quando</span> <span class='ocrx_word' id='word_1_55' title='bbox 1677 692 1944 749; x_wconf 86' lang='lat' dir='ltr'>habetur.</span> <span class='ocrx_word' id='word_1_56' title='bbox 1995 693 2122 771; x_wconf 83' lang='lat' dir='ltr'>Non</span> <span class='ocrx_word' id='word_1_57' title='bbox 2156 691 2337 770; x_wconf 76' lang='lat' dir='ltr'>igitur</span> <span class='ocrx_word' id='word_1_58' title='bbox 2378 705 2546 749; x_wconf 87' lang='lat' dir='ltr'>amor</span> <span class='ocrx_word' id='word_1_59' title='bbox 2594 698 2888 764; x_wconf 75' lang='lat' dir='ltr'>repugnat</span> 
     </span>
     <span class='ocr_line' id='line_1_7' title="bbox 452 762 2819 844; baseline -0.005 -14"><span class='ocrx_word' id='word_1_60' title='bbox 452 771 673 832; x_wconf 84' lang='lat' dir='ltr'>&#39;divinae</span> <span class='ocrx_word' id='word_1_61' title='bbox 703 767 1048 839; x_wconf 77' lang='lat' dir='ltr'>perfectioni</span> <span class='ocrx_word' id='word_1_62' title='bbox 1076 765 1402 825; x_wconf 87' lang='lat' dir='ltr'>secundum</span> <span class='ocrx_word' id='word_1_63' title='bbox 1434 764 1722 822; x_wconf 83' lang='lat' dir='ltr'>rationem</span> <span class='ocrx_word' id='word_1_64' title='bbox 1751 776 1876 820; x_wconf 76' lang='lat' dir='ltr'>suae</span> <span class='ocrx_word' id='word_1_65' title='bbox 1893 763 2134 842; x_wconf 84' lang='lat' dir='ltr'>speciei.</span> <span class='ocrx_word' id='word_1_66' title='bbox 2168 763 2267 818; x_wconf 88' lang='lat' dir='ltr'>Est</span> <span class='ocrx_word' id='word_1_67' title='bbox 2295 762 2474 843; x_wconf 33' lang='lat' dir='ltr'>igi-tur</span> <span class='ocrx_word' id='word_1_68' title='bbox 2505 762 2563 818; x_wconf 91' lang='lat' dir='ltr'>in</span> <span class='ocrx_word' id='word_1_69' title='bbox 2597 763 2742 821; x_wconf 89' lang='lat' dir='ltr'>Deo.</span> <span class='ocrx_word' id='word_1_70' title='bbox 2796 786 2819 844; x_wconf 84' lang='lat'>‘.</span> 
     </span>
    </p>

    <p class='ocr_par' dir='ltr' id='par_1_3' title="bbox 458 833 2892 1404">
     <span class='ocr_line' id='line_1_8' title="bbox 529 833 2882 904; baseline -0.003 -8"><span class='ocrx_word' id='word_1_71' title='bbox 529 844 808 901; x_wconf 66' lang='lat' dir='ltr'>Praeterea,</span> <span class='ocrx_word' id='word_1_72' title='bbox 837 837 1059 895; x_wconf 83' lang='lat' dir='ltr'>amoris</span> <span class='ocrx_word' id='word_1_73' title='bbox 1088 842 1179 895; x_wconf 88' lang='lat' dir='ltr'>est</span> <span class='ocrx_word' id='word_1_74' title='bbox 1206 836 1276 894; x_wconf 86' lang='lat' dir='ltr'>ad</span> <span class='ocrx_word' id='word_1_75' title='bbox 1306 835 1560 893; x_wconf 86' lang='lat' dir='ltr'>invicem</span> <span class='ocrx_word' id='word_1_76' title='bbox 1584 847 1838 900; x_wconf 85' lang='lat' dir='ltr'>movere,</span> <span class='ocrx_word' id='word_1_77' title='bbox 1871 840 1935 889; x_wconf 92' lang='lat' dir='ltr'>ut</span> <span class='ocrx_word' id='word_1_78' title='bbox 1963 834 2283 904; x_wconf 77' lang='lat' dir='ltr'>Dionysius</span> <span class='ocrx_word' id='word_1_79' title='bbox 2328 833 2491 889; x_wconf 84' lang='lat' dir='ltr'>dicit.</span> <span class='ocrx_word' id='word_1_80' title='bbox 2523 834 2666 890; x_wconf 88' lang='lat' dir='ltr'>Cum</span> <span class='ocrx_word' id='word_1_81' title='bbox 2723 846 2882 890; x_wconf 83' lang='lat' dir='ltr'>enim</span> 
     </span>
     <span class='ocr_line' id='line_1_9' title="bbox 458 901 2888 983; baseline -0.002 -17"><span class='ocrx_word' id='word_1_82' title='bbox 458 917 700 983; x_wconf 84' lang='lat' dir='ltr'>propter</span> <span class='ocrx_word' id='word_1_83' title='bbox 722 908 1170 966; x_wconf 84' lang='lat' dir='ltr'>similitudinem</span> <span class='ocrx_word' id='word_1_84' title='bbox 1202 906 1290 964; x_wconf 83' lang='lat' dir='ltr'>vel</span> <span class='ocrx_word' id='word_1_85' title='bbox 1324 905 1796 963; x_wconf 75' lang='lat' dir='ltr'>convenientiam</span> <span class='ocrx_word' id='word_1_86' title='bbox 1811 901 2888 969; x_wconf 81' lang='lat' dir='ltr'>amantisetamati,affectusamantis</span> 
     </span>
     <span class='ocr_line' id='line_1_10' title="bbox 462 973 2885 1054; baseline -0.003 -16"><span class='ocrx_word' id='word_1_87' title='bbox 462 983 541 1037; x_wconf 78' lang='lat' dir='ltr'>sit</span> <span class='ocrx_word' id='word_1_88' title='bbox 563 980 735 1052; x_wconf 86' lang='lat' dir='ltr'>quod·</span> <span class='ocrx_word' id='word_1_89' title='bbox 764 979 1002 1036; x_wconf 89' lang='lat' dir='ltr'>mmodo</span> <span class='ocrx_word' id='word_1_90' title='bbox 1033 979 1237 1035; x_wconf 86' lang='lat' dir='ltr'>unitus</span> <span class='ocrx_word' id='word_1_91' title='bbox 1262 984 1480 1041; x_wconf 85' lang='lat' dir='ltr'>amato,</span> <span class='ocrx_word' id='word_1_92' title='bbox 1512 976 1699 1032; x_wconf 85' lang='lat' dir='ltr'>tendit</span> <span class='ocrx_word' id='word_1_93' title='bbox 1727 976 2022 1045; x_wconf 76' lang='lat' dir='ltr'>appetitus</span> <span class='ocrx_word' id='word_1_94' title='bbox 2051 974 2112 1029; x_wconf 90' lang='lat' dir='ltr'>in</span> <span class='ocrx_word' id='word_1_95' title='bbox 2147 975 2563 1054; x_wconf 77' lang='lat' dir='ltr'>perlectionem</span> <span class='ocrx_word' id='word_1_96' title='bbox 2609 973 2885 1041; x_wconf 82' lang='lat' dir='ltr'>unioniS,</span> 
     </span>
     <span class='ocr_line' id='line_1_11' title="bbox 464 1043 2890 1119; baseline -0.003 -10"><span class='ocrx_word' id='word_1_97' title='bbox 464 1058 529 1109; x_wconf 93' lang='lat' dir='ltr'>ut</span> <span class='ocrx_word' id='word_1_98' title='bbox 557 1052 684 1107; x_wconf 81' lang='lat' dir='ltr'>scili</span> <span class='ocrx_word' id='word_1_99' title='bbox 727 1052 942 1108; x_wconf 89' lang='lat' dir='ltr'>etunio</span> <span class='ocrx_word' id='word_1_100' title='bbox 967 1063 1099 1119; x_wconf 81' lang='lat' dir='ltr'>quae</span> <span class='ocrx_word' id='word_1_101' title='bbox 1118 1048 1239 1118; x_wconf 86' lang='lat' dir='ltr'>jam</span> <span class='ocrx_word' id='word_1_102' title='bbox 1271 1049 1551 1105; x_wconf 87' lang='lat' dir='ltr'>inchoata</span> <span class='ocrx_word' id='word_1_103' title='bbox 1578 1046 1749 1104; x_wconf 88' lang='lat' dir='ltr'>estin</span> <span class='ocrx_word' id='word_1_104' title='bbox 1778 1043 2014 1111; x_wconf 77' lang='lat' dir='ltr'>affectu,</span> <span class='ocrx_word' id='word_1_105' title='bbox 2045 1046 2490 1114; x_wconf 77' lang='lat' dir='ltr'>compleaturm</span> <span class='ocrx_word' id='word_1_106' title='bbox 2515 1050 2646 1100; x_wconf 87' lang='lat' dir='ltr'>ac-tu</span> <span class='ocrx_word' id='word_1_107' title='bbox 2683 1062 2698 1099; x_wconf 75' lang='grc' dir='ltr'>ε</span> <span class='ocrx_word' id='word_1_108' title='bbox 2729 1045 2890 1106; x_wconf 89' lang='lat' dir='ltr'>unde</span> 
     </span>
     <span class='ocr_line' id='line_1_12' title="bbox 465 1114 2892 1197; baseline -0.002 -18"><span class='ocrx_word' id='word_1_109' title='bbox 465 1128 523 1180; x_wconf 85' lang='lat' dir='ltr'>ct</span> <span class='ocrx_word' id='word_1_110' title='bbox 549 1123 874 1178; x_wconf 85' lang='lat' dir='ltr'>amicorum</span> <span class='ocrx_word' id='word_1_111' title='bbox 928 1120 1228 1191; x_wconf 89' lang='lat' dir='ltr'>proprium</span> <span class='ocrx_word' id='word_1_112' title='bbox 1261 1123 1349 1175; x_wconf 90' lang='lat' dir='ltr'>est</span> <span class='ocrx_word' id='word_1_113' title='bbox 1376 1126 1584 1174; x_wconf 88' lang='lat' dir='ltr'>mutua</span> <span class='ocrx_word' id='word_1_114' title='bbox 1610 1115 1925 1189; x_wconf 86' lang='lat' dir='ltr'>praesentia</span> <span class='ocrx_word' id='word_1_115' title='bbox 1952 1121 2010 1170; x_wconf 90' lang='lat' dir='ltr'>et</span> <span class='ocrx_word' id='word_1_116' title='bbox 2032 1116 2327 1196; x_wconf 37' lang='lat' dir='ltr'>‚convictu</span> <span class='ocrx_word' id='word_1_117' title='bbox 2374 1119 2432 1171; x_wconf 89' lang='lat' dir='ltr'>et</span> <span class='ocrx_word' id='word_1_118' title='bbox 2458 1114 2892 1197; x_wconf 63' lang='lat' dir='ltr'>collationibus</span> 
     </span>
     <span class='ocr_line' id='line_1_13' title="bbox 462 1185 2890 1260; baseline -0.001 -13"><span class='ocrx_word' id='word_1_119' title='bbox 462 1195 742 1260; x_wconf 65' lang='lat' dir='ltr'>gaudere.</span> <span class='ocrx_word' id='word_1_120' title='bbox 777 1194 931 1247; x_wconf 74' lang='lat' dir='ltr'>Deus</span> <span class='ocrx_word' id='word_1_121' title='bbox 960 1197 1155 1247; x_wconf 83' lang='lat' dir='ltr'>autem</span> <span class='ocrx_word' id='word_1_122' title='bbox 1183 1195 1377 1246; x_wconf 88' lang='lat' dir='ltr'>movet</span> <span class='ocrx_word' id='word_1_123' title='bbox 1416 1188 1619 1246; x_wconf 82' lang='lat' dir='ltr'>omnia</span> <span class='ocrx_word' id='word_1_124' title='bbox 1658 1188 1776 1245; x_wconf 82' lang='lat' dir='ltr'>alia</span> <span class='ocrx_word' id='word_1_125' title='bbox 1820 1185 1891 1243; x_wconf 90' lang='lat' dir='ltr'>ad</span> <span class='ocrx_word' id='word_1_126' title='bbox 1944 1198 2225 1242; x_wconf 84' lang='lat' dir='ltr'>unionem</span> <span class='ocrx_word' id='word_1_127' title='bbox 2251 1204 2266 1256; x_wconf 88' lang='lat'>;</span> <span class='ocrx_word' id='word_1_128' title='bbox 2295 1199 2359 1243; x_wconf 81' lang='lat' dir='ltr'>in</span> <span class='ocrx_word' id='word_1_129' title='bbox 2388 1192 2674 1258; x_wconf 87' lang='lat' dir='ltr'>quantum</span> <span class='ocrx_word' id='word_1_130' title='bbox 2724 1199 2890 1244; x_wconf 87' lang='lat' dir='ltr'>emm</span> 
     </span>
     <span class='ocr_line' id='line_1_14' title="bbox 465 1255 2888 1332; baseline -0.002 -12"><span class='ocrx_word' id='word_1_131' title='bbox 465 1265 714 1320; x_wconf 67' lang='lat' dir='ltr'>date-sse</span> <span class='ocrx_word' id='word_1_132' title='bbox 745 1269 799 1318; x_wconf 88' lang='lat' dir='ltr'>et</span> <span class='ocrx_word' id='word_1_133' title='bbox 830 1262 979 1319; x_wconf 85' lang='lat' dir='ltr'>alias</span> <span class='ocrx_word' id='word_1_134' title='bbox 1010 1260 1422 1332; x_wconf 85' lang='lat' dir='ltr'>perfectiones,</span> <span class='ocrx_word' id='word_1_135' title='bbox 1456 1261 1587 1319; x_wconf 90' lang='lat' dir='ltr'>unit</span> <span class='ocrx_word' id='word_1_136' title='bbox 1613 1273 1685 1318; x_wconf 89' lang='lat' dir='ltr'>ea</span> <span class='ocrx_word' id='word_1_137' title='bbox 1711 1256 1825 1318; x_wconf 88' lang='lat' dir='ltr'>sibi</span> <span class='ocrx_word' id='word_1_138' title='bbox 1858 1270 1962 1328; x_wconf 88' lang='lat' dir='ltr'>per</span> <span class='ocrx_word' id='word_1_139' title='bbox 1987 1255 2231 1314; x_wconf 88' lang='lat' dir='ltr'>modum</span> <span class='ocrx_word' id='word_1_140' title='bbox 2277 1269 2397 1329; x_wconf 89' lang='lat' dir='ltr'>quo</span> <span class='ocrx_word' id='word_1_141' title='bbox 2456 1256 2747 1327; x_wconf 84' lang='lat' dir='ltr'>possibile</span> <span class='ocrx_word' id='word_1_142' title='bbox 2772 1264 2888 1315; x_wconf 89' lang='lat' dir='ltr'>est.</span> 
     </span>
     <span class='ocr_line' id='line_1_15' title="bbox 465 1330 1446 1404; baseline -0.004 -13"><span class='ocrx_word' id='word_1_143' title='bbox 465 1336 623 1391; x_wconf 91' lang='lat' dir='ltr'>Deus</span> <span class='ocrx_word' id='word_1_144' title='bbox 651 1332 833 1404; x_wconf 88' lang='lat' dir='ltr'>igitur</span> <span class='ocrx_word' id='word_1_145' title='bbox 861 1338 917 1388; x_wconf 87' lang='lat' dir='ltr'>et</span> <span class='ocrx_word' id='word_1_146' title='bbox 945 1345 1011 1389; x_wconf 92' lang='lat' dir='ltr'>se</span> <span class='ocrx_word' id='word_1_147' title='bbox 1040 1337 1097 1388; x_wconf 92' lang='lat' dir='ltr'>et</span> <span class='ocrx_word' id='word_1_148' title='bbox 1125 1330 1243 1388; x_wconf 89' lang='lat' dir='ltr'>alia</span> <span class='ocrx_word' id='word_1_149' title='bbox 1269 1335 1446 1387; x_wconf 88' lang='lat' dir='ltr'>amat.</span> 
     </span>
    </p>

    <p class='ocr_par' dir='ltr' id='par_1_4' title="bbox 464 1396 2894 1754">
     <span class='ocr_line' id='line_1_16' title="bbox 536 1396 2894 1479; baseline -0.002 -19"><span class='ocrx_word' id='word_1_150' title='bbox 536 1404 753 1470; x_wconf 77' lang='lat' dir='ltr'>Adhuc,</span> <span class='ocrx_word' id='word_1_151' title='bbox 785 1402 983 1460; x_wconf 90' lang='lat' dir='ltr'>omnis</span> <span class='ocrx_word' id='word_1_152' title='bbox 1020 1400 1354 1458; x_wconf 80' lang='lat' dir='ltr'>affectionis</span> <span class='ocrx_word' id='word_1_153' title='bbox 1404 1397 1759 1479; x_wconf 78' lang='lat' dir='ltr'>principium</span> <span class='ocrx_word' id='word_1_154' title='bbox 1794 1402 1885 1456; x_wconf 84' lang='lat' dir='ltr'>est</span> <span class='ocrx_word' id='word_1_155' title='bbox 1913 1396 2421 1478; x_wconf 41' lang='lat' dir='ltr'>amor-..Gaudium</span> <span class='ocrx_word' id='word_1_156' title='bbox 2452 1397 2610 1479; x_wconf 71' lang='lat' dir='ltr'>enim</span> <span class='ocrx_word' id='word_1_157' title='bbox 2639 1401 2698 1456; x_wconf 88' lang='lat' dir='ltr'>et</span> <span class='ocrx_word' id='word_1_158' title='bbox 2726 1397 2894 1457; x_wconf 82' lang='lat' dir='ltr'>desi-</span> 
     </span>
     <span class='ocr_line' id='line_1_17' title="bbox 471 1468 2892 1539; baseline -0.002 -7"><span class='ocrx_word' id='word_1_159' title='bbox 471 1473 699 1532; x_wconf 83' lang='lat' dir='ltr'>derium</span> <span class='ocrx_word' id='word_1_160' title='bbox 746 1487 867 1531; x_wconf 92' lang='lat' dir='ltr'>non</span> <span class='ocrx_word' id='word_1_161' title='bbox 918 1477 1011 1529; x_wconf 85' lang='lat' dir='ltr'>est</span> <span class='ocrx_word' id='word_1_162' title='bbox 1053 1471 1172 1528; x_wconf 90' lang='lat' dir='ltr'>nisi</span> <span class='ocrx_word' id='word_1_163' title='bbox 1203 1470 1378 1528; x_wconf 89' lang='lat' dir='ltr'>amati</span> <span class='ocrx_word' id='word_1_164' title='bbox 1417 1469 1582 1527; x_wconf 85' lang='lat' dir='ltr'>boni.</span> <span class='ocrx_word' id='word_1_165' title='bbox 1614 1470 1811 1526; x_wconf 85' lang='lat' dir='ltr'>Timor</span> <span class='ocrx_word' id='word_1_166' title='bbox 1836 1474 1890 1525; x_wconf 87' lang='lat' dir='ltr'>et</span> <span class='ocrx_word' id='word_1_167' title='bbox 1922 1473 2162 1526; x_wconf 85' lang='lat' dir='ltr'>tristitia</span> <span class='ocrx_word' id='word_1_168' title='bbox 2191 1482 2311 1526; x_wconf 92' lang='lat' dir='ltr'>non</span> <span class='ocrx_word' id='word_1_169' title='bbox 2337 1474 2429 1525; x_wconf 88' lang='lat' dir='ltr'>est</span> <span class='ocrx_word' id='word_1_170' title='bbox 2453 1481 2566 1526; x_wconf 85' lang='lat' dir='ltr'>nisi</span> <span class='ocrx_word' id='word_1_171' title='bbox 2597 1468 2668 1524; x_wconf 92' lang='lat' dir='ltr'>de</span> <span class='ocrx_word' id='word_1_172' title='bbox 2701 1469 2892 1539; x_wconf 89' lang='lat' dir='ltr'>ma10,</span> 
     </span>
     <span class='ocr_line' id='line_1_18' title="bbox 468 1536 2894 1617; baseline -0.002 -14"><span class='ocrx_word' id='word_1_173' title='bbox 468 1544 623 1617; x_wconf 87' lang='lat' dir='ltr'>quod</span> <span class='ocrx_word' id='word_1_174' title='bbox 674 1543 1067 1600; x_wconf 78' lang='lat' dir='ltr'>contrariatur</span> <span class='ocrx_word' id='word_1_175' title='bbox 1114 1541 1275 1598; x_wconf 86' lang='lat' dir='ltr'>bono</span> <span class='ocrx_word' id='word_1_176' title='bbox 1330 1546 1545 1597; x_wconf 84' lang='lat' dir='ltr'>amato.</span> <span class='ocrx_word' id='word_1_177' title='bbox 1596 1540 1674 1596; x_wconf 84' lang='lat' dir='ltr'>Ex</span> <span class='ocrx_word' id='word_1_178' title='bbox 1724 1539 1818 1597; x_wconf 81' lang='lat' dir='ltr'>liis</span> <span class='ocrx_word' id='word_1_179' title='bbox 1864 1546 2060 1595; x_wconf 87' lang='lat' dir='ltr'>autem</span> <span class='ocrx_word' id='word_1_180' title='bbox 2108 1552 2319 1598; x_wconf 87' lang='lat' dir='ltr'>omnes</span> <span class='ocrx_word' id='word_1_181' title='bbox 2359 1538 2493 1596; x_wconf 81' lang='lat' dir='ltr'>aliae</span> <span class='ocrx_word' id='word_1_182' title='bbox 2534 1536 2894 1599; x_wconf 81' lang='lat' dir='ltr'>affectiones</span> 
     </span>
     <span class='ocr_line' id='line_1_19' title="bbox 468 1609 2882 1683; baseline -0.001 -12"><span class='ocrx_word' id='word_1_183' title='bbox 468 1618 742 1673; x_wconf 85' lang='lat' dir='ltr'>oriuntur</span> <span class='ocrx_word' id='word_1_184' title='bbox 771 1631 785 1669; x_wconf 74' lang='grc' dir='ltr'>ε</span> <span class='ocrx_word' id='word_1_185' title='bbox 818 1612 920 1670; x_wconf 88' lang='lat' dir='ltr'>sed</span> <span class='ocrx_word' id='word_1_186' title='bbox 953 1613 1013 1669; x_wconf 92' lang='lat' dir='ltr'>in</span> <span class='ocrx_word' id='word_1_187' title='bbox 1049 1614 1166 1669; x_wconf 88' lang='lat' dir='ltr'>Deo</span> <span class='ocrx_word' id='word_1_188' title='bbox 1196 1616 1288 1669; x_wconf 88' lang='lat' dir='ltr'>est</span> <span class='ocrx_word' id='word_1_189' title='bbox 1314 1610 1595 1683; x_wconf 83' lang='lat' dir='ltr'>gaudium</span> <span class='ocrx_word' id='word_1_190' title='bbox 1624 1615 1682 1666; x_wconf 91' lang='lat' dir='ltr'>et</span> <span class='ocrx_word' id='word_1_191' title='bbox 1711 1609 2046 1680; x_wconf 86' lang='lat' dir='ltr'>delectatio,</span> <span class='ocrx_word' id='word_1_192' title='bbox 2066 1615 2130 1667; x_wconf 87' lang='lat' dir='ltr'>ut</span> <span class='ocrx_word' id='word_1_193' title='bbox 2158 1624 2342 1682; x_wconf 87' lang='lat' dir='ltr'>supra</span> <span class='ocrx_word' id='word_1_194' title='bbox 2367 1609 2519 1681; x_wconf 88' lang='lat' dir='ltr'>(cap.</span> <span class='ocrx_word' id='word_1_195' title='bbox 2552 1609 2639 1683; x_wconf 84' lang='lat'>90)</span> <span class='ocrx_word' id='word_1_196' title='bbox 2669 1617 2882 1669; x_wconf 69' lang='lat' dir='ltr'>osten0</span> 
     </span>
     <span class='ocr_line' id='line_1_20' title="bbox 464 1684 1487 1754; baseline -0.006 -10"><span class='ocrx_word' id='word_1_197' title='bbox 464 1699 601 1744; x_wconf 83' lang='lat' dir='ltr'>suni</span> <span class='ocrx_word' id='word_1_198' title='bbox 620 1690 746 1741; x_wconf 69' lang='lat' dir='ltr'>est.</span> <span class='ocrx_word' id='word_1_199' title='bbox 774 1686 924 1754; x_wconf 86' lang='lat' dir='ltr'>Ergo</span> <span class='ocrx_word' id='word_1_200' title='bbox 948 1684 1010 1739; x_wconf 90' lang='lat' dir='ltr'>in</span> <span class='ocrx_word' id='word_1_201' title='bbox 1036 1685 1156 1741; x_wconf 90' lang='lat' dir='ltr'>Deo</span> <span class='ocrx_word' id='word_1_202' title='bbox 1182 1688 1274 1739; x_wconf 91' lang='lat' dir='ltr'>est</span> <span class='ocrx_word' id='word_1_203' title='bbox 1301 1695 1487 1739; x_wconf 82' lang='lat' dir='ltr'>amor.</span> 
     </span>
    </p>

    <p class='ocr_par' dir='ltr' id='par_1_5' title="bbox 470 1748 2890 1966">
     <span class='ocr_line' id='line_1_21' title="bbox 539 1748 2889 1824; baseline -0.001 -13"><span class='ocrx_word' id='word_1_204' title='bbox 539 1758 750 1811; x_wconf 81' lang='lat' dir='ltr'>Posset</span> <span class='ocrx_word' id='word_1_205' title='bbox 774 1761 966 1811; x_wconf 85' lang='lat' dir='ltr'>autem</span> <span class='ocrx_word' id='word_1_206' title='bbox 998 1753 1174 1810; x_wconf 85' lang='lat' dir='ltr'>alicui</span> <span class='ocrx_word' id='word_1_207' title='bbox 1208 1753 1389 1809; x_wconf 83' lang='lat' dir='ltr'>videri</span> <span class='ocrx_word' id='word_1_208' title='bbox 1422 1750 1579 1824; x_wconf 91' lang='lat' dir='ltr'>quod</span> <span class='ocrx_word' id='word_1_209' title='bbox 1612 1751 1768 1807; x_wconf 88' lang='lat' dir='ltr'>Deus</span> <span class='ocrx_word' id='word_1_210' title='bbox 1797 1763 1916 1807; x_wconf 88' lang='lat' dir='ltr'>non</span> <span class='ocrx_word' id='word_1_211' title='bbox 1950 1750 2145 1823; x_wconf 89' lang='lat' dir='ltr'>magis</span> <span class='ocrx_word' id='word_1_212' title='bbox 2177 1750 2291 1808; x_wconf 90' lang='lat' dir='ltr'>hoc</span> <span class='ocrx_word' id='word_1_213' title='bbox 2320 1764 2497 1823; x_wconf 83' lang='lat' dir='ltr'>quam</span> <span class='ocrx_word' id='word_1_214' title='bbox 2527 1748 2673 1808; x_wconf 89' lang='lat' dir='ltr'>illud</span> <span class='ocrx_word' id='word_1_215' title='bbox 2704 1755 2889 1810; x_wconf 83' lang='lat' dir='ltr'>amet.</span> 
     </span>
     <span class='ocr_line' id='line_1_22' title="bbox 471 1821 2890 1901; baseline -0.001 -18"><span class='ocrx_word' id='word_1_216' title='bbox 471 1826 529 1883; x_wconf 89' lang='lat' dir='ltr'>Si</span> <span class='ocrx_word' id='word_1_217' title='bbox 560 1827 717 1882; x_wconf 81' lang='lat' dir='ltr'>enim</span> <span class='ocrx_word' id='word_1_218' title='bbox 749 1824 1010 1881; x_wconf 77' lang='lat' dir='ltr'>intensio</span> <span class='ocrx_word' id='word_1_219' title='bbox 1040 1829 1098 1880; x_wconf 91' lang='lat' dir='ltr'>et</span> <span class='ocrx_word' id='word_1_220' title='bbox 1126 1823 1404 1880; x_wconf 85' lang='lat' dir='ltr'>remissio</span> <span class='ocrx_word' id='word_1_221' title='bbox 1434 1827 1657 1901; x_wconf 81' lang='lat' dir='ltr'>naturae</span> <span class='ocrx_word' id='word_1_222' title='bbox 1683 1821 1988 1879; x_wconf 89' lang='lat' dir='ltr'>mutabilis</span> <span class='ocrx_word' id='word_1_223' title='bbox 2007 1827 2117 1892; x_wconf 88' lang='lat' dir='ltr'>est,</span> <span class='ocrx_word' id='word_1_224' title='bbox 2141 1821 2377 1893; x_wconf 81' lang='lat' dir='ltr'>proprie</span> <span class='ocrx_word' id='word_1_225' title='bbox 2396 1824 2518 1880; x_wconf 89' lang='lat' dir='ltr'>Deo</span> <span class='ocrx_word' id='word_1_226' title='bbox 2548 1825 2890 1894; x_wconf 80' lang='lat' dir='ltr'>competere</span> 
     </span>
     <span class='ocr_line' id='line_1_23' title="bbox 470 1893 2052 1966; baseline -0.004 -12"><span class='ocrx_word' id='word_1_227' title='bbox 470 1910 590 1954; x_wconf 89' lang='lat' dir='ltr'>non</span> <span class='ocrx_word' id='word_1_228' title='bbox 622 1901 836 1966; x_wconf 85' lang='lat' dir='ltr'>potest,</span> <span class='ocrx_word' id='word_1_229' title='bbox 867 1909 901 1951; x_wconf 87' lang='lat' dir='ltr'>a</span> <span class='ocrx_word' id='word_1_230' title='bbox 929 1907 1049 1966; x_wconf 89' lang='lat' dir='ltr'>quo</span> <span class='ocrx_word' id='word_1_231' title='bbox 1080 1894 1279 1951; x_wconf 90' lang='lat' dir='ltr'>omnis</span> <span class='ocrx_word' id='word_1_232' title='bbox 1308 1893 1674 1950; x_wconf 74' lang='lat' dir='ltr'>mutabilitas</span> <span class='ocrx_word' id='word_1_233' title='bbox 1702 1893 1910 1962; x_wconf 90' lang='lat' dir='ltr'>procul</span> <span class='ocrx_word' id='word_1_234' title='bbox 1940 1898 2052 1950; x_wconf 77' lang='lat' dir='ltr'>est.</span> 
     </span>
    </p>

    <p class='ocr_par' dir='ltr' id='par_1_6' title="bbox 476 1962 2890 2178">
     <span class='ocr_line' id='line_1_24' title="bbox 538 1962 2889 2035; baseline 0 -12"><span class='ocrx_word' id='word_1_235' title='bbox 538 1969 766 2035; x_wconf 82' lang='lat' dir='ltr'>Rursus,</span> <span class='ocrx_word' id='word_1_236' title='bbox 799 1965 1027 2021; x_wconf 89' lang='lat' dir='ltr'>nullum</span> <span class='ocrx_word' id='word_1_237' title='bbox 1059 1965 1313 2022; x_wconf 86' lang='lat' dir='ltr'>aliorum</span> <span class='ocrx_word' id='word_1_238' title='bbox 1344 1977 1474 2034; x_wconf 86' lang='lat' dir='ltr'>quae</span> <span class='ocrx_word' id='word_1_239' title='bbox 1518 1962 1591 2019; x_wconf 87' lang='lat' dir='ltr'>de</span> <span class='ocrx_word' id='word_1_240' title='bbox 1637 1964 1757 2019; x_wconf 85' lang='lat' dir='ltr'>Deo</span> <span class='ocrx_word' id='word_1_241' title='bbox 1788 1977 1891 2033; x_wconf 90' lang='lat' dir='ltr'>per</span> <span class='ocrx_word' id='word_1_242' title='bbox 1919 1962 2159 2020; x_wconf 90' lang='lat' dir='ltr'>modum</span> <span class='ocrx_word' id='word_1_243' title='bbox 2189 1962 2557 2034; x_wconf 82' lang='lat' dir='ltr'>operationis</span> <span class='ocrx_word' id='word_1_244' title='bbox 2582 1962 2889 2032; x_wconf 89' lang='lat' dir='ltr'>dicuntur,</span> 
     </span>
     <span class='ocr_line' id='line_1_25' title="bbox 476 2033 2890 2108; baseline 0.001 -15"><span class='ocrx_word' id='word_1_245' title='bbox 476 2038 805 2094; x_wconf 82' lang='lat' dir='ltr'>secundum</span> <span class='ocrx_word' id='word_1_246' title='bbox 856 2037 1048 2106; x_wconf 82' lang='lat' dir='ltr'>magis</span> <span class='ocrx_word' id='word_1_247' title='bbox 1094 2040 1153 2091; x_wconf 88' lang='lat' dir='ltr'>et</span> <span class='ocrx_word' id='word_1_248' title='bbox 1199 2036 1399 2091; x_wconf 88' lang='lat' dir='ltr'>minus</span> <span class='ocrx_word' id='word_1_249' title='bbox 1429 2033 1500 2091; x_wconf 87' lang='lat' dir='ltr'>de</span> <span class='ocrx_word' id='word_1_250' title='bbox 1535 2036 1665 2103; x_wconf 89' lang='lat' dir='ltr'>ipso</span> <span class='ocrx_word' id='word_1_251' title='bbox 1690 2033 1985 2091; x_wconf 87' lang='lat' dir='ltr'>dicuntur.</span> <span class='ocrx_word' id='word_1_252' title='bbox 2021 2035 2221 2105; x_wconf 84' lang='lat' dir='ltr'>Neque</span> <span class='ocrx_word' id='word_1_253' title='bbox 2250 2034 2406 2091; x_wconf 90' lang='lat' dir='ltr'>enim</span> <span class='ocrx_word' id='word_1_254' title='bbox 2438 2034 2633 2107; x_wconf 83' lang='lat' dir='ltr'>magis</span> <span class='ocrx_word' id='word_1_255' title='bbox 2660 2033 2890 2108; x_wconf 85' lang='lat' dir='ltr'>aliquid</span> 
     </span>
     <span class='ocr_line' id='line_1_26' title="bbox 476 2103 2437 2178; baseline -0.002 -14"><span class='ocrx_word' id='word_1_256' title='bbox 476 2108 597 2164; x_wconf 83' lang='lat' dir='ltr'>alio</span> <span class='ocrx_word' id='word_1_257' title='bbox 633 2107 1037 2177; x_wconf 80' lang='lat' dir='ltr'>cognoscitur,</span> <span class='ocrx_word' id='word_1_258' title='bbox 1071 2119 1262 2175; x_wconf 89' lang='lat' dir='ltr'>neque</span> <span class='ocrx_word' id='word_1_259' title='bbox 1290 2105 1481 2174; x_wconf 75' lang='lat' dir='ltr'>magis</span> <span class='ocrx_word' id='word_1_260' title='bbox 1512 2104 1583 2159; x_wconf 76' lang='lat' dir='ltr'>de</span> <span class='ocrx_word' id='word_1_261' title='bbox 1617 2103 1728 2161; x_wconf 88' lang='lat' dir='ltr'>hoc</span> <span class='ocrx_word' id='word_1_262' title='bbox 1758 2115 1933 2175; x_wconf 79' lang='lat' dir='ltr'>quam</span> <span class='ocrx_word' id='word_1_263' title='bbox 1967 2104 2037 2160; x_wconf 90' lang='lat' dir='ltr'>de</span> <span class='ocrx_word' id='word_1_264' title='bbox 2067 2104 2171 2161; x_wconf 93' lang='lat' dir='ltr'>illo</span> <span class='ocrx_word' id='word_1_265' title='bbox 2201 2103 2437 2178; x_wconf 85' lang='lat' dir='ltr'>gaudet.</span> 
     </span>
    </p>

    <p class='ocr_par' dir='ltr' id='par_1_7' title="bbox 466 2173 2898 3517">
     <span class='ocr_line' id='line_1_27' title="bbox 546 2173 2889 2247; baseline 0.001 -15"><span class='ocrx_word' id='word_1_266' title='bbox 546 2177 861 2233; x_wconf 79' lang='lat' dir='ltr'>Sciendum</span> <span class='ocrx_word' id='word_1_267' title='bbox 896 2177 1113 2247; x_wconf 85' lang='lat' dir='ltr'>itaque,</span> <span class='ocrx_word' id='word_1_268' title='bbox 1142 2175 1296 2247; x_wconf 90' lang='lat' dir='ltr'>quod</span> <span class='ocrx_word' id='word_1_269' title='bbox 1342 2188 1477 2231; x_wconf 86' lang='lat' dir='ltr'>cum</span> <span class='ocrx_word' id='word_1_270' title='bbox 1525 2173 1658 2231; x_wconf 68' lang='lat' dir='ltr'>aliie</span> <span class='ocrx_word' id='word_1_271' title='bbox 1704 2187 1740 2231; x_wconf 92' lang='lat' dir='ltr'>o</span> <span class='ocrx_word' id='word_1_272' title='bbox 1785 2175 2081 2232; x_wconf 75' lang='lat' dir='ltr'>erutiones</span> <span class='ocrx_word' id='word_1_273' title='bbox 2124 2188 2338 2232; x_wconf 85' lang='lat' dir='ltr'>animae</span> <span class='ocrx_word' id='word_1_274' title='bbox 2367 2175 2488 2232; x_wconf 85' lang='lat' dir='ltr'>sint</span> <span class='ocrx_word' id='word_1_275' title='bbox 2512 2175 2676 2234; x_wconf 85' lang='lat' dir='ltr'>circa</span> <span class='ocrx_word' id='word_1_276' title='bbox 2701 2189 2889 2235; x_wconf 87' lang='lat' dir='ltr'>unum</span> 
     </span>
     <span class='ocr_line' id='line_1_28' title="bbox 475 2244 2887 2317; baseline -0 -11"><span class='ocrx_word' id='word_1_277' title='bbox 475 2248 670 2306; x_wconf 86' lang='lat' dir='ltr'>solum</span> <span class='ocrx_word' id='word_1_278' title='bbox 699 2247 1016 2317; x_wconf 85' lang='lat' dir='ltr'>objectum,</span> <span class='ocrx_word' id='word_1_279' title='bbox 1048 2246 1217 2303; x_wconf 86' lang='lat' dir='ltr'>solus</span> <span class='ocrx_word' id='word_1_280' title='bbox 1244 2259 1413 2302; x_wconf 88' lang='lat' dir='ltr'>amor</span> <span class='ocrx_word' id='word_1_281' title='bbox 1442 2244 1512 2301; x_wconf 87' lang='lat' dir='ltr'>ad</span> <span class='ocrx_word' id='word_1_282' title='bbox 1558 2245 1677 2302; x_wconf 92' lang='lat' dir='ltr'>duo</span> <span class='ocrx_word' id='word_1_283' title='bbox 1707 2258 1743 2301; x_wconf 95' lang='lat' dir='ltr'>o</span> <span class='ocrx_word' id='word_1_284' title='bbox 1780 2245 1936 2316; x_wconf 78' lang='lat' dir='ltr'>J&#39;ccta</span> <span class='ocrx_word' id='word_1_285' title='bbox 1967 2244 2102 2301; x_wconf 81' lang='lat' dir='ltr'>ferri</span> <span class='ocrx_word' id='word_1_286' title='bbox 2132 2246 2381 2302; x_wconf 86' lang='lat' dir='ltr'>videtur.</span> <span class='ocrx_word' id='word_1_287' title='bbox 2412 2248 2521 2301; x_wconf 89' lang='lat' dir='ltr'>Per</span> <span class='ocrx_word' id='word_1_288' title='bbox 2564 2246 2680 2304; x_wconf 87' lang='lat' dir='ltr'>hoc</span> <span class='ocrx_word' id='word_1_289' title='bbox 2729 2247 2887 2305; x_wconf 83' lang='lat' dir='ltr'>enim</span> 
     </span>
     <span class='ocr_line' id='line_1_29' title="bbox 475 2314 2889 2389; baseline 0.001 -15"><span class='ocrx_word' id='word_1_290' title='bbox 475 2318 630 2389; x_wconf 90' lang='lat' dir='ltr'>quod</span> <span class='ocrx_word' id='word_1_291' title='bbox 683 2317 1075 2385; x_wconf 79' lang='lat' dir='ltr'>intelligimus</span> <span class='ocrx_word' id='word_1_292' title='bbox 1123 2317 1212 2372; x_wconf 76' lang='lat' dir='ltr'>vel</span> <span class='ocrx_word' id='word_1_293' title='bbox 1260 2315 1612 2388; x_wconf 79' lang='lat' dir='ltr'>gaudemuS,</span> <span class='ocrx_word' id='word_1_294' title='bbox 1656 2315 1728 2371; x_wconf 88' lang='lat' dir='ltr'>ad</span> <span class='ocrx_word' id='word_1_295' title='bbox 1776 2315 2014 2386; x_wconf 82' lang='lat' dir='ltr'>aliquod</span> <span class='ocrx_word' id='word_1_296' title='bbox 2065 2314 2359 2386; x_wconf 79' lang='lat' dir='ltr'>obJ&#39;ectum</span> <span class='ocrx_word' id='word_1_297' title='bbox 2407 2315 2750 2387; x_wconf 84' lang='lat' dir='ltr'>aliqualiter</span> <span class='ocrx_word' id='word_1_298' title='bbox 2775 2331 2889 2376; x_wconf 88' lang='lat' dir='ltr'>nos</span> 
     </span>
     <span class='ocr_line' id='line_1_30' title="bbox 469 2385 2886 2458; baseline 0 -12"><span class='ocrx_word' id='word_1_299' title='bbox 469 2387 691 2447; x_wconf 83' lang='lat' dir='ltr'>habere</span> <span class='ocrx_word' id='word_1_300' title='bbox 722 2392 971 2458; x_wconf 89' lang='lat' dir='ltr'>oportet.</span> <span class='ocrx_word' id='word_1_301' title='bbox 1002 2393 1180 2444; x_wconf 83' lang='lat' dir='ltr'>Amor</span> <span class='ocrx_word' id='word_1_302' title='bbox 1203 2401 1342 2443; x_wconf 83' lang='lat' dir='ltr'>vero</span> <span class='ocrx_word' id='word_1_303' title='bbox 1373 2386 1595 2458; x_wconf 88' lang='lat' dir='ltr'>aliquid</span> <span class='ocrx_word' id='word_1_304' title='bbox 1642 2385 1818 2442; x_wconf 89' lang='lat' dir='ltr'>alicui</span> <span class='ocrx_word' id='word_1_305' title='bbox 1853 2385 1993 2442; x_wconf 80' lang='lat' dir='ltr'>vult.</span> <span class='ocrx_word' id='word_1_306' title='bbox 2028 2387 2148 2442; x_wconf 83' lang='lat' dir='ltr'>Hoc</span> <span class='ocrx_word' id='word_1_307' title='bbox 2177 2387 2334 2443; x_wconf 90' lang='lat' dir='ltr'>enim</span> <span class='ocrx_word' id='word_1_308' title='bbox 2378 2400 2575 2443; x_wconf 86' lang='lat' dir='ltr'>amare</span> <span class='ocrx_word' id='word_1_309' title='bbox 2607 2387 2886 2457; x_wconf 84' lang='lat' dir='ltr'>dicimus,</span> 
     </span>
     <span class='ocr_line' id='line_1_31' title="bbox 473 2456 2889 2531; baseline 0 -13"><span class='ocrx_word' id='word_1_310' title='bbox 473 2460 566 2518; x_wconf 86' lang='lat' dir='ltr'>cui</span> <span class='ocrx_word' id='word_1_311' title='bbox 619 2458 842 2531; x_wconf 81' lang='lat' dir='ltr'>aliquid</span> <span class='ocrx_word' id='word_1_312' title='bbox 889 2457 1112 2516; x_wconf 87' lang='lat' dir='ltr'>bonum</span> <span class='ocrx_word' id='word_1_313' title='bbox 1156 2458 1434 2517; x_wconf 87' lang='lat' dir='ltr'>volumus</span> <span class='ocrx_word' id='word_1_314' title='bbox 1476 2456 1804 2514; x_wconf 88' lang='lat' dir='ltr'>secundum</span> <span class='ocrx_word' id='word_1_315' title='bbox 1844 2457 2085 2514; x_wconf 90' lang='lat' dir='ltr'>modum</span> <span class='ocrx_word' id='word_1_316' title='bbox 2130 2456 2509 2528; x_wconf 80' lang='lat' dir='ltr'>praedictum3</span> <span class='ocrx_word' id='word_1_317' title='bbox 2550 2458 2712 2517; x_wconf 89' lang='lat' dir='ltr'>unde</span> <span class='ocrx_word' id='word_1_318' title='bbox 2738 2465 2889 2518; x_wconf 84' lang='lat' dir='ltr'>etea</span> 
     </span>
     <span class='ocr_line' id='line_1_32' title="bbox 473 2527 2881 2602; baseline 0 -17"><span class='ocrx_word' id='word_1_319' title='bbox 473 2545 603 2602; x_wconf 75' lang='lat' dir='ltr'>quie</span> <span class='ocrx_word' id='word_1_320' title='bbox 650 2529 1155 2599; x_wconf 84' lang='lat' dir='ltr'>concupiscimuS,</span> <span class='ocrx_word' id='word_1_321' title='bbox 1199 2527 1550 2598; x_wconf 87' lang='lat' dir='ltr'>simpliciter</span> <span class='ocrx_word' id='word_1_322' title='bbox 1573 2528 1809 2600; x_wconf 84' lang='lat' dir='ltr'>quidem</span> <span class='ocrx_word' id='word_1_323' title='bbox 1858 2534 1916 2584; x_wconf 92' lang='lat' dir='ltr'>et</span> <span class='ocrx_word' id='word_1_324' title='bbox 1962 2528 2194 2599; x_wconf 83' lang='lat' dir='ltr'>proprie</span> <span class='ocrx_word' id='word_1_325' title='bbox 2242 2527 2578 2586; x_wconf 85' lang='lat' dir='ltr'>desiderare</span> <span class='ocrx_word' id='word_1_326' title='bbox 2609 2529 2881 2599; x_wconf 85' lang='lat' dir='ltr'>dicimur,</span> 
     </span>
     <span class='ocr_line' id='line_1_33' title="bbox 471 2598 2882 2669; baseline 0 -12"><span class='ocrx_word' id='word_1_327' title='bbox 471 2613 592 2658; x_wconf 90' lang='lat' dir='ltr'>non</span> <span class='ocrx_word' id='word_1_328' title='bbox 625 2607 817 2658; x_wconf 83' lang='lat' dir='ltr'>autem</span> <span class='ocrx_word' id='word_1_329' title='bbox 849 2614 1069 2667; x_wconf 85' lang='lat' dir='ltr'>amare,</span> <span class='ocrx_word' id='word_1_330' title='bbox 1101 2598 1203 2656; x_wconf 90' lang='lat' dir='ltr'>sed</span> <span class='ocrx_word' id='word_1_331' title='bbox 1232 2599 1433 2669; x_wconf 87' lang='lat' dir='ltr'>polius</span> <span class='ocrx_word' id='word_1_332' title='bbox 1467 2612 1580 2656; x_wconf 88' lang='lat' dir='ltr'>nos</span> <span class='ocrx_word' id='word_1_333' title='bbox 1609 2600 1796 2669; x_wconf 82' lang='lat' dir='ltr'>ipsus,</span> <span class='ocrx_word' id='word_1_334' title='bbox 1826 2598 2044 2669; x_wconf 87' lang='lat' dir='ltr'>quihus</span> <span class='ocrx_word' id='word_1_335' title='bbox 2082 2613 2152 2655; x_wconf 89' lang='lat' dir='ltr'>ea</span> <span class='ocrx_word' id='word_1_336' title='bbox 2178 2598 2701 2669; x_wconf 87' lang='lat' dir='ltr'>concupiscimus;</span> <span class='ocrx_word' id='word_1_337' title='bbox 2735 2606 2794 2658; x_wconf 86' lang='lat' dir='ltr'>et</span> <span class='ocrx_word' id='word_1_338' title='bbox 2815 2616 2882 2657; x_wconf 81' lang='lat' dir='ltr'>ex</span> 
     </span>
     <span class='ocr_line' id='line_1_34' title="bbox 472 2669 2884 2745; baseline 0 -17"><span class='ocrx_word' id='word_1_339' title='bbox 472 2670 586 2729; x_wconf 83' lang='lat' dir='ltr'>hoc</span> <span class='ocrx_word' id='word_1_340' title='bbox 619 2672 748 2742; x_wconf 87' lang='lat' dir='ltr'>ipsa</span> <span class='ocrx_word' id='word_1_341' title='bbox 778 2685 880 2740; x_wconf 86' lang='lat' dir='ltr'>per</span> <span class='ocrx_word' id='word_1_342' title='bbox 908 2670 1206 2739; x_wconf 85' lang='lat' dir='ltr'>accidens,</span> <span class='ocrx_word' id='word_1_343' title='bbox 1238 2683 1357 2727; x_wconf 89' lang='lat' dir='ltr'>uon</span> <span class='ocrx_word' id='word_1_344' title='bbox 1388 2671 1643 2741; x_wconf 86' lang='lat' dir='ltr'>proprie,</span> <span class='ocrx_word' id='word_1_345' title='bbox 1675 2669 1929 2745; x_wconf 72' lang='lat' dir='ltr'>dicjmur</span> <span class='ocrx_word' id='word_1_346' title='bbox 1956 2682 2175 2726; x_wconf 85' lang='lat' dir='ltr'>amare.</span> <span class='ocrx_word' id='word_1_347' title='bbox 2201 2669 2343 2727; x_wconf 78' lang='lat' dir='ltr'>Aliae</span> <span class='ocrx_word' id='word_1_348' title='bbox 2371 2670 2554 2738; x_wconf 85' lang='lat' dir='ltr'>igitur</span> <span class='ocrx_word' id='word_1_349' title='bbox 2591 2672 2884 2741; x_wconf 88' lang='lat' dir='ltr'>operatio-</span> 
     </span>
     <span class='ocr_line' id='line_1_35' title="bbox 471 2740 2892 2813; baseline 0 -15"><span class='ocrx_word' id='word_1_350' title='bbox 471 2754 601 2809; x_wconf 82' lang='lat' dir='ltr'>neS‚</span> <span class='ocrx_word' id='word_1_351' title='bbox 634 2741 964 2799; x_wconf 80' lang='lat' dir='ltr'>secundum</span> <span class='ocrx_word' id='word_1_352' title='bbox 993 2742 1185 2798; x_wconf 90' lang='lat' dir='ltr'>solum</span> <span class='ocrx_word' id='word_1_353' title='bbox 1212 2741 1468 2798; x_wconf 85' lang='lat' dir='ltr'>actionis</span> <span class='ocrx_word' id='word_1_354' title='bbox 1496 2742 1782 2813; x_wconf 85' lang='lat' dir='ltr'>vigorem,</span> <span class='ocrx_word' id='word_1_355' title='bbox 1807 2741 2135 2796; x_wconf 85' lang='lat' dir='ltr'>secundum</span> <span class='ocrx_word' id='word_1_356' title='bbox 2167 2741 2357 2811; x_wconf 86' lang='lat' dir='ltr'>magis</span> <span class='ocrx_word' id='word_1_357' title='bbox 2386 2747 2444 2795; x_wconf 89' lang='lat' dir='ltr'>et</span> <span class='ocrx_word' id='word_1_358' title='bbox 2463 2740 2667 2798; x_wconf 91' lang='lat' dir='ltr'>minus</span> <span class='ocrx_word' id='word_1_359' title='bbox 2686 2742 2892 2799; x_wconf 83' lang='lat' dir='ltr'>dicun·</span> 
     </span>
     <span class='ocr_line' id='line_1_36' title="bbox 473 2809 2892 2883; baseline 0.001 -15"><span class='ocrx_word' id='word_1_360' title='bbox 473 2817 612 2869; x_wconf 85' lang='lat' dir='ltr'>tur:</span> <span class='ocrx_word' id='word_1_361' title='bbox 651 2814 807 2883; x_wconf 92' lang='lat' dir='ltr'>quod</span> <span class='ocrx_word' id='word_1_362' title='bbox 857 2813 916 2867; x_wconf 92' lang='lat' dir='ltr'>in</span> <span class='ocrx_word' id='word_1_363' title='bbox 971 2813 1090 2868; x_wconf 87' lang='lat' dir='ltr'>Deo</span> <span class='ocrx_word' id='word_1_364' title='bbox 1134 2812 1400 2868; x_wconf 81' lang='lat' dir='ltr'>accidere</span> <span class='ocrx_word' id='word_1_365' title='bbox 1441 2825 1560 2868; x_wconf 88' lang='lat' dir='ltr'>non</span> <span class='ocrx_word' id='word_1_366' title='bbox 1609 2815 1820 2881; x_wconf 88' lang='lat' dir='ltr'>potest.</span> <span class='ocrx_word' id='word_1_367' title='bbox 1851 2813 1994 2867; x_wconf 88' lang='lat' dir='ltr'>Nam</span> <span class='ocrx_word' id='word_1_368' title='bbox 2037 2810 2207 2881; x_wconf 75' lang='lat' dir='ltr'>vigor</span> <span class='ocrx_word' id='word_1_369' title='bbox 2255 2809 2509 2868; x_wconf 86' lang='lat' dir='ltr'>actionis</span> <span class='ocrx_word' id='word_1_370' title='bbox 2555 2813 2892 2870; x_wconf 84' lang='lat' dir='ltr'>secundum</span> 
     </span>
     <span class='ocr_line' id='line_1_37' title="bbox 470 2880 2896 2955; baseline 0.002 -18"><span class='ocrx_word' id='word_1_371' title='bbox 470 2883 742 2939; x_wconf 84' lang='lat' dir='ltr'>virtutem</span> <span class='ocrx_word' id='word_1_372' title='bbox 774 2897 892 2952; x_wconf 88' lang='lat' dir='ltr'>qua</span> <span class='ocrx_word' id='word_1_373' title='bbox 918 2882 1132 2953; x_wconf 90' lang='lat' dir='ltr'>agitur,</span> <span class='ocrx_word' id='word_1_374' title='bbox 1159 2888 1556 2938; x_wconf 83' lang='lat' dir='ltr'>mensuratur.</span> <span class='ocrx_word' id='word_1_375' title='bbox 1576 2882 1782 2938; x_wconf 86' lang='lat' dir='ltr'>Omnis</span> <span class='ocrx_word' id='word_1_376' title='bbox 1812 2888 2005 2938; x_wconf 86' lang='lat' dir='ltr'>autem</span> <span class='ocrx_word' id='word_1_377' title='bbox 2039 2880 2242 2939; x_wconf 83' lang='lat' dir='ltr'>divina</span> <span class='ocrx_word' id='word_1_378' title='bbox 2264 2882 2419 2938; x_wconf 91' lang='lat' dir='ltr'>actio</span> <span class='ocrx_word' id='word_1_379' title='bbox 2447 2881 2625 2940; x_wconf 89' lang='lat' dir='ltr'>unius</span> <span class='ocrx_word' id='word_1_380' title='bbox 2649 2890 2711 2939; x_wconf 88' lang='lat' dir='ltr'>et</span> <span class='ocrx_word' id='word_1_381' title='bbox 2735 2884 2896 2955; x_wconf 86' lang='lat' dir='ltr'>ejus·</span> 
     </span>
     <span class='ocr_line' id='line_1_38' title="bbox 471 2951 2893 3023; baseline 0 -13"><span class='ocrx_word' id='word_1_382' title='bbox 471 2952 601 3010; x_wconf 87' lang='lat' dir='ltr'>dem</span> <span class='ocrx_word' id='word_1_383' title='bbox 635 2952 865 3009; x_wconf 84' lang='lat' dir='ltr'>virtutis</span> <span class='ocrx_word' id='word_1_384' title='bbox 893 2958 1003 3008; x_wconf 90' lang='lat' dir='ltr'>est.</span> <span class='ocrx_word' id='word_1_385' title='bbox 1033 2956 1212 3007; x_wconf 84' lang='lat' dir='ltr'>Amor</span> <span class='ocrx_word' id='word_1_386' title='bbox 1252 2957 1449 3008; x_wconf 81' lang='lat' dir='ltr'>autem</span> <span class='ocrx_word' id='word_1_387' title='bbox 1499 2951 1827 3009; x_wconf 88' lang='lat' dir='ltr'>secundum</span> <span class='ocrx_word' id='word_1_388' title='bbox 1875 2953 2068 3022; x_wconf 86' lang='lat' dir='ltr'>magis</span> <span class='ocrx_word' id='word_1_389' title='bbox 2096 2957 2155 3008; x_wconf 87' lang='lat' dir='ltr'>et</span> <span class='ocrx_word' id='word_1_390' title='bbox 2182 2953 2385 3009; x_wconf 89' lang='lat' dir='ltr'>minus</span> <span class='ocrx_word' id='word_1_391' title='bbox 2422 2952 2738 3023; x_wconf 88' lang='lat' dir='ltr'>dupliciter</span> <span class='ocrx_word' id='word_1_392' title='bbox 2766 2953 2893 3010; x_wconf 81' lang='lat' dir='ltr'>dici</span> 
     </span>
     <span class='ocr_line' id='line_1_39' title="bbox 472 3021 2895 3094; baseline 0.002 -18"><span class='ocrx_word' id='word_1_393' title='bbox 472 3026 671 3094; x_wconf 82' lang='lat' dir='ltr'>potest</span> <span class='ocrx_word' id='word_1_394' title='bbox 711 3039 724 3076; x_wconf 78' lang='grc' dir='ltr'><strong><em>ε</em></strong></span> <span class='ocrx_word' id='word_1_395' title='bbox 775 3034 895 3078; x_wconf 89' lang='lat' dir='ltr'>uno</span> <span class='ocrx_word' id='word_1_396' title='bbox 947 3022 1186 3092; x_wconf 79' lang='lat' dir='ltr'>quidem</span> <span class='ocrx_word' id='word_1_397' title='bbox 1233 3021 1432 3090; x_wconf 88' lang='lat' dir='ltr'>modo,</span> <span class='ocrx_word' id='word_1_398' title='bbox 1477 3036 1548 3077; x_wconf 85' lang='lat' dir='ltr'>ex</span> <span class='ocrx_word' id='word_1_399' title='bbox 1598 3022 1754 3078; x_wconf 87' lang='lat' dir='ltr'>bono</span> <span class='ocrx_word' id='word_1_400' title='bbox 1793 3022 1950 3093; x_wconf 88' lang='lat' dir='ltr'>quod</span> <span class='ocrx_word' id='word_1_401' title='bbox 2000 3021 2177 3078; x_wconf 89' lang='lat' dir='ltr'>alicui</span> <span class='ocrx_word' id='word_1_402' title='bbox 2220 3024 2514 3089; x_wconf 75' lang='lat' dir='ltr'>volumuS,</span> <span class='ocrx_word' id='word_1_403' title='bbox 2553 3023 2895 3080; x_wconf 89' lang='lat' dir='ltr'>secundum</span> 
     </span>
     <span class='ocr_line' id='line_1_40' title="bbox 471 3090 2887 3164; baseline 0.001 -16"><span class='ocrx_word' id='word_1_404' title='bbox 471 3092 629 3162; x_wconf 78' lang='lat' dir='ltr'>quod</span> <span class='ocrx_word' id='word_1_405' title='bbox 677 3098 870 3148; x_wconf 80' lang='lat' dir='ltr'>autem</span> <span class='ocrx_word' id='word_1_406' title='bbox 916 3093 1108 3161; x_wconf 84' lang='lat' dir='ltr'>magis</span> <span class='ocrx_word' id='word_1_407' title='bbox 1153 3090 1398 3161; x_wconf 72' lang='lat' dir='ltr'>diligere</span> <span class='ocrx_word' id='word_1_408' title='bbox 1450 3091 1722 3159; x_wconf 87' lang='lat' dir='ltr'>dicimur,</span> <span class='ocrx_word' id='word_1_409' title='bbox 1752 3092 1845 3148; x_wconf 91' lang='lat' dir='ltr'>cui</span> <span class='ocrx_word' id='word_1_410' title='bbox 1893 3094 2170 3150; x_wconf 84' lang='lat' dir='ltr'>volumus</span> <span class='ocrx_word' id='word_1_411' title='bbox 2217 3093 2411 3164; x_wconf 90' lang='lat' dir='ltr'>magis</span> <span class='ocrx_word' id='word_1_412' title='bbox 2463 3093 2706 3157; x_wconf 86' lang='lat' dir='ltr'>bonum;</span> <span class='ocrx_word' id='word_1_413' title='bbox 2754 3092 2887 3150; x_wconf 84' lang='lat' dir='ltr'>alio</span> 
     </span>
     <span class='ocr_line' id='line_1_41' title="bbox 470 3161 2890 3235; baseline 0.001 -16"><span class='ocrx_word' id='word_1_414' title='bbox 470 3162 651 3220; x_wconf 87' lang='lat' dir='ltr'>modo</span> <span class='ocrx_word' id='word_1_415' title='bbox 683 3175 753 3217; x_wconf 83' lang='lat' dir='ltr'>ox</span> <span class='ocrx_word' id='word_1_416' title='bbox 779 3163 982 3231; x_wconf 84' lang='lat' dir='ltr'>vigore</span> <span class='ocrx_word' id='word_1_417' title='bbox 1016 3161 1290 3229; x_wconf 86' lang='lat' dir='ltr'>actionis,</span> <span class='ocrx_word' id='word_1_418' title='bbox 1325 3162 1651 3218; x_wconf 88' lang='lat' dir='ltr'>secundum</span> <span class='ocrx_word' id='word_1_419' title='bbox 1685 3163 1842 3233; x_wconf 90' lang='lat' dir='ltr'>quod</span> <span class='ocrx_word' id='word_1_420' title='bbox 1887 3163 2141 3220; x_wconf 83' lang='lat' dir='ltr'>dicimur</span> <span class='ocrx_word' id='word_1_421' title='bbox 2181 3162 2349 3219; x_wconf 86' lang='lat' dir='ltr'>illum</span> <span class='ocrx_word' id='word_1_422' title='bbox 2389 3163 2579 3235; x_wconf 85' lang='lat' dir='ltr'>magis</span> <span class='ocrx_word' id='word_1_423' title='bbox 2605 3163 2890 3234; x_wconf 88' lang='lat' dir='ltr'>diligere,</span> 
     </span>
     <span class='ocr_line' id='line_1_42' title="bbox 471 3231 2895 3303; baseline 0.001 -13"><span class='ocrx_word' id='word_1_424' title='bbox 471 3232 590 3300; x_wconf 83' lang='lat' dir='ltr'>cui,</span> <span class='ocrx_word' id='word_1_425' title='bbox 621 3232 730 3289; x_wconf 85' lang='lat' dir='ltr'>etsi</span> <span class='ocrx_word' id='word_1_426' title='bbox 759 3244 878 3287; x_wconf 90' lang='lat' dir='ltr'>non</span> <span class='ocrx_word' id='word_1_427' title='bbox 914 3231 1104 3301; x_wconf 78' lang='lat' dir='ltr'>majus</span> <span class='ocrx_word' id='word_1_428' title='bbox 1132 3232 1377 3300; x_wconf 88' lang='lat' dir='ltr'>bonum,</span> <span class='ocrx_word' id='word_1_429' title='bbox 1406 3233 1631 3303; x_wconf 82' lang='lat' dir='ltr'>oequale</span> <span class='ocrx_word' id='word_1_430' title='bbox 1663 3237 1858 3289; x_wconf 79' lang='lat' dir='ltr'>tamen</span> <span class='ocrx_word' id='word_1_431' title='bbox 1886 3235 2108 3291; x_wconf 84' lang='lat' dir='ltr'>honum</span> <span class='ocrx_word' id='word_1_432' title='bbox 2142 3233 2465 3292; x_wconf 80' lang='lat' dir='ltr'>ferventius</span> <span class='ocrx_word' id='word_1_433' title='bbox 2492 3240 2550 3290; x_wconf 86' lang='lat' dir='ltr'>et</span> <span class='ocrx_word' id='word_1_434' title='bbox 2577 3232 2895 3292; x_wconf 79' lang='lat' dir='ltr'>efficacius</span> 
     </span>
     <span class='ocr_line' id='line_1_43' title="bbox 466 3301 2892 3376; baseline 0 -16"><span class='ocrx_word' id='word_1_435' title='bbox 466 3303 767 3360; x_wconf 77' lang='lat' dir='ltr'>volumus.</span> <span class='ocrx_word' id='word_1_436' title='bbox 800 3301 996 3358; x_wconf 87' lang='lat' dir='ltr'>Primo</span> <span class='ocrx_word' id='word_1_437' title='bbox 1065 3301 1257 3359; x_wconf 89' lang='lat' dir='ltr'>uidem</span> <span class='ocrx_word' id='word_1_438' title='bbox 1290 3304 1470 3374; x_wconf 89' lang='lat' dir='ltr'>igitur</span> <span class='ocrx_word' id='word_1_439' title='bbox 1498 3303 1676 3360; x_wconf 89' lang='lat' dir='ltr'>modo</span> <span class='ocrx_word' id='word_1_440' title='bbox 1725 3302 1873 3359; x_wconf 80' lang='lat' dir='ltr'>nihil</span> <span class='ocrx_word' id='word_1_441' title='bbox 1925 3304 2195 3374; x_wconf 86' lang='lat' dir='ltr'>prohibet</span> <span class='ocrx_word' id='word_1_442' title='bbox 2223 3304 2361 3372; x_wconf 88' lang='lat' dir='ltr'>dici,</span> <span class='ocrx_word' id='word_1_443' title='bbox 2394 3305 2552 3376; x_wconf 92' lang='lat' dir='ltr'>quod</span> <span class='ocrx_word' id='word_1_444' title='bbox 2587 3306 2745 3362; x_wconf 87' lang='lat' dir='ltr'>Deus</span> <span class='ocrx_word' id='word_1_445' title='bbox 2776 3304 2892 3361; x_wconf 87' lang='lat' dir='ltr'>ali·</span> 
     </span>
     <span class='ocr_line' id='line_1_44' title="bbox 469 3316 2898 3452; baseline 0.002 -22"><span class='ocrx_word' id='word_1_446' title='bbox 469 3374 610 3446; x_wconf 84' lang='lat' dir='ltr'>quid</span> <span class='ocrx_word' id='word_1_447' title='bbox 643 3374 762 3430; x_wconf 87' lang='lat' dir='ltr'>alio</span> <span class='ocrx_word' id='word_1_448' title='bbox 791 3316 1242 3452; x_wconf 34' lang='lat' dir='ltr'>magis-dliiigat,</span> <span class='ocrx_word' id='word_1_449' title='bbox 1274 3374 1602 3449; x_wconf 74' lang='lat' dir='ltr'>secundum</span> <span class='ocrx_word' id='word_1_450' title='bbox 1650 3375 1807 3445; x_wconf 91' lang='lat' dir='ltr'>quod</span> <span class='ocrx_word' id='word_1_451' title='bbox 1851 3373 1904 3431; x_wconf 88' lang='lat' dir='ltr'>ei</span> <span class='ocrx_word' id='word_1_452' title='bbox 1948 3374 2140 3444; x_wconf 80' lang='lat' dir='ltr'>majus</span> <span class='ocrx_word' id='word_1_453' title='bbox 2171 3376 2293 3431; x_wconf 86' lang='lat' dir='ltr'>vult</span> <span class='ocrx_word' id='word_1_454' title='bbox 2328 3375 2582 3442; x_wconf 86' lang='lat' dir='ltr'>bonum;</span> <span class='ocrx_word' id='word_1_455' title='bbox 2617 3374 2898 3434; x_wconf 86' lang='lat' dir='ltr'>secundo</span> 
     </span>
     <span class='ocr_line' id='line_1_45' title="bbox 469 3442 2629 3517; baseline -0.001 -14"><span class='ocrx_word' id='word_1_456' title='bbox 469 3449 664 3503; x_wconf 76' lang='lat' dir='ltr'>autem</span> <span class='ocrx_word' id='word_1_457' title='bbox 696 3442 875 3500; x_wconf 91' lang='lat' dir='ltr'>modo</span> <span class='ocrx_word' id='word_1_458' title='bbox 904 3442 1016 3499; x_wconf 85' lang='lat' dir='ltr'>dici</span> <span class='ocrx_word' id='word_1_459' title='bbox 1052 3455 1169 3498; x_wconf 91' lang='lat' dir='ltr'>non</span> <span class='ocrx_word' id='word_1_460' title='bbox 1203 3448 1396 3513; x_wconf 85' lang='lat' dir='ltr'>potest</span> <span class='ocrx_word' id='word_1_461' title='bbox 1420 3445 1626 3501; x_wconf 85' lang='lat' dir='ltr'>eadem</span> <span class='ocrx_word' id='word_1_462' title='bbox 1656 3445 1884 3501; x_wconf 88' lang='lat' dir='ltr'>ratione</span> <span class='ocrx_word' id='word_1_463' title='bbox 1909 3460 2040 3517; x_wconf 84' lang='lat' dir='ltr'>quae</span> <span class='ocrx_word' id='word_1_464' title='bbox 2067 3445 2138 3501; x_wconf 88' lang='lat' dir='ltr'>de</span> <span class='ocrx_word' id='word_1_465' title='bbox 2167 3446 2304 3503; x_wconf 86' lang='lat' dir='ltr'>aliis</span> <span class='ocrx_word' id='word_1_466' title='bbox 2333 3445 2490 3503; x_wconf 88' lang='lat' dir='ltr'>dicta</span> <span class='ocrx_word' id='word_1_467' title='bbox 2517 3450 2629 3504; x_wconf 89' lang='lat' dir='ltr'>est.</span> 
     </span>
    </p>

    <p class='ocr_par' dir='ltr' id='par_1_8' title="bbox 467 3512 2900 4009">
     <span class='ocr_line' id='line_1_46' title="bbox 542 3512 2897 3589; baseline 0.003 -19"><span class='ocrx_word' id='word_1_468' title='bbox 542 3517 703 3571; x_wconf 86' lang='lat' dir='ltr'>Patet</span> <span class='ocrx_word' id='word_1_469' title='bbox 735 3514 917 3585; x_wconf 90' lang='lat' dir='ltr'>igitur</span> <span class='ocrx_word' id='word_1_470' title='bbox 943 3526 1014 3569; x_wconf 83' lang='lat' dir='ltr'>ex</span> <span class='ocrx_word' id='word_1_471' title='bbox 1049 3512 1366 3583; x_wconf 84' lang='lat' dir='ltr'>praedictis,</span> <span class='ocrx_word' id='word_1_472' title='bbox 1395 3515 1552 3586; x_wconf 91' lang='lat' dir='ltr'>quod</span> <span class='ocrx_word' id='word_1_473' title='bbox 1584 3516 1655 3571; x_wconf 87' lang='lat' dir='ltr'>de</span> <span class='ocrx_word' id='word_1_474' title='bbox 1688 3516 1910 3572; x_wconf 88' lang='lat' dir='ltr'>nostris</span> <span class='ocrx_word' id='word_1_475' title='bbox 1939 3515 2356 3575; x_wconf 78' lang='lat' dir='ltr'>affectionibus</span> <span class='ocrx_word' id='word_1_476' title='bbox 2404 3517 2573 3573; x_wconf 87' lang='lat' dir='ltr'>nulla</span> <span class='ocrx_word' id='word_1_477' title='bbox 2616 3520 2712 3573; x_wconf 88' lang='lat' dir='ltr'>est</span> <span class='ocrx_word' id='word_1_478' title='bbox 2756 3529 2897 3589; x_wconf 79' lang='lat' dir='ltr'>quae</span> 
     </span>
     <span class='ocr_line' id='line_1_47' title="bbox 467 3582 2897 3657; baseline 0.001 -14"><span class='ocrx_word' id='word_1_479' title='bbox 467 3583 531 3643; x_wconf 90' lang='lat' dir='ltr'>in</span> <span class='ocrx_word' id='word_1_480' title='bbox 562 3586 680 3642; x_wconf 72' lang='lat' dir='ltr'>Deo</span> <span class='ocrx_word' id='word_1_481' title='bbox 713 3582 945 3654; x_wconf 88' lang='lat' dir='ltr'>proprie</span> <span class='ocrx_word' id='word_1_482' title='bbox 966 3595 1100 3640; x_wconf 88' lang='lat' dir='ltr'>esse</span> <span class='ocrx_word' id='word_1_483' title='bbox 1125 3584 1335 3654; x_wconf 87' lang='lat' dir='ltr'>possit,</span> <span class='ocrx_word' id='word_1_484' title='bbox 1356 3586 1472 3642; x_wconf 90' lang='lat' dir='ltr'>nisi</span> <span class='ocrx_word' id='word_1_485' title='bbox 1495 3585 1779 3657; x_wconf 88' lang='lat' dir='ltr'>gaudium</span> <span class='ocrx_word' id='word_1_486' title='bbox 1803 3593 1860 3641; x_wconf 90' lang='lat' dir='ltr'>et</span> <span class='ocrx_word' id='word_1_487' title='bbox 1880 3599 2066 3655; x_wconf 87' lang='lat' dir='ltr'>amor,</span> <span class='ocrx_word' id='word_1_488' title='bbox 2132 3586 2359 3644; x_wconf 88' lang='lat' dir='ltr'>uamvis</span> <span class='ocrx_word' id='word_1_489' title='bbox 2382 3587 2506 3644; x_wconf 86' lang='lat' dir='ltr'>haec</span> <span class='ocrx_word' id='word_1_490' title='bbox 2523 3587 2702 3643; x_wconf 86' lang='lat' dir='ltr'>etiam</span> <span class='ocrx_word' id='word_1_491' title='bbox 2724 3586 2792 3643; x_wconf 88' lang='lat' dir='ltr'>in</span> <span class='ocrx_word' id='word_1_492' title='bbox 2815 3601 2897 3645; x_wconf 89' lang='lat' dir='ltr'>eo</span> 
     </span>
     <span class='ocr_line' id='line_1_48' title="bbox 471 3654 2900 3724; baseline 0.001 -12"><span class='ocrx_word' id='word_1_493' title='bbox 471 3668 594 3712; x_wconf 89' lang='lat' dir='ltr'>non</span> <span class='ocrx_word' id='word_1_494' title='bbox 626 3654 953 3711; x_wconf 88' lang='lat' dir='ltr'>secundum</span> <span class='ocrx_word' id='word_1_495' title='bbox 999 3656 1360 3723; x_wconf 70' lang='lat' dir='ltr'>passionem,</span> <span class='ocrx_word' id='word_1_496' title='bbox 1391 3657 1549 3713; x_wconf 83' lang='lat' dir='ltr'>sicut</span> <span class='ocrx_word' id='word_1_497' title='bbox 1586 3657 1645 3712; x_wconf 89' lang='lat' dir='ltr'>in</span> <span class='ocrx_word' id='word_1_498' title='bbox 1686 3656 1883 3724; x_wconf 81' lang='lat' dir='ltr'>nobiS,</span> <span class='ocrx_word' id='word_1_499' title='bbox 1914 3658 2054 3714; x_wconf 88' lang='lat' dir='ltr'>sint.</span> <span class='ocrx_word' id='word_1_500' title='bbox 2140 3657 2254 3714; x_wconf 88' lang='lat' dir='ltr'>uod</span> <span class='ocrx_word' id='word_1_501' title='bbox 2292 3663 2487 3713; x_wconf 82' lang='lat' dir='ltr'>autem</span> <span class='ocrx_word' id='word_1_502' title='bbox 2537 3657 2597 3713; x_wconf 89' lang='lat' dir='ltr'>in</span> <span class='ocrx_word' id='word_1_503' title='bbox 2641 3660 2765 3714; x_wconf 86' lang='lat' dir='ltr'>Deo</span> <span class='ocrx_word' id='word_1_504' title='bbox 2812 3658 2900 3716; x_wconf 85' lang='lat' dir='ltr'>sit</span> 
     </span>
     <span class='ocr_line' id='line_1_49' title="bbox 471 3723 2899 3801; baseline 0.002 -20"><span class='ocrx_word' id='word_1_505' title='bbox 471 3726 756 3796; x_wconf 87' lang='lat' dir='ltr'>gaudium</span> <span class='ocrx_word' id='word_1_506' title='bbox 805 3724 894 3781; x_wconf 89' lang='lat' dir='ltr'>vel</span> <span class='ocrx_word' id='word_1_507' title='bbox 941 3723 1253 3782; x_wconf 85' lang='lat' dir='ltr'>delectatio</span> <span class='ocrx_word' id='word_1_508' title='bbox 1282 3727 1630 3784; x_wconf 85' lang='lat' dir='ltr'>auctoritate</span> <span class='ocrx_word' id='word_1_509' title='bbox 1658 3740 1842 3784; x_wconf 83' lang='lat' dir='ltr'>sacrae</span> <span class='ocrx_word' id='word_1_510' title='bbox 1883 3728 2196 3798; x_wconf 63' lang='lat' dir='ltr'>scripturae</span> <span class='ocrx_word' id='word_1_511' title='bbox 2224 3726 2629 3785; x_wconf 83' lang='lat' dir='ltr'>confirmatur.</span> <span class='ocrx_word' id='word_1_512' title='bbox 2663 3726 2899 3801; x_wconf 78' lang='lat' dir='ltr'>Dicitur</span> 
     </span>
     <span class='ocr_line' id='line_1_50' title="bbox 468 3796 2895 3867; baseline 0.002 -16"><span class='ocrx_word' id='word_1_513' title='bbox 468 3796 626 3851; x_wconf 81' lang='lat' dir='ltr'>enini</span> <span class='ocrx_word' id='word_1_514' title='bbox 656 3796 716 3850; x_wconf 90' lang='lat' dir='ltr'>in</span> <span class='ocrx_word' id='word_1_515' title='bbox 750 3797 844 3852; x_wconf 87' lang='lat' dir='ltr'>Ps.</span> <span class='ocrx_word' id='word_1_516' title='bbox 869 3806 971 3862; x_wconf 80' lang='lat' dir='ltr'>xv,</span> <span class='ocrx_word' id='word_1_517' title='bbox 1004 3799 1064 3851; x_wconf 80' lang='lat'>¹¹</span> <span class='ocrx_word' id='word_1_518' title='bbox 1101 3813 1116 3851; x_wconf 73' lang='grc' dir='ltr'><strong><em>ε</em></strong></span> <span class='ocrx_word' id='word_1_519' title='bbox 1145 3798 1530 3852; x_wconf 78' lang='lat' dir='ltr'>Delectationes</span> <span class='ocrx_word' id='word_1_520' title='bbox 1557 3800 1617 3851; x_wconf 79' lang='lat' dir='ltr'>in</span> <span class='ocrx_word' id='word_1_521' title='bbox 1644 3797 1869 3852; x_wconf 73' lang='lat' dir='ltr'>dextera</span> <span class='ocrx_word' id='word_1_522' title='bbox 1902 3802 1998 3853; x_wconf 82' lang='lat' dir='ltr'>tua</span> <span class='ocrx_word' id='word_1_523' title='bbox 2037 3813 2204 3866; x_wconf 82' lang='lat' dir='ltr'>usque</span> <span class='ocrx_word' id='word_1_524' title='bbox 2229 3800 2289 3852; x_wconf 81' lang='lat' dir='ltr'>in</span> <span class='ocrx_word' id='word_1_525' title='bbox 2314 3802 2503 3867; x_wconf 73' lang='lat' dir='ltr'>finem:</span> <span class='ocrx_word' id='word_1_526' title='bbox 2537 3801 2732 3864; x_wconf 68' lang='lat' dir='ltr'>prov„</span> <span class='ocrx_word' id='word_1_527' title='bbox 2754 3809 2895 3867; x_wconf 81' lang='lat' dir='ltr'>vm,</span> 
     </span>
     <span class='ocr_line' id='line_1_51' title="bbox 469 3865 2900 3945; baseline 0.001 -23"><span class='ocrx_word' id='word_1_528' title='bbox 469 3868 539 3922; x_wconf 80' lang='lat'>30</span> <span class='ocrx_word' id='word_1_529' title='bbox 561 3883 575 3920; x_wconf 75' lang='grc' dir='ltr'>ε</span> <span class='ocrx_word' id='word_1_530' title='bbox 597 3865 913 3921; x_wconf 82' lang='lat' dir='ltr'>Delectabar</span> <span class='ocrx_word' id='word_1_531' title='bbox 936 3881 1037 3935; x_wconf 83' lang='lat' dir='ltr'>per</span> <span class='ocrx_word' id='word_1_532' title='bbox 1063 3867 1305 3935; x_wconf 66' lang='lat' dir='ltr'>singulos</span> <span class='ocrx_word' id='word_1_533' title='bbox 1332 3866 1465 3928; x_wconf 81' lang='lat' dir='ltr'>dies,</span> <span class='ocrx_word' id='word_1_534' title='bbox 1498 3867 1689 3922; x_wconf 80' lang='lat' dir='ltr'>ludens</span> <span class='ocrx_word' id='word_1_535' title='bbox 1716 3884 1895 3923; x_wconf 83' lang='lat' dir='ltr'>coram</span> <span class='ocrx_word' id='word_1_536' title='bbox 1920 3884 1997 3929; x_wconf 85' lang='lat' dir='ltr'>eo,</span> <span class='ocrx_word' id='word_1_537' title='bbox 2028 3868 2172 3924; x_wconf 85' lang='lat' dir='ltr'>dicit</span> <span class='ocrx_word' id='word_1_538' title='bbox 2190 3868 2390 3924; x_wconf 81' lang='lat' dir='ltr'>divina</span> <span class='ocrx_word' id='word_1_539' title='bbox 2413 3882 2476 3924; x_wconf 84' lang='lat' dir='ltr'>sa</span> <span class='ocrx_word' id='word_1_540' title='bbox 2528 3869 2732 3935; x_wconf 89' lang='lat' dir='ltr'>ientia,</span> <span class='ocrx_word' id='word_1_541' title='bbox 2758 3881 2900 3945; x_wconf 54' lang='lat' dir='ltr'>qu,ae</span> 
     </span>
     <span class='ocr_line' id='line_1_52' title="bbox 469 3936 2900 4009; baseline 0.001 -18"><span class='ocrx_word' id='word_1_542' title='bbox 469 3936 626 3992; x_wconf 86' lang='lat' dir='ltr'>Deus</span> <span class='ocrx_word' id='word_1_543' title='bbox 673 3941 784 4004; x_wconf 90' lang='lat' dir='ltr'>est,</span> <span class='ocrx_word' id='word_1_544' title='bbox 829 3941 890 3992; x_wconf 91' lang='lat' dir='ltr'>ut</span> <span class='ocrx_word' id='word_1_545' title='bbox 931 3942 1239 3994; x_wconf 88' lang='lat' dir='ltr'>ostensum</span> <span class='ocrx_word' id='word_1_546' title='bbox 1271 3943 1380 3993; x_wconf 89' lang='lat' dir='ltr'>est.</span> <span class='ocrx_word' id='word_1_547' title='bbox 1414 3940 1574 4003; x_wconf 66' lang='lat' dir='ltr'>Luc„</span> <span class='ocrx_word' id='word_1_548' title='bbox 1609 3949 1713 4005; x_wconf 64' lang='lat' dir='ltr'>xxi,</span> <span class='ocrx_word' id='word_1_549' title='bbox 1745 3943 1809 3997; x_wconf 84' lang='lat' dir='ltr'>lo</span> <span class='ocrx_word' id='word_1_550' title='bbox 1840 3958 1853 3993; x_wconf 91' lang='lat'>:</span> <span class='ocrx_word' id='word_1_551' title='bbox 1887 3939 2162 3995; x_wconf 81' lang='lat' dir='ltr'>Gaudium</span> <span class='ocrx_word' id='word_1_552' title='bbox 2196 3942 2276 3994; x_wconf 84' lang='lat' dir='ltr'>est</span> <span class='ocrx_word' id='word_1_553' title='bbox 2309 3941 2371 3993; x_wconf 80' lang='lat' dir='ltr'>in</span> <span class='ocrx_word' id='word_1_554' title='bbox 2411 3954 2484 3993; x_wconf 85' lang='lat' dir='ltr'>coe</span> <span class='ocrx_word' id='word_1_555' title='bbox 2506 3954 2536 3993; x_wconf 92' lang='grc' dir='ltr'>ο</span> <span class='ocrx_word' id='word_1_556' title='bbox 2579 3954 2748 4009; x_wconf 77' lang='lat' dir='ltr'>super</span> <span class='ocrx_word' id='word_1_557' title='bbox 2785 3952 2900 3995; x_wconf 79' lang='lat' dir='ltr'>unc</span> 
     </span>
    </p>

    <p class='ocr_par' dir='ltr' id='par_1_9' title="bbox 493 4007 2895 4149">
     <span class='ocr_line' id='line_1_53' title="bbox 506 4007 2895 4078; baseline 0.003 -18"><span class='ocrx_word' id='word_1_558' title='bbox 506 4010 740 4061; x_wconf 81' lang='lat' dir='ltr'>eccatore</span> <span class='ocrx_word' id='word_1_559' title='bbox 785 4008 1155 4075; x_wconf 74' lang='lat' dir='ltr'>poenitentiam</span> <span class='ocrx_word' id='word_1_560' title='bbox 1217 4012 1425 4076; x_wconf 72' lang='lat' dir='ltr'>aqente.</span> <span class='ocrx_word' id='word_1_561' title='bbox 1491 4007 1893 4077; x_wconf 84' lang='lat' dir='ltr'>Philosophus</span> <span class='ocrx_word' id='word_1_562' title='bbox 1956 4010 2131 4065; x_wconf 88' lang='lat' dir='ltr'>etiam</span> <span class='ocrx_word' id='word_1_563' title='bbox 2187 4008 2329 4064; x_wconf 89' lang='lat' dir='ltr'>dicit</span> <span class='ocrx_word' id='word_1_564' title='bbox 2394 4010 2651 4078; x_wconf 82' lang='lat' dir='ltr'>septimo</span> <span class='ocrx_word' id='word_1_565' title='bbox 2705 4010 2895 4067; x_wconf 74' lang='lat' dir='ltr'>Ethic.</span> 
     </span>
     <span class='ocr_line' id='line_1_54' title="bbox 493 4074 2587 4149; baseline 0.001 -15"><span class='ocrx_word' id='word_1_566' title='bbox 493 4088 621 4146; x_wconf 84' lang='lat' dir='ltr'>cap.</span> <span class='ocrx_word' id='word_1_567' title='bbox 659 4075 744 4148; x_wconf 69' lang='lat' dir='ltr'>ss)</span> <span class='ocrx_word' id='word_1_568' title='bbox 771 4077 930 4147; x_wconf 86' lang='lat' dir='ltr'>quod</span> <span class='ocrx_word' id='word_1_569' title='bbox 964 4078 1118 4135; x_wconf 89' lang='lat' dir='ltr'>Deus</span> <span class='ocrx_word' id='word_1_570' title='bbox 1142 4090 1376 4147; x_wconf 87' lang='lat' dir='ltr'>semper</span> <span class='ocrx_word' id='word_1_571' title='bbox 1408 4077 1628 4147; x_wconf 79' lang='lat' dir='ltr'>gaudet</span> <span class='ocrx_word' id='word_1_572' title='bbox 1656 4092 1774 4135; x_wconf 86' lang='lat' dir='ltr'>una</span> <span class='ocrx_word' id='word_1_573' title='bbox 1802 4086 1856 4135; x_wconf 93' lang='lat' dir='ltr'>et</span> <span class='ocrx_word' id='word_1_574' title='bbox 1887 4074 2144 4149; x_wconf 77' lang='lat' dir='ltr'>simplici</span> <span class='ocrx_word' id='word_1_575' title='bbox 2179 4078 2587 4136; x_wconf 86' lang='lat' dir='ltr'>delectatione.</span> 
     </span>
    </p>

    <p class='ocr_par' dir='ltr' id='par_1_10' title="bbox 460 4146 2901 4504">
     <span class='ocr_line' id='line_1_55' title="bbox 537 4146 2897 4218; baseline 0.001 -15"><span class='ocrx_word' id='word_1_576' title='bbox 537 4151 811 4204; x_wconf 77' lang='lat' dir='ltr'>Amorem</span> <span class='ocrx_word' id='word_1_577' title='bbox 863 4147 1039 4204; x_wconf 88' lang='lat' dir='ltr'>etiam</span> <span class='ocrx_word' id='word_1_578' title='bbox 1097 4147 1196 4205; x_wconf 88' lang='lat' dir='ltr'>Dei</span> <span class='ocrx_word' id='word_1_579' title='bbox 1245 4146 1558 4218; x_wconf 80' lang='lat' dir='ltr'>Scriptura·</span> <span class='ocrx_word' id='word_1_580' title='bbox 1586 4156 2031 4216; x_wconf 86' lang='lat' dir='ltr'>commemorat,</span> <span class='ocrx_word' id='word_1_581' title='bbox 2076 4151 2267 4218; x_wconf 67' lang='lat' dir='ltr'>Dent„</span> <span class='ocrx_word' id='word_1_582' title='bbox 2305 4161 2517 4215; x_wconf 79' lang='lat' dir='ltr'>xxxin,</span> <span class='ocrx_word' id='word_1_583' title='bbox 2546 4153 2579 4206; x_wconf 89' lang='grc'><strong>3</strong></span> <span class='ocrx_word' id='word_1_584' title='bbox 2620 4165 2636 4204; x_wconf 88' lang='lat'>:</span> <span class='ocrx_word' id='word_1_585' title='bbox 2680 4151 2897 4205; x_wconf 67' lang='lat' dir='ltr'>Diteoeit</span> 
     </span>
     <span class='ocr_line' id='line_1_56' title="bbox 460 4218 2896 4290; baseline 0.002 -19"><span class='ocrx_word' id='word_1_586' title='bbox 460 4218 877 4288; x_wconf 69' lang='lat' dir='ltr'>popu10331er.,</span> <span class='ocrx_word' id='word_1_587' title='bbox 900 4230 1063 4279; x_wconf 75' lang='lat' dir='ltr'>xxxi,</span> <span class='ocrx_word' id='word_1_588' title='bbox 1081 4222 1114 4275; x_wconf 88' lang='lat'><strong>3</strong></span> <span class='ocrx_word' id='word_1_589' title='bbox 1144 4236 1158 4274; x_wconf 74' lang='grc' dir='ltr'><strong><em>ε</em></strong></span> <span class='ocrx_word' id='word_1_590' title='bbox 1189 4219 1256 4273; x_wconf 86' lang='lat' dir='ltr'>In</span> <span class='ocrx_word' id='word_1_591' title='bbox 1276 4221 1503 4275; x_wconf 79' lang='lat' dir='ltr'>caritate</span> <span class='ocrx_word' id='word_1_592' title='bbox 1519 4225 1786 4290; x_wconf 79' lang='lat' dir='ltr'>perpetua</span> <span class='ocrx_word' id='word_1_593' title='bbox 1812 4221 1985 4274; x_wconf 70' lang='lat' dir='ltr'>dilexi</span> <span class='ocrx_word' id='word_1_594' title='bbox 2010 4221 2301 4286; x_wconf 80' lang='lat' dir='ltr'>te,·.10an.,</span> <span class='ocrx_word' id='word_1_595' title='bbox 2327 4232 2451 4286; x_wconf 83' lang='lat' dir='ltr'>xvt,</span> <span class='ocrx_word' id='word_1_596' title='bbox 2472 4223 2537 4275; x_wconf 81' lang='lat'>27</span> <span class='ocrx_word' id='word_1_597' title='bbox 2565 4220 2724 4288; x_wconf 77' lang='lat' dir='ltr'>:lpse</span> <span class='ocrx_word' id='word_1_598' title='bbox 2749 4223 2896 4275; x_wconf 64' lang='lat' dir='ltr'>enin</span> 
     </span>
     <span class='ocr_line' id='line_1_57' title="bbox 465 4288 2898 4361; baseline 0.001 -18"><span class='ocrx_word' id='word_1_599' title='bbox 465 4288 630 4343; x_wconf 83' lang='lat' dir='ltr'>Pater</span> <span class='ocrx_word' id='word_1_600' title='bbox 651 4293 801 4343; x_wconf 80' lang='lat' dir='ltr'>amat</span> <span class='ocrx_word' id='word_1_601' title='bbox 824 4296 939 4343; x_wconf 74' lang='lat' dir='ltr'>vos.</span> <span class='ocrx_word' id='word_1_602' title='bbox 967 4288 1309 4360; x_wconf 81' lang='lat' dir='ltr'>Philosophi</span> <span class='ocrx_word' id='word_1_603' title='bbox 1341 4290 1517 4346; x_wconf 86' lang='lat' dir='ltr'>etiam</span> <span class='ocrx_word' id='word_1_604' title='bbox 1548 4291 1785 4361; x_wconf 87' lang='lat' dir='ltr'>quidam</span> <span class='ocrx_word' id='word_1_605' title='bbox 1820 4294 2146 4361; x_wconf 85' lang='lat' dir='ltr'>posuerunt</span> <span class='ocrx_word' id='word_1_606' title='bbox 2174 4304 2367 4355; x_wconf 85' lang='lat' dir='ltr'>rerum</span> <span class='ocrx_word' id='word_1_607' title='bbox 2402 4290 2766 4360; x_wconf 83' lang='lat' dir='ltr'>principium</span> <span class='ocrx_word' id='word_1_608' title='bbox 2795 4288 2898 4348; x_wconf 88' lang='lat' dir='ltr'>Dei</span> 
     </span>
     <span class='ocr_line' id='line_1_58' title="bbox 468 4358 2901 4433; baseline 0.002 -19"><span class='ocrx_word' id='word_1_609' title='bbox 468 4369 728 4416; x_wconf 85' lang='lat' dir='ltr'>amorem</span> <span class='ocrx_word' id='word_1_610' title='bbox 784 4358 880 4415; x_wconf 90' lang='lat' dir='ltr'>cui</span> <span class='ocrx_word' id='word_1_611' title='bbox 910 4364 1205 4416; x_wconf 89' lang='lat' dir='ltr'>consonat</span> <span class='ocrx_word' id='word_1_612' title='bbox 1233 4360 1502 4433; x_wconf 79' lang='lat' dir='ltr'>Dionysii</span> <span class='ocrx_word' id='word_1_613' title='bbox 1535 4361 1772 4418; x_wconf 82' lang='lat' dir='ltr'>verbum</span> <span class='ocrx_word' id='word_1_614' title='bbox 1799 4360 1949 4430; x_wconf 82' lang='lat' dir='ltr'>(cap.</span> <span class='ocrx_word' id='word_1_615' title='bbox 1972 4362 2101 4417; x_wconf 75' lang='lat' dir='ltr'>4De</span> <span class='ocrx_word' id='word_1_616' title='bbox 2117 4360 2322 4416; x_wconf 76' lang='lat' dir='ltr'>divinis</span> <span class='ocrx_word' id='word_1_617' title='bbox 2341 4358 2669 4431; x_wconf 75' lang='lat' dir='ltr'>nominibus)</span> <span class='ocrx_word' id='word_1_618' title='bbox 2689 4360 2901 4418; x_wconf 88' lang='lat' dir='ltr'>dicen·</span> 
     </span>
     <span class='ocr_line' id='line_1_59' title="bbox 466 4399 2531 4504; baseline 0.002 -20"><span class='ocrx_word' id='word_1_619' title='bbox 466 4427 567 4499; x_wconf 59' lang='lat' dir='ltr'>tis</span> <span class='ocrx_word' id='word_1_620' title='bbox 594 4399 753 4501; x_wconf 75' lang='lat' dir='ltr'>quod</span> <span class='ocrx_word' id='word_1_621' title='bbox 781 4427 1021 4486; x_wconf 87' lang='lat' dir='ltr'>divinus</span> <span class='ocrx_word' id='word_1_622' title='bbox 1049 4441 1219 4487; x_wconf 87' lang='lat' dir='ltr'>amor</span> <span class='ocrx_word' id='word_1_623' title='bbox 1245 4442 1369 4488; x_wconf 91' lang='lat' dir='ltr'>non</span> <span class='ocrx_word' id='word_1_624' title='bbox 1395 4430 1668 4503; x_wconf 85' lang='lat' dir='ltr'>permisit</span> <span class='ocrx_word' id='word_1_625' title='bbox 1694 4431 1894 4504; x_wconf 86' lang='lat' dir='ltr'>ipsum</span> <span class='ocrx_word' id='word_1_626' title='bbox 1923 4431 2056 4489; x_wconf 88' lang='lat' dir='ltr'>sine</span> <span class='ocrx_word' id='word_1_627' title='bbox 2084 4432 2351 4503; x_wconf 82' lang='lat' dir='ltr'>germine</span> <span class='ocrx_word' id='word_1_628' title='bbox 2378 4443 2531 4488; x_wconf 84' lang='lat' dir='ltr'>esse.</span> 
     </span>
    </p>
   </div>
  </div>
 </body>
</html>
