3076 5025
1141 241 1273 295 ΜΒ.
1313 241 1412 306 Ill,
1451 240 1605 294 CAP.
1645 236 1816 294 CXIX.
2578 244 2677 299 421

252 375 369 434 que
411 367 566 419 errat
617 362 774 419 circa
805 365 987 420 Deum
1019 375 1139 420 non
1189 360 1501 434 cognoscit
1530 364 1737 427 Deum,
1763 360 1920 417 sicut
2005 360 2066 418 ui
2111 360 2300 419 credit
2324 363 2507 419 Deum
2535 375 2672 421 esse

252 444 471 502 corpus
514 433 679 489 nullo
710 433 886 488 modo
913 433 1226 503 cognoscit
1276 435 1479 501 Deum,
1511 432 1617 488 sed
1658 431 1951 502 apprehen
2001 433 2046 487 it
2093 431 2318 504 aliquid
2346 433 2508 489 aliud
2544 434 2676 491 loco

252 502 378 558 Dei.
413 503 745 559 Secundum
774 509 970 560 autem
995 502 1154 575 quod
1186 503 1408 574 aliquid
1434 503 1841 571 cognoscitur,
1873 502 2202 560 secundum
2232 502 2344 560 hoc
2367 510 2601 561 amatur
2621 508 2682 562 et

249 571 643 630 desideratur.
676 574 785 641 Qui
840 587 982 645 ergo
1029 579 1184 630 errat
1239 575 1399 630 circa
1455 575 1661 640 Deum,
1693 586 1802 630 nec
1855 586 2053 629 amare
2101 579 2297 644 potest
2326 575 2531 641 Deum,
2568 589 2679 633 nec

248 642 592 700 desiderare
641 644 836 713 ipsum
875 649 941 701 ut
985 641 1186 701 finem.
1220 645 1413 712 Quum
1474 644 1657 715 igitur
1712 643 1821 699 lex·
1857 642 2058 700 divina
2105 643 2178 700 ad
2208 644 2320 700 hoc
2358 645 2580 712 tendat,
2613 651 2682 703 ut

246 713 529 771 homines
569 720 767 772 ament
816 720 871 771 et
919 714 1260 772 desiderent
1286 717 1492 781 Deum,
1524 718 1799 784 opportet
1820 712 1980 786 quod
2007 713 2140 786 lege
2167 713 2368 772 divina
2400 716 2679 774 homines

245 782 596 852 obligentur
624 784 697 842 ad
723 791 938 842 rectam
961 784 1134 842 fidem
1160 784 1493 842 habendam
1536 784 1607 840 de
1634 787 1775 841 Deo.

315 855 594 924 Amplius,
630 855 1011 925 salsaopinio
1040 856 1122 913 ita
1151 868 1216 913 se
1247 855 1424 913 habet
1454 855 1517 912 in
1549 855 2026 927 intelligibilibus
2053 854 2209 913 sicut
2232 855 2440 914 vitium
2471 857 2679 917 virtuti

245 927 594 1007 oppositum
625 926 686 982 in
712 926 1075 996 moralibus;
1107 940 1244 984 nam
1275 926 1498 985 bonum
1528 925 1869 983 intellectus
1888 931 1980 983 est
1999 939 2225 984 verum.
2246 927 2359 983 Sed
2381 928 2454 984 ad
2484 927 2681 999 legem

244 996 509 1053 divinam
544 997 798 1067 pertinet
823 997 964 1054 vitia
993 997 1329 1069 prohibere.
1362 1000 1512 1077 Ergo
1543 996 1616 1054 ad
1640 1010 1770 1053 eam
1800 996 1977 1054 etiam
2019 997 2277 1068 pertinet
2322 996 2508 1055 salsas
2553 998 2683 1069 opi-

245 1067 472 1124 niones
505 1068 577 1124 de
598 1070 795 1125 Decet
820 1067 892 1125 de
914 1068 1010 1125 his
1039 1082 1170 1140 quae
1200 1073 1339 1126 sunt
1371 1071 1470 1124 Det
1502 1066 1836 1124 excludere.

315 1138 467 1194 Hinc
503 1144 596 1194 est
623 1139 782 1210 quod
813 1138 1064 1196 dicitur:
1092 1140 1222 1195 Sine
1256 1140 1363 1208 fide
1403 1138 1735 1208 impossibile
1758 1142 1839 1193 est
1862 1138 2075 1209 placere
2104 1141 2208 1194 Deo
2239 1138 2443 1209 (Helm,
2476 1152 2564 1206 xl,
2590 1138 2682 1213 6);
2724 1179 2734 1188 -

247 1214 335 1278 et,
362 1214 682 1280 antequam
713 1209 831 1266 alia
858 1223 1048 1280 praece
1091 1215 1149 1267 ta
1177 1209 1327 1280 legis
1356 1209 2071 1280 ponantur,praestituitur
2096 1214 2256 1265 recta
2276 1208 2423 1265 fides
2445 1209 2516 1266 de
2539 1212 2681 1278 Deo,

246 1292 432 1352 quum
454 1279 1045 1342 diciturzAudi,Israe
1078 1282 1371 1336 :Dominus
1389 1284 1526 1336 Deus
1543 1281 1990 1336 noster-Dominus
2004 1295 2149 1335 unus
2166 1284 2263 1336 est.
2284 1280 2482 1352 (Deut..
2498 1294 2583 1344 vl,
2602 1285 2654 1337 4.

322 1351 434 1407 Per
478 1350 590 1407 hoc
638 1355 834 1407 autem
886 1349 1220 1407 excluditur
1260 1363 1425 1408 error
1473 1350 1867 1422 quorumdam
1923 1349 2246 1406 dicentium
2306 1350 2466 1422 quod
2525 1349 2649 1412 nib·

248 1420 433 1477 refert
458 1421 532 1478 ad
562 1421 818 1478 salutem
849 1420 1116 1478 hominis
1140 1434 1277 1478 cum
1307 1434 1681 1493 quacumque
1700 1420 1815 1478 fide
1845 1420 2065 1479 serviat
2095 1423 2236 1478 Dec.

1200 1639 1454 1704 CAPUT
1515 1640 1719 1704 CXIX.

425 1822 578 1875 QUOD
621 1822 736 1868 PER
771 1820 1028 1874 QUAEDAM
1064 1820 1396 1868 SENsmmA
1430 1821 1588 1867 MENS
1623 1821 1855 1868 NOSTRA
1889 1820 2190 1867 mmsmm
2220 1820 2284 1867 m
2319 1821 2499 1869 DEUR.

318 1986 474 2055 Quia
494 1999 637 2042 vero
663 1985 1054 2044 connaturale
1075 1990 1169 2043 est
1217 1984 1445 2064 homini
1491 1988 1555 2042 ut
1577 1999 1683 2056 per
1716 1997 1938 2043 sensus
1967 1984 2373 2065 cognitionem
2405 1984 2678 2057 accipiat,

248 2060 308 2116 et
373 2056 793 2114 difficillimum
847 2060 940 2114 est
1002 2055 1317 2114 sensibilia
1382 2055 1801 2113 transcendere
1824 2098 1839 2124 ,
1898 2068 2201 2126 provisum
2263 2061 2354 2112 est
2396 2055 2683 2114 divinitus

246 2127 483 2186 homini
519 2132 578 2184 ut
610 2129 784 2183 etiam
819 2127 882 2183 in
903 2126 1294 2184 sensibilibus
1326 2126 1505 2184 rebus
1533 2126 1869 2182 divinorum
1902 2126 1955 2182 ei
1973 2125 2462 2183 commemoratio
2491 2125 2684 2196 fieret,

246 2203 318 2256 ut
343 2212 451 2270 per
479 2197 595 2255 hoc
622 2197 886 2255 hominis
914 2196 1167 2255 intentio
1214 2197 1409 2268 magis
1457 2203 1845 2254 renovaretur
1889 2195 1962 2253 ad
2014 2196 2236 2264 divina,
2278 2196 2452 2253 cu'us
2509 2209 2680 2254 mens

247 2282 377 2327 non
405 2273 501 2326 est
529 2268 725 2325 valida
753 2266 827 2324 ad
875 2267 1077 2325 divina
1116 2267 1178 2324 in
1210 2268 1430 2339 seipsis
1461 2265 1960 2338 contemplanda:
1992 2271 2049 2323 et
2078 2272 2318 2338 propter
2401 2281 2473 2323 oc
2510 2268 2684 2324 insti·

245 2344 382 2398 tuta
424 2343 567 2397 sunt
616 2338 930 2396 sensibilia
969 2336 1265 2400 sacrificia
1309 2351 1441 2409 quae
1483 2337 1666 2394 homo
1714 2339 1834 2394 Deo
1881 2334 2074 2405 offert,
2124 2351 2244 2396 non
2285 2343 2525 2408 propter
2571 2337 2686 2396 boc

249 2408 416 2483 quod
460 2411 618 2467 Deus
647 2409 737 2466 eis
771 2407 894 2465 indi
941 2414 1056 2477 eat,
1081 2407 1188 2465 sed
1218 2413 1284 2464 ut
1333 2412 1789 2477 repraesentetur
1817 2406 2046 2464 homini
2078 2408 2238 2480 quod
2301 2407 2570 2477 seipsum
2627 2410 2688 2466 et

250 2481 462 2541 omnia
490 2493 603 2538 sua
630 2479 806 2537 debet
826 2493 889 2536 re
917 2492 1043 2536 erre
1073 2478 1136 2536 in
1158 2479 1356 2550 ipsum
1384 2479 1542 2535 sicut
1569 2478 1631 2536 in
1660 2476 1861 2542 finem,
1893 2480 1953 2534 et
1973 2477 2131 2537 sicut
2157 2479 2223 2536 in
2252 2484 2603 2547 creatorem,
2629 2480 2690 2537 et

251 2552 713 2626 gubernatorem
746 2556 804 2608 et
827 2550 1142 2607 Dominum
1176 2549 1611 2607 universorum.

326 2622 698 2679 Adhibentur
743 2620 919 2678 etiam
963 2619 1194 2677 homini
1246 2619 1513 2692 quaedam
1575 2618 2080 2679 sanctificationes
2105 2635 2212 2692 per
2256 2622 2546 2693 quasdam
2590 2634 2687 2680 res

252 2691 604 2760 sensibileS‚
635 2691 857 2764 quibus
899 2692 1080 2748 bomo
1141 2691 1386 2759 lavatur,
1430 2695 1533 2747 aut
1582 2690 1842 2763 ungitur,
1874 2697 1978 2748 aut
2022 2692 2303 2763 pascitur,
2330 2691 2421 2749 vel
2452 2698 2689 2763 potatur

254 2777 397 2823 cum
458 2762 836 2821 sensibilium
893 2761 1208 2820 verborum
1267 2761 1620 2832 prolatione,
1677 2765 1739 2817 ut
1793 2760 2021 2818 homini
2070 2767 2525 2834 repraesentetur
2621 2774 2687 2819 er

257 2833 578 2894 sensibilia
609 2831 1076 2904 intelligibilium
1109 2831 1403 2889 donorum
1445 2844 1793 2902 processum
1824 2833 2051 2903 inipso
2078 2832 2151 2890 ab
2191 2833 2525 2890 extrinseco
2599 2832 2684 2890 eri

258 2919 298 2964 a
321 2906 467 2972 Deo,
495 2905 668 2975 cujus
699 2917 917 2961 nomen
948 2901 1338 2961 sensibilibus
1368 2902 1616 2960 vocibus
1646 2903 2013 2974 exprimitur.

334 2978 698 3032 Exercentur
725 2974 904 3032 etiam
935 2974 1007 3031 ab
1053 2971 1398 3031 hominibus
1439 2973 1710 3045 quaedam
1741 2973 2053 3031 sensibilia
2080 2987 2282 3045 opera.
2308 2988 2433 3032 non
2469 2974 2689 3046 quibus

258 3048 452 3106 Deum
480 3046 756 3114 excitent,
787 3044 893 3103 sed
922 3043 1143 3119 quibus
1176 3044 1262 3101 sei
1309 3057 1413 3101 sos
1441 3050 1762 3114 provocent
1792 3044 1851 3101 in
1884 3044 2108 3114 divina,
2139 3045 2297 3103 sicut
2382 3046 2690 3104 rostratio·

259 3129 400 3182 nes,
491 3114 919 3185 enuflexiones,
945 3114 1187 3172 vocales
1231 3129 1263 3172 c
1290 3128 1524 3172 amores
1571 3120 1630 3171 et
1664 3120 1914 3184 cantus;
1970 3129 2104 3187 quae
2145 3129 2267 3173 non
2357 3121 2458 3172 unt
2514 3114 2691 3188 quasi

257 3189 425 3246 Deus
451 3130 547 3244 fiis
578 3186 860 3266 indigeat,
892 3185 993 3257 qui
1024 3185 1227 3242 omnia
1258 3185 1440 3253 novit,
1466 3192 1526 3241 et
1553 3184 1726 3266 cujus
1753 3185 2031 3244 voluntas
2050 3189 2143 3244 est
2173 3185 2587 3254 immutabilis,
2633 3188 2695 3242 et

262 3255 540 3315 affectum
568 3263 787 3314 mentis
839 3262 898 3313 et
926 3255 1099 3314 etiam
1150 3260 1377 3313 motum
1403 3261 1944 3381 corporis-propter
1971 3269 2037 3313 se
2086 3269 2207 3314 non
2245 3262 2550 3327 acceptat,
2583 3255 2692 3314 sed

259 3342 338 3387 ea
367 3334 606 3399 propter
635 3340 748 3385 nos
777 3326 1054 3396 facimus,
1089 3329 1157 3384 ut
1185 3340 1290 3397 per
1324 3326 1450 3383 baec
1474 3325 1701 3384 sensibt
1730 3326 1788 3384 ia
1827 3340 2010 3397 opera
2037 3326 2292 3385 intentio
2318 3332 2524 3384 nostra
2553 3326 2692 3386 diri·

256 3404 439 3475 gatur
458 3399 516 3455 in
551 3401 758 3466 Deum,
789 3402 847 3454 et
875 3395 1111 3454 affectio
1142 3396 1519 3454 accendatur.
1549 3396 1734 3453 Simul
1764 3397 1941 3454 etiam
2047 3410 2077 3455 r
2098 3397 2214 3455 hoc
2243 3399 2424 3455 Deum
2458 3396 2692 3468 profite-

257 3482 401 3551 mur
424 3469 638 3597 anihmbae
667 3474 726 3525 et
752 3467 1024 3539 corporis
1042 3467 1233 3525 nostri
1263 3471 1590 3537 auctorem,
1612 3467 1710 3524 cui
1726 3467 1981 3539 spiritua
2005 3468 2065 3525 ia
2085 3473 2147 3524 et
2168 3468 2501 3540 corporalia
2522 3469 2695 3525 obse-

305 3555 409 3599 uia
431 3555 504 3596 ex
548 3555 566 3596 t
611 3553 802 3598 emus.

259 3555 301 3615 q
333 3613 581 3683 Propter
606 3611 719 3668 hoc
749 3623 870 3667 non
885 3613 979 3666 est
1000 3606 1205 3666 mirari
1228 3609 1281 3665 si
1309 3608 1701 3681 haeretici‚qui
1720 3609 1993 3680 corporis
2012 3610 2201 3668 nostri
2216 3613 2399 3668 Deum
2412 3624 2546 3668 esse
2560 3623 2696 3669 auc-

261 3686 457 3741 torem
492 3686 734 3753 negant,
766 3681 892 3738 haec
920 3678 1256 3751 corporalia
1269 3679 1562 3751 obsequia
1590 3682 1709 3736 Deo
1738 3680 2003 3738 exhibita
2020 3681 2544 3751 reprehendant.1n
2572 3692 2694 3753 quo

261 3752 446 3811 etiam
469 3755 711 3823 apparet
725 3749 884 3823 quod
905 3763 971 3808 se
986 3749 1264 3830 homines
1279 3762 1415 3807 esse
1436 3762 1557 3831 non
1578 3750 1997 3820 meminerunt,
2023 3750 2162 3808 dum
2177 3751 2551 3809 sensibilium
2574 3750 2696 3809 sibi

258 3834 328 3883 re
373 3824 852 3881 raesentationetn
888 3832 1292 3879 necessariam
1340 3833 1460 3877 non
1491 3820 1692 3878 vident
1718 3821 1790 3878 ad
1824 3821 2167 3879 interiorem
2198 3823 2602 3895 cognitionem
2635 3825 2697 3880 et

264 3906 304 3953 a
353 3895 671 3953 ectionem.
703 3895 846 3949 Nam
880 3890 1284 3962 experimento
1330 3897 1574 3961 apparet
1608 3891 1765 3964 quod
1791 3906 1897 3961 per
1926 3891 2267 3964 corporales
2296 3899 2463 3949 actus
2494 3894 2698 3952 anima

263 3964 630 4024 exercitatur
658 3962 729 4020 ad
760 3963 1018 4034 aliquam
1049 3960 1474 4034 cogitationem
1531 3961 1625 4017 vel
1674 3960 2071 4020 affectionem.
2104 3962 2263 4018 Unde
2309 3963 2694 4023 manifestum

262 4042 364 4094 est
391 4033 817 4113 convenienter
845 4033 1021 4090 etiam
1048 4031 1464 4103 corporalibus
1488 4031 1847 4104 quibusdam
1875 4046 1991 4091 nos
2019 4033 2104 4089 uti
2130 4032 2203 4088 ad
2233 4033 2451 4090 mentis
2474 4042 2693 4096 nostrae

259 4104 658 4165 elevationem
690 4115 753 4157 m
778 4105 984 4160 Deum.

336 4178 406 4234 In
440 4174 538 4231 his
566 4177 763 4230 autem
794 4171 1203 4243 corporalibus
1233 4175 1354 4231 Deo
1375 4171 1731 4232 exhibendis
1754 4171 1954 4231 cultus
1981 4172 2084 4230 Dei
2106 4172 2438 4232 consistere
2453 4175 2690 4233 dicitur.

259 4247 375 4305 Illa
405 4245 568 4301 enim
598 4243 791 4300 colere
821 4242 1075 4301 dicimur
1100 4242 1322 4316 quibus
1367 4256 1474 4313 per
1521 4249 1727 4301 nostra
1769 4255 1951 4313 opera
1995 4242 2256 4300 studium
2313 4244 2688 4302 adhibemus.

266 4318 437 4376 Circa
468 4317 653 4372 Deum
682 4319 877 4371 autem
910 4312 1262 4372 adhibemus
1284 4313 1551 4371 studium
1578 4319 1783 4370 nostro
1814 4316 1970 4380 actu,
2000 4326 2122 4370 non
2159 4312 2397 4386 quidem
2429 4320 2493 4370 ut
2520 4308 2693 4388 proii-

263 4387 502 4447 ciamus
534 4385 612 4456 ei,
642 4385 800 4443 sicut
825 4396 961 4442 cum
990 4383 1141 4443 alias
1166 4397 1265 4442 res
1293 4384 1521 4442 nostris
1555 4383 1837 4455 operibus
1863 4382 2062 4441 colere
2091 4383 2367 4454 dicimur,
2397 4382 2500 4440 sed
2549 4390 2691 4449 quta
