3076 5025
1169 281 1301 338 Liss.
1342 281 1440 364 ιιι,
1481 280 1632 336 CAP.
1668 279 1761 336 LI.
2576 280 2677 337 32³

1263 551 1516 615 CAPUT
1559 551 1656 615 LI.

776 732 1049 787 QUOMODO
1102 732 1251 778 lmus
1304 732 1418 777 PER
1465 731 1797 778 1:83sz
1830 733 2148 779 vlnm‘rtm.

318 902 464 959 Cum
496 903 698 978 autem
736 873 1110 967 impossibile
1141 896 1221 953 sit
1257 894 1527 977 naturale
1572 895 1935 977 desinerium
1965 910 2101 978 esse
2130 895 2331 964 inane,
2362 896 2521 970 quod
2551 896 2683 979 qui·

244 971 383 1029 dem
436 975 616 1036 esset,
649 981 701 1026 si
755 980 878 1025 non
920 972 1080 1024 esset
1131 967 1422 1038 possibile
1480 981 1791 1037 pervenire
1846 967 1920 1024 ad
1975 966 2233 1024 divinam
2286 968 2684 1026 substantiam

243 1039 722 1112 intelligendam,
766 1038 923 1110 quod
978 1037 1327 1095 naturaliter
1369 1051 1582 1095 omnes
1624 1042 1856 1095 mentes
1904 1037 2264 1106 desiderant,
2297 1052 2545 1096 necesse
2594 1043 2687 1097 est

244 1113 447 1170 dicere
498 1110 656 1182 quod
703 1108 994 1180 possibile
1046 1113 1138 1165 est
1178 1108 1579 1165 substantiam
1618 1108 1720 1165 Dei
1771 1108 1956 1166 videri
1998 1122 2105 1179 per
2144 1108 2532 1179 intellectum,
2563 1114 2622 1166 et
2649 1122 2686 1167 a

245 1181 610 1241 substantiis
639 1178 1154 1237 intellectualibus
1182 1178 1475 1260 separatis
1499 1184 1560 1235 ct
1586 1178 1660 1236 ab
1691 1179 2007 1242 animabus
2048 1180 2293 1237 nostris.

317 1253 531 1311 Modus
580 1256 778 1309 autem
828 1249 1009 1330 hujus
1044 1249 1303 1308 visionis
1344 1250 1492 1307 satis
1531 1249 1658 1321 jam
1699 1264 1773 1306 ex
1799 1249 1995 1313 dictis,
2035 1250 2230 1331 qualis
2275 1264 2419 1309 esse
2454 1250 2682 1321 debeat,

243 1329 512 1397 apparet.
538 1323 857 1379 ostensum
888 1334 1045 1378 enim
1080 1324 1171 1379 est
1197 1333 1381 1391 supra
1421 1318 1575 1391 (cap.
1604 1321 1697 1394 49)
1749 1320 1911 1393 quod
1956 1320 2156 1380 divina
2192 1320 2533 1379 substantia
2560 1335 2686 1380 non

245 1402 449 1467 potest
474 1393 662 1451 videri
689 1405 794 1462 per
819 1390 1188 1449 intellectum
1221 1391 1286 1448 in
1324 1390 1527 1462 aliqua
1557 1391 1755 1463 specie
1786 1396 2002 1449 creata.
2032 1392 2195 1449 Unde
2222 1398 2479 1463 oportet,
2507 1392 2557 1450 si
2580 1392 2687 1451 Dei

249 1465 517 1525 essentia
567 1463 876 1541 videatur„
912 1461 1073 1534 quod
1116 1474 1221 1542 per
1285 1461 1605 1532 ipsammet
1656 1461 1982 1520 essentiam
2039 1462 2299 1520 divinam
2342 1463 2682 1521 intellectus

249 1537 448 1608 ipsam
468 1534 706 1661 dvideat,
736 1537 800 1589 ut
827 1545 915 1589 sic
947 1532 1009 1588 in
1043 1531 1145 1588 tali
1182 1531 1414 1590 visione
1458 1533 1660 1590 divina
1690 1533 1956 1591 essentia
1982 1533 2062 1591 sit
2088 1540 2148 1591 et
2173 1534 2334 1607 qnod
2361 1534 2597 1591 videtur
2623 1538 2683 1592 et

295 1620 375 1664 uo
405 1606 460 1662 vi
509 1611 657 1661 etur.

253 1622 292 1681 q
324 1679 467 1734 Cum
498 1682 697 1736 autem
725 1672 1064 1731 intellectus
1098 1672 1495 1730 substantiam
1522 1672 1784 1745 aliquam
1821 1673 2159 1746 intelligere
2190 1688 2313 1733 non
2342 1675 2537 1747 possit
2561 1674 2682 1733 nisi

249 1748 355 1806 fiat
368 1754 526 1815 actu,
557 1744 886 1803 secundum
917 1744 1178 1816 aliquam
1209 1757 1238 1802 s
1284 1743 1472 1801 eciem
1501 1743 1924 1802 informantem
1946 1745 2168 1813 ipsum,
2196 1760 2329 1818 quae
2356 1747 2437 1804 sit
2460 1745 2684 1804 simili—

247 1819 398 1876 tudo
442 1818 526 1874 rei
557 1815 892 1883 intellectae,
923 1814 1238 1886 impossibi
1270 1830 1300 1871 e
1330 1815 1514 1872 videri
1588 1820 1743 1872 otest
1782 1815 1983 1883 alicui,
2010 1815 2169 1896 quod
2215 1830 2319 1887 pei·
2352 1817 2680 1874 essentiam

252 1890 514 1948 divinam
566 1885 1176 1966 intellectustcreatus
1227 1886 1420 1967 possit
1459 1829 1661 1942 videre
1711 1886 1729 1942 i
1776 1900 1904 1943 sam
1935 1889 2038 1943 Dei
2077 1886 2474 1945 substantiam
2549 1887 2682 1945 uasi

252 1976 360 2033 per
410 1957 724 2031 quamdam
758 1969 787 2012 s
833 1969 1015 2012 eciem
1053 1955 1512 2028 intelligibilem,
1546 1970 1679 2013 cum
1772 1958 1932 2014 ivina
1959 1958 2225 2015 essentia
2262 1958 2341 2015 sit
2383 1973 2502 2032 quo
2547 1959 2683 2016 dam

252 2045 362 2103 per
415 2030 682 2099 seipsum
722 2040 751 2083 s
871 2026 1079 2089 istens‚
1110 2031 1169 2084 et
1213 2027 1273 2084 in
1327 2027 1522 2098 primo
1553 2026 1704 2099 (cap.
1722 2026 1812 2100 27)
1845 2031 2157 2085 ostensum
2200 2028 2281 2087 sit
2306 2029 2468 2101 quod
2526 2033 2686 2087 Deus

255 2100 484 2159 nullius
504 2103 700 2170 potest
733 2110 868 2154 oese
890 2096 1101 2154 forma.

326 2171 410 2228 Ad
439 2169 619 2242 liujus
641 2166 1582 2248 igitur·intelligentiamveritatis
1600 2169 2101 2228 considerandum
2119 2173 2211 2228 est
2309 2170 2387 2228 od
2408 2170 2687 2229 substan*-

255 2243 340 2301 tia
362 2255 493 2315 quae
515 2246 608 2298 est
627 2252 730 2309 per
753 2251 1012 2308 seipsam
1044 2238 1404 2309 subsistens,
1422 2245 1510 2297 est
1548 2240 1640 2296 vel
1670 2241 1862 2298 forma
1880 2246 2133 2309 tantum,
2162 2255 2234 2298 ve
2285 2241 2687 2313 compositum

253 2328 333 2372 ex
364 2311 613 2370 materia
639 2314 696 2365 et
727 2308 1122 2389 fornia..lllud
1153 2309 1171 2366 i
1219 2310 1336 2367 itur
1358 2310 1522 2383 quod
1573 2325 1645 2367 ex
1673 2311 1923 2369 materia
1951 2317 2010 2368 et
2064 2313 2256 2369 forma
2284 2312 2688 2382 compositum

257 2390 372 2452 est,
395 2397 517 2440 non
553 2385 750 2453 potest
776 2379 966 2459 ‚alteri
997 2393 1132 2437 esse
1210 2394 1398 2448 orma,
1428 2381 1569 2454 quia
1612 2381 1805 2439 forma
1842 2382 1910 2438 in
1936 2383 2060 2440 Deo
2104 2387 2198 2439 est
2228 2381 2349 2453 jam
2383 2386 2691 2439 contracta

259 2456 333 2515 ad
365 2455 530 2511 illam
583 2456 915 2518 materiam,
947 2454 1013 2506 ut
1049 2450 1301 2508 ulterius
1339 2451 1423 2508 rei
1481 2452 1674 2509 forma
1726 2465 1861 2510 esse
1892 2465 2015 2509 non
2060 2452 2275 2524 possit.
2306 2451 2461 2509 Illud
2491 2457 2689 2509 autem

297 2526 420 2584 nod
476 2524 564 2584 sic
592 2528 686 2581 est
738 2521 1100 2588 subsistens,
1139 2527 1202 2578 ut
1247 2529 1445 2579 tamen
1495 2524 1695 2580 solum
1732 2525 1814 2581 sit
1859 2522 2069 2591 torma,
2101 2528 2303 2595 potest
2355 2523 2523 2580 alteri
2554 2535 2690 2581 esse

287 2609 475 2665 orma,
514 2592 841 2652 dummodo
899 2604 1034 2657 esse
1078 2606 1255 2649 suum
1306 2593 1386 2650 sit
1440 2593 1557 2649 tale
1602 2594 1763 2674 quod
1815 2593 1889 2652 ab
1936 2594 2138 2666 aliquo
2176 2595 2298 2652 alio
2349 2593 2690 2665 participari

260 2667 477 2740 possit.
510 2666 676 2723 Sicut
704 2664 766 2721 in
798 2662 1066 2720 secundo
1092 2662 1242 2742 (cap.
1275 2662 1365 2742 68)
1401 2664 1777 2722 ostendimus
1808 2664 1880 2721 de
1909 2665 2111 2721 anima
2134 2665 2417 2722 humana.
2450 2664 2506 2721 Si
2548 2676 2691 2722 vero

263 2753 406 2797 esse
434 2750 613 2795 suum
644 2733 717 2792 ab
754 2733 942 2790 altero
963 2734 1307 2804 participari
1333 2747 1455 2790 non
1484 2735 1701 2804 possit,
1732 2734 1959 2793 nullius
1984 2735 2069 2792 rei
2101 2735 2292 2792 forma
2312 2748 2449 2793 esse
2473 2734 2691 2806 possit.

260 2810 362 2867 Sic
393 2808 552 2865 enim
578 2819 682 2887 per
717 2817 896 2862 suum
913 2817 1048 2861 esse
1077 2802 1507 2885 determinatur
1531 2805 1597 2861 in
1639 2805 1865 2876 seipse,
1886 2805 2190 2878 sicutqnae
2206 2805 2694 2864 suntmaterialia

258 2894 370 2952 ρει·
395 2885 725 2937 materiam.
759 2877 1108 2955 Hoc—autern
1129 2881 1288 2956 sient
1314 2876 1378 2931 in
1411 2888 1547 2933 esse
1604 2875 1984 2934 substantiali
2015 2877 2107 2933 vel
2137 2877 2429 2934 materiali
2462 2875 2695 2933 inveni-

261 2950 492 3019 tur,sic
533 2954 588 3005 et
630 2948 693 3003 in
722 2958 858 3003 esse
888 2945 1252 3017 intelligibili
1292 2945 1797 3005 considerandum
1826 2951 1936 3005 est.
1969 2947 2115 3005 Cum
2160 2948 2321 3005 enim
2352 2947 2694 3015 intellectus

261 3020 549 3093 perfectio
602 3017 681 3074 sit
733 3029 957 3085 verum,
991 3015 1136 3073 illud
1194 3016 1571 3089 intelligibile
1619 3018 1730 3075 erit
1784 3024 1847 3074 ut
1904 3018 2096 3075 forma
2128 3023 2359 3076 tantum
2390 3018 2451 3074 in
2478 3031 2695 3091 genere

263 3089 758 3163 intelligibilium,
789 3086 948 3159 quod
1004 3092 1095 3144 est
1115 3086 1337 3145 veritas
1365 3087 1518 3159 ipsa,
1549 3089 1711 3161 quod
1738 3089 2019 3146 convenit
2043 3088 2157 3148 soli
2190 3091 2330 3147 Deo.
2362 3092 2529 3158 Nam,
2555 3102 2696 3147 cnm

261 3175 470 3219 verum
511 3174 576 3219 se
615 3164 796 3215 natur
845 3156 917 3213 ad
946 3157 1286 3237 ,esse,illud
1327 3162 1559 3216 tantum
1606 3173 1718 3218 sua
1770 3159 1991 3218 veritas
2039 3166 2151 3229 est,
2182 3160 2343 3233 quod
2395 3165 2487 3217 est
2515 3171 2695 3217 sunm

264 3246 426 3300 esse,
454 3245 570 3304 quo
644 3234 732 3286 est
762 3241 1064 3298 proprium
1095 3228 1213 3285 soli
1242 3230 1383 3300 De0,
1405 3230 1549 3287 utin
1573 3231 1768 3301 primo
1790 3229 1941 3302 (cap.
1978 3230 2064 3303 15)
2095 3236 2407 3288 ostensum
2424 3236 2533 3287 est.
2566 3229 2696 3288 Alia

262 3304 454 3376 igitur
479 3298 882 3427 intelligibilia
910 3298 1306 3380 subsistentia
1332 3305 1478 3382 sunt
1502 3314 1626 3359 non
1656 3307 1720 3359 ut
1744 3316 1891 3372 pura
1926 3301 2118 3359 forma
2146 3302 2208 3358 in
2234 3315 2455 3374 genere
2473 3299 2696 3357 intelli·

269 3374 572 3444 gibilium,
600 3386 668 3430 se
750 3374 814 3426 ut
866 3368 1206 3427 formarum
1258 3370 1530 3442 subjecto
1574 3372 1778 3445 aliquo
1806 3371 2119 3430 habentes.
2138 3374 2240 3429 Est
2285 3372 2444 3429 enim
2478 3383 2696 3428 unum·

266 3444 550 3517 qnodque
589 3453 798 3501 eorum
834 3453 1221 3520 verum„non
1243 3442 1485 3509 veritas,
1512 3443 1671 3500 sicut
1711 3448 1770 3500 et
1814 3448 1906 3501 est
1932 3455 2065 3512 ens,
2094 3456 2215 3500 non
2264 3449 2461 3500 autem
2497 3441 2696 3512 ipsum

266 3529 427 3573 aese.
460 3514 838 3571 Manifestum
886 3515 977 3568 est
1005 3511 1189 3582 igitur
1215 3512 1371 3584 quod
1412 3514 1677 3571 essentia
1698 3513 1900 3571 divina
1918 3518 2117 3585 potest
2149 3513 2479 3584 comparari
2508 3512 2582 3570 ad
2610 3511 2698 3568 in-

268 3585 572 3642 tellectum
628 3586 919 3660 creatum⁸
946 3585 1012 3637 ut
1046 3583 1299 3663 ‘species
1341 3583 1761 3657 intelligibilis,
1818 3598 1938 3656 qua
1996 3583 2299 3657 intelligit.
2349 3582 2516 3652 Quod
2571 3593 2697 3640 non

270 3657 565 3728 contingit
596 3655 668 3712 de
700 3657 964 3711 essentia
982 3650 1237 3724 alicujus
1259 3653 1505 3712 alterius
1535 3653 1887 3713 substantiae
1912 3659 2221 3725 separatae.

341 3729 459 3784 Nec
503 3733 701 3783 tamen
729 3726 926 3795 potest
975 3735 1109 3780 esse
1162 3723 1358 3781 forma
1394 3724 1642 3783 alterius
1698 3725 1785 3782 rei
1840 3725 2167 3783 secundnm
2222 3738 2358 3783 esse
2403 3723 2695 3783 naturale.

268 3798 629 3869 sequeretur
678 3796 837 3852 enim
877 3792 1039 3863 quod
1085 3793 1269 3850 simul
1295 3808 1432 3852 cum
1461 3795 1665 3868 aliquo
1694 3795 1863 3853 unita
1907 3796 2297 3853 constitueret
2326 3808 2504 3854 unam
2529 3799 2700 3853 natu-

268 3881 439 3935 ram3
472 3867 631 3938 quod
663 3878 797 3923 esse
835 3875 959 3918 non
988 3869 1204 3934 potest,
1235 3879 1370 3921 cum
1401 3866 1667 3924 essentia
1692 3867 1893 3924 divina
1916 3867 1977 3923 in
2009 3880 2073 3925 se
2108 3866 2371 3938 perfecta
2398 3868 2478 3924 sit
2506 3865 2569 3923 in
2600 3863 2701 3925 sui

271 3942 510 3993 natura.
533 3937 768 4006 Species
815 3937 1009 3989 autem
1050 3934 1450 4015 intelligibilis
1493 3938 1662 3994 unita
1696 3937 2026 3995 intellectui
2073 3951 2193 3994 non
2238 3938 2550 3996 constituit
2590 3935 2701 3995 ali-

265 4020 458 4135 guam
507 4012 800 4087 naturam,
831 4002 936 4060 sed
977 4003 1207 4074 perficit
1254 4019 1454 4077 ipsum
1502 4008 1575 4064 ad
1630 4008 2110 4080 intelligendum.
2143 4009 2314 4076 Quod
2347 4004 2701 4080 perfectioni

316 4080 492 4134 ivinae
515 4082 790 4134 essentiae
814 4085 936 4132 non
965 4080 1273 4148 repugnat.
1830 4088 1841 4099 ·

345 4150 484 4207 Raec
538 4148 723 4220 igitur
766 4146 917 4204 visio
984 4147 1329 4204 immediata
1403 4147 1500 4205 Dei
1555 4149 1985 4218 repromittitur
2039 4148 2215 4207 nobis
2277 4150 2339 4206 in
2378 4150 2699 4222 Scriptura,

283 4219 575 4281 Corinth..
610 4229 743 4287 xm,
772 4222 836 4274 12
863 4236 876 4273 :
923 4210 1170 4275 Videmus
1198 4234 1346 4274 nunc
1364 4234 1469 4290 per
1493 4221 1765 4289 speculum
1791 4222 1849 4274 in
1868 4221 2155 4288 aeniqnate,
2193 4223 2322 4276 tune
2346 4224 2525 4277 autem
2557 4222 2704 4290 facte

271 4291 352 4345 ad
376 4293 597 4359 faciem.
633 4288 804 4356 Quod
834 4290 1126 4369 corporali
1155 4289 1336 4370 modo
1383 4288 1554 4346 nefas
1598 4295 1689 4346 est
1718 4289 2073 4361 intelligere,
2104 4290 2261 4347 utin
2314 4290 2446 4420 iplsa
2485 4289 2704 4350 divini·

275 4365 394 4417 tate
446 4359 821 4432 corporalem
883 4359 1093 4419 faciem
1149 4360 1569 4432 imaginemur,
1600 4373 1736 4417 cum
1778 4364 2089 4417 ostensum
2151 4360 2232 4419 sit
2280 4360 2342 4434 (li
2390 4405 2404 4420 .
2435 4377 2479 4432 1,
2510 4378 2563 4420 c.
2605 4361 2677 4417 20

269 4431 460 4489 Deum
510 4432 932 4502 incorporeum
986 4444 1141 4501 esse,
1167 4446 1362 4505 neque
1390 4430 1570 4488 etiam
1613 4430 1694 4488 sit
1717 4429 2007 4502 possibile
2058 4435 2126 4490 ut
2164 4438 2373 4491 nostra
2403 4444 2584 4503 corpo
