3076 5025
461 267 557 320 ¹32
1318 260 1452 316 ΠΒ.
1495 259 1568 329 11,
1606 258 1760 317 CAP.
1799 261 2026 317 xxvm.

452 386 629 443 butor
652 397 756 455 per
782 389 975 440 actum
1011 381 1250 440 ‘ustitiae
1301 381 1416 439 sibi
1469 380 1680 438 reddit.
1716 381 1821 438 llle
1852 381 2034 454 igitur
2077 386 2247 440 actus
2278 395 2399 454 quo
2429 382 2625 453 primo
2652 384 2889 456 aliquid

455 468 631 514 suum
652 453 908 526 alicujus
927 468 959 510 e
1029 453 1200 521 citur,
1227 465 1349 511 non
1371 457 1570 523 potest
1597 465 1733 510 esse
1763 458 1932 509 actus
1954 452 2233 524 justitiae3
2257 453 2362 509 sed
2385 467 2490 524 per
2513 454 2886 513 creationem

455 523 551 584 res
579 531 779 583 creata
805 525 998 652 priniio
1027 523 1235 596 incipit
1258 522 1483 595 aliquid
1504 536 1679 580 suum
1714 522 1948 580 habere.
1981 525 2109 581 Non
2142 523 2325 596 igitur
2351 537 2553 582 creare
2578 538 2647 581 ex
2679 524 2885 584 debito

462 596 701 654 'ustitiae
771 609 908 654 roce
952 595 1017 651 it.

451 613 473 669 J
524 611 810 730 Praeterga,
840 665 1044 726 nullus
1097 664 1270 723 debet
1323 663 1550 735 aliquid
1602 663 1794 730 alteri,
1834 662 1953 721 nisi
2004 677 2110 736 per
2164 662 2279 721 hoc
2321 663 2482 736 quod
2535 664 2886 738 aliqualiter

456 737 748 808 dependet
793 736 866 795 ab
919 736 1077 808 ipSO,
1096 735 1190 793 vel
1231 734 1458 816 aliquid
1502 734 1720 805 accipit
1752 734 1827 791 ab
1855 748 1950 803 e0,
1971 733 2063 815 yel
2097 731 2171 790 ab
2201 734 2671 815 interm-ratione
2701 735 2883 809 cujtts

456 807 622 865 alteri
673 807 847 865 debet
878 824 893 861 z
924 807 1015 866 sic
1068 805 1227 864 enim
1274 804 1437 864 filius
1465 811 1558 863 est
1598 805 1829 863 debitor
1889 810 2022 873 atri,
2053 804 2197 876 quia
2244 805 2458 876 accipit
2482 819 2618 864 esse
2650 806 2727 864 ab
2759 820 2880 876 eo;
2923 809 2929 820 ’

456 877 741 936 dominus
794 877 1094 946 ministro,
1124 876 1266 948 quia
1320 875 1394 933 ab
1451 890 1524 934 eo
1563 875 1780 947 accipit
1854 875 2181 933 amulatum
2233 875 2631 956 quojudiget.
2665 877 2881 935 Omnis

459 949 641 1007 homo
670 949 962 1020 proximo,
992 953 1232 1020 propter
1258 948 1464 1014 Deum,
1494 961 1530 1004 a
1558 959 1677 1018 quo
1703 947 1865 1004 bona
1890 951 2106 1003 cuncta
2133 958 2532 1017 suscepimus.
2561 946 2676 1006 Sed
2719 950 2876 1007 Deus

458 1034 496 1077 a
516 1020 680 1077 nullo
711 1019 1022 1091 dependet,
1053 1031 1164 1075 nec
1189 1016 1416 1089 indiget
1443 1017 1646 1090 aliquo
1673 1016 1835 1089 quod
1862 1016 1937 1074 ab
1967 1016 2151 1075 altero
2180 1016 2489 1087 suscipiat,
2517 1022 2583 1074 ut
2620 1032 2696 1075 ex
2723 1032 2874 1090 prae-

458 1089 636 1148 dictis
673 1089 734 1162 (l.
761 1103 805 1159 1,
834 1105 887 1147 c.
921 1094 987 1147 13
1016 1093 1073 1146 et
1105 1088 1228 1160 103)
1259 1088 1573 1145 manifeste
1626 1092 1887 1159 apparet.
1919 1088 2078 1144 Deus
2105 1086 2288 1160 igitur
2315 1100 2437 1145 non
2467 1087 2746 1159 producit
2773 1101 2875 1147 res

457 1161 521 1217 in
544 1174 677 1217 esse
705 1175 775 1217 ex
804 1158 1010 1232 aliquo
1042 1158 1287 1216 'ustitiae
1317 1157 1538 1215 debit0.

527 1231 801 1301 Amplius,
822 1230 883 1286 in
911 1174 1178 1302 quofibet
1216 1242 1452 1300 genere.
1482 1227 1642 1301 quod
1670 1234 1762 1286 est
1779 1231 2020 1308 propter
2051 1240 2116 1308 se
2145 1232 2239 1308 est
2265 1226 2434 1308 purius
2473 1242 2546 1286 eo
2583 1228 2747 1301 quod
2789 1234 2888 1288 est

458 1307 697 1372 propter
724 1300 907 1358 aliud.
940 1300 1086 1357 illud
1120 1298 1302 1372 igitur
1327 1299 1484 1371 quod
1512 1304 1605 1356 est
1634 1300 1887 1370 primum
1916 1300 2268 1370 simpliciter
2295 1304 2451 1356 inter
2490 1312 2704 1358 omnes
2735 1314 2883 1359 cau-

460 1386 584 1440 sas„
616 1376 709 1428 est
734 1384 919 1428 causa
953 1375 1189 1440 propter
1220 1369 1483 1439 seipsum
1514 1374 1764 1426 tantum.
1791 1369 1961 1437 Quod
1986 1374 2186 1449 autem
2221 1369 2348 1439 agit
2374 1383 2446 1450 ex
2475 1369 2673 1427 debito
2680 1370 2883 1499 c{usti-

460 1442 558 1499 tiae
590 1455 712 1500 non
735 1441 859 1513 agit
878 1445 1115 1512 propter
1139 1439 1405 1510 seipsum
1436 1445 1668 1496 tantum
1702 1458 1716 1496 :
1748 1441 1872 1512 agit
1902 1452 2063 1496 enim
2114 1447 2353 1510 propter
2379 1440 2529 1498 illud
2552 1440 2650 1500 cui
2722 1442 2882 1499 ebet.

460 1515 618 1570 Deus
669 1512 869 1591 igitur,
900 1524 1036 1568 cum
1091 1510 1172 1567 sit
1214 1510 1405 1580 prima
1431 1523 1636 1580 causa,
1685 1515 1744 1567 et
1779 1509 2038 1581 primum
2084 1523 2293 1582 agene,
2319 1523 2418 1568 res
2457 1511 2521 1568 in
2574 1524 2712 1570 esse
2753 1524 2884 1571 non

461 1582 743 1655 produxit
770 1595 840 1638 ex
869 1580 1069 1638 debito
1094 1580 1363 1651 justitiae.
1631 1585 1638 1592 ”
1698 1647 1709 1660 ,

532 1652 681 1709 Hinc
708 1650 997 1723 estquod,
1024 1653 1214 1714 Rom..
1246 1663 1330 1718 xi,
1357 1653 1445 1718 35,
1476 1653 1566 1718 36,
1595 1649 1814 1708 dicitur
1832 1667 1847 1707 :
1865 1650 1996 1718 Quis
2014 1653 2173 1721 prior
2199 1650 2351 1709 dedit
2367 1651 2454 1707 illi
2472 1655 2523 1709 et
2549 1652 2888 1709 retribuetur

461 1723 512 1778 ei
530 1725 559 1778 ἲ
583 1725 841 1792 quoniam
864 1737 933 1777 eae
958 1724 1096 1791 ipso,
1116 1725 1167 1776 et
1229 1736 1288 1776 er
1307 1723 1508 1792 ipsum,
1535 1723 1587 1776 et
1613 1723 1675 1776 in
1701 1722 1821 1791 ipso
1844 1726 1973 1778 sunt
2008 1724 2231 1788 omnim
2258 1728 2316 1779 et
2340 1722 2472 1791 Iob,
2491 1734 2606 1793 xa,
2626 1728 2699 1782 2:
2740 1723 2881 1791 Quis

462 1796 641 1849 autem
663 1791 813 1849 dedit
834 1793 992 1862 milti,
1021 1795 1083 1848 ut
1102 1807 1161 1847 re
1201 1791 1331 1848 dam
1355 1793 1451 1847 ei?
1475 1793 1658 1847 omnia
1680 1806 1799 1861 quar
1824 1791 1922 1847 sub
1949 1793 2075 1848 coelo
2100 1796 2230 1848 sunt
2262 1808 2383 1849 mea
2408 1796 2556 1850 sunt.
2887 1821 2895 1832 ·

532 1865 643 1920 Per
673 1862 788 1921 hoc
812 1871 1009 1921 autem
1038 1862 1371 1920 excluditur
1406 1875 1572 1919 error
1658 1861 2007 1920 uorumdam
2056 1862 2307 1934 probare
2360 1862 2678 1922 nitentium
2708 1864 2878 1937 quod

460 1935 620 1992 Deus
657 1946 780 1991 non
808 1938 1004 2005 potest
1038 1933 1228 1990 facere
1270 1932 1387 1991 nisi
1424 1931 1587 2005 quod
1639 1932 1776 2000 acit,
1807 1932 1951 2005 quia
1976 1945 2097 1990 non
2118 1939 2315 2005 potest
2341 1933 2533 1991 facere
2563 1934 2682 1993 nisi
2709 1934 2880 2007 quod

461 2002 652 2062 debet.
681 2006 811 2063 Non
840 2005 1001 2062 enim
1030 2018 1101 2061 ex
1128 2003 1327 2061 debito
1350 2002 1598 2076 justitiae
1628 2017 1725 2061 res
1767 2007 2064 2074 operatur,
2094 2009 2158 2061 ut
2185 2017 2365 2075 supra
2394 2009 2703 2063 ostensum
2760 2010 2878 2065 est.

532 2074 693 2134 Licet
718 2080 914 2132 autem
944 2073 1339 2132 universalem
1365 2087 1561 2130 rerum
1592 2073 2042 2144 productionem
2066 2074 2217 2131 nihil
2263 2081 2525 2132 creatum
2556 2076 2897 2147 praecedat‚‘

461 2145 558 2202 cui
588 2144 813 2216 aliquid
835 2145 1094 2203 debitum
1121 2158 1256 2203 esse
1285 2144 1498 2216 possit,
1528 2144 1809 2215 praecedit
1832 2149 2030 2202 tamen
2058 2143 2286 2217 aliquid
2329 2145 2682 2215 increatum,
2713 2148 2880 2219 quod

462 2220 554 2274 est
608 2215 929 2272 creationis
986 2215 1364 2287 principium.
1396 2214 1568 2284 Quod
1619 2214 1860 2287 quidem
1898 2214 2214 2287 dupliciter
2256 2215 2624 2274 considerari
2654 2224 2876 2288 potest.

464 2288 599 2357 Ipsa
648 2285 806 2343 enim
847 2284 1048 2343 divina
1072 2285 1311 2343 bonitas
1348 2284 1628 2357 praecedit
1656 2290 1721 2344 ut
1769 2284 1930 2354 finis,
1958 2292 2013 2343 et
2083 2286 2299 2343 rimum
2327 2287 2614 2344 motivum
2644 2287 2720 2345 ad
2748 2301 2881 2345 cre·

463 2355 707 2425 andum,
738 2355 1065 2414 secundum
1092 2355 1487 2428 Augustinum
1517 2356 1619 2428 qui
1651 2355 1795 2413 dicit
1824 2356 1921 2428 (De
1938 2372 2031 2412 ver
2070 2397 2084 2413 .
2115 2361 2288 2427 apost.
2311 2370 2491 2414 serm.
2515 2357 2601 2429 13)
2628 2375 2642 2415 ε
2672 2378 2702 2408 «
2726 2359 2883 2426 Quia

464 2426 621 2484 Deus
649 2427 844 2485 bonus
865 2432 973 2489 est,
1006 2439 1217 2485 sumus
1237 2447 1290 2483 ».
1320 2426 1578 2484 Scientia
1605 2435 1803 2484 autem
1823 2427 1953 2498 ejus
1979 2433 2034 2484 et
2061 2428 2339 2484 voluntas
2358 2427 2699 2497 praecedunt
2720 2430 2880 2487 sicut

463 2511 534 2555 ea
557 2496 776 2570 quibus
799 2511 897 2556 res
931 2497 994 2555 in
1018 2510 1153 2557 esse
1174 2496 1690 2579 producuntur28i
1710 2498 1891 2570 igitur
1918 2498 2110 2580 ipsam
2131 2497 2391 2556 divinam
2419 2498 2743 2557 bonitatem
2773 2500 2879 2559 ab·

463 2567 659 2626 solute
700 2569 1171 2638 consideremuS,
1218 2568 1447 2627 nullum
1499 2568 1762 2626 debitum
1819 2570 1882 2625 in
1929 2574 2228 2627 creatione
2281 2582 2476 2626 rerum
2513 2570 2871 2629 invenimus.

461 2638 688 2696 Dicitur
717 2639 875 2697 enim
926 2653 1048 2698 uno
1083 2638 1263 2697 modo
1301 2638 1523 2709 aliquid
1564 2639 1744 2696 alicui
1794 2638 2078 2707 debitum,
2123 2654 2195 2697 ex
2249 2639 2458 2698 ordine
2503 2640 2752 2701 alterius
2801 2641 2876 2699 ad

462 2709 481 2765 i
527 2710 864 2782 sum,quod
891 2709 1210 2768 scilicetin
1238 2709 1434 2781 ipsum
1485 2708 1658 2767 dehet
1714 2710 1936 2768 referre
1961 2709 2122 2782 quod
2176 2708 2414 2781 abipso
2441 2712 2693 2784 accipit:
2721 2711 2880 2771 sicut

505 2780 725 2838 ebitum
757 2786 850 2838 est
888 2781 1253 2838 benefactori
1305 2779 1464 2853 quod
1513 2781 1587 2838 de
1618 2779 1926 2838 beneficiis
1950 2779 2155 2853 gratiae
2193 2787 2467 2853 agantur,
2498 2783 2558 2839 in
2588 2789 2882 2854 quantum

461 2850 563 2908 ille
593 2851 694 2922 qui
720 2850 934 2920 accipit
959 2850 1313 2909 beneficium
1354 2851 1470 2908 boc
1495 2849 1551 2907 ei
1581 2851 1772 2908 debet.
1797 2851 1904 2908 Hic
1922 2857 2122 2908 tamen
2150 2851 2367 2909 modus
2381 2851 2564 2910 debiti
2585 2853 2651 2910 in
2678 2866 2880 2911 rerum

462 2922 762 2978 creatione
798 2921 995 2978 locum
1026 2934 1148 2980 non
1178 2920 1375 2989 habet,
1405 2934 1538 2977 cum
1591 2935 1710 2979 non
1768 2922 1844 2979 sit
1886 2920 2111 3002 aliquid
2141 2922 2527 2992 praeexistens
2554 2923 2649 2981 cui
2683 2924 2883 2995 possit

460 2995 797 3062 competere
825 2991 1049 3062 aliquid
1089 2993 1211 3049 Deo
1251 2990 1484 3059 debere,
1517 3006 1628 3048 nec
1677 2991 1920 3064 aliquod
1948 3005 2078 3063 ejus
2131 2990 2486 3049 beneficium
2515 2993 2879 3064 praeexistat.

459 3060 592 3117 Alio
638 3060 817 3118 modo
841 3061 1059 3118 dicitnr
1086 3060 1313 3133 aliquid
1344 3061 1520 3118 alicui
1555 3061 1817 3120 debitum
1844 3062 2172 3120 secundum
2197 3077 2262 3120 se
2299 3080 2314 3120 :
2347 3063 2462 3120 boc
2490 3064 2647 3119 enim
2678 3068 2774 3121 est
2802 3079 2883 3123 ex

463 3131 817 3188 necessitate
864 3132 1041 3189 alicui
1097 3131 1358 3189 debitum
1386 3131 1546 3205 quod
1591 3132 1665 3191 ad
1718 3132 1850 3203 ejus
1878 3132 2297 3204 perfectionem
2330 3132 2684 3206 requiritur;
2715 3132 2884 3193 sicut

462 3200 691 3258 homini
721 3201 985 3259 debitum
1015 3207 1108 3260 est
1155 3202 1370 3260 habere
1404 3215 1640 3271 manus,
1671 3205 1762 3260 vel
1793 3204 2089 3272 virtutem,
2120 3203 2262 3275 quia
2291 3202 2422 3262 sine
2451 3203 2545 3261 liis
2575 3202 2882 3275 perfectus

462 3285 596 3330 esse
624 3285 744 3329 non
778 3278 992 3344 potest.
1021 3272 1232 3330 Divina
1259 3275 1454 3331 autem
1481 3273 1720 3331 bonitas
1743 3273 1909 3331 nullo
1938 3274 2215 3332 exteriori
2256 3273 2484 3345 indiget
2504 3273 2576 3332 ad
2618 3275 2715 3332 sui
2746 3289 2881 3346 per-

465 3343 807 3470 fectgonetm.
832 3346 964 3400 Non
1009 3348 1102 3401 est
1128 3342 1313 3415 igitur
1334 3357 1441 3415 per
1468 3344 1711 3402 modum
1752 3343 2130 3403 necessitatis
2165 3344 2219 3401 ei
2243 3342 2444 3402 debita
2470 3348 2878 3406 creaturarum

502 3427 569 3471 ro
616 3420 796 3472 uctio.

459 3426 497 3485 p
526 3483 745 3548 Adhuc,
776 3486 934 3542 Deus
962 3496 1075 3542 sua
1110 3483 1412 3542 voluntate
1440 3498 1537 3543 res
1567 3484 1628 3542 in
1659 3497 1794 3565 esse
1832 3484 2131 3555 produxit,
2162 3490 2228 3542 ut
2254 3498 2436 3566 supra
2461 3485 2535 3558 (c.
2559 3484 2653 3558 27)
2681 3490 2880 3544 osten-

460 3567 595 3613 sum
626 3559 736 3612 est.
773 3557 904 3612 Non
933 3559 1025 3613 est
1042 3559 1239 3612 autem
1269 3555 1700 3618 necessarium.
1733 3569 1784 3611 Sl
1826 3557 1985 3614 Deus
2011 3569 2181 3613 suam
2212 3555 2537 3614 bonitatem
2565 3555 2692 3613 vult
2719 3569 2877 3625 esse,

459 3625 619 3698 quod
648 3625 790 3682 velit
841 3625 959 3682 alia
1013 3638 1049 3682 a
1094 3640 1161 3683 se
1185 3625 1451 3697 produci.
1485 3624 1673 3697 Hujus
1700 3625 1860 3682 enim
1916 3625 2343 3684 conditionalis
2392 3625 2753 3685 antecedens
2787 3633 2883 3686 est

458 3695 890 3759 necessarium,
921 3708 1043 3754 non
1071 3700 1268 3754 autem
1297 3709 1699 3768 consequens.
1733 3697 2054 3755 ostensum
2082 3703 2174 3755 est
2216 3696 2376 3754 enim
2406 3697 2468 3754 in
2499 3696 2693 3768 primo
2723 3696 2879 3756 libro
2927 3746 2939 3761 ,

459 3765 534 3837 (c.
557 3766 669 3838 80),
694 3765 855 3839 quod
880 3768 1037 3824 Deus
1063 3781 1134 3823 ex
1163 3766 1518 3825 necessitate
1536 3767 1663 3823 vult
1689 3778 1862 3824 suam
1892 3767 2214 3825 bonitatem
2242 3780 2400 3836 esse,
2432 3780 2552 3825 non
2581 3772 2776 3825 autem
2803 3782 2881 3825 ex
2919 3794 2934 3813 s·

460 3836 816 3894 necessitate
846 3836 971 3894 vult
999 3836 1358 3918 aliastgitur
1392 3850 1515 3894 non
1552 3851 1624 3895 ex
1680 3838 2038 3896 necessitate
2086 3836 2333 3895 debetur
2378 3837 2593 3897 divinae
2622 3837 2881 3897 bonitati
2916 3837 2940 3907 ’ἡ

461 3911 866 3965 creaturarum
895 3907 1229 3978 productio.

527 3978 799 4047 Amplius,
831 3982 1141 4035 ostensum
1170 3982 1264 4036 est
1289 3975 1364 4051 (c.
1393 3981 1483 4041 23.
1505 3980 1596 4047 26,
1622 3978 1714 4051 27)
1745 3976 1904 4051 quod
1934 3980 2090 4036 Deus
2132 3976 2409 4048 producit
2452 3992 2551 4038 res
2598 3979 2661 4036 in
2717 3991 2874 4048 esse,

459 4058 581 4104 non
610 4062 682 4105 ex
709 4049 1065 4106 necessitate
1093 4053 1341 4118 naturae,
1371 4062 1563 4120 neque
1593 4062 1665 4105 ex
1712 4049 2066 4107 necessitate
2094 4047 2383 4117 scientiae,
2414 4062 2610 4122 neque
2666 4049 2872 4108 volun-

456 4116 617 4186 tatis,
649 4117 1129 4190 nequejustitiae.
1159 4118 1336 4176 Nullo
1375 4119 1558 4190 igitur
1594 4118 1774 4177 modo
1816 4117 2191 4177 necessitatis
2236 4118 2453 4176 divinae
2493 4119 2749 4177 bonitati
2785 4123 2872 4177 est

461 4185 723 4244 debitum
757 4189 915 4260 quod
943 4203 1040 4247 res
1069 4189 1131 4246 in
1162 4202 1296 4247 esse
1361 4188 1744 4247 reducantur.

527 4259 728 4315 Potest
754 4261 951 4316 tamen
971 4260 1087 4318 dici
1108 4273 1243 4318 esse
1273 4260 1322 4317 si
1370 4259 1389 4316 i
1420 4259 1684 4317 debitum
1703 4272 1807 4331 per
1833 4257 2078 4316 modum
2106 4259 2422 4332 cujusdam
2448 4258 2871 4319 condecentiae.

454 4329 483 4408 J
492 4326 695 4408 ustitia
721 4335 919 4385 autem
948 4343 1054 4400 pro
1097 4331 1182 4387 rie
1212 4329 1370 4387 dicta
1404 4329 1668 4388 debitum
1695 4329 2074 4388 necessitatis
2103 4330 2352 4404 requirit
2376 4348 2392 4401 ;
2421 4330 2579 4403 quod
2609 4331 2776 4387 enim
2805 4343 2882 4388 ex

424 4403 686 4471 .Just1ua
713 4397 894 4457 alicui
930 4399 1035 4460 red
1078 4400 1216 4472 itur,
1247 4415 1322 4459 ex
1361 4402 1717 4461 necessitate
1737 4400 1897 4472 juris
1939 4400 1993 4458 ei
2023 4399 2290 4462 debetur.
2312 4400 2479 4461 Sicut
2502 4400 2691 4473 igitur
2719 4412 2885 4461 crea·
