3076 5025
948 319 1077 374 LIB.
1117 319 1214 383 ΙΙΙ,
1255 318 1406 373 CAP.
1448 319 1664 375 CXLVI.
2404 327 2518 382 465

144 435 539 509 peccat3babet
582 441 777 495 autem
804 438 920 496 hoc
968 438 1114 496 ordo
1143 438 1525 509 providentiae
1574 439 1802 497 utboni
1849 441 2232 512 praemientur
2262 446 2322 499 et
2366 443 2509 501 mali

144 507 439 580 puniantur,
473 513 535 563 ut
556 522 629 567 ex
656 509 1015 578 supradictis
1049 514 1228 580 patet.
1257 510 1388 566 Non
1415 510 1599 581 igitur
1632 510 1908 569 homines
1937 514 2039 585 qui
2066 512 2203 569 aliis
2242 520 2509 583 praesunt

144 582 346 650 peccant
375 593 441 634 ex
471 578 583 637 boc
611 579 769 650 quod
801 578 996 636 bonos
1025 585 1407 636 remunerant
1435 584 1492 636 et
1518 580 1776 651 puniunt
1801 583 2014 640 malos

186 649 437 717 Amplius,
466 648 685 707 bonum
736 662 857 706 non
903 649 1132 721 indiget
1159 650 1340 718 mal0,
1370 650 1473 707 sed
1516 664 1549 707 e
1598 664 1906 710 converso.
1936 652 2088 710 Illud
2135 652 2318 725 igitur
2347 654 2511 726 quod

144 723 206 776 ist
229 720 616 778 necessarium
648 719 721 775 ad
771 721 1283 777 conservationem
1334 719 1475 778 boni
1522 733 1645 778 non
1668 727 1865 791 potest
1909 736 2042 780 esse
2082 724 2413 781 secundum
2441 738 2508 784 se

144 788 343 845 nalum.
369 790 448 847 Ad
475 791 987 849 conservationem
1018 799 1213 847 autem
1244 790 1579 850 concordiae
1608 791 1763 848 inter
1786 793 2060 851 homines
2101 795 2510 854 necessarium
2592 815 2599 828 ·

144 863 206 916 ist
227 860 368 986 qufd
397 874 582 930 poenae
614 860 789 919 malis
828 860 1191 933 infligantur.
1219 860 1436 918 Punire
1465 861 1648 933 igitur
1671 861 1865 920 malos
1895 876 2013 921 nou
2044 869 2137 921 est
2174 865 2507 924 secundum

144 942 184 985 ie
208 944 293 986 ma
319 944 432 986 uin.

185 1001 316 1068 Item,
343 1001 561 1060 bonum
593 1014 909 1062 commune
939 1001 1156 1059 melius
1184 1006 1276 1059 est
1298 1015 1476 1074 quam
1503 1001 1727 1060 bonum
1752 1003 2106 1074 particulare
2131 1006 2335 1064 uniuS.
2368 1007 2519 1065 Sub·

145 1070 440 1129 rabendum
469 1079 562 1131 est
583 1074 766 1146 igitur
784 1072 1006 1129 bonum
1031 1072 1403 1153 particulare,
1427 1079 1490 1130 ut
1510 1080 1894 1131 conservetur
1908 1074 2133 1134 bonum
2158 1090 2497 1134 commune.

144 1141 239 1198 Vita
263 1148 445 1199 autem
477 1143 871 1216 quorumdam
901 1144 1318 1214 pestiferorum
1345 1144 1592 1213 impedit
1620 1158 1936 1202 commune
1962 1145 2208 1212 bonum,
2278 1147 2393 1203 uod
2417 1153 2510 1206 est

144 1212 409 1270 toncordi'a
448 1215 758 1273 societatis
805 1212 1101 1271 humanae.
1134 1213 1526 1271 subtrahendi
1557 1214 1741 1286 igitur
1768 1220 1910 1272 sunt
1939 1214 2220 1287 hujusmo
2264 1217 2283 1273 i
2313 1216 2506 1275 bomi-

144 1293 218 1338 ies
243 1296 336 1353 per
360 1291 604 1342 mortem
637 1285 712 1343 ab
740 1283 1049 1342 hominum
1078 1284 1381 1342 societate.

183 1353 437 1417 Praeterea,
469 1356 627 1413 sicut
657 1355 926 1412 medicus
957 1354 1018 1411 in
1047 1368 1158 1412 sua
1183 1354 1527 1424 operatione
1557 1355 1814 1413 intendit
1843 1356 2179 1425 sanitatem,
2212 1370 2346 1437 quae
2368 1371 2509 1415 con·

144 1421 335 1479 iistitin
364 1425 633 1483 ordinata
664 1424 987 1483 concordia
1031 1424 1369 1492 humorum,
1400 1425 1482 1481 ita
1513 1433 1706 1483 rector
1734 1427 1990 1484 civitatis
2015 1427 2269 1484 intendit
2298 1428 2355 1483 in
2394 1441 2506 1486 sua

144 1494 431 1562 >pei-atione
476 1511 707 1568 pacem,
739 1509 870 1568 quae
913 1496 1193 1553 consistit
1220 1496 1279 1551 in
1324 1496 1542 1552 civium
1568 1497 1841 1554 ordinata
1867 1497 2207 1556 concordia.
2241 1497 2501 1556 Medicus

145 1568 290 1620 tutem
315 1565 604 1624 abscindit
631 1566 1290 1637 membrumffiutridum
1322 1566 1471 1623 bene
1501 1572 1560 1623 et
1588 1567 1829 1636 utiliter,
1858 1568 1909 1625 si
1941 1582 2045 1640 per
2083 1570 2278 1639 ipsum
2310 1568 2505 1625 immi-

144 1639 246 1689 neat
273 1638 563 1707 corruptio
613 1638 903 1708 corporis.
932 1638 1096 1693 Juste
1141 1637 1322 1709 igitur
1351 1642 1409 1693 et
1446 1636 1671 1709 absque
1714 1644 1956 1709 peccato
1997 1645 2192 1696 rector
2242 1638 2501 1697 civitatis

144 1703 364 1763 iomines
391 1707 710 1777 pestiferos
735 1706 970 1774 occidit,
1004 1721 1077 1763 ne
1102 1720 1214 1776 pax
1242 1706 1500 1764 civitatis
1525 1707 1812 1765 turbetur.

186 1775 309 1832 Hinc
332 1779 605 1849 estquod
632 1778 776 1846 dicii
819 1777 1141 1847 Apostolus
1173 1796 1186 1833 :
1218 1779 1446 1835 Nescitis
1482 1780 1617 1848 quia
1658 1778 1924 1835 modicum
1966 1781 2287 1847 termentum
2319 1783 2504 1838 'totam

144 1859 322 1900 nussam
359 1851 699 1919 corrumpit?
726 1851 781 1917 (Ι
803 1849 945 1911 Gor..
976 1861 1039 1916 v,
1070 1847 1148 1919 6.)
1178 1850 1245 1903 Et
1274 1853 1408 1917 post
1451 1863 1641 1918 pauca
1667 1849 1868 1907 subdit
1900 1868 1915 1906 ε
1946 1851 2176 1918 Auferte
2204 1850 2407 1905 malum
2435 1866 2505 1907 ecc

144 1914 394 1986 iobisipsis
421 1918 603 1990 (ibid.,
637 1919 765 1990 13);
796 1926 853 1977 et
879 1917 1095 1974 dicitur
1122 1917 1194 1974 de
1241 1922 1532 1989 potestate
1577 1925 1811 1977 terrena
1831 1919 1996 1992 quod
2035 1936 2145 1976 non
2197 1923 2314 1976 sine
2339 1935 2509 1978 causa
2620 1926 2626 1936 '

144 1985 333 2042 iladium
350 1994 554 2058 portat.
586 1992 692 2046 Dei
715 1993 860 2044 enim
882 1990 1131 2044 minister
1157 1992 1252 2055 est,
1282 1989 1486 2043 vindex
1503 1991 1564 2043 in
1590 1991 1733 2045 iram
1756 1992 1807 2044 ei
1832 1992 1930 2060 qui
1946 1991 2149 2046 malum
2160 1994 2279 2060 aqit
2308 1989 2505 2063 (Rom.,

144 2066 229 2121 (ΠΙ,
254 2058 302 2129 4)
326 2076 339 2126 ;
366 2065 422 2116 et
449 2059 670 2117 dicitur
699 2077 713 2116 τ
742 2060 983 2130 Subjecti
1006 2063 1166 2114 estote
1193 2063 1339 2115 omni
1370 2061 1618 2115 humanae
1647 2065 1906 2117 creatura?
1926 2066 2152 2131 propter
2176 2064 2364 2124 Deum,
2394 2063 2508 2118 sive

144 2129 234 2192 '2923
263 2132 413 2198 quasi
429 2132 777 2200 praecellenti,
808 2134 920 2186 sive
947 2130 1193 2197 ducibus,
1227 2133 1488 2200 tanquam
1514 2131 1584 2185 ab
1612 2146 1670 2186 eo
1696 2132 1879 2187 missis
1908 2132 1983 2187 ad
2006 2132 2308 2188 vindictam
2339 2132 2507 2188 male·

144 2195 371 2262 actorum,
403 2201 617 2256 laudem
643 2215 770 2257 vero
799 2201 1069 2257 bonorum.
1104 2200 1153 2272 (Ι
1173 2202 1344 2263 Petr.,
1375 2214 1441 2269 11,
1476 2205 1562 2269 13,
1595 2200 1704 2283 14.)

183 2269 275 2323 Per
300 2269 408 2327 hoc
431 2278 629 2328 autem
664 2271 995 2330 excluditur
1024 2283 1190 2328 error
1217 2271 1610 2341 quorumdam
1640 2272 1963 2330 dicentium
1981 2272 2275 2330 vindictas
2301 2283 2508 2354 corpo·

144 2336 253 2395 ales
278 2353 393 2397 non
423 2341 600 2399 licere
631 2340 782 2411 fleri,
813 2342 912 2414 qui
945 2340 1018 2397 ad
1047 2341 1141 2399 sui
1177 2340 1586 2399 fulcimentum
1615 2344 1837 2401 erroris
1866 2342 2152 2400 inducant
2172 2341 2331 2422 quod
2359 2342 2508 2399 dici·

145 2411 380 2467 ur1Non
423 2413 647 2468 occides.
686 2412 907 2484 (Ea-od..
937 2423 1038 2479 xx,
1072 2410 1182 2481 13.)
1214 2440 1285 2452 —-
1315 2412 1608 2468 Inducunt
1651 2413 1829 2469 etiam
1876 2412 2034 2484 quod
2083 2411 2300 2491 dicitur
2347 2412 2509 2484 quod

144 2476 377 2540 lominus
403 2482 700 2541 ministris
731 2481 1067 2540 volentibus
1095 2481 1381 2538 zizaniam
1415 2481 1553 2539 colli
1603 2494 1697 2539 ere
1728 2483 1799 2539 de
1827 2481 2025 2540 medio
2051 2481 2229 2539 tritici
2260 2495 2508 2565 respou-

144 2544 232 2603 lit:
258 2551 419 2608 Sinite
444 2558 681 2626 utraque
707 2568 936 2609 crescere
953 2568 1121 2622 usque
1148 2553 1222 2606 ad
1242 2567 1479 2609 messem.
1505 2551 1522 2623 (
1585 2553 1743 2615 atili..
1773 2566 1903 2620 xm,
1933 2553 2046 2624 30.)
2083 2555 2192 2608 Per
2218 2552 2503 2610 zizaniam

144 2621 289 2677 tutem
333 2623 434 2681 filii
497 2639 573 2683 ne
621 2639 759 2682 uam
807 2622 1256 2694 intelliguntur3
1306 2636 1412 2692 per
1453 2635 1712 2680 messem
1769 2627 1964 2679 autem
1995 2621 2198 2681 saeculi
2244 2621 2404 2693 finiS,
2437 2628 2501 2680 ut

145 2685 307 2749 bidem
335 2694 566 2753 dicitur.
646 2709 727 2752 on
757 2694 940 2766 igitur
966 2693 1107 2749 mali
1155 2692 1543 2750 subtrahendi
1574 2699 1715 2750 sunt
1738 2693 1810 2750 de
1849 2692 2046 2750 medio
2074 2692 2366 2750 bonorum
2398 2707 2503 2764 per

144 2760 469 2823 mulsionem.
494 2797 564 2808 —
592 2765 891 2823 Inducunt
911 2763 1088 2821 etiam
1117 2762 1278 2834 quod
1307 2763 1508 2833 hom0‚
1534 2763 1817 2836 quamdiu
1837 2763 1901 2820 in
1922 2762 2144 2820 mundo
2174 2768 2284 2830 est,
2307 2767 2505 2834 potest

147 2840 179 2883 n
201 2834 393 2893 melius
445 2835 857 2895 transmutari.
890 2836 1021 2893 Non
1075 2847 1218 2906 ergo
1266 2840 1358 2891 est
1410 2847 1514 2905 per
1569 2834 1936 2893 occisionem
1988 2833 2431 2892 subtrahendus
2473 2848 2512 2893 a

144 2903 335 2974 nund0‚
362 2907 463 2964 sed
492 2907 566 2965 ad
597 2905 1005 2979 poenitentiam
1033 2904 1448 2962 reservandus.

183 2973 296 3033 Hiec
318 2983 508 3035 autem
557 2978 773 3036 frivola
811 2982 973 3035 sunt.
1002 2979 1147 3033 Nam
1175 2975 1237 3032 in
1286 2974 1415 3047 lege
1445 2990 1578 3048 quae
1616 2975 1803 3033 dicit:
1833 2978 1957 3035 Non
1983 2975 2201 3040 occides,
2233 2980 2502 3046 postmo-

144 3038 240 3100 lum
267 3048 528 3106 subditur
558 3068 572 3105 ι
605 3050 872 3119 maleficos
894 3048 1246 3117 nonpatieris
1274 3047 1452 3100 vivere
1503 3046 1724 3117 (Exod.,
1755 3047 2011 3119 xx11,18)
2036 3064 2050 3115 ;
2080 3061 2153 3103 ex
2182 3060 2302 3119 quo
2332 3046 2507 3103 datur

146 3114 341 3190 ntelligi
368 3120 735 3178 occisionem
771 3118 1081 3176 hominum
1125 3116 1405 3187 injustam
1438 3117 1796 3188 prohibitam
1826 3130 1994 3185 esse;
2025 3116 2185 3190 quod
2226 3116 2404 3174 etiam
2433 3130 2509 3174 ex

144 3183 289 3245 rerbis
312 3190 540 3247 Domini
588 3194 863 3260 apparet;
895 3202 1054 3257 nam,
1085 3201 1268 3259 quum
1298 3186 1551 3244 dixisset
1580 3205 1594 3244 z
1622 3187 1877 3244 Audistis
1905 3189 2038 3258 quia
2064 3188 2267 3243 dietum
2305 3191 2384 3243 est
2412 3201 2507 3243 an·

145 3253 265 3322 591⁴ss
287 3277 304 3313 .-
325 3263 441 3318 Non
480 3262 706 3329 occides,
738 3258 1044 3329 subjunxit
1074 3276 1087 3314 ε
1118 3261 1231 3326 Eoo
1260 3262 1436 3314 autem
1477 3258 1598 3314 dico
1638 3259 1789 3314 vobis
1819 3258 2003 3325 :Quia
2042 3261 2215 3314 omnis
2250 3260 2348 3328 qui
2387 3259 2507 3313 ira·

144 3326 269 3381 *citur
289 3331 453 3396 fratri
479 3348 596 3400 suo,
626 3346 751 3386 reus
778 3333 882 3385 erit
899 3329 1112 3399 judicio
1142 3328 1382 3455 gluttit„
1411 3341 1472 3398 v,
1499 3333 1591 3397 21,
1619 3328 1733 3399 22),
1765 3332 1874 3410 etc.
1902 3331 1983 3385 Ex
2010 3341 2130 3409 quo
2155 3328 2255 3386 dat
2282 3325 2502 3385 intelli·

144 3404 240 3461 tere
261 3397 412 3459 illam
456 3402 823 3460 occisionem
869 3413 1005 3457 esse
1033 3413 1139 3470 pro
1187 3399 1389 3456 ibitam
1441 3412 1574 3470 quae
1622 3398 1886 3469 procedit
1912 3413 1985 3456 ex
2013 3413 2120 3468 ira,
2152 3412 2274 3456 non
2306 3403 2506 3456 autem

147 3460 262 3524 llam
288 3485 410 3542 quae
453 3471 722 3545 procedit
745 3485 816 3528 ex
839 3470 965 3528 zelo
1002 3470 1269 3541 justitiae.
1300 3500 1370 3509 —
1393 3469 1561 3537 Quod
1592 3469 1769 3526 etiam
1800 3470 2089 3527 Dominus
2118 3468 2298 3526 dicit:
2328 3469 2505 3525 Sinite

144 3536 229 3591 ‘tra
362 3559 584 3599 crescere
623 3558 792 3613 usque
820 3541 895 3596 ad
938 3556 1176 3607 messem,
1207 3540 1463 3607 qualiter
1510 3539 1961 3612 intelligendum
2013 3540 2093 3597 sit
2131 3544 2374 3610 apparet
2401 3551 2507 3609 per

145 3600 215 3662 llll
273 3613 419 3682 quod
469 3615 770 3686 sequitur:
804 3613 885 3669 Ne
907 3613 1051 3679 torte
1089 3611 1392 3679 colliqentes
1435 3611 1674 3680 zizania,
1702 3610 1985 3666 eradicetis
2013 3611 2175 3666 simul
2203 3626 2321 3665 cum
2351 3611 2428 3663 eis
2454 3611 2508 3665 et

145 3677 348 3752 uticum.
379 3686 618 3756 matth„
649 3695 778 3753 xiii,
806 3681 922 3754 29.)
951 3680 1034 3738 lbi
1065 3695 1207 3753 ergo
1252 3680 1625 3737 interdicitur
1671 3681 1961 3738 malorum
1989 3681 2214 3738 occisio
2253 3680 2354 3738 ubi
2384 3679 2504 3737 hoc

144 3755 236 3803 tine
257 3754 510 3821 periculo
525 3756 819 3812 bonorum
841 3751 970 3810 fieri
992 3765 1114 3810 non
1141 3756 1367 3823 potest3
1395 3751 1553 3822 quod
1576 3750 1921 3824 plerumque
1946 3752 2240 3823 contingit
2260 3748 2501 3823 quando

144 3816 242 3891 nali
290 3825 541 3883 nonduin
591 3825 1013 3883 discernuntur
1038 3836 1076 3879 a
1100 3821 1278 3879 bonis
1330 3836 1434 3892 per
1471 3822 1786 3881 manifesta
1834 3827 2093 3892 peccata,
2121 3822 2211 3878 vel
2259 3819 2502 3894 quando

145 3894 332 3948 imetur
372 3897 696 3964 periculum
727 3909 801 3953 ne
834 3893 977 3951 mali
1027 3892 1250 3950 multos
1281 3892 1475 3950 bonos
1521 3896 1658 3964 post
1686 3906 1751 3950 se
1780 3893 2036 3950 trabant.
2069 3922 2137 3933 —
2162 3891 2331 3959 Quod
2362 3904 2501 3971 vero
2580 3916 2589 3923 ν

144 3956 261 4028 nali,
289 3966 559 4034 quamdiu
589 3968 815 4034 vivunt,
837 3962 1140 4023 emendari
1169 3968 1443 4035 possunt,
1472 3977 1592 4020 non
1620 3963 1890 4035 prohibet
1909 3962 2055 4036 quin
2074 3963 2235 4044 juste
2264 3965 2502 4042 possint
2586 4029 2591 4034 ⁴

144 4027 317 4087 iccidi·
349 4036 485 4106 quia
513 4036 842 4107 periculum
873 4034 1034 4108 quod
1062 4035 1133 4092 de
1168 4046 1372 4091 eorum
1407 4034 1527 4092 vita
1551 4033 1821 4090 imminet
1848 4041 1940 4090 est
1975 4047 2169 4105 maJus
2193 4038 2251 4089 et
2273 4037 2497 4090 certius

144 4105 276 4163 luam
301 4075 515 4164 bouum
543 4107 702 4180 quod
732 4107 804 4165 dc
835 4120 1041 4164 eorum
1087 4104 1504 4162 emendatione
1532 4109 1923 4185 exspectatur.
1954 4104 2182 4160 Habent
2225 4104 2402 4160 etiam
2434 4103 2502 4160 in

145 4177 239 4233 1³80
285 4177 484 4235 mortis
544 4178 793 4237 articulo
849 4175 1187 4235 facultatem
1238 4181 1304 4232 ut
1360 4189 1463 4246 per
1515 4179 1921 4244 poenitentiam
1972 4180 2388 4255 convertantur
2426 4172 2503 4230 ad

144 4234 302 4299 leum.
331 4246 492 4313 Quod
521 4249 572 4307 si
618 4249 767 4306 adeo
817 4253 960 4306 sunt
1004 4246 1285 4305 obstinati
1334 4244 1493 4316 quod
1541 4245 1716 4302 etiam
1763 4244 1826 4300 in
1849 4250 2059 4303 mortis
2104 4245 2354 4303 articulo
2397 4256 2505 4301 cor

144 4317 304 4369 lorum
346 4330 380 4372 a
426 4320 647 4378 malitia
694 4332 816 4377 uon
858 4317 1115 4387 recedat,
1140 4316 1290 4375 satis
1333 4315 1719 4386 probabiliter
1769 4316 2051 4374 aestimari
2098 4321 2297 4389 potest
2339 4312 2501 4389 quod

144 4385 398 4454 tunquam
422 4402 456 4447 a
483 4391 706 4450 malitia
733 4389 1110 4461 resipiscant.
1146 4386 1307 4461 (ii-11,
1336 4401 1395 4459 q.
1428 4398 1589 4457 mv,
1620 4389 1729 4444 art.
1754 4388 1789 4445 2
1819 4391 1878 4444 et
1901 4384 1977 4460 3.)

2205 4555 2266 4606 30
