3076 5025
404 334 485 392 20
1310 291 1443 382 Lm.
1483 325 1529 393 1,
1571 324 1723 382 cAP.
1761 322 1948 380 xvm.

485 453 763 524 Amplius,
791 465 858 510 se
902 450 1061 509 uitur
1102 463 1200 508 res
1239 448 1543 506 naturales
1589 460 1734 505 casu
1780 446 2068 504 exsistere
2114 445 2214 504 his
2259 446 2363 520 qui
2412 445 2478 504 in
2522 445 2836 505 materiam

416 525 622 585 omnia
675 522 888 580 reduce
933 526 1054 590 ant,
1107 519 1262 578 sicut
1312 520 1373 576 in
1424 531 1668 576 causam
1753 518 2000 598 rimam3
2061 522 2272 575 contra
2318 529 2472 590 quos
2521 517 2717 589 agitur
2763 518 2835 575 in

418 594 686 655 secundo
727 591 1118 665 Physicorum
1165 589 1327 663 (text.
1370 602 1587 647 comm.
1635 532 1750 669 7⁷5·
1807 588 1864 645 Si
1918 587 2102 670 igitur
2151 589 2329 656 Deua,
2356 587 2457 670 qui
2507 593 2602 645 est
2640 587 2839 659 prima

406 679 622 734 causa,
653 663 733 722 sit
755 676 940 721 causa
966 661 1293 719 materialis
1318 672 1537 722 rerum,
1572 662 1840 731 sequitur
1866 671 2071 716 omnia
2097 670 2239 716 casu
2272 664 2581 716 exsistere.

485 738 638 804 Item,
666 734 914 791 materia
937 746 1059 789 non
1087 730 1154 789 fit
1179 744 1363 789 causa
1390 728 1646 800 aliquus
1675 729 1736 786 in
1759 734 1915 796 actu,
1944 727 2063 786 nisi
2092 728 2424 787 secundum
2469 728 2628 800 quod
2683 729 2831 786 alte·

417 813 583 865 ratur
611 810 668 862 et
693 808 971 862 mutatur.
1002 802 1063 860 Si
1095 802 1276 874 igitur
1306 803 1460 858 Deus
1491 806 1584 858 est
1635 799 1982 869 immobilis,
2015 804 2078 856 ut
2129 799 2440 881 probatum
2488 805 2583 857 est
2610 799 2685 872 (c.
2720 798 2834 873 13),

417 877 587 935 nullo
620 875 801 933 modo
828 877 1026 945 potest
1049 886 1185 930 esse
1215 884 1413 929 rerum
1443 884 1627 928 causa
1697 884 1761 928 er
1789 870 2030 927 modum
2062 875 2344 928 materiae.

490 949 653 1004 Hanc
690 950 887 1003 autem
926 943 1231 1001 veritatem
1280 941 1430 999 tides
1472 940 1648 998 catbo
1676 941 1770 998 ica
1815 938 2150 1008 confitetur,
2181 953 2314 1013 quae
2359 942 2546 998 Deum
2589 953 2710 998 non
2759 939 2835 999 de

418 1031 532 1076 sua
578 1014 933 1082 substantia,
973 1013 1077 1071 sed
1125 1011 1197 1070 de
1243 1012 1435 1069 nihilo
1498 1012 1717 1069 asserit
1764 1016 1979 1068 cuncta
2035 1023 2293 1068 creasse.
2329 1012 2393 1069 1n
2451 1011 2565 1069 hoc
2635 1015 2838 1069 autem

418 1087 655 1145 insania
684 1085 924 1143 Davidis
951 1084 1022 1141 de
1050 1082 1320 1140 Dinando
1347 1082 1753 1149 confunditur,
1784 1081 1884 1153 qui
1910 1094 2098 1139 ausus
2127 1086 2219 1138 est
2248 1081 2443 1138 dicere
2474 1083 2659 1138 Deum
2689 1095 2828 1139 esse

420 1157 576 1215 idem
619 1155 778 1229 quod
828 1155 1017 1236 prima
1055 1154 1325 1221 materia,
1357 1167 1428 1209 ex
1473 1153 1588 1210 boc
1636 1151 1815 1233 quod.
1849 1151 1901 1210 si
1955 1163 2074 1208 non
2124 1151 2506 1232 essetjdem,
2537 1156 2842 1231 oporteret

419 1226 655 1285 differre
675 1241 747 1283 ea
773 1225 1075 1297 aliquibus
1104 1222 1485 1281 differentiis·
1519 1228 1578 1279 et
1608 1236 1698 1280 sic
1734 1235 1853 1279 non
1884 1228 2087 1279 essent
2115 1221 2442 1292 simplic1a3
2477 1235 2613 1279 nam
2649 1236 2710 1279 1n
2737 1235 2836 1292 eo,

461 1297 577 1355 uod
610 1311 712 1367 per
738 1293 1133 1353 differentiam
1160 1293 1233 1351 ab
1258 1294 1379 1351 atio
1399 1267 1618 1361 differt,
1643 1293 1776 1364 ipsa
1794 1290 2129 1372 differentia
2148 1292 2646 1362 compositionem
2672 1291 2837 1350 facit.

469 1381 541 1425 oc
567 1372 763 1424 autem
795 1366 1089 1435 processit
1112 1379 1186 1421 ex
1211 1364 1572 1435 ignorantia,
1605 1377 1722 1436 qua
1753 1362 2005 1443 nescivit
2043 1362 2191 1444 quid
2237 1363 2392 1420 inter
2436 1362 2837 1420 differentiam

417 1443 479 1496 et
531 1436 931 1494 diversitatem
980 1434 1236 1491 intersit.
1284 1432 1578 1490 Differens
1628 1434 1810 1501 enim,
1839 1437 1905 1490 ut
1956 1446 2015 1489 in
2065 1433 2299 1491 decimo
2345 1434 2842 1504 Metaphysicorwn

414 1508 582 1579 (text.
614 1520 832 1564 comm.
866 1505 954 1576 12)
981 1503 1429 1571 determinatur,
1459 1503 1678 1561 dicitur
1705 1503 1778 1560 ad
1809 1502 2066 1585 aliquid;
2115 1516 2251 1561 nam
2293 1517 2470 1561 omne
2527 1503 2837 1573 differenS,

418 1578 622 1650 aliquo
652 1581 745 1633 est
796 1574 1098 1632 differens.
1128 1575 1439 1631 Diversum
1491 1579 1688 1631 autem
1738 1573 1962 1644 aliquid
2010 1573 2282 1631 absolute
2331 1574 2570 1641 dicitur,
2603 1588 2675 1630 ex
2721 1575 2840 1632 hoc

419 1647 575 1720 quod
607 1660 727 1704 non
759 1651 851 1703 est
877 1644 1056 1702 idem.
1085 1642 1431 1701 Differentia
1459 1643 1645 1770 igitur
1672 1644 1731 1699 in
1759 1643 1856 1701 his
1885 1644 2202 1723 quaerenda
2231 1648 2343 1712 est,
2377 1658 2510 1716 quae
2540 1645 2599 1700 in
2631 1644 2709 1700 ali
2757 1657 2839 1702 uo

418 1716 812 1785 conveniunt;
843 1720 1078 1786 oportet
1103 1714 1262 1771 enim
1293 1713 1475 1785 aliqui
1551 1714 1611 1769 in
1644 1713 1739 1771 bis
1782 1713 2103 1785 assignari,
2134 1714 2463 1772 secundum
2517 1715 2676 1786 quod
2764 1715 2840 1771 it*-

418 1789 632 1854 serant,
680 1787 835 1845 sicut
882 1786 1014 1843 duae
1062 1785 1293 1856 species
1335 1784 1702 1841 conveniunt
1742 1784 1801 1839 in
1873 1796 2111 1856 genere,
2157 1783 2313 1842 unde
2379 1789 2614 1856 oportet
2676 1785 2841 1856 quod

418 1855 773 1915 differentiis
800 1855 1265 1927 distinguantur.
1298 1855 1361 1910 ln
1408 1854 1502 1912 bis
1552 1860 1770 1922 autem,
1801 1868 1933 1925 quae
1961 1854 2022 1910 in
2075 1854 2242 1912 nullo
2289 1857 2672 1922 conveniunt,
2715 1868 2842 1914 non

420 1934 513 1986 est
561 1927 947 2000 quaerendum
996 1939 1116 1997 quo
1164 1922 1470 1989 differant;
1521 1925 1627 1982 sed
1670 1923 1890 1994 seipsis
1934 1923 2168 1982 diversa
2211 1931 2373 1983 sunt.
2428 1925 2524 1982 Sic
2570 1927 2730 1983 enim
2780 1932 2842 1984 et

411 1997 710 2068 oppositae
756 1995 1108 2054 differentias
1153 1995 1227 2053 ab
1273 1994 1527 2051 invicem
1579 1995 2061 2066 distinguuntur;
2109 2008 2232 2053 non
2280 1995 2439 2053 enim
2485 1996 2844 2066 participant

459 2081 634 2136 enus,
662 2067 834 2140 quasi
860 2072 1087 2137 partem
1119 2079 1244 2123 suae
1273 2066 1584 2133 essentiae;
1614 2070 1678 2122 et
1714 2065 1848 2123 ideo
1879 2078 1997 2123 non
2045 2069 2140 2122 est
2184 2065 2568 2137 quaerendum
2618 2067 2842 2139 quibus

417 2082 730 2205 gifferanu
762 2136 984 2207 seipsis
1010 2136 1169 2193 enim
1216 2135 1453 2194 diversa
1492 2142 1655 2193 sunt.
1700 2135 1796 2193 Sic
1842 2136 2017 2192 etiam
2047 2138 2204 2193 Deus
2254 2141 2313 2193 et
2355 2137 2603 2194 materia
2647 2138 2844 2207 prima

417 2209 893 2281 distinguuntur,
926 2220 1178 2287 quorum
1206 2219 1391 2262 unum
1423 2211 1516 2265 est
1564 2210 1733 2264 actus
1786 2218 1996 2278 puruS,
2039 2206 2202 2266 aliud
2244 2207 2513 2279 potentia
2558 2220 2726 2278 pura,
2775 2209 2842 2266 in

414 2279 587 2339 nullo
609 2277 1094 2338 convenientiam
1122 2276 1431 2336 babentes.

1374 2500 1629 2567 CAPUT
1665 2499 1884 2566 XVIII.

1040 2682 1193 2737 QUOD
1227 2682 1294 2729 m
1327 2682 1446 2730 DEO
1494 2683 1686 2729 Num
1722 2681 1814 2730 81¹1?
1843 2682 2208 2731 conosrrlo.

483 2850 569 2907 Ex
589 2846 923 2920 praemissis
950 2851 1146 2905 autem
1173 2847 1449 2905 concludi
1481 2853 1697 2918 potest,
1723 2848 1884 2920 quod
1913 2848 1976 2906 in
2002 2851 2125 2906 Deo
2152 2845 2321 2905 nulla
2346 2847 2427 2906 sit
2445 2848 2834 2919 compositio.

484 2920 655 2986 Nam,
681 2919 743 2974 in
774 2917 936 2975 omni
966 2918 1321 2989 composito,
1352 2924 1584 2988 oportet
1617 2932 1750 2975 esse
1775 2925 1973 2976 actum
2018 2923 2078 2974 et
2120 2919 2466 2999 potentiam.
2497 2923 2622 2976 Non
2670 2921 2834 2978 enim

406 2986 589 3060 plura
614 2992 867 3057 possunt
890 2986 1238 3067 simpliciter
1265 2987 1391 3043 fieri
1421 3001 1627 3056 unum,
1661 2988 1777 3045 nisi
1809 2987 2034 3061 aliquid
2063 2988 2146 3045 ibi
2179 2988 2256 3046 sit
2293 2995 2462 3046 actus
2502 2995 2561 3046 et
2606 2990 2835 3062 aliquid

414 3058 705 3130 potentia.
737 3058 881 3125 Quae
925 3069 1084 3113 enim
1136 3062 1272 3115 actu
1319 3062 1462 3114 sunt
1507 3071 1629 3116 non
1678 3059 1985 3128 uniuntur,
2017 3058 2136 3116 nisi
2187 3059 2360 3131 quasi
2412 3059 2688 3131 colligata
2736 3059 2833 3117 vel

414 3127 577 3185 sicut
598 3131 963 3198 congregata
994 3143 1008 3182 ε
1038 3140 1169 3199 quae
1197 3140 1317 3186 non
1349 3131 1491 3185 sunt
1518 3141 1706 3185 unum
1737 3130 2115 3210 simplicitet-3
2141 3127 2201 3185 in
2234 3128 2455 3202 quibus
2483 3131 2655 3187 etiam
2681 3130 2831 3200 ipsae

412 3202 620 3277 partes
649 3202 1048 3269 congregatoe,
1074 3203 1216 3254 sunt
1245 3198 1403 3255 sicut
1422 3199 1688 3269 potentia
1718 3204 1984 3270 respectu
2011 3198 2274 3257 unionis.
2299 3200 2449 3257 Sunt
2467 3202 2623 3259 enim
2650 3201 2836 3259 unitae

414 3280 483 3325 in
520 3273 693 3335 actu,
739 3273 1055 3347 postquam
1098 3266 1317 3325 fuerint
1375 3268 1439 3325 in
1486 3268 1750 3339 potentia
1797 3270 2078 3328 unibiles.
2132 3271 2197 3328 ln
2249 3271 2371 3329 Deo
2416 3275 2614 3328 autem
2668 3269 2841 3329 nulla

412 3343 511 3396 est
534 3343 829 3409 potentia3
855 3350 976 3395 non
1007 3342 1099 3394 est
1125 3337 1309 3419 igitur
1334 3338 1395 3395 in
1428 3352 1498 3396 eo
1529 3340 1732 3411 aliqua
1754 3340 2137 3411 compositio.

485 3409 639 3476 Item,
679 3420 855 3465 omne
898 3414 1296 3478 composltum
1343 3410 1643 3480 posterius
1687 3416 1779 3468 est
1822 3412 1953 3468 suis
2006 3409 2525 3482 componentibus.
2568 3412 2836 3471 Primum

398 3488 561 3549 -ergo
591 3491 721 3548 ens,
755 3477 914 3550 quod
945 3480 1103 3535 Deus
1129 3483 1238 3546 est,
1266 3494 1339 3536 ex
1366 3480 1552 3537 nullis
1572 3482 1967 3551 compositum
1999 3486 2110 3539 est.

484 3547 706 3628 4dhuc,
755 3562 944 3629 omne·
976 3548 1373 3629 compositum
1425 3556 1517 3608 est
1567 3553 1828 3622 potentia
1872 3551 2248 3621 dissolubile,
2287 3559 2574 3633 quantum
2625 3558 2719 3611 est
2763 3569 2841 3611 ex

414 3622 648 3675 ratlone
678 3632 808 3676 com
855 3620 1158 3688 ositionis,
1188 3619 1327 3676 licet
1351 3620 1413 3676 in
1444 3621 1801 3693 quibusdam
1846 3622 1926 3679 sit
1972 3622 2197 3694 aliquid
2235 3623 2398 3681 ahud
2443 3623 2836 3682 dissolutioni

304 3739 309 3745 .
415 3700 779 3759 repugnans.
853 3689 969 3747 uod
997 3694 1194 3747 autem
1224 3695 1315 3748 est
1340 3690 1694 3749 dissolubile
1720 3696 1809 3750 est
1837 3692 1900 3749 in
1929 3692 2196 3763 potentia
2220 3693 2297 3751 ad
2323 3706 2444 3751 non
2475 3707 2613 3752 esse
2630 3693 2838 3775 {quod

417 3758 539 3883 Dleo
569 3772 687 3816 non
720 3758 1020 3886 compettit,
1045 3773 1231 3834 quum
1270 3760 1350 3819 sit
1393 3775 1498 3832 per
1543 3775 1610 3819 se
1657 3774 1903 3821 necesse
1955 3764 2267 3821 esse.Non
2312 3768 2403 3822 est
2450 3778 2593 3837 ergo
2644 3778 2708 3821 in
2761 3777 2835 3823 eo

402 3840 497 3885 ·a1
543 3841 620 3884 ua
648 3842 778 3885 com
824 3843 914 3887 osi
946 3843 1026 3887 ιο.

484 3842 761 3977 ἓψριῐιιε,
786 3844 1005 3958 pomnis
1038 3900 1402 3981 compositio
1425 3900 1656 3973 indiget
1685 3901 1887 3974 aliquo
1917 3909 2340 3975 componente;
2368 3902 2420 3961 si
2453 3905 2611 3962 enim
2667 3919 2836 3964 com-

412 3974 639 4038 positio
667 3973 776 4036 est,
795 3983 866 4048 ex
897 3969 1170 4041 pluribus
1196 3972 1464 4039 est.Quae
1490 3979 1686 4029 autern
1717 3973 2046 4031 secundum
2077 3987 2143 4031 se
2175 3979 2317 4031 sunt
2341 3974 2531 4045 plura,
2551 3976 2612 4032 in
2645 3989 2835 4034 unum

414 4049 538 4116 non
567 4044 950 4103 convemunt,
981 4040 1097 4097 nisi
1128 4039 1202 4098 ab
1240 4042 1442 4112 aliquo
1489 4050 1883 4112 componente
1930 4045 2231 4101 uniantur.
2259 4044 2317 4101 Si
2363 4045 2547 4116 igitur
2586 4060 2835 4116 compo-

416 4111 572 4164 situs
601 4114 762 4166 esset
787 4111 964 4178 Deus,
993 4110 1235 4169 baberet
1262 4119 1752 4181 componentcm;
1785 4127 1907 4171 non
1937 4114 2094 4170 enim
2125 4113 2255 4184 ipse
2279 4115 2546 4186 seipsum
2581 4128 2834 4187 compo-

414 4189 558 4257 nere
584 4185 807 4258 posset,
829 4179 970 4305 quia
994 4180 1141 4238 nihil
1174 4189 1267 4239 est
1291 4197 1475 4239 causa
1502 4182 1828 4254 suiipsius3
1852 4189 2012 4241 esset
2031 4184 2190 4240 enim
2219 4184 2384 4255 prius
2409 4187 2634 4256 seipso,
2663 4187 2826 4257 quod

415 4251 508 4305 est
536 4249 845 4320 impossnbi
874 4263 926 4306 c.
959 4251 1337 4323 componens
1379 4258 1574 4309 autem
1619 4259 1711 4311 est
1755 4267 1940 4312 causa
1984 4253 2254 4313 efficiens
2299 4256 2638 4326 compositi.
2675 4260 2833 4330 Ergo

411 4318 574 4375 Deus
600 4319 1109 4377 liaberetcausnm
1154 4323 1537 4392 efficientem
1572 4328 1629 4381 et
1670 4324 1761 4382 sic
1807 4335 1929 4381 non
1974 4329 2138 4382 esset
2186 4339 2373 4384 causa
2419 4327 2631 4398 prima,
2664 4328 2828 4400 quod

415 4399 598 4459 supra
624 4389 698 4462 (c.
734 4391 819 4462 13)
852 4388 1117 4448 habitum
1147 4397 1259 4450 est.

481 4460 634 4524 Item,
666 4459 731 4518 in
757 4460 1026 4535 quolibet
1052 4475 1292 4537 genere,
1322 4468 1490 4525 tanto
1512 4464 1742 4542 aliquid
1769 4468 1862 4525 est
1880 4464 2173 4539 nobilius,
2191 4472 2417 4540 quanto
2436 4466 2776 4538 simplicius
2809 4486 2826 4538 ;

1224 4637 1253 4667 ἱ
