3076 5025
451 332 560 389 460
1308 323 1441 379 LIB.
1480 321 1579 385 111,
1621 320 1772 378 CAP.
1814 320 2011 377 exui.
2944 16 2992 363 Ἰ

462 455 657 509 autem
716 445 939 505 malum
994 443 1299 502 hominem
1353 441 1749 501 exterioribus
1805 447 1863 500 et
1909 439 2322 514 corporalibus
2373 439 2553 499 bonis
2600 438 2822 520 privari
2846 481 2863 510 ‚

460 518 791 580 secundum
821 514 980 589 quod
1008 513 1244 587 expedit
1269 513 1342 572 ad
1371 514 1702 585 profectum
1729 512 1990 594 virtutis²
2022 525 2142 570 non
2172 511 2284 569 erit
2326 511 2440 569 hoc
2490 510 2864 592 hornini‘vir·

455 597 637 649 tuoso
681 601 857 659 poena
902 585 956 643 si
1002 587 1263 658 privetur
1306 582 1701 642 exterioribus
1744 582 1921 664 bonis
1973 596 2035 640 in
2090 582 2495 664 adiumentum
2536 586 2869 649 virtutis;e

457 659 757 720 contrario
793 661 989 714 autem
1019 655 1132 713 erit
1157 654 1335 713 malis
1362 655 1426 712 iii
1454 666 1690 726 poenain
1722 668 1776 711 si
1802 654 1892 712 eis
1921 659 2214 710 exteriora
2240 652 2399 711 bona
2438 650 2869 722 conceduntur,

499 730 677 787 uibus
706 732 1102 799 provocantur
1129 726 1199 783 ad
1233 725 1477 783 malum.
1511 724 1676 781 Unde
1705 723 1923 781 dicitur
1972 723 2129 795 quod
2179 728 2436 779 creaturae
2460 724 2561 779 Dei
2586 725 2653 778 in
2701 720 2871 779 edun

463 804 622 856 'actae
649 802 795 866 sunt,
826 801 878 852 et
908 799 970 852 in
1013 799 1358 852 tentationem
1400 795 1686 850 animabus
1726 795 2020 857 hominum,
2065 798 2117 850 et
2153 796 2218 849 in
2252 794 2617 863 muscipulam
2648 793 2872 864 pedibus

456 872 853 941 insipientium.
906 868 1062 937 Sap„
1092 878 1217 936 xlv,
1251 866 1362 938 tl.)
2771 933 2784 944 ⁸

530 939 682 1007 Quia
704 951 846 996 vero
916 951 947 993 e
975 936 1204 994 ratione
1232 950 1422 1007 poenae
1450 940 1544 995 est
1587 949 1709 994 non
1734 934 1929 994 solum
1961 934 2121 1007 quod
2149 934 2231 993 sit
2274 934 2519 1015 malurn,
2547 932 2661 992 sed
2708 937 2872 994 etiam

456 1010 617 1083 quod
644 1009 725 1067 sit
750 1007 1115 1066 contrarium
1144 1006 1459 1076 voluntati,
1490 1006 1745 1064 amissio
1773 1004 2174 1087 corporalium
2202 1010 2260 1062 et
2284 1011 2649 1086 exteriorum
2698 1003 2874 1062 bono-

458 1094 616 1148 rum,
646 1078 823 1136 etiam
848 1077 1088 1149 quando
1116 1083 1211 1135 est
1251 1076 1482 1135 homini
1519 1077 1583 1134 in
1613 1076 1943 1150 profectum
1969 1080 2203 1133 virtutis
2245 1081 2303 1132 et
2348 1088 2467 1133 non
2518 1088 2590 1156 in
2632 1075 2873 1155 malum,

458 1150 675 1208 dieitur
700 1161 897 1220 poena,
928 1146 1195 1217 abusive,
1228 1161 1300 1204 ex
1328 1161 1400 1204 eo
1430 1146 1592 1220 quod
1644 1152 1736 1205 est
1785 1153 1995 1205 eontra
2031 1145 2416 1204 voluntatem.
2461 1147 2543 1203 Ex
2571 1144 2874 1204 inordina·

456 1220 625 1278 tione
653 1223 849 1277 autem
879 1217 1141 1276 bominis
1165 1216 1460 1290 contingit
1487 1218 1647 1291 quod
1699 1217 1878 1275 homo
1927 1229 2051 1274 non
2098 1216 2353 1274 aestiinet
2397 1229 2495 1297 res
2544 1214 2875 1296 secundani

458 1290 615 1363 quod
648 1294 808 1357 sunt,
839 1287 945 1346 sed
977 1287 1311 1359 corporalia
1337 1287 1755 1358 spiritualibus
1781 1286 2072 1358 praererat.
2109 1285 2476 1344 lnordinatio
2500 1291 2712 1344 autem
2748 1285 2872 1344 talis

459 1365 562 1418 aut
590 1364 682 1418 est
704 1359 881 1430 eulpa
924 1364 1026 1416 aut
1067 1373 1139 1416 ex
1183 1358 1383 1431 aliqua
1430 1358 1606 1430 culpa
1650 1357 2019 1430 praecedente
2068 1357 2418 1427 procedens.
2456 1356 2624 1415 Unde
2670 1369 2872 1414 conse·

459 1435 709 1503 quenter
734 1433 894 1500 patet
918 1429 1076 1500 quod
1100 1442 1278 1501 poena
1304 1441 1426 1486 non
1471 1429 1551 1487 sit
1592 1428 1652 1485 in
1699 1428 1960 1497 homine,
1991 1426 2168 1485 etiam
2213 1426 2541 1486 secundum
2588 1425 2762 1500 quod
2798 1430 2875 1485 est

458 1506 667 1559 contra
691 1498 1076 1568 voluntatem,
1107 1498 1225 1556 nisi
1255 1499 1432 1570 eulpa
1467 1498 1857 1570 praecedente.

531 1573 653 1628 Hoc
684 1570 861 1627 etiam
889 1583 962 1626 ex
990 1568 1110 1627 alio
1136 1574 1316 1642 patet,
1346 1568 1489 1641 quia
1514 1584 1587 1627 ea
1656 1583 1746 1626 uae
1779 1573 1921 1626 sunt
1948 1568 2276 1650 secundum
2302 1581 2368 1651 se
2394 1567 2554 1649 bona
2600 1581 2736 1649 non
2760 1580 2872 1647 vei·-

457 1647 723 1698 terentur
773 1639 1003 1698 homini
1054 1639 1118 1696 in
1162 1638 1386 1697 malum
1428 1653 1533 1710 per
1587 1653 1620 1696 a
1668 1652 1863 1707 usum,
1913 1639 2033 1697 nisi
2079 1637 2283 1711 aliqua
2323 1639 2781 1697 inordinatione
2821 1648 2873 1695 in

458 1710 704 1770 homine
730 1709 1040 1767 existente.

528 1782 681 1842 ueni,
713 1778 869 1851 quod
901 1784 1169 1850 oporteat
1195 1793 1266 1837 ea
1294 1793 1426 1853 quae
1449 1780 1731 1838 voluntas
1759 1784 2044 1852 acceptat,
2073 1793 2145 1839 eo
2169 1779 2328 1852 quod
2358 1783 2499 1837 sunt
2528 1777 2874 1859 naturaliter

459 1849 638 1917 bona,
671 1849 900 1908 homini
929 1847 1199 1907 subtrahi
1236 1849 1310 1908 ad
1339 1849 1667 1921 profectum
1699 1850 1957 1920 virtutis,
1982 1850 2257 1922 provenit
2284 1865 2355 1908 ex
2383 1849 2586 1922 aliqua
2613 1849 2874 1906 hominis

460 1918 932 1988 deordinatione‚
977 1934 1109 1992 quae
1139 1918 1233 1976 vel
1272 1926 1368 1978 est
1406 1921 1582 1990 culpa
1604 1920 1697 1977 vel
1746 1920 2017 1993 sequitur
2062 1921 2320 1992 culpam.
2362 1920 2754 2000 Manifestum
2796 1923 2872 1976 est

461 1990 619 2047 enim
673 1989 833 2061 quod
859 2003 963 2061 per
1027 1993 1293 2048 eccatum
1324 1990 1666 2061 praecedens
1696 1988 1762 2046 fit
1789 1991 2063 2063 quaedam
2121 1991 2485 2049 inordinatio
2538 2004 2603 2047 in
2668 1989 2871 2049 affectu

460 2059 746 2127 humano,
777 2064 843 2116 ut
871 2059 983 2116 faci
1013 2059 1108 2117 ius
1155 2059 1537 2130 postmodum
1587 2061 1659 2118 ad
1704 2067 2012 2131 peccatum
2057 2061 2394 2119 inclinetur.
2443 2064 2570 2117 Non
2616 2074 2768 2142 ergo
2795 2063 2871 2140 est

459 2129 685 2210 absque
717 2129 811 2185 cul
856 2143 893 2186 a
920 2129 1095 2186 etiam
1122 2128 1280 2201 quod
1320 2135 1551 2202 oportet
1600 2130 1905 2189 bominem
1949 2130 2215 2203 adjuvari
2261 2132 2333 2189 ad
2372 2131 2598 2189 honum
2647 2135 2869 2188 virtutis

456 2213 564 2271 per
587 2198 646 2256 id
677 2212 796 2271 quo
865 2204 957 2257 est
985 2199 1040 2256 e‘i
1069 2199 1511 2281 quodammodo
1557 2201 1812 2272 poenale,
1846 2201 1907 2259 id
1937 2207 2031 2260 est
2058 2202 2120 2259 in
2151 2208 2437 2274 quantum
2464 2208 2555 2259 est
2606 2201 2869 2261 absolute

460 2274 667 2396 cotntra
694 2269 1056 2396 voluqtzhtem
1087 2269 1301 2341 ipsiuS,
1334 2270 1473 2330 lieet
1501 2270 1861 2344 quandoque
1913 2272 1995 2329 sit
2034 2272 2286 2330 volitum
2334 2271 2674 2330 seeundum
2727 2268 2867 2345 quod

457 2351 525 2397 ra
551 2354 610 2398 io
638 2353 735 2397 res
778 2355 852 2396 ici
961 2353 1117 2397 nem.

530 2410 642 2467 Sed
699 2354 774 2467 dg
814 2410 926 2468 hac
979 2409 1441 2480 inordinatione,
1497 2412 1564 2469 in
1605 2417 1819 2470 natura
1846 2412 2109 2472 humana
2134 2413 2453 2472 exsistente
2510 2427 2585 2469 ex
2634 2417 2866 2494 peccato

458 2479 759 2552 originali,
786 2481 1088 2552 posterius
1116 2480 1373 2552 dicetur;
1410 2495 1572 2541 nunc
1595 2489 1791 2542 autem
1819 2482 1880 2541 id
1907 2488 2139 2543 tantum
2170 2484 2552 2543 manifestum
2593 2490 2683 2543 sit
2726 2480 2864 2558 qnod

459 2551 615 2611 Deus
637 2551 812 2623 punit
839 2551 1116 2611 homines
1142 2565 1251 2625 pro
1279 2554 1541 2625 peccatis
1570 2559 1629 2613 et
1659 2554 1818 2628 quod
1848 2568 1972 2614 non
1994 2555 2169 2627 punit
2187 2555 2411 2628 absque
2431 2555 2631 2627 culpa.

1405 2776 1659 2842 CAPUT
1694 2777 1921 2842 CXLII.

699 2953 851 3007 QUOD
895 2954 1007 3001 NEC
1043 2955 1235 3002 oms
1283 2956 1471 3003 POENAE
1500 2957 1614 3003 mm
1651 2957 1838 3004 OMNIA
1873 2958 2115 3005 rma
2148 2957 2296 3005 sum·
2329 2960 2628 3013 AEQUALIA.

525 3116 718 3184 Quum
748 3120 945 3173 autem
984 3116 1185 3174 divina
1218 3117 1452 3190 justitia
1494 3119 1556 3177 id
1602 3119 1800 3192 exigat
1845 3120 2026 3194 quod,
2066 3121 2140 3179 ad
2170 3122 2566 3195 aequalitatem
2598 3124 2664 3182 in
2695 3125 2857 3184 rebus

454 3186 825 3266 servandam,
853 3199 960 3256 pro
989 3187 1181 3257 culpis
1229 3202 1418 3268 poenae
1458 3189 1781 3248 reddantur
1826 3197 1882 3248 et
1929 3205 2037 3273 pro
2088 3192 2266 3251 honis
2315 3194 2547 3253 actibus
2594 3197 2856 3266 praemia,

452 3261 701 3328 oportet,
734 3268 784 3313 si
817 3264 909 3314 est
936 3258 1156 3337 gradus
1184 3257 1248 3314 in
1275 3261 1561 3318 virtuosis
1591 3261 1822 3320 actibus
1851 3266 1999 3318 etin
2034 3264 2312 3333 peccatis,
2351 3269 2415 3320 iit
2444 3271 2760 3325 ostensum
2779 3269 2856 3323 est

452 3325 527 3397 (c.
561 3326 705 3399 139),
737 3327 895 3399 quod
921 3333 1001 3384 sit
1023 3329 1199 3386 etiam
1229 3329 1449 3401 gradus
1478 3333 1860 3402 praemiorum
1890 3338 1948 3389 et
1965 3346 2298 3412 poenarum.
2325 3333 2507 3392 Aliter
2543 3337 2709 3394 enim
2748 3347 2855 3394 non

452 3402 788 3477 servaretur
808 3398 1138 3478 aequalitaS,
1168 3398 1222 3456 si
1253 3412 1373 3456 non
1401 3400 1536 3470 plus
1562 3403 1829 3472 peccanti
1863 3417 2052 3473 maJor
2078 3417 2255 3474 poena
2284 3410 2387 3461 aut
2421 3406 2643 3464 melius
2668 3404 2885 3481 agenti,¹

448 3478 548 3546 nia
574 3479 644 3523 us
689 3481 995 3537 praemlum
1034 3468 1391 3526 redderetur.
1434 3471 1709 3541 Ejusdem
1740 3473 1897 3529 enim
1952 3473 2204 3531 rationis
2243 3487 2377 3532 esse
2421 3476 2660 3534 videtur
2711 3473 2852 3551 quod

450 3535 508 3592 di
561 3542 792 3593 erenter
820 3538 1178 3597 retribuatur
1201 3539 1528 3598 secundum
1561 3540 1957 3600 differentiam
1988 3543 2132 3602 boni
2160 3549 2220 3601 et
2247 3544 2412 3615 mali,
2443 3551 2501 3602 et
2529 3548 2849 3606 seeundum

449 3604 847 3665 differentiam
876 3606 1018 3665 boni
1050 3614 1108 3665 et
1132 3610 1400 3668 melioris
1426 3612 1517 3668 vel
1543 3613 1689 3668 mali
1718 3619 1777 3670 et
1806 3613 2049 3685 pejoris.

478 3745 489 3756 ι
516 3679 800 3742 Praei-ea,
833 3678 969 3736 talis
991 3684 1084 3737 est
1107 3680 1414 3752 aequalitas
1442 3681 1833 3741 distributivae
1851 3683 2099 3754 justitiae
2144 3690 2208 3744 ut
2246 3686 2568 3759 inaequalia
2610 3688 2851 3762 inaequa·

447 3745 611 3827 libus
642 3747 981 3829 reddantur.
1011 3751 1137 3831 Non
1169 3765 1312 3824 ergo
1339 3757 1500 3809 esset
1524 3752 1692 3824 justa
1720 3755 2195 3826 recompensatio
2223 3770 2329 3828 per
2373 3771 2585 3829 peenas
2614 3766 2674 3816 et
2717 3771 2847 3833 prae-

444 3829 587 3884 nna,
617 3831 666 3875 si
699 3831 902 3876 omnia
931 3833 1177 3889 praemia
1202 3827 1261 3878 et
1286 3834 1497 3880 omnes
1528 3838 1719 3894 poenae
1746 3832 1950 3883 essent
1978 3827 2259 3899 aequales.

516 3888 734 3955 Adhuc,
764 3891 1006 3960 praemia
1036 3897 1094 3948 et
1119 3905 1310 3962 poenae
1338 3906 1374 3948 a
1402 3892 1745 3965 legislatore
1774 3902 2189 3968 proponuntur
2214 3902 2282 3956 ut
2320 3898 2601 3966 homines
2626 3915 2661 3958 a
2686 3899 2843 3960 malis

444 3955 519 4014 ad
549 3958 707 4016 bona
735 3960 1062 4041 trahantur,
1093 3968 1159 4018 ut
1183 3977 1255 4019 ex
1296 3962 1656 4045 supradictis
1683 3971 1860 4037 patet.
1900 3968 2140 4038 Oportet
2185 3973 2381 4026 autem
2429 3970 2710 4030 homines
2736 3981 2844 4029 non

443 4026 643 4085 solum
673 4030 826 4087 trabi
858 4031 930 4088 ad
958 4030 1117 4089 bona
1146 4036 1204 4089 et
1226 4034 1446 4113 retrahi
1478 4049 1512 4092 a
1541 4037 1737 4106 malis,
1768 4037 1872 4095 sed
1902 4040 2079 4096 etiam
2108 4038 2303 4097 bonos
2332 4038 2489 4098 allici
2513 4041 2586 4098 ad
2610 4042 2841 4100 meliora

444 4101 502 4151 et
525 4099 717 4178 malos
746 4101 965 4158 retrahi
993 4116 1028 4159 a
1053 4102 1392 4174 pejoribus3
1435 4107 1593 4177 quod
1625 4120 1745 4165 non
1778 4106 1963 4176 fieret,
1995 4109 2048 4166 si
2078 4111 2325 4180 praemia
2346 4117 2404 4167 et
2438 4124 2632 4182 poenae
2656 4114 2840 4171 essent

443 4169 715 4252 aequatia.
744 4171 982 4252 Oportet
1010 4172 1194 4245 igitur
1220 4180 1278 4230 et
1296 4187 1503 4245 poenas
1536 4183 1595 4234 et
1619 4166 1865 4249 praeniia
1892 4178 2006 4235 inae
2051 4180 2212 4238 ualia
2239 4193 2392 4238 esse.

509 4236 782 4317 Amppius,
816 4246 972 4299 sicut
1010 4257 1117 4314 per
1163 4242 1593 4316 dispositiones
1644 4248 1945 4307 naturales
1987 4262 2022 4306 a
2048 4250 2208 4322 iquis
2242 4251 2585 4322 disponitur
2613 4253 2687 4311 ad
2733 4253 2836 4311 sor-

437 4317 620 4375 mam,
650 4313 732 4365 ita
760 4323 865 4379 per
891 4324 1071 4382 opera
1094 4314 1254 4372 bona
1286 4322 1344 4373 et
1371 4317 1528 4375 mala
1556 4317 1776 4391 aliquis
1806 4319 2144 4390 disponitur
2162 4319 2235 4379 ad
2261 4335 2470 4394 poenas
2500 4329 2559 4380 et
2585 4324 2831 4395 praemia.

439 4374 552 4454 Sed
587 4375 699 4457 boc
726 4378 901 4436 babet
928 4383 1075 4461 ordo
1103 4399 1279 4455 quem
1308 4385 1510 4445 divina
1538 4389 1911 4459 providentia
1940 4391 2147 4448 statuit
2167 4392 2227 4448 in
2259 4393 2439 4450 rebus
2464 4394 2624 4464 quod
2654 4394 2833 4465 magis

441 4441 734 4515 disposita
759 4452 1172 4519 perfectiorem
1198 4457 1448 4517 formam
1479 4465 1948 4533 consequuntur.
1973 4463 2146 4535 Ετεο,
2177 4464 2508 4524 secundum
2538 4464 2829 4524 diversita-
