3076 5025
417 252 519 309 ατε
1317 244 1450 300 Lm.
1490 244 1564 312 ιι,
1603 244 1757 300 CAP.
1802 244 1927 298 Lix.

415 372 633 429 animae
674 367 1075 439 operationes,
1108 367 1266 426 sicut
1309 371 1470 438 patet
1515 366 1582 422 in
1635 365 1996 423 animalibus
2024 380 2157 438 quae
2206 365 2409 423 decisa
2446 366 2672 434 vivunt,
2703 366 2852 439 quia

411 442 622 499 eadem
670 452 810 510 pars
856 438 1034 496 babet
1077 445 1327 504 motum,
1378 444 1435 493 et
1485 450 1755 503 sensum,
1803 441 1862 492 et
1906 438 2228 508 appetitum
2269 450 2391 508 quo
2419 444 2759 505 mereatum
2787 443 2870 494 et-

415 511 696 571 similiter
739 509 947 567 eadem
1036 523 1134 566 ars
1177 509 1393 579 ptantae
1436 508 1640 564 decisa
1688 507 1966 575 nutritur,
2008 513 2281 579 augetur,
2317 513 2372 563 et
2410 507 2852 579 germinat3e1

415 595 536 655 quo
566 585 828 652 apparet,
857 523 1033 651 quot?
1058 579 1306 636 diversae
1350 586 1549 648 partes
1592 578 1808 634 animae
1855 577 1918 632 iu
1951 591 2070 634 una
2097 583 2153 633 et
2197 577 2404 633 eadem
2433 583 2595 656 parte
2627 591 2847 648 corpo-

416 653 503 710 ris
530 652 672 709 sint.
718 653 846 779 Νὲη
891 649 1075 722 igitur
1101 655 1246 706 sunt
1271 648 1521 707 diversae
1546 648 1763 705 animae
1790 647 1852 703 iu
1897 648 2095 718 nobis,
2125 647 2380 706 diversis
2415 649 2684 719 partibus
2713 662 2852 705 cor-

501 723 585 779 ris
614 720 748 779 attri
795 725 931 777 utae.

416 736 764 862 poAmplius,
794 790 1001 848 divisae
1024 789 1184 870 yires
1212 803 1345 862 quae
1378 803 1498 869 non
1531 788 1874 846 radicantur
1901 788 1960 845 in
1989 802 2110 846 uno
2150 789 2469 860 principio,
2511 802 2631 846 non
2666 788 2854 869 impe-

413 862 588 924 diunt
619 876 686 919 se
715 862 968 918 invicem
1020 874 1082 917 in
1112 861 1366 932 ageud0‚
1398 861 1515 917 uisi
1550 861 1696 916 forte
1724 873 1924 916 earum
1975 860 2244 917 actiones
2274 866 2479 916 essent
2507 865 2844 928 contrariae,

418 933 576 1006 quod
607 931 672 989 iu
699 931 1008 1003 proposito
1038 944 1157 988 non
1186 931 1500 1010 contingit.
1538 930 1821 987 Videmus
1863 935 2059 987 autem
2130 930 2248 987 uod
2295 930 2544 988 diversae
2573 930 2845 987 actiones

413 1004 636 1061 aniniae
666 1002 999 1073 impediunt
1029 1014 1119 1058 se.
1150 1003 1291 1057 Cum
1324 1014 1483 1058 enim
1521 1014 1640 1057 una
1669 1006 1762 1058 est
1790 1001 2048 1069 intensa,
2076 1014 2112 1058 a
2139 1007 2262 1058 tera
2298 1002 2637 1059 remittitur.
2661 1004 2845 1071 Opor-

420 1079 503 1132 tet
533 1073 715 1143 igitur
742 1072 901 1145 quod
933 1071 1063 1129 istae
1092 1072 1381 1137 actiones,
1414 1077 1469 1128 et
1494 1072 1652 1128 vires
1680 1085 1812 1143 quae
1843 1078 1984 1128 sunt
2010 1085 2210 1128 earum
2236 1072 2505 1142 proxima
2530 1071 2845 1141 principia,

417 1143 780 1202 reducantur
808 1143 870 1199 in
905 1155 1085 1199 unuin
1123 1142 1502 1213 principium.
1537 1144 1659 1199 Hoc
1688 1148 1883 1198 autem
1919 1142 2275 1212 principium
2334 1156 2453 1199 non
2486 1148 2853 1214 potestesse

411 1226 640 1285 corpus
669 1231 684 1280 ;
714 1220 841 1270 tum
868 1213 1012 1285 quia
1051 1213 1254 1284 aliqua
1277 1214 1434 1270 actio
1464 1218 1557 1270 est
1586 1213 1643 1269 in
1675 1227 1793 1285 qua
1824 1226 1941 1269 non
1974 1213 2376 1269 communicat
2400 1226 2640 1283 corpus,
2671 1211 2845 1269 scili·

415 1290 514 1342 eet
541 1283 906 1356 intelligere3
937 1290 1061 1341 tum
1092 1284 1255 1356 quia,
1286 1284 1338 1340 si
1369 1283 1725 1354 principium
1761 1284 1965 1340 barum
1997 1285 2213 1340 virium
2244 1289 2302 1339 et
2343 1284 2645 1339 actionum
2678 1287 2855 1340 esset

424 1367 668 1426 corpus,
696 1354 760 1410 iu
789 1360 1077 1426 quantum
1100 1354 1466 1425 huiusmodi,
1499 1354 1938 1410 invenireturiu
1970 1354 2250 1411 omnibus
2274 1354 2626 1424 corporibus
2648 1373 2662 1422 ;
2686 1352 2857 1426 quod

417 1432 577 1497 patet
601 1437 737 1482 esse
768 1424 1007 1481 falsum.
1042 1426 1108 1480 Et
1152 1425 1241 1481 sic
1276 1426 1634 1495 relinquitur
1679 1424 1837 1495 quod
1885 1424 1966 1481 sit
2016 1424 2373 1495 principium
2406 1438 2613 1480 earum
2650 1426 2855 1481 forma

418 1496 621 1566 aliqua
648 1508 768 1552 una
792 1508 896 1565 per
922 1508 1100 1566 quam
1131 1494 1242 1551 hoc
1271 1508 1490 1565 corpus
1518 1501 1611 1552 est
1649 1497 1767 1551 tale
1823 1508 2059 1565 corpus,
2090 1508 2221 1567 quae
2244 1499 2338 1552 est
2372 1495 2591 1551 anima.
2630 1496 2839 1552 Relin-

413 1567 623 1638 quitur
651 1565 835 1637 igitur
875 1564 1033 1637 quod
1073 1577 1285 1622 omnes
1318 1566 1588 1623 actiones
1617 1566 1830 1622 aniniae
1879 1579 2011 1637 quae
2050 1571 2191 1622 sunt
2237 1566 2299 1621 in
2349 1566 2528 1622 nobis
2585 1564 2658 1622 ab
2716 1566 2859 1636 ipsa

423 1649 547 1695 una
574 1634 901 1705 procedunt
931 1651 948 1703 ;
978 1640 1037 1691 et
1063 1635 1152 1693 sic
1186 1648 1304 1692 non
1342 1642 1483 1693 sunt
1511 1636 1572 1691 in
1600 1636 1777 1693 iiobis
1810 1636 2013 1705 plures
2042 1635 2282 1693 auimae.

491 1706 640 1765 Huic
669 1705 848 1762 etiam
876 1710 1166 1762 consonat
1195 1706 1353 1777 quod
1385 1706 1603 1763 dicitur
1630 1706 1690 1762 in
1736 1707 1888 1763 libro
1925 1709 2006 1761 De
2044 1707 2416 1761 ecclesiasticis
2458 1705 2807 1775 doqmatibus
2830 1725 2852 1761 ε

423 1795 459 1827 κ
485 1778 688 1846 Neque
705 1774 856 1833 duas
888 1775 1123 1833 animas
1148 1789 1282 1833 esse
1313 1777 1611 1833 credimus
1642 1777 1703 1832 in
1737 1790 1859 1833 uno
1892 1777 2152 1844 bomine,
2176 1777 2623 1840 sicutJacobus,
2657 1783 2717 1832 et
2746 1776 2856 1834 alii

421 1843 826 1915 disputatores
866 1847 1146 1918 Syrorum
1185 1845 1457 1904 scribunt
1490 1860 1665 1903 unam
1713 1847 2056 1913 animalem,
2100 1861 2219 1919 qua
2257 1850 2557 1904 animatur
2603 1860 2854 1919 corpu8‚

424 1920 485 1973 et
534 1930 669 1987 quae
704 1915 975 1973 immixta
1014 1917 1094 1973 sit
1119 1918 1424 1989 sanguini,
1455 1923 1511 1974 et
1542 1918 1784 1973 alteram
1826 1918 2217 1988 spiritualem,
2248 1931 2380 1989 quae
2412 1918 2703 1975 rationem
2739 1918 2853 1974 nii·

423 1986 660 2045 nistret.
692 1987 807 2044 Sed
855 1986 1109 2044 dicimus
1157 2000 1336 2043 unam
1367 1987 1753 2059 eamdemque
1784 2001 1918 2045 esse
1948 1988 2207 2044 animam
2238 1988 2298 2044 in
2331 1988 2571 2044 homine
2610 2002 2744 2059 quae
2796 1993 2859 2046 et

427 2069 651 2129 corpus
678 2070 792 2114 sua
820 2056 1105 2115 societate
1133 2056 1410 2128 vivificet,
1439 2063 1495 2115 et
1524 2059 1916 2131 semetipsum
1953 2071 2066 2116 sua
2091 2059 2323 2117 ratione
2350 2058 2631 2130 disponat
2659 2080 2716 2115 »-

1405 2260 1661 2326 CAPUT
1701 2262 1860 2327 LIX.

501 2448 657 2504 01]Ὀῦ
679 2448 1063 2497 mmm
1094 2449 1409 2497 possmus
1443 2449 1690 2496 HOMINIS
1726 2449 1849 2497 Non
1882 2448 1991 2497 nst·
2024 2449 2385 2497 sunsrmu
2429 2449 2761 2497 smmum.

490 2627 751 2683 Fuerunt
777 2630 974 2685 autem
1005 2629 1065 2684 et
1101 2626 1204 2684 alii
1254 2626 1374 2685 iilia
1420 2626 1846 2685 adinventione
1897 2630 2134 2686 utentes
2177 2626 2237 2682 in
2269 2625 2631 2685 sustinendo
2687 2625 2855 2698 quod

417 2695 759 2755 substantia
786 2696 1209 2755 intellectualis
1237 2711 1358 2754 non
1389 2698 1583 2768 possit
1613 2698 1768 2754 uniri
1803 2698 2038 2769 corpori
2084 2700 2148 2753 ut
2173 2697 2384 2753 forma.
2418 2697 2631 2753 Dicunt
2661 2698 2853 2769 enim,

415 2766 577 2839 quod
626 2767 985 2835 intellectus,
1008 2767 1183 2825 etiam
1231 2782 1408 2839 quem
1453 2767 1803 2826 Aristoteles
1856 2767 2205 2838 possibilem
2260 2772 2428 2823 vocat
2482 2767 2581 2836 (De
2635 2771 2853 2837 aniiiia,

412 2848 504 2961 ni,
524 2842 677 2963 1text.
708 2850 925 2895 comm.
950 2838 1028 2910 ὅ),
1059 2844 1151 2896 est
1172 2838 1444 2911 quaedam
1474 2839 1814 2896 substantia
1835 2844 2128 2911 separata,
2160 2849 2282 2894 non
2312 2837 2635 2907 conjuncta
2666 2838 2858 2897 nobis

417 2919 458 2963 u
548 2919 735 2964 orma.

488 2978 557 3032 Et
586 2976 699 3034 hoc
727 2977 1080 3036 confirmare
1111 2977 1400 3037 nituntur.
1432 2980 1655 3048 Primo,
1687 2994 1759 3037 ex
1810 2979 2010 3037 verbis
2039 2977 2395 3046 Aristotelis,
2427 2979 2527 3050 qui
2575 2977 2742 3045 dicit,
2778 2979 2857 3037 de

415 3044 533 3104 boc
563 3046 864 3106 intellectu
897 3049 1171 3121 loquens,
1215 3050 1374 3123 quod
1405 3057 1499 3109 est
1524 3058 1858 3122 separatus,
1891 3056 1949 3108 et
1995 3064 2115 3108 non
2164 3050 2469 3106 immixtus
2500 3048 2758 3119 corpori,
2794 3054 2861 3108 et

415 3116 694 3197 simplex,
736 3124 797 3175 et
836 3118 1231 3190 impassibilis
1263 3138 1279 3191 ;
1326 3135 1460 3194 quae
1513 3135 1637 3180 non
1668 3126 1922 3194 possent
1947 3120 2067 3180 dici
2119 3119 2192 3177 de
2225 3133 2319 3188 eo,
2350 3119 2403 3177 si
2442 3126 2600 3177 esset
2646 3120 2859 3178 forma

416 3199 522 3246 cor
564 3200 711 3247 oris.

483 3202 639 3339 igin,
665 3271 772 3338 per
796 3258 1368 3341 demonstrationem
1400 3262 1691 3334 ejusdem,
1724 3278 1842 3337 qua
1869 3262 2082 3334 probat
2109 3261 2291 3335 quod,
2322 3262 2466 3334 quia
2503 3260 2854 3319 intellectus

413 3328 726 3409 possibilis
762 3336 974 3400 recipit
1019 3344 1232 3389 omnes
1257 3333 1493 3403 species
1524 3348 1721 3391 rerum
1753 3334 2132 3391 sensibilium
2165 3337 2229 3390 ut
2257 3333 2314 3388 in
2338 3332 2605 3404 potentia
2632 3331 2707 3387 ad
2741 3346 2850 3390 eas

413 3405 705 3479 exist-ens,
735 3405 970 3470 oportet
996 3403 1153 3473 quod
1180 3404 1464 3462 omnibus
1491 3412 1710 3474 careat,
1746 3405 1904 3462 sic-ut
1942 3404 2186 3475 pupilla,
2210 3417 2341 3475 quie
2381 3404 2592 3474 recipit
2632 3415 2852 3460 omnes

411 3480 650 3550 species
678 3470 969 3539 colorum,
1000 3478 1163 3531 caret
1191 3474 1354 3531 omni
1385 3474 1626 3542 colore;
1660 3476 1893 3533 sienim
1926 3475 2169 3532 liaberet
2193 3474 2266 3531 de
2294 3487 2360 3530 se
2391 3475 2652 3546 aliquem
2686 3472 2852 3530 colo-

413 3552 562 3620 rem,
597 3540 698 3597 ille
718 3543 895 3622 ,color
964 3543 1265 3600 rohiberet
1291 3545 1475 3601 videri
1503 3546 1659 3603 alios
1689 3546 1946 3612 colores,
1976 3547 2119 3618 quin
2170 3544 2294 3602 imo
2342 3544 2495 3600 nibil
2546 3544 2852 3600 videretur

411 3621 530 3667 nisi
574 3609 687 3668 sub
715 3610 820 3670 illo
849 3626 922 3669 co
948 3626 1071 3670 ore.
1104 3616 1169 3670 Et
1198 3615 1477 3672 similiter
1501 3616 1878 3687 contingeret
1902 3618 1974 3672 de
2005 3615 2306 3673 intellectu
2352 3614 2652 3686 possibili.
2690 3613 2851 3672 siha-

408 3676 578 3737 beret
604 3680 679 3739 de
729 3694 796 3739 se
834 3682 1094 3755 aliquam
1142 3685 1391 3743 formam
1437 3700 1543 3743 scu
1601 3693 1870 3743 naturam
1920 3687 1992 3743 de
2041 3687 2219 3744 rebus
2270 3685 2686 3743 sensibilibus.
2725 3686 2850 3742 Hoc

413 3755 612 3807 autem
643 3757 939 3833 oporteret
966 3767 1124 3824 esse,
1156 3757 1208 3813 si
1234 3761 1396 3813 esset
1422 3757 1647 3814 mixtus
1679 3757 1859 3813 alicui
1891 3758 2149 3828 corpori,
2183 3762 2239 3813 et
2272 3757 2551 3813 similiter
2597 3756 2647 3812 si
2683 3759 2851 3812 esset

410 3818 605 3878 forma
632 3822 889 3895 alicujus
916 3825 1187 3895 corporis
1214 3842 1229 3882 ε
1263 3827 1425 3898 quia,
1460 3840 1597 3885 cum
1627 3842 1700 3884 ex
1729 3827 1920 3885 soi-ma
1943 3833 1999 3884 et
2020 3828 2268 3884 materia
2298 3825 2402 3883 fiat
2435 3840 2641 3888 unum,
2674 3839 2851 3896 opor·

407 3892 522 3970 ²9².
560 3891 675 3948 uod
710 3893 900 3972 forma
926 3896 1238 3967 participet
1265 3895 1490 3968 aliquid
1522 3898 1596 3955 de
1632 3904 1845 3956 natura
1872 3900 2003 3971 ojus
2030 3898 2205 3970 cuius
2238 3904 2330 3954 est
2375 3898 2586 3955 fornia.
2623 3900 2848 3968 impos-

408 3905 586 4019 sibffe
614 3966 704 4020 est
732 3966 916 4036 igitur
957 3965 1322 4049 intellectum
1368 3969 1721 4038 possibilem
1768 3983 1903 4027 esse
1953 3968 2225 4027 mixtum,
2253 3970 2511 4039 corpori,
2559 3974 2665 4025 aut
2708 3979 2846 4026 esse

403 4034 627 4098 actum,
660 4044 767 4091 seu
799 4037 1050 4093 formam
1080 4037 1334 4109 alicuius
1367 4041 1659 4109 corpor-ie.

477 4101 698 4180 Adhuc,
725 4103 778 4161 si
811 4113 975 4186 esset
1005 4108 1195 4166 forma
1238 4109 1495 4179 alicujus
1544 4112 1815 4183 corporis
1843 4110 2193 4179 materialis,
2227 4115 2390 4168 esset
2436 4108 2709 4181 ejusdem
2740 4122 2845 4192 ge-

407 4182 573 4230 neris
620 4179 880 4300 receptio
929 4177 1111 4250 huius
1162 4179 1503 4239 intellectus
1550 4187 1610 4238 et
1655 4182 1914 4252 receptio
1962 4183 2225 4240 materiae
2268 4182 2496 4254 primae.
2566 4180 2625 4238 ld
2680 4192 2847 4240 enim

407 4241 568 4322 quod
599 4246 692 4299 est
716 4258 750 4325 a
778 4247 972 4319 iquus
998 4251 1272 4332 corporis
1301 4252 1492 4333 forma
1525 4265 1647 4310 non
1680 4254 1886 4333 recipit
1912 4252 2157 4334 ‘aliquid
2210 4252 2439 4326 absque
2486 4266 2598 4309 sua
2654 4258 2847 4310 mate-

405 4325 516 4394 ria.
545 4314 787 4373 Materia
813 4324 1012 4376 autem
1037 4334 1227 4392 prima
1254 4325 1462 4394 recipit
1489 4323 1713 4380 formas
1742 4323 2161 4386 individuates,
2204 4323 2327 4380 imo
2444 4337 2473 4378 r
2519 4322 2633 4379 hoc
2683 4321 2841 4380 indi·

405 4383 734 4445 viduantur
769 4389 935 4457 quod
979 4396 1124 4451 sunt
1165 4392 1232 4452 in
1282 4393 1550 4455 materia.
1597 4393 1942 4454 Intellectus
1974 4394 2161 4469 igitur
2186 4394 2355 4469 possi
2401 4393 2505 4452 ilis
2540 4393 2837 4467 reciperet
