3076 5025
1068 287 1201 342 us.
1240 287 1312 354 11,
1353 286 1505 344 εΑΡ.
1543 261 1736 341 xm(
1819 257 1828 264 ’
2520 283 2628 337 ise

187 400 304 458 hoc
335 400 523 474 igitur
552 406 648 459 est
678 400 985 460 distinctio
1014 403 1075 460 in
1101 403 1280 461 rebus
1309 402 1547 470 creatis,
1574 408 1641 460 ut
1664 400 1987 474 perfectius
2015 399 2122 457 Dei
2158 399 2618 460 similitudinem

185 476 640 543 consequantur
670 486 773 543 per
801 472 987 529 multa
1015 488 1191 547 quam
1225 488 1330 545 per
1359 486 1565 530 unum.

253 543 477 623 Aciliae,
506 549 730 613 quanto
757 542 982 614 aliquid
1013 545 1075 601 in
1100 546 1373 617 pluribus
1398 550 1492 601 est
1520 546 1645 600 Deo
1673 542 1892 614 simile,
1943 547 2110 600 tanto
2198 541 2481 623 erfectius
2538 543 2615 601 ad

188 612 318 685 eJus
342 612 801 672 similitudinem
840 614 1088 673 accedit.
1121 619 1186 672 ln
1216 619 1339 673 Deo
1366 621 1566 673 autem
1596 620 1687 672 est
1712 614 1949 672 bonitas
1977 618 2035 671 ει
2063 613 2120 671 ιιι
2177 625 2310 670 ιιειο
2329 613 2616 672 bonitatis

185 683 248 742 in
273 683 415 741 alia.
445 684 769 741 perfectius
798 684 982 756 igitur
1009 685 1350 744 acceditres
1379 691 1582 743 creata
1606 685 1683 743 ad
1711 685 1815 741 Dei
1859 683 2335 752 similitudinem,
2386 684 2439 742 si
2490 696 2613 743 non

186 753 387 813 solum
409 753 566 811 bona
587 759 698 823 est,
730 755 836 813 sed
864 756 1039 815 etiam
1073 756 1145 815 ad
1179 757 1505 814 bonitatem
1546 756 1799 814 aliorum
1846 769 2024 828 agere
2070 759 2286 826 potest,
2366 766 2501 811 uam
2557 756 2613 813 si

184 824 385 883 solum
417 825 479 880 in
506 838 574 883 se
601 823 759 882 bona
783 832 943 884 esset
965 846 980 897 ;
1002 828 1162 887 sicut
1194 828 1456 885 similius
1496 834 1591 886 est
1635 825 1754 886 soli
1801 826 1962 897 quod
2003 826 2162 882 lucet
2198 831 2256 882 et
2309 825 2328 881 i
2360 825 2613 883 luminat

186 909 365 969 quam
392 896 551 966 quod
581 895 1015 966 lucettantum.
1044 901 1177 958 Nou
1214 905 1410 956 autem
1433 903 1640 969 posset
1667 903 1940 955 creatura
1975 895 2049 953 ad
2093 895 2421 953 bonitatem
2467 894 2613 954 altc-

185 965 314 1025 rius
343 970 631 1024 creaturae
657 981 831 1039 agere
884 969 1003 1026 nisi
1034 975 1197 1029 esset
1219 971 1281 1027 in
1311 969 1493 1027 rebus
1520 968 1738 1025 creatis
1766 966 2080 1038 pluralitas
2105 971 2165 1022 et
2189 965 2567 1038 inaequalitas
2591 984 2609 1036 ς

184 1036 331 1111 quia
355 1050 543 1118 agens
573 1044 664 1094 est
690 1010 854 1119 eliud
873 1053 912 1097 a
937 1041 1198 1111 patiente
1222 1045 1283 1098 et
1313 1039 1729 1098 honorabilius
1756 1051 1851 1096 eo.
1875 1036 2146 1118 oportuit
2174 1036 2475 1118 igiturffid
2498 1037 2615 1096 hoc

186 1107 344 1235 ‘1¹qu
377 1121 440 1188 ιιι
467 1114 758 1235 ειεειυιιιε
781 1116 942 1168 esset
967 1112 1231 1183 perfecta
1243 1112 1347 1169 Dei
1375 1110 1655 1180 imitatio,
1684 1108 1846 1183 quod
1875 1108 2093 1166 diversi
2124 1106 2348 1179 gradus
2371 1120 2438 1164 ιιι
2457 1119 2619 1166 crea·

213 1192 343 1236 uris
376 1191 686 1236 inveniren
720 1194 807 1236 ur.

257 1249 411 1316 uem,
450 1250 621 1320 plura
648 1249 813 1308 bona
837 1265 959 1309 uno
983 1251 1145 1310 bono
1172 1252 1343 1311 finito
1371 1256 1516 1310 sunt
1538 1249 1826 1320 meliorem
1857 1248 2079 1308 habent
2106 1248 2268 1307 enim
2304 1246 2420 1306 hoc
2447 1252 2508 1305 et
2535 1248 2610 1307 ad

186 1319 315 1378 haec
341 1319 622 1390 amplius.
655 1321 864 1379 Omnis
892 1328 1089 1381 autem
1119 1330 1402 1382 creaturae
1431 1322 1670 1380 bonitas
1688 1320 1859 1379 finita
1880 1324 2108 1388 est;est
2134 1320 2297 1376 enim
2326 1317 2614 1377 deficiens

187 1390 259 1448 ab
290 1389 529 1447 infinita
556 1390 659 1449 Dei
690 1391 975 1451 bonitate.
1011 1393 1335 1453 perfectius
1371 1400 1463 1452 est
1492 1394 1677 1465 igitur
1705 1392 2051 1450 universum
2077 1396 2504 1459 creaturarum,
2555 1389 2608 1447 si

188 1464 329 1518 sunt
363 1461 583 1532 plures,
615 1476 793 1543 quam
824 1463 874 1521 si
906 1470 1071 1522 esset
1112 1478 1270 1523 unus
1302 1470 1532 1522 tantum
1577 1462 1802 1535 gradus
1845 1475 2068 1520 rerum.
2123 1461 2371 1519 Summo
2412 1466 2616 1520 autem

188 1533 357 1589 Bono
388 1538 670 1602 competit
690 1532 882 1592 facere
910 1535 1068 1608 quod
1099 1535 1319 1594 melius
1347 1542 1458 1596 est.
1486 1537 1643 1607 Ergo
1665 1533 2032 1592 conveniens
2056 1531 2112 1591 ei
2140 1531 2257 1591 fuit
2299 1537 2365 1590 ut
2409 1533 2615 1604 piures

190 1602 413 1660 faceret
439 1607 845 1662 creaturarum
875 1607 1118 1677 graduS.

254 1673 475 1736 Adhuc,
507 1671 746 1732 bonitas
772 1676 992 1747 speciei
1039 1676 1270 1735 excedit
1305 1676 1632 1736 bonitatem
1687 1673 2002 1744 individui,
2050 1673 2210 1734 sicut
2255 1674 2505 1733 formale
2552 1674 2616 1734 id

191 1744 347 1825 quod
379 1748 475 1801 est
503 1745 826 1803 materiale.
851 1748 1040 1820 Magis
1064 1748 1249 1820 igitur
1274 1747 1441 1806 addit
1466 1749 1542 1807 ad
1590 1747 1917 1807 honitatem
1967 1745 2263 1825 universi·
2288 1744 2614 1805 multitudo

190 1828 526 1886 specierum
555 1830 733 1888 quam
763 1818 1086 1876 multitudo
1113 1818 1559 1877 individuorum
1585 1818 1646 1876 in
1677 1831 1799 1876 una
1817 1816 2038 1889 specie.
2064 1818 2199 1874 Esti
2270 1821 2369 1873 tur
2396 1815 2466 1874 ad
2489 1830 2616 1888 per·

189 1885 512 1943 sectionem
543 1887 805 1945 universi
832 1889 1159 1960 pertinens,
1194 1902 1314 1947 non
1345 1889 1546 1948 solum
1571 1889 1725 1963 quod
1755 1889 1945 1946 muita
1963 1888 2087 1945 sint
2126 1886 2191 1943 in
2237 1887 2457 1955 ividua,
2505 1886 2611 1946 sed

190 1956 502 2083 quodbsint
530 1958 710 2015 etiam
737 1958 985 2019 diversae
1010 1973 1210 2018 rerum
1238 1960 1473 2033 species
1504 1966 1586 2030 ,et
1612 1973 1719 2033 per
1744 1969 2124 2032 consequens
2146 1956 2365 2017 diversi
2391 1958 2617 2031 gradus

191 2040 257 2084 ιιι
284 2041 347 2084 re
396 2039 488 2085 us.

256 2098 411 2165 Item,
438 2110 617 2154 omne
640 2100 800 2171 quod
828 2101 952 2174 agit
977 2115 1083 2172 per
1110 2100 1500 2171 intellectum,
1533 2103 1917 2173 repraesentat
1963 2100 2226 2172 speciem
2254 2098 2350 2158 sui
2377 2097 2614 2158 intelle-

189 2173 324 2226 ctus
352 2169 415 2224 in
438 2182 500 2224 re
530 2168 720 2239 sactu
756 2172 846 2229 sic
864 2171 1034 2231 enim.
1054 2185 1241 2244 agens
1270 2172 1386 2230 sibi
1416 2186 1522 2245 per
1551 2178 1737 2231 artem
1764 2171 1908 2233 facit
1931 2171 2150 2229 simile.
2198 2172 2354 2227 Deus
2410 2175 2611 2229 autem

191 2238 332 2297 fecit
366 2245 700 2297 creaturam
730 2249 795 2299 ut
821 2256 1006 2314 agens
1032 2256 1138 2313 per
1164 2242 1555 2310 intellectum,
1584 2250 1644 2300 et
1685 2254 1807 2299 non
1839 2255 1947 2313 per
1974 2240 2391 2298 necessitatem
2442 2245 2615 2300 natu-

189 2323 290 2375 rte,
314 2314 380 2367 ut
410 2323 587 2391 supra
618 2309 690 2381 (c.
715 2313 805 2384 23)
832 2318 1142 2371 ostensum
1172 2317 1283 2371 est.
1314 2313 1557 2383 Species
1584 2312 1603 2368 i
1655 2311 1770 2368 'tur
1796 2310 2136 2369 intellectus
2163 2310 2346 2367 divini
2398 2324 2613 2382 reprae·

188 2385 463 2439 sentatur
491 2395 553 2437 in
584 2390 852 2441 creatura
881 2397 986 2455 per
1018 2384 1216 2454 ipsum
1246 2383 1421 2440 sacta.
1453 2383 1600 2439 Intel
1630 2388 1798 2441 ectus
1824 2387 2021 2440 autem
2051 2381 2240 2439 multa
2269 2381 2614 2461 intelligens

188 2464 314 2510 non
351 2450 723 2510 sufficienter
751 2467 812 2509 re
860 2455 1208 2510 rae‘sentatur
1234 2453 1297 2509 in
1339 2465 1462 2510 uno
1510 2458 1762 2511 tantum.
1804 2452 1998 2521 Quum
2051 2452 2234 2524 igitur
2277 2451 2622 2511 intellectus

188 2521 432 2581 divinus
456 2522 645 2579 multa
675 2523 816 2581 intel
846 2525 988 2596 igat,
1020 2531 1083 2580 ut
1110 2523 1424 2596 probatum
1445 2530 1538 2582 est
1565 2524 1627 2596 (Ι.
1652 2538 1695 2594 ι,
1725 2538 1778 2582 c.
1818 2527 1888 2580 55
1932 2528 1994 2581 ει
2022 2522 2244 2596 praec.)‚
2294 2523 2618 2593 perfectius

189 2594 459 2665 seipsum
494 2600 898 2663 repraesentat,
921 2596 973 2653 si
995 2595 1197 2666 plures
1220 2595 1640 2653 universorum
1665 2593 1960 2667 graduum
1979 2598 2283 2652 creaturas
2306 2592 2616 2674 producat,

188 2678 365 2737 quam
399 2664 450 2720 si
478 2677 663 2721 unum
692 2670 919 2722 tantum
944 2666 1345 2737 produxisset.
1392 2705 1417 2728 .

252 2734 538 2805 Amplius,
570 2736 734 2805 operi
765 2750 801 2793 a
826 2748 1063 2794 summo
1089 2735 1250 2793 bono
1279 2732 1504 2793 artifice
1533 2734 1692 2793 facto
1717 2747 1838 2792 non
1878 2733 2083 2793 debuit
2125 2733 2337 2790 deesse
2382 2746 2622 2792 summa

185 2805 499 2877 perfectio.
533 2805 647 2862 Sed
670 2805 893 2863 bonum
927 2806 1158 2865 ordinis
1187 2807 1562 2865 diversorum
1593 2812 1686 2864 est
1711 2804 1929 2863 meiius
1959 2802 2227 2880 quolibet
2254 2803 2491 2862 illorum
2521 2818 2617 2863 or-

184 2876 532 2935 dinatorum
564 2889 668 2946 per
695 2889 763 2934 se
790 2883 1066 2949 sumpt03
1090 2882 1183 2935 est
1211 2878 1371 2934 enim
1400 2875 1649 2934 formale
1692 2881 1964 2947 respectu
2014 2875 2413 2949 singularium
2460 2874 2619 2934 sicut

223 2945 474 3004 erfectio
507 2948 691 3003 totius
721 2954 994 3019 respectu
1022 2948 1301 3019 partium.
1333 2951 1465 3006 Non
1494 2946 1700 3005 debuit
1723 2959 1865 3018 ergo
1894 2946 2116 3005 bonum
2172 2946 2404 3004 ordinis
2452 2946 2618 3018 operi

234 3017 289 3074 ei
317 3017 553 3075 deesse.
581 3017 705 3075 Hoc
732 3026 931 3076 autem
959 3018 1185 3076 bonum
1214 3032 1351 3077 csse
1380 3032 1501 3075 non
1568 3023 1753 3088 osset,
1786 3018 1838 3075 si
1866 3018 2182 3076 diversitas
2203 3023 2261 3074 et
2307 3016 2618 3090 inaequali-

182 3093 281 3145 tas
315 3092 724 3146 creaturarum
754 3102 878 3147 non
910 3089 1145 3148 fuisset.
1177 3092 1279 3147 Est
1303 3090 1486 3162 igitur
1552 3089 1828 3147 iversitas
1854 3094 1913 3146 et
1939 3089 2319 3162 inaequalitas
2349 3089 2411 3144 in
2439 3089 2618 3147 rebus

184 3160 431 3227 ειεειιε,
464 3171 588 3215 non
618 3173 654 3215 a
681 3173 849 3229 casu,
880 3173 1001 3218 non
1030 3166 1272 3231 propter
1293 3160 1556 3218 materiae
1586 3159 2012 3229 diversitatem,
2034 3172 2156 3217 non
2183 3164 2422 3231 propter
2441 3159 2618 3216 inter-

184 3234 438 3286 ventum
461 3230 797 3302 aliquarum
827 3244 1146 3289 causarum
1167 3231 1257 3288 vel
1279 3232 1651 3299 meritorum,
1670 3230 1774 3287 sed
1794 3244 1867 3287 ex
1892 3230 2132 3301 propria
2148 3229 2619 3298 Deiintentione‚

181 3300 622 3371 perfectionem
665 3306 952 3360 creaturae
995 3301 1134 3359 dare
1177 3302 1456 3369 volentis,
1486 3302 1724 3374 qualem
1753 3300 2044 3371 possibile
2064 3306 2187 3359 erat
2215 3313 2346 3357 eam
2381 3300 2617 3356 habere.

252 3370 409 3428 Hinc
438 3371 713 3444 estquod
744 3371 964 3430 dicitur
994 3392 1007 3428 :
1046 3371 1203 3430 Vidit
1227 3375 1371 3428 Deus
1399 3376 1594 3427 cuncta
1660 3386 1742 3426 uae
1762 3373 1985 3441 fecerat,
2012 3376 2066 3427 et
2101 3375 2260 3427 erant
2284 3370 2444 3427 valde
2485 3369 2627 3426 bonoe

205 3443 378 3509 Gen„
407 3454 449 3505 1,
473 3445 588 3522 31),
611 3455 796 3523 quum
826 3442 900 3500 de
930 3443 1190 3571 sinffiulis
1216 3442 1465 3523 dixisset
1493 3388 1655 3512 ιιιιοιῖἶ
1666 3446 1792 3498 sunt
1826 3442 2001 3524 bcna3
2031 3441 2175 3514 quia
2209 3441 2453 3513 singula
2491 3440 2625 3512 qui-

221 3526 321 3569 em
352 3522 588 3569 suntin
616 3525 746 3570 suis
777 3519 1012 3571 naturis
1082 3527 1218 3582 ona,
1250 3514 1663 3572 simulantem
1706 3524 1912 3570 omnia
1955 3513 2127 3570 valde
2180 3512 2340 3570 hona
2427 3514 2623 3580 ropter

180 3582 462 3641 ordinem
494 3582 921 3729 ulntiverstiffiui
940 3588 1030 3645 est
1050 3584 1262 3643 ultima
1282 3590 1339 3642 ct
1362 3583 1748 3644 nobilissima
1768 3583 2055 3657 perfectio
2078 3583 2142 3642 in
2166 3582 2367 3642 renue.
2410 3583 2433 3639 1
2445 3585 2619 3654 part„

1156 3855 1411 3923 CAPUT
1446 3856 1657 3924 XLVI.

322 4035 479 4090 QUOD
507 4035 794 4083 oron‘rtm·
818 4035 899 4081 An
938 4034 1379 4085 antomon!
1402 4037 1686 4086 omnust
1719 4037 1862 4087 8888
1885 4035 2160 4092 -moms
2197 4035 2471 4088 numus

1152 4123 1679 4173 Immotum&

245 4288 375 4347 Hac
401 4288 595 4416 ciffum
623 4287 915 4368 existente
942 4299 1129 4347 causa
1155 4286 1523 4346 diversitatis
1553 4287 1624 4369 in
1667 4287 1870 4369 relius,
1917 4292 2310 4369 restat-nunc
2347 4288 2421 4347 de
2469 4290 2623 4363 ipsis

170 4359 364 4419 rebus
443 4363 709 4438 istinctis
730 4359 1033 4439 prosequi,
1066 4363 1356 4432 quantum
1384 4357 1460 4415 ad
1488 4356 1628 4415 fidei
1652 4364 1954 4441 veritstem
1980 4364 2237 4430 pertinet
2261 4378 2276 4430 ;
2311 4360 2474 4441 quod
2500 4365 2628 4441 erat

171 4430 426 4491 tertium
457 4443 498 4488 a
525 4427 703 4486 nohis
728 4433 1196 4502 propositorum.
1229 4431 1296 4487 Et
1324 4429 1715 4489 ostendemus
1741 4443 1936 4502 primo
1964 4430 2126 4505 quod
2157 4445 2231 4489 ex
2268 4430 2470 4489 divina
2503 4430 2630 4487 dis-
