3076 5025
477 341 583 396 426
1343 328 1477 383 ΗΒ.
1515 327 1614 393 111,
1654 326 1808 382 GAP.
1849 323 2048 379 cxxii.

549 459 763 520 Adhuc.
785 456 944 514 sicut
983 465 1159 510 mens
1204 448 1471 509 hominis
1512 448 1825 506 ordinatur
1872 445 1984 504 sub
2015 447 2157 526 Deo,
2186 443 2272 501 ita
2310 455 2530 514 corpus
2560 439 2676 498 sub
2702 440 2917 522 'anima

483 530 814 595 ordinatur,
848 530 907 583 et
947 523 1268 582 inferiores
1307 521 1467 579 vires
1515 517 1631 578 sub
1676 517 1929 597 ratione..
1982 518 2242 574 Pertinet
2284 518 2486 594 autem
2529 511 2631 593 ad·
2658 509 2915 593 divinam

483 597 940 674 providentiam,
969 594 1144 666 cujus
1192 590 1434 665 quidem
1479 590 1656 658 ratio,
1684 588 1918 646 homini
1963 601 2009 667 a·
2045 589 2165 667 Deo
2212 598 2322 666 pro
2365 588 2543 651 osita,
2574 581 2783 663 divina
2826 581 2916 639 lex

479 678 597 741 est,
627 674 693 728 ut
719 667 965 739 singula
1009 677 1189 723 suum
1238 661 1511 720 ordinem
1559 664 1820 717 teneant.
1852 659 1956 714 Est
1992 661 2178 730 igitur
2204 669 2294 714 sic
2365 667 2507 712 omo
2546 651 2914 734 ordinandus

477 741 617 814 lege
666 738 888 805 divina,
919 741 982 794 nt
1025 733 1348 792 interiores
1396 732 1557 789 vires
1597 729 1816 811 rationi
1857 727 2209 810 subdantur,
2239 730 2300 784 et
2342 737 2565 796 corpus
2599 737 2841 792 ammae,
2864 728 2953 781 et·

485 811 812 873 exteriores
839 820 939 865 res
970 805 1040 863 ad
1075 803 1498 861 necessitatem
1526 802 1755 859 homini
1790 799 2147 857 deserviant.
2486 853 2492 858 ,
2544 865 2558 877 ·

555 882 832 950 Amplius,
863 875 1144 958 quaelibet
1169 874 1266 932 lex
1291 879 1450 931 recte
1477 871 1790 944 proposita
1816 869 2047 926 inducit
2072 868 2148 926 ad
2173 867 2470 926 virtutem.
2490 867 2696 947 Virtus
2726 870 2918 924 autem

481 952 553 1011 in
579 951 696 1010 hoc
722 948 1004 1007 consistit
1020 945 1180 1019 quod
1208 950 1328 1002 tam
1357 943 1675 1000 interiores
1703 939 2261 1020 affectiones'quam
2288 935 2696 1009 corporalium
2728 949 2919 994 rerum

487 1035 640 1081 usus
670 1020 899 1078 ratione
926 1017 1290 1090 regulentur.
1318 1016 1420 1071 Est
1445 1013 1633 1086 igitur
1650 1013 1768 1070 hoc
1800 1011 1932 1083 lege
1957 1010 2160 1067 divina
2184 1007 2589 1067 statuendum.
2835 1077 2849 1086 ·

559 1096 846 1153 Praeterea,
877 1088 954 1146 ad
1001 1098 1490 1167 unumquemque
1527 1083 1934 1156 legislatorem
1956 1079 2212 1152 pertinet
2238 1078 2666 1160 legestatuere
2694 1090 2773 1134 ea
2800 1090 2919 1134 sine

495 1163 718 1236 quibus
771 1160 868 1217 lex
917 1158 1218 1216 observari
1272 1169 1396 1212 non
1433 1159 1652 1227 potest.
1703 1154 1898 1222 Quum
1938 1156 2137 1209 autem
2166 1149 2263 1208 lex
2286 1153 2504 1230 rationi
2532 1153 2919 1229 proponatur,

487 1233 676 1292 homo
723 1232 917 1302 legem
948 1242 1072 1286 non
1115 1241 1180 1286 se
1227 1231 1467 1284 ueretur
1493 1224 1613 1283 nisi
1644 1223 1763 1282 alia
1801 1223 2008 1282 omnia
2074 1234 2165 1302 uae
2192 1225 2494 1300 pertinent
2516 1218 2591 1276 ad
2622 1218 2923 1276 hominem

489 1302 709 1363 rationi
742 1299 1157 1359 subderentur.
1234 1297 1450 1353 ertinet
1469 1295 1657 1367 igitur
1684 1295 1758 1352 ad
1791 1293 1983 1366 legem
2093 1305 2291 1349 vinam
2318 1304 2644 1363 praecipere
2687 1295 2763 1347 ut
2818 1301 2925 1346 om·

492 1374 597 1434 nia
621 1386 756 1445 quae
785 1385 902 1429 sun
933 1367 1199 1427 hominis
1230 1365 1449 1425 rationi
1479 1365 1839 1423 subdantur.
2416 1407 2421 1411 .

564 1443 714 1502 Hinc
759 1447 851 1499 est
894 1439 1054 1512 quod
1100 1437 1353 1497 dicitur:
1383 1436 1728 1494 Ratioeeabz‘le
1754 1436 2066 1504 obsequium
2091 1436 2332 1489 vestrum
2378 1430 2573 1503 (Rom,
2600 1443 2689 1490 ΧΠ
2722 1429 2804 1503 1);
2835 1434 2920 1487 et:

483 1514 618 1574 Haec
643 1517 722 1570 est
744 1514 997 1568 voluntas
1015 1512 1134 1579 Dei,
1164 1510 1525 1578 sanctificatio
1551 1511 1751 1562 vestra.
1788 1505 1841 1577 (Ι
1866 1505 2076 1574 Thess„
2101 1515 2190 1584 JV,
2219 1502 2295 1584 3.)
2422 1572 2434 1584 ·

569 1586 682 1642 Per
707 1581 823 1642 boc
854 1587 1052 1639 autem
1081 1577 1419 1637 excluditur
1445 1575 1843 1651 quorumdam
1870 1588 2036 1632 error
2055 1573 2381 1656 dicentium
2417 1570 2525 1631 illa
2566 1571 2778 1631 solum
2808 1584 2923 1629 esse

491 1658 757 1728 peccata,
788 1651 1008 1726 quibus
1034 1650 1347 1724 proximus
1367 1652 1470 1708 aut
1494 1646 1820 1706 offenditur
1846 1651 1950 1703 aut
1975 1644 2435 1712 scandalizatur.

1441 1867 1698 1930 CAPUT
1748 1865 1987 1929 CXXII.

497 2041 619 2098 Qua
667 2039 925 2089 RATIONE
970 2036 1323 2086 rotumum
1357 2035 1611 2083 smmx
1652 2035 1963 2082 smmum
1987 2035 2183 2080 mm
2208 2032 2461 2080 mvmffl
2512 2033 2615 2079 snt
2635 2033 2931 2081 mecam

1135 2126 1211 2171 ET
1237 2125 1389 2178 QUOD
1406 2123 1830 2170 MATRIMONIUM
1852 2124 1943 2168 SIT
1962 2122 2294 2168 Narniam.

573 2284 652 2339 Ex
681 2280 798 2339 hoc
827 2283 1024 2337 autem
1053 2283 1295 2350 apparet
1321 2292 1536 2336 vanam
1571 2290 1707 2335 csse
1745 2276 2140 2335 assertionem
2168 2276 2563 2349 quorumdam
2607 2277 2929 2337 dicentium

501 2351 962 2411 fornicationem
1004 2349 1335 2421 simplicem
1369 2362 1493 2406 non
1523 2362 1658 2406 esse
1684 2352 2030 2429 peccatum3
2061 2348 2271 2406 dicunt
2299 2348 2457 2405 enim
2496 2367 2509 2404 :
2538 2348 2599 2405 Si
2630 2349 2715 2407 sit
2740 2349 2931 2430 aliqua

499 2422 721 2480 mulier
758 2436 795 2479 a
839 2421 969 2478 viro
998 2420 1216 2483 soluta.
1244 2433 1376 2493 quae
1423 2418 1536 2476 sub
1560 2418 1789 2476 nullius
1818 2423 2133 2490 potestate,
2173 2423 2239 2475 ut
2278 2418 2485 2489 patris,
2535 2419 2627 2475 vel
2678 2419 2929 2491 alicmus

503 2493 752 2552 alterius
780 2490 1017 2561 existat,
1045 2490 1098 2549 si
1128 2489 1266 2564 quis
1297 2491 1372 2549 ad
1401 2503 1532 2548 eam
1556 2490 1801 2547 accedat
1829 2504 1901 2546 ea
1925 2489 2183 2558 volente,
2210 2502 2332 2547 non
2354 2488 2496 2547 facit
2514 2487 2608 2547 illi
2633 2489 2928 2571 injuriam,

504 2564 648 2646 quia
676 2563 790 2622 sibi
822 2562 1015 2634 placet
1045 2566 1104 2619 et
1126 2562 1221 2618 sui
1269 2560 1540 2632 corporis
1586 2559 1765 2617 habet
1813 2566 2205 2631 potestatem3
2242 2559 2413 2640 alteri
2444 2573 2568 2617 non
2601 2561 2750 2618 facit
2790 2561 2931 2634 inju-

499 2648 677 2705 riam,
708 2633 852 2707 quia
879 2632 993 2691 sub
1023 2632 1250 2690 nullius
1296 2637 1592 2703 potestate
1641 2630 1882 2702 ponitur
1922 2645 2079 2690 esse.
2118 2633 2248 2687 Non
2293 2630 2527 2688 videtur
2572 2631 2767 2704 igitur
2812 2646 2931 2690 esse

546 2710 837 2762 eccatum.
2160 2732 2167 2737 ,

502 2718 542 2777 p
573 2778 707 2833 Non
757 2772 992 2830 videtur
1017 2777 1216 2831 autem
1247 2786 1382 2831 esse
1407 2771 1727 2843 responsio
1757 2771 2087 2841 sufficienS,
2119 2770 2172 2830 si
2222 2771 2360 2852 quis
2386 2770 2546 2829 dicat
2602 2774 2772 2845 quod
2804 2775 2932 2833 facit

501 2844 787 2917 iniuriam
832 2845 974 2900 Deo.
1006 2843 1140 2900 Non
1183 2844 1344 2901 enim
1371 2845 1531 2900 Deus
1561 2857 1599 2899 a
1631 2841 1806 2900 nobis
1834 2840 2159 2900 offenditur
2185 2841 2307 2899 nisi
2338 2856 2411 2899 ex
2434 2856 2506 2901 eo
2532 2842 2703 2915 quod
2718 2851 2932 2903 *contra

503 2920 779 2973 nostrum
806 2912 1034 2971 bonum
1057 2915 1315 2986 agimus,
1342 2918 1408 2971 ut
1435 2912 1661 2970 dictum
1689 2917 1781 2971 est
1808 2911 1962 2985 (cap.
1994 2912 2138 2984 121).
2166 2913 2290 2970 Hoc
2315 2916 2516 2970 autem
2542 2927 2671 2971 non
2696 2930 2773 2987 ap
2854 2920 2930 2972 ret

506 2998 643 3066 esse
674 3055 685 3065 ·
717 2987 927 3110 ⁰3²¹&
989 2983 1259 3042 hominis
1324 2982 1553 3042 bonum
1574 3025 1594 3053 ,
1647 2982 1805 3040 unde
1876 2997 1950 3040 ex
2000 2981 2118 3041 hoc
2173 2996 2297 3040 non
2320 2982 2553 3041 videtur
2580 2985 2713 3043 Deo
2808 2988 2932 3060 iqua

597 3069 729 3112 uria
807 3068 916 3110 eri.

503 3068 863 3182 ω’,δίιῃίιίῑθῐ
909 3124 1087 3182 etiam
1139 3137 1263 3182 non
1290 3122 1523 3181 videtur
1550 3121 1863 3181 sufficiens
1891 3123 2210 3205 responsio
2277 3122 2395 3182 nod
2416 3139 2522 3197 per
2548 3123 2672 3183 hoc
2710 3127 2821 3185 fiat
2845 3127 2925 3184 in-

496 3195 663 3268 iuria
688 3194 962 3266 proximo
990 3195 1093 3267 qui
1123 3192 1580 3253 scandalizatur.
1602 3193 2079 3266 Contingitenlm
2100 3195 2172 3253 de
2202 3208 2239 3251 a
2264 3208 2406 3268 iquo
2422 3195 2584 3268 quod
2598 3197 2927 3255 secundum

507 3280 574 3324 se
613 3279 736 3322 non
770 3270 861 3322 est
907 3270 1215 3335 peccatum
1254 3264 1511 3336 aliquem
1544 3264 1958 3335 scandalizari,
2007 3265 2122 3323 etsi
2177 3265 2259 3323 sit
2299 3271 2610 3336 peccatum
2639 3281 2752 3337 per
2785 3269 2925 3326 acci·

506 3334 677 3463 densa.
709 3338 879 3392 Nunc
909 3339 1118 3460 (autem
1168 3348 1290 3392 non
1337 3335 1576 3407 agimus
1606 3348 1683 3392 an
1729 3334 2045 3393 fornicatio
2097 3336 2352 3408 simplex
2379 3336 2460 3395 sit
2484 3344 2805 3409 peccatum
2835 3352 2927 3411 per

506 3419 633 3464 acci
679 3418 787 3463 ens
839 3419 903 3463 se
1016 3419 1080 3461 er
1106 3420 1193 3463 se.

579 3449 821 3547 oporte’t
839 3419 1108 3548 igituprex
1125 3474 1537 3556 superioribus
1559 3475 1923 3534 solutionem
1941 3476 2525 3549 inquireretdictum
2564 3483 2659 3536 est
2707 3477 2863 3552 (cap.
2902 3483 2930 3535 6

507 3551 566 3603 et
589 3547 678 3618 40)
710 3545 870 3618 quod
919 3548 1075 3603 Deus
1116 3546 1592 3627 uniuscnjusque
1638 3560 1845 3605 curam
1890 3547 2068 3604 habet
2108 3547 2437 3606 secundum
2469 3548 2530 3605 id
2559 3549 2722 3621 quod
2756 3557 2852 3608 est
2878 3549 2927 3606 ei

503 3616 753 3673 honum.
787 3618 886 3673 Est
914 3621 1112 3673 autem
1141 3616 1367 3675 bonum
1402 3616 1875 3690 uniuscujusque
1916 3617 2076 3690 quod
2106 3617 2286 3675 finem
2317 3632 2496 3678 suum
2525 3626 2929 3692 consequatur

504 3688 732 3744 malum
753 3692 949 3742 autem
981 3686 1112 3758 ejus
1141 3691 1232 3744 est
1259 3687 1418 3760 quod
1447 3702 1483 3745 a
1511 3686 1709 3745 debito
1737 3687 1854 3745 fine
1876 3688 2144 3745 divertat.
2176 3688 2341 3747 Sicut
2369 3694 2565 3747 autem
2596 3689 2661 3746 in
2680 3697 2834 3761 toto,
2856 3691 2930 3748 ita

506 3762 566 3813 et
604 3758 666 3813 in
692 3756 960 3829 partibus
991 3756 1106 3815 hoc
1145 3757 1516 3815 considerari
1543 3763 1794 3830 oportet,
1831 3762 1891 3816 ut
1910 3759 2141 3816 scilicet
2166 3770 2541 3832 unaquaeque
2568 3773 2713 3830 pars
2744 3761 2929 3819 homi-

506 3827 604 3884 nis
648 3833 706 3884 et
748 3826 997 3900 quilibet
1027 3833 1197 3886 actus
1223 3828 1356 3901 ejus
1383 3827 1566 3885 finem
1596 3829 1860 3886 debitum
1892 3830 2196 3886 sortiatur.
2220 3831 2432 3888 semen
2461 3835 2684 3899 autem,
2712 3833 2831 3889 etsi
2860 3832 2931 3889 sit

506 3896 877 3969 superfluum
916 3901 1203 3970 qnantum
1256 3899 1329 3956 ad
1378 3899 1667 3956 individui
1699 3900 2234 3963 conservationem,
2272 3906 2362 3958 est
2407 3900 2462 3958 ei
2520 3903 2928 3960 necessarium

506 3972 795 4041 quantum
826 3967 898 4024 ad
969 3981 1075 4041 rop
1158 3964 1418 4027 ationem
1446 3969 1667 4041 speciei
1693 3989 1706 4027 ε
1732 3971 1854 4029 alia
1884 3985 2025 4028 vero
2052 3970 2356 4042 superflua
2374 3976 2441 4028 ut
2457 3971 2711 4044 egestio,
2736 3974 2929 4039 urina,

506 4037 693 4095 sudor
722 4045 779 4095 et
802 4038 939 4095 simi
967 4039 1046 4121 ia,
1076 3982 1157 4097 ἐξ
1176 4039 1328 4098 nihil
1349 4040 1871 4111 necessariasunt,
1886 4040 2043 4099 unde
2064 4041 2373 4099 adbonnm
2390 4041 2659 4100 hominis
2679 4044 2930 4114 pertinet

504 4106 704 4188 solnm
725 4108 885 4182 quod
917 4114 1281 4168 emittantur.
1311 4113 1446 4169 Non
1473 4117 1670 4169 autem
1693 4111 1808 4170 hoc
1837 4111 2034 4169 solum
2064 4112 2348 4186 quaeritur
2369 4112 2435 4169 in
2460 4113 2716 4181 semine,
2739 4113 2849 4172 sed
2874 4117 2933 4170 ut

504 4185 808 4236 emittatur
844 4179 918 4237 ad
968 4181 1376 4253 generationis
1419 4182 1757 4253 utilitatem,
1805 4182 1879 4240 ad
1909 4196 2088 4255 quam
2110 4183 2305 4242 coitus
2329 4182 2663 4241 ordinatur.
2690 4186 2932 4243 Frustra

504 4252 699 4305 autem
723 4256 885 4308 esset
905 4251 1171 4310 hominis
1195 4253 1528 4325 generatio,
1548 4253 1666 4312 nisi
1702 4252 1973 4311 etdebita
2000 4252 2247 4311 nutritio
2266 4260 2639 4335 sequeretur,
2662 4256 2812 4327 quia
2836 4269 2929 4327 ge-

502 4323 774 4376 neratum
801 4334 928 4378 non
955 4329 1348 4449 germaneret,
1382 4322 1579 4382 debita
1610 4323 1934 4384 nutritione
1963 4324 2285 4383 subtracta.
2318 4326 2415 4384 Sic
2443 4324 2631 4398 igitur
2649 4325 2926 4382 ordinata

502 4391 1132 4527 {geletseergtiligiasfioebet
1164 4393 1435 4468 emissio,
1464 4397 1532 4455 ut
1574 4395 1746 4469 sequi
1792 4393 1992 4468 possit
2018 4399 2078 4454 et
2104 4394 2411 4470 generatio
2450 4395 2826 4457 conveniens
2875 4402 2929 4451 et
