3076 5025
439 288 548 347 294
1299 283 1431 339 ΗΒ.
1468 281 1571 350 ΙΙΙ,
1609 282 1764 338 CAP.
1802 280 2004 338 xxvn.

441 408 553 537 ised
583 404 914 466 secundum
942 417 1212 465 sensum.
1245 406 1376 463 Non
1402 409 1495 462 est
1530 403 1717 477 igitur
1742 403 1806 461 in
1836 402 2057 461 talibus
2076 401 2573 461 delectationibus
2594 400 2874 472 ponenda

525 479 717 536 icitaS.

465 480 793 619 elAmplius,
823 560 1062 605 summa
1083 545 1370 628 perfectio
1396 545 1664 603 hominis
1692 558 1827 602 esse
1856 557 1982 601 non
2025 548 2223 615 potest
2263 544 2324 601 in
2364 543 2480 600 boc
2528 543 2690 616 quod
2734 555 2872 600 con-

436 620 711 695 jungitur
760 616 938 675 rebus
989 631 1057 674 se
1098 614 1454 697 inferiobu3‚
1481 616 1587 674 sed
1643 630 1748 687 per
1798 614 1912 672 hoc
1954 614 2115 743 qfluod
2162 613 2548 695 coniungitur
2571 614 2751 671 alicui
2780 613 2869 672 rei

445 689 665 758 altiori,
689 688 828 746 finis
869 687 1033 745 enim
1077 691 1170 745 est
1211 686 1425 744 mehor
1464 700 1537 743 eo
1606 686 1726 742 uod
1755 689 1848 742 est
1874 685 1948 743 ad
2019 698 2175 742 nem.
2204 685 2641 742 Delectationes
2671 690 2871 743 autem

443 760 773 834 praemissae
802 758 1144 816 consistunt
1169 756 1232 813 in
1262 757 1376 815 hoc
1404 757 1566 837 quod
1636 769 1775 813 omo
1805 755 2137 814 secundum
2164 768 2409 814 sensum
2462 755 2870 836 conjungitur.

451 829 753 904 aliquibus
782 842 848 887 se
873 826 1280 891 inferioribus,
1315 827 1544 885 scilicet
1570 826 1961 886 sensibilibus
1987 826 2372 899 quibusdam.
2406 828 2538 884 Non
2569 832 2659 884 est
2689 826 2872 899 igitur

441 902 508 960 in
538 900 760 958 talibus
788 897 1288 962 delectationibus
1331 897 1590 956 felicitas
1618 898 1914 979 ponenda.

513 971 789 1041 Amplius,
819 968 981 1042 quod
1003 981 1125 1026 non
1153 973 1244 1026 est
1270 967 1494 1026 bonum
1526 969 1645 1026 nisi
1677 968 2004 1026 secundum
2034 966 2195 1040 quod
2219 969 2314 1024 est
2346 968 2721 1025 moderatum
2747 978 2873 1024 non

443 1046 536 1100 est
562 1040 894 1099 secundum
921 1053 988 1098 se
1010 1038 1260 1108 bonum,
1293 1039 1399 1098 sed
1427 1039 1644 1110 accipit
1667 1038 1993 1096 bonitatem
2025 1053 2061 1095 a
2088 1036 2454 1096 moderante.
2487 1040 2644 1096 Usus
2674 1041 2872 1095 autem

441 1109 1368 1240 ἓῖἒέἐθὲἒῖἒᾞθῗὲὲῗὲῗῗὲὲέἓᾞ
1391 1108 2875 1252 &ll-'cssilnbi‘ssssssd'lssffi{⁰lt⁰3¹{{13{‘1g¹1¹¹23‘3⁶1{'{“l{i

451 1253 806 1311 lactationes
861 1252 1191 1309 secundum
1233 1264 1299 1308 se
1345 1250 1571 1309 bonum
1629 1251 1914 1308 hominis.
1960 1250 2133 1319 Quod
2175 1254 2374 1308 autem
2432 1254 2522 1307 est
2571 1260 2877 1308 summum

439 1322 668 1383 bonum
705 1328 817 1403 est⁶
841 1336 946 1394 per
987 1335 1054 1380 se
1088 1322 1336 1391 bonum,
1357 1323 1520 1402 ‚quia
1567 1321 1728 1449 (huod
1752 1335 1858 1393 per
1886 1335 1951 1379 se
1979 1321 2203 1379 bonum
2232 1325 2326 1378 est
2353 1321 2572 1379 melius
2595 1318 2878 1402 estquod

441 1400 539 1453 est
595 1408 701 1466 per
742 1393 925 1450 aliud.
965 1394 1097 1451 Non
1153 1397 1295 1450 sunt
1354 1391 1537 1465 igitur
1646 1394 1735 1450 les
1782 1391 2204 1450 delectationes
2254 1405 2556 1450 summum
2609 1391 2877 1449 hominis

447 1464 696 1526 bonum.
736 1464 893 1536 quod
925 1468 1017 1521 est
1045 1461 1319 1520 felicitas,
2600 1507 2611 1516 .

514 1537 667 1603 Item,
699 1535 759 1592 in
798 1534 1081 1592 omnibus
1098 1547 1229 1605 quae
1257 1546 1442 1604 perse
1462 1532 1762 1601 dicuntur,
1784 1532 2058 1604 sequitur
2076 1545 2170 1589 ma
2215 1532 2271 1590 is
2294 1532 2367 1590 ad
2398 1534 2614 1605 magm,
2656 1533 2707 1590 si
2730 1532 2877 1591 sim-

445 1604 681 1677 pliciter
708 1618 772 1662 se
821 1609 996 1662 uatur
1023 1604 1097 1660 ad
1125 1603 1514 1675 simpliciter;
1565 1602 1723 1660 sicut
1760 1602 2020 1661 calidum
2051 1604 2177 1661 cale
2242 1603 2343 1685 cit,
2378 1604 2573 1675 magis
2606 1603 2870 1662 calidum

446 1675 642 1747 magis
672 1675 797 1732 cale
827 1676 964 1744 acit,
997 1680 1053 1731 et
1071 1673 1328 1731 maxime
1357 1671 1617 1732 calidum
1632 1673 1886 1731 maxime
1910 1674 2299 1732 calefaciet.Si
2322 1674 2509 1746 igitur
2526 1673 2873 1732 delectatio-

447 1757 558 1802 nes
588 1746 913 1817 praemissae
942 1749 1148 1803 essent
1175 1744 1505 1802 secundum
1532 1758 1597 1802 se
1626 1745 1821 1813 bonae,
1846 1750 2142 1815 oporteret
2172 1744 2334 1817 quod
2362 1745 2617 1802 maxime
2643 1745 2729 1802 uti
2783 1743 2878 1804 eis

448 1822 610 1873 esset
634 1816 944 1887 optimum.
978 1817 1099 1873 Hoc
1127 1819 1323 1872 autem
1349 1819 1510 1886 patet
1528 1828 1664 1874 esse
1684 1815 1901 1872 falsum
1927 1834 1942 1885 ;
1970 1829 2108 1872 nam
2122 1814 2347 1873 nimius
2366 1829 2519 1873 usus
2549 1828 2755 1873 eorum
2782 1828 2878 1873 re-

445 1891 689 1967 putatur
716 1887 778 1942 in
807 1886 1017 1943 vitium
1046 1889 1106 1943 et
1128 1891 1221 1943 est
1244 1886 1423 1943 etiam
1472 1885 1709 1955 corpori
1735 1885 1953 1944 noxius
1997 1892 2056 1943 et
2090 1886 2383 1944 similium
2415 1886 2877 1945 delectationum

447 1956 850 2028 1mpeditivus.
901 1958 1032 2014 Non
1087 1960 1229 2032 sunt
1276 1956 1461 2027 igitur
1499 1970 1604 2027 per
1648 1969 1713 2012 se
1749 1956 1973 2014 bonum
2004 1956 2291 2015 hominis.
2325 1959 2394 2014 In
2423 1958 2513 2015 eis
2540 1958 2725 2030 igitur
2753 1967 2879 2014 non

447 2027 730 2086 consistit
757 2027 1018 2084 humana
1048 2025 1321 2084 felicitas.

516 2099 801 2161 Praeterea,
833 2103 1001 2155 actus
1027 2098 1313 2154 virtutum
1342 2102 1483 2154 sunt
1511 2096 1843 2156 laudabiles
1870 2112 1945 2154 ex
1974 2097 2089 2156 hoc
2121 2098 2283 2171 quod
2311 2097 2385 2156 ad
2411 2098 2756 2156 felicitatem
2786 2109 2879 2157 or-

425 2166 752 2226 dinantur.
816 2168 879 2225 Si
944 2167 1127 2240 igitur
1176 2167 1240 2224 in
1281 2166 1781 2225 delectationibus
1824 2168 2158 2239 praemissis
2207 2167 2565 2227 consisteret
2616 2170 2881 2229 bumana

431 2237 728 2308 felicitas,
760 2242 930 2295 actus
960 2238 1198 2296 virtutis
1222 2238 1416 2310 magis
1446 2245 1609 2296 esset
1628 2239 1947 2296 laudabilis
1972 2239 2032 2297 in
2064 2240 2401 2298 accedendo
2432 2240 2508 2298 ad
2534 2241 2648 2298 bas
2679 2240 2876 2298 delec-

449 2309 710 2367 tationes
752 2321 932 2381 quam
974 2309 1039 2390 in
1084 2308 1444 2367 abstinendo
1473 2309 1548 2366 ab
1574 2310 1687 2367 eis,
1718 2312 1839 2367 Boc
1870 2315 2065 2367 autem
2096 2316 2256 2382 patet
2280 2323 2416 2370 esse
2446 2311 2663 2368 falsum
2690 2330 2704 2381 ;
2737 2320 2876 2369 nam

451 2384 623 2437 actus
655 2384 1057 2451 temperantiae
1085 2380 1342 2437 maxime
1371 2379 1649 2438 laudatur
1670 2380 1731 2437 in
1754 2380 2107 2439 abstinendo
2130 2396 2165 2439 a
2193 2381 2691 2440 delectationibus
2719 2379 2880 2440 unde

452 2450 671 2578 ‘fml‘h'ctc
699 2449 1137 2508 denominatur.
1170 2452 1303 2508 Non
1329 2454 1421 2507 est
1445 2450 1631 2524 igitur
1658 2452 1721 2508 in
1740 2451 2236 2510 delectationibus
2255 2452 2587 2525 praemissis
2612 2452 2876 2511 hominis

479 2534 509 2579 e
537 2537 613 2578 101
643 2534 730 2579 as.
967 2531 972 2537 ·
1359 2556 1368 2571 ·

522 2592 800 2662 Amplius,
827 2591 967 2650 finis
996 2592 1245 2649 ultimus
1270 2591 1590 2664 cujuslibet
1615 2593 1696 2649 rei
1730 2595 1886 2650 Deus
1916 2598 2027 2662 est,
2078 2598 2143 2651 ut
2187 2608 2261 2651 ex
2306 2593 2634 2666 praemissis
2686 2593 2761 2666 (c.
2788 2593 2878 2668 18)

450 2667 632 2735 patet.
665 2662 819 2721 Illud
849 2662 1033 2735 igitur
1060 2667 1294 2734 oportet
1324 2663 1597 2720 ultimum
1620 2662 1797 2721 finem
1833 2664 2096 2722 hominis
2126 2665 2268 2736 poni
2298 2679 2404 2736 per
2428 2664 2591 2738 quod
2619 2664 2881 2724 maxime

451 2734 888 2806 appropinquat
909 2734 981 2790 ad
1008 2736 1213 2791 Deum.
1247 2736 1356 2790 Per
1380 2734 1695 2804 praedictas
1726 2740 1923 2792 autem
1954 2734 2382 2793 delectationes
2413 2735 2593 2792 homo
2633 2734 2881 2807 impedi-

451 2808 550 2861 tur
584 2818 617 2861 a
664 2805 923 2861 maxima
970 2804 1543 2876 appropinquatione
1569 2804 1641 2861 ad
1667 2808 1872 2873 Deum,
1904 2819 2034 2876 quae
2065 2805 2131 2862 fit
2156 2820 2262 2877 per
2286 2805 2877 2877 contemplationem,

449 2886 631 2946 quam
679 2875 933 2931 maxime
985 2875 1277 2945 praedictae
1325 2873 1753 2933 delectationes
1799 2875 2148 2946 impediunt,
2188 2881 2392 2948 utpote
2439 2877 2511 2934 ad
2564 2876 2883 2936 sensibilia

451 2945 710 3001 maxime
742 2943 1045 3001 hominem
1074 2945 1498 3017 immergentes
1551 2950 1605 3001 et
1660 2960 1765 3026 per
1816 2959 2192 3018 consequens
2249 2946 2327 3005 ab
2392 2946 2880 3018 intelligibilibus

455 3014 846 3140 retrahgntes.
869 3018 1000 3073 Non
1017 3020 1109 3073 est
1134 3015 1392 3088 igiturin
1409 3015 1904 3074 delectationibus
1921 3017 2332 3088 corporalibus
2348 3017 2598 3073 felicitas
2611 3018 2883 3077 bumana

495 3096 649 3142 onen
697 3098 750 3141 a.

451 3096 492 3158 p
521 3157 632 3211 Per
661 3156 773 3212 hoc
803 3159 1000 3212 autem
1031 3154 1367 3213 excluditur
1393 3169 1561 3213 error
1593 3156 2018 3227 Epicureorum
2048 3158 2110 3215 in
2137 3157 2236 3216 his
2265 3155 2667 3229 voluptatibus
2696 3158 2885 3218 felici-

450 3230 632 3284 tatem
655 3225 922 3283 hominis
951 3225 1298 3297 ponentium
1334 3243 1350 3293 3
1381 3239 1455 3282 ex
1483 3241 1736 3299 quorum
1768 3242 2027 3298 persona
2056 3228 2200 3286 dicit
2226 3227 2539 3286 Salomon:
2560 3230 2673 3284 Hoc
2691 3230 2882 3300 itaque

427 3298 628 3352 'visum
643 3301 719 3352 est
743 3296 883 3352 mihi
909 3297 1198 3365 bonum,ut
1209 3296 1451 3351 comedat
1477 3300 1621 3368 quis,
1639 3302 1689 3352 et
1710 3298 1934 3362 bibat,et
1950 3301 2178 3366 fruatur
2191 3300 2383 3355 laetitia
2396 3315 2464 3354 eae
2483 3300 2664 3355 labore
2686 3316 2881 3369 suc...3

448 3369 502 3423 et
529 3367 641 3422 haec
660 3382 795 3437 pars
822 3368 974 3423 illius
1004 3367 1166 3439 (Eccl.
1220 3379 1283 3436 v,
1319 3368 1406 3439 ¹7)
1426 3386 1445 3421 .-
1474 3374 1561 3425 et:
1596 3370 1803 3438 Ubique
1821 3371 2192 3440 relinquamus
2208 3373 2371 3439 siqua
2388 3371 2883 3441 laetitiae,quontam

450 3435 566 3493 hare
591 3442 669 3493 aet
693 3452 830 3507 pars
858 3442 1065 3506 nostra,
1095 3441 1146 3493 et
1256 3453 1283 3492 c
1311 3441 1388 3492 est
1414 3453 1528 3494 sors
1551 3439 1731 3508 (Sap.,
1748 3453 1812 3501 11,
1833 3440 1908 3513 9).
1926 3440 2265 3498 ExcludItur
2292 3445 2469 3498 ettam
2492 3454 2657 3499 error
2675 3441 2883 3499 Cerin-

449 3505 822 3589 thianorum,
876 3508 976 3581 qui
1022 3508 1087 3564 in
1133 3506 1344 3565 ultima
1388 3507 1668 3566 felicitate
1707 3516 1844 3581 post
1873 3511 2368 3569 resurrectionem
2398 3512 2564 3568 mille
2589 3524 2784 3569 annos
2812 3511 2884 3570 in

423 3586 635 3651 ‘regno
681 3578 897 3659 Chris-ti
953 3578 1283 3659 secundum
1313 3579 1590 3638 carnales
1619 3581 1845 3638 ventris
1874 3582 2209 3652 voluptates
2236 3580 2577 3640 fabulantur
2606 3583 2880 3653 futuros;

448 3649 606 3708 unde
636 3653 693 3705 et
720 3650 1011 3707 chiliastae
1040 3663 1212 3723 quast
1244 3649 1587 3731 millenarii²
1625 3656 1765 3707 sunt
1813 3652 2135 3723 appellati;
2185 3655 2250 3709 in
2295 3653 2499 3711 Graeco
2542 3653 2706 3710 enim
2741 3654 2884 3722 χίλια.

448 3716 607 3777 idem
623 3724 716 3777 est
769 3720 884 3778 uod
899 3721 1064 3778 mille.
1087 3719 1492 3777 Excluduntur
1509 3726 1688 3778 ettam
1706 3721 2045 3780 Judaeorum
2063 3728 2122 3779 et
2146 3724 2611 3781 sarracenorum
2638 3723 2876 3794 fabulae,

446 3790 551 3862 qui
606 3792 744 3848 retri
788 3790 1026 3850 utiones
1065 3789 1365 3862 justorum
1415 3790 1480 3847 in
1531 3792 1833 3863 praedictis
1874 3792 2281 3867 voluptatibus
2317 3800 2588 3868 ponunt3
2620 3794 2876 3853 felicitas

423 3860 605 3918 ‘enim
635 3860 871 3920 virtutis
900 3866 993 3920 est
1018 3860 1350 3934 praemium.
1381 3858 1531 3935 (1-11,
1559 3876 1617 3936 q.
1648 3873 1734 3935 xl,
1760 3862 1953 3936 arne.)
