3076 5025
445 302 547 360 ¹92
999 280 1004 293 ‘
1341 298 1476 354 un.
1517 297 1601 363 11,
1639 298 1793 353 cap,
1833 296 1964 351 Lvl.

438 425 729 495 quantum
779 426 873 479 cst
914 420 1251 479 substantia
1296 420 1670 489 incorporea,
1719 417 1990 489 corporis
2034 421 2231 475 tamen
2270 419 2482 476 forma.
2512 420 2643 475 Non
2668 423 2874 475 autem

430 493 645 551 ,minus
685 495 780 549 est
818 490 1044 563 aliquid
1090 503 1275 549 unum
1306 504 1380 547 ex
1421 488 1759 546 substantia
1782 487 2168 546 intellectuali
2208 493 2266 545 et
2293 487 2541 546 materia
2569 488 2873 558 corporali

450 576 628 635 quam
659 576 728 619 ex
782 562 973 620 forma
1027 561 1189 633 ignis
1242 563 1301 617 et
1346 558 1477 629 eius
1516 558 1787 625 materia,
1825 558 1928 616 sed
1980 558 2130 616 sorte
2178 560 2416 632 magis;
2460 557 2601 630 quia
2690 564 2873 615 uanto

441 633 636 691 forma
672 633 866 704 magis
896 633 1083 690 vincit
1124 629 1454 737 materiam,
1500 633 1668 685 tanto
1714 642 1786 686 ex
1831 642 1905 686 ea
1943 634 2004 685 et
2046 630 2297 687 materia
2355 628 2552 700 magis
2613 643 2646 684 e
2718 629 2877 687 citur

441 717 669 763 unum.

512 773 794 842 Quamvis
830 777 1029 831 autem
1071 772 1152 829 sit
1195 784 1383 829 unum
1434 784 1572 828 esse
1603 770 1808 828 formae
1836 774 1898 826 et
1933 770 2216 839 materiae,
2246 781 2367 827 non
2397 774 2599 827 tamen
2628 773 2873 842 oportet

438 844 598 926 quod
646 843 893 901 materia
916 855 1152 913 semper
1182 843 1454 913 adaequet
1481 854 1617 900 esse
1647 841 1890 909 sormae3
1923 840 2046 898 imo
2083 844 2307 913 quanto
2352 840 2545 898 forma
2574 846 2668 898 est
2697 840 2873 898 nobi-

392 937 397 947 ·
438 915 573 983 hor,
626 919 791 972 tanto
839 913 901 972 in
926 926 1040 971 suo
1070 925 1205 971 esse
1234 925 1470 983 semper
1497 911 1730 969 excedit
1757 911 2062 968 materiam
2086 928 2103 979 ;
2133 909 2292 983 quod
2321 917 2480 982 patet
2507 911 2860 982 inspicienti

441 985 818 1056 operationes
860 984 1204 1051 formarum,
1234 997 1306 1040 ex
1332 996 1583 1054 quarum
1610 981 2088 1039 consideratione
2115 995 2319 1039 earum
2358 987 2603 1039 naturas
2633 993 2869 1054 cogno-

442 1056 689 1114 scimus.
740 1054 1212 1127 Unumquodque
1260 1052 1420 1110 enim
1468 1058 1748 1124 operatur
1775 1050 2104 1109 secundum
2135 1051 2294 1123 quod
2317 1058 2448 1119 est;
2483 1050 2640 1109 unde
2674 1052 2868 1109 forma

440 1125 614 1197 cujus
661 1124 926 1197 operatio
972 1123 1203 1181 excedit
1243 1123 1646 1180 conditionem
1676 1122 1959 1191 materiae,
1988 1122 2223 1192 etipsa,
2249 1121 2579 1180 secundum
2609 1121 2868 1192 dignita-

438 1201 558 1253 tem
595 1195 698 1253 sui
741 1208 898 1262 esse,
946 1194 1361 1265 superexcedit
1402 1193 1734 1251 materiam.
1786 1193 2130 1250 Invenimus
2159 1193 2320 1250 enim
2347 1192 2581 1265 aliquas
2624 1191 2869 1250 infimas

441 1265 688 1331 formas,
710 1279 842 1337 quae
872 1265 936 1321 in
967 1266 1192 1323 nullam
1223 1264 1631 1337 operationem
1659 1268 1916 1335 possunt
1944 1263 2064 1321 nisi
2104 1261 2179 1320 ad
2217 1276 2392 1335 quam
2443 1277 2509 1319 se
2538 1263 2873 1320 extendunt

486 1337 762 1393 ualitates
808 1350 940 1408 quae
980 1341 1124 1393 sunt
1152 1334 1585 1406 dispositiones
1613 1334 1896 1402 materiae,
1922 1339 1989 1391 ut
2013 1332 2295 1400 calidum,
2334 1333 2638 1406 frigidum,
2671 1332 2872 1390 bumi-

485 1421 606 1475 um,
656 1407 905 1476 siccum,
951 1420 1174 1475 rarum,
1207 1406 1481 1475 densum,
1512 1419 1690 1478 grave
1717 1409 1775 1462 et
1815 1404 1962 1473 leve,
1993 1410 2053 1461 et
2074 1404 2170 1462 his
2200 1403 2442 1472 similia,
2475 1403 2630 1485 sicut
2660 1404 2874 1485 formae

444 1477 876 1534 elementorum
903 1493 919 1544 ;
950 1475 1111 1534 unde
1156 1477 1285 1534 istae
1313 1480 1455 1535 sunt
1484 1477 1689 1534 sormae
1726 1475 1975 1534 omnino
2004 1474 2342 1532 materiales
2371 1479 2429 1531 et
2467 1475 2728 1531 totaliter
2755 1488 2871 1530 im-

439 1560 652 1604 mersae
684 1547 969 1604 materiae.
996 1548 1184 1617 Super
1214 1547 1324 1604 has
1347 1547 1734 1603 inveniuntur
1764 1545 1967 1603 sormae
1996 1546 2316 1602 mixtorum
2345 1558 2686 1616 corporum,
2706 1558 2866 1626 quae,

440 1617 581 1674 licet
625 1630 749 1673 non
795 1630 861 1674 se
909 1617 1227 1675 extendant
1251 1616 1325 1675 ad
1354 1616 1555 1689 aliqua
1584 1622 1824 1688 operata
1841 1622 1984 1688 ‘quae
2013 1629 2137 1674 non
2163 1620 2419 1687 possunt
2448 1615 2734 1687 compleri
2761 1629 2873 1686 per

440 1687 757 1760 qualitates
786 1687 1121 1758 praedictaS,
1148 1687 1445 1745 interdum
1473 1693 1675 1745 tamen
1725 1692 2049 1757 operantur
2075 1686 2213 1745 illos
2242 1685 2489 1743 effectus
2519 1685 2718 1742 altiori
2745 1685 2870 1741 vir-

439 1762 566 1815 tute
615 1757 932 1828 corporali,
984 1771 1164 1829 quam
1210 1763 1411 1815 tamen
1457 1758 1792 1816 sortiuntur
1837 1770 1908 1813 ex
1951 1757 2304 1838 corporibus
2332 1756 2699 1823 coelestibus,
2730 1770 2869 1836 quae

436 1830 829 1899 consequitur
857 1842 1062 1885 eorum
1110 1828 1393 1900 speciem,
1439 1828 1598 1885 sicut
1642 1827 1885 1885 adamas
1916 1827 2095 1885 trahit
2120 1827 2361 1885 serrum.
2392 1828 2578 1897 Super
2613 1826 2726 1883 has
2754 1832 2867 1882 ite-

438 1910 569 1955 rum
618 1897 1005 1955 inveniuntur
1033 1898 1250 1972 aliquae
1299 1898 1504 1956 formae
1529 1911 1778 1970 quarum
1808 1897 2185 1968 operationes
2214 1897 2612 1954 extenduntur
2655 1895 2730 1953 ad
2760 1896 2867 1954 ali-

439 1984 560 2039 qua
588 1973 847 2048 ‘operata
897 1983 1028 2095 qiuae
1061 1968 1355 2025 excedunt
1393 1970 1672 2025 virtutem
1721 1968 2073 2040 qualitatum
2119 1968 2554 2039 praedictarum,
2586 1968 2867 2048 quamvis

440 2038 757 2110 qualitates
792 2052 909 2109 prae
956 2040 1084 2097 ictae
1132 2039 1431 2111 organicae
1477 2038 1551 2096 ad
1601 2039 1811 2095 harum
1864 2038 2240 2108 operationes
2275 2037 2654 2100 deserviant3
2706 2043 2868 2095 sicut

440 2115 583 2166 sunt
629 2108 843 2166 animae
889 2110 1247 2179 plantarum,
1295 2123 1427 2181 quae
1475 2109 1651 2166 etiam
1702 2109 2113 2183 assimilantur
2141 2121 2259 2165 non
2314 2108 2511 2166 solum
2539 2107 2864 2166 virtutibus

436 2192 754 2248 corporum
807 2180 1136 2236 coelestium
1189 2181 1251 2236 in
1293 2179 1634 2237 excedendo
1721 2178 1996 2236 ualitates
2043 2179 2268 2235 activas
2313 2183 2372 2235 et
2415 2178 2710 2249 passivas,
2759 2178 2865 2237 sed

438 2250 617 2306 etiam
666 2249 816 2320 ipsis
861 2250 1193 2307 motoribus
1233 2263 1552 2321 corporum
1594 2264 1684 2306 coe
1712 2250 1950 2317 estium,
1983 2248 2043 2305 in
2075 2255 2360 2322 quantum
2393 2255 2536 2306 sunt
2570 2247 2866 2320 principia

437 2326 639 2378 motus
668 2320 847 2377 rebus
872 2320 1207 2378 viventibus
1235 2334 1367 2393 quae
1392 2326 1630 2377 movent
1658 2320 1910 2389 seipsas.
1944 2320 2131 2390 Super
2156 2320 2266 2377 has
2298 2320 2518 2376 formas
2549 2319 2870 2377 inveniun-

436 2396 536 2448 tur
564 2391 695 2447 aliae
726 2392 932 2448 i'ormae
962 2390 1194 2448 similes
1223 2390 1637 2461 superioribus
1666 2389 2043 2456 substantiiS,
2074 2403 2196 2449 non
2223 2390 2421 2447 solum
2451 2389 2513 2445 in
2539 2389 2861 2457 movendo,

439 2462 547 2521 sed
575 2460 751 2519 etiam
778 2461 1113 2534 aliqualiter
1141 2462 1202 2518 in
1234 2461 1656 2529 cognoscendo
1680 2479 1695 2528 ς
1725 2465 1783 2517 et
1811 2460 1899 2518 sic
1925 2465 2067 2517 sunt
2094 2458 2366 2532 potentes
2394 2461 2457 2516 in
2478 2461 2866 2532 operationes

434 2531 511 2590 ad
543 2545 694 2605 quas
725 2545 833 2590 nec
861 2532 1160 2605 organicae
1190 2532 1507 2605 qualitates
1537 2532 1830 2602 praedictae
1862 2532 2223 2599 deserviunt,
2250 2544 2435 2603 quum
2478 2532 2867 2602 operationes

438 2601 785 2672 hujusmodi
835 2616 957 2660 non
1010 2603 1421 2672 compleantur
1448 2601 1565 2661 nisi
1601 2602 1896 2660 mediante
1925 2615 2153 2674 organo
2182 2602 2501 2683 corporali,
2532 2601 2691 2660 sicut
2719 2608 2870 2659 sunt

436 2677 654 2731 animae
679 2673 987 2731 brutorum
1010 2673 1400 2742 animalium3
1435 2673 1658 2730 sentire
1708 2673 1865 2730 enim
1898 2678 1955 2728 et
1988 2671 2304 2744 imaginari
2336 2684 2456 2731 non
2486 2671 2870 2742 complentur

436 2744 842 2803 caleiaciendo
872 2749 932 2800 et
957 2743 1384 2816 ini'rigidandO,
1416 2743 1556 2801 licet
1585 2744 1711 2800 haec
1742 2745 1865 2800 sint
1887 2743 2230 2800 necessaria
2258 2742 2331 2800 ad
2362 2742 2617 2800 debitam
2644 2744 2864 2815 organi

437 2814 915 2886 dispositionem.
968 2815 1154 2884 Super
1198 2826 1410 2872 omnes
1457 2820 1652 2872 autem
1697 2813 1808 2871 has
1839 2814 2062 2871 formas
2091 2813 2391 2871 invenitur
2420 2813 2610 2870 forma
2636 2813 2865 2871 similis

439 2885 851 2955 superioribus
877 2884 1255 2950 substantiis,
1287 2883 1465 2941 etiam
1497 2890 1781 2956 quantum
1816 2883 1886 2941 ad
1914 2896 2107 2954 genus
2138 2883 2525 2955 cognitioniS,
2558 2883 2718 2956 quod
2768 2890 2867 2941 est

437 2955 769 3025 intelligere
796 2972 811 3022 ;
852 2961 912 3011 et
947 2954 1036 3012 sic
1084 2960 1174 3012 est
1202 2958 1416 3026 potens
1446 2955 1506 3011 in
1536 2954 1941 3025 operationem
1972 2967 2106 3026 quae
2150 2954 2480 3025 completur
2505 2954 2731 3025 absque
2763 2969 2866 3010 or-

431 3036 595 3097 gano
640 3024 932 3096 corporali
977 3024 1265 3092 omnino;
1310 3031 1369 3081 et
1415 3024 1542 3081 haec
1584 3033 1677 3081 est
1703 3027 1902 3082 anima
1929 3024 2325 3092 intellectiva3
2357 3038 2493 3081 nam
2525 3023 2865 3096 intelligere

437 3106 560 3152 non
589 3092 654 3149 fit
696 3107 802 3163 per
843 3107 1132 3166 organum
1175 3094 1506 3164 corporale.
1537 3095 1715 3168 ¹Unde
1765 3100 1998 3165 oportet
2040 3094 2198 3167 quod
2247 3093 2308 3152 id
2347 3094 2700 3166 principium
2734 3109 2865 3165 quo

437 3162 620 3222 homo
648 3163 948 3289 intelliffit,
980 3164 1138 3236 quod
1170 3169 1263 3222 est
1292 3162 1491 3244 anima
1519 3165 1902 3233 intellectiva,
1933 3170 1992 3221 et
2016 3164 2245 3223 excedit
2275 3165 2534 3222 materiae
2557 3163 2867 3222 conditio-

437 3247 573 3292 nem
606 3245 854 3304 corpora
880 3234 955 3302 is,
986 3247 1109 3292 non
1139 3234 1219 3292 sit
1249 3235 1506 3293 totaliter
1529 3236 2033 3307 comprehensum
2063 3249 2099 3292 a
2124 3236 2374 3294 materia
2400 3241 2501 3292 aut
2530 3234 2581 3291 ei
2617 3235 2865 3292 immer-

435 3317 593 3373 sum,
640 3303 799 3386 sicut
846 3303 978 3362 aliae
1008 3304 1213 3364 formae
1241 3305 1619 3374 materiales;
1651 3306 1810 3379 quod
1840 3305 1971 3377 ejus
1999 3306 2266 3376 operatio
2308 3304 2730 3363 intellectualis
2758 3318 2865 3363 os-

433 3375 641 3443 tendit,
685 3388 747 3431 in
795 3388 915 3447 qua
961 3387 1082 3433 non
1131 3375 1531 3434 communicat
1562 3377 1811 3434 materia
1833 3376 2182 3448 corporaliS.
2215 3376 2363 3444 Quia
2407 3381 2624 3433 tamem
2658 3375 2863 3447 ipsum

433 3444 765 3517 intelligere
813 3446 1027 3503 animae
1080 3446 1357 3504 humanae
1403 3446 1633 3520 indiget
1679 3446 1963 3519 potentiis
2003 3460 2135 3518 quae
2179 3460 2284 3518 per
2372 3446 2599 3503 uaedam
2629 3458 2867 3520 organa

434 3516 766 3587 corporalia
808 3520 1148 3587 operantur,
1198 3518 1429 3576 scilicet
1472 3516 1896 3590 imaginatione
1931 3521 1991 3573 et
2018 3530 2225 3586 sensu,
2251 3531 2324 3573 ex
2392 3530 2465 3573 oc
2493 3518 2627 3587 ipso
2657 3516 2859 3574 decla-

432 3591 598 3645 ratur
624 3587 783 3658 quod
813 3588 1163 3646 naturaliter
1183 3588 1389 3646 unitur
1414 3588 1651 3660 corpori
1680 3587 1755 3645 ad
1783 3586 2197 3658 complendam
2228 3586 2489 3659 speciem
2506 3587 2862 3646 humanam.

1383 3797 1639 3861 CAPUT
1693 3797 1903 3863 Lxlx.

644 3968 882 4015 somno
928 3968 1230 4015 amonim
1259 3968 1470 4022 QUIBUS
1507 3969 1693 4015 SUPRA
1727 3968 2035 4015 monum&
2068 3968 2225 4021 QUOD
2281 3968 2646 4015 SUBSTANTIA.

783 4054 1266 4103 m'rmzc'l'ums
1291 4055 1412 4101 Non
1446 4056 1665 4103 Po'rnsr
1697 4057 1943 4103 CORPORI
1983 4056 2147 4102 mmu
2180 4055 2258 4102 ΠΤ
2281 4056 2497 4102 roam.

503 4214 608 4295 {iis
630 4222 826 4274 autem
856 4217 1279 4287 consideratis,
1308 4231 1434 4275 non
1456 4223 1550 4277 est
1572 4217 1817 4280 difficile
1845 4218 2077 4277 solvere
2105 4231 2240 4291 quae
2268 4225 2478 4277 contra
2502 4218 2863 4290 praedictam

430 4296 715 4366 unionem
744 4300 927 4367 supra
951 4289 1147 4358 posita
1174 4294 1333 4347 sunt.

500 4357 564 4414 In
597 4368 782 4427 prima
811 4369 973 4413 enim
1004 4359 1232 4417 ratione
1263 4359 1479 4416 falsum
1510 4359 1910 4432 supponitur;
1942 4372 2064 4417 non
2096 4359 2255 4417 enim
2309 4372 2527 4430 corpus
2557 4365 2617 4416 et
2643 4359 2864 4421 anima

427 4431 572 4487 sunt
599 4426 731 4485 duae
765 4425 1118 4486 substantiae
1146 4434 1280 4487 actu
1304 4430 1651 4499 existentes,
1682 4429 1788 4488 sed
1817 4442 1893 4487 ex
1918 4430 2008 4488 eis
2037 4429 2277 4488 duobus
2302 4429 2371 4486 iit
2406 4443 2525 4486 una
2560 4430 2861 4488 substan-
