3076 5025
283 4150 305 4179 Γ
311 4160 324 4183 .’

392 295 494 351 136
1310 288 1444 345 Lm.
1480 285 1556 356 Π,
1593 285 1748 344 GAP.
1785 284 1932 342 XXX.

388 421 517 473 tum
547 412 790 473 modum
820 410 1151 471 mixtionis.
1173 410 1335 469 Idem
1365 413 1565 468 autem
1588 407 1920 489 subjectum
1943 411 2176 490 oportet
2196 420 2332 466 esse
2354 405 2817 479 contrariorum,

390 492 453 544 et
497 483 833 542 mediorum
879 481 1150 541 omnium
1197 495 1329 553 quae
1392 484 1537 538 sunt
1577 493 1652 537 ex
1695 484 2118 538 commixtione
2176 483 2597 536 extremorum.
2649 477 2820 536 Unde

390 555 776 615 manifestum
807 552 1085 634 estquod
1109 551 1331 615 omnia,
1364 564 1497 622 quae
1520 551 1613 607 vel
1640 549 2006 631 contrarium
2055 547 2295 629 habent,
2320 548 2415 606 vel
2459 561 2534 605 ex
2586 554 2822 629 contra-

391 625 501 684 riis
528 628 689 693 sunt,
711 623 1122 694 corruptibilia
1150 626 1320 690 sunt;
1341 634 1475 693 quae
1502 626 1700 678 autem
1732 618 2077 692 huJusmodi
2105 631 2229 676 non
2272 622 2418 677 sunt
2451 622 2823 688 sempiterna

392 700 556 766 sunt,
588 693 708 752 nisi
734 708 842 765 per
868 693 1148 752 accidens
1175 696 1652 762 corrumpantur,
1682 690 1839 748 sicut
1865 690 2070 748 formae
2104 702 2239 762 quae
2280 701 2405 746 non
2451 688 2818 761 subsistunt,

391 764 499 824 sed
528 779 664 824 esse
692 778 898 822 earum
928 767 1022 822 est
1049 777 1155 836 per
1183 762 1298 820 hoc
1328 760 1484 843 quod
1517 760 1728 819 insunt
1756 761 2042 819 materiai.

461 835 595 894 Alio
620 848 763 893 vero
785 834 965 892 modo
988 847 1064 892 ex
1090 831 1401 905 principiis
1427 831 1854 890 essentialibus
1882 836 1973 889 est
2000 830 2066 888 in
2090 829 2273 888 rebus
2299 829 2581 889 absoluta
2608 843 2814 890 neces·

395 905 545 965 sitas
573 919 678 987 per
704 903 973 963 ordinem
999 903 1073 962 ad
1105 906 1299 975 partes
1355 901 1618 959 materiae
1644 900 1739 958 vel
1770 901 1996 971 formae,
2027 900 2078 959 si
2118 900 2414 973 contingit
2463 900 2751 973 hujusmo
2795 900 2808 913 ⁸

438 976 688 1048 rincipia
715 976 780 1034 in
806 974 1108 1047 aliquibus
1150 986 1266 1030 non
1313 971 1615 1043 simplicia
1658 985 1815 1030 esse.
1866 972 2019 1040 Quia
2059 971 2217 1029 enim
2270 970 2519 1030 materia
2576 984 2728 1052 prop

393 990 663 1105 geminis
711 1049 803 1104 est
850 1056 1069 1116 corpus
1110 1043 1519 1111 commixtum,
1566 1048 1625 1100 et
1666 1041 2238 1114 complexionatum,
2259 1047 2318 1099 et
2381 1055 2419 1099 o
2492 1047 2819 1108 anizatum‚

394 1115 804 1175 necessarium
835 1120 929 1173 est
950 1114 1223 1174 absolute
1252 1112 1559 1171 hominem
1631 1113 1895 1170 uodlibet
1921 1112 2374 1181 elementorum,
2392 1116 2451 1169 et
2516 1124 2822 1181 umorum,

396 1190 459 1244 et
483 1199 845 1259 organorum
874 1184 1293 1257 principalium
1326 1184 1388 1241 in
1418 1196 1485 1241 se
1515 1183 1555 1240 li
1634 1196 1753 1242 ere.
1784 1183 2088 1253 Similiter,
2117 1182 2171 1239 si
2219 1181 2403 1263 homo
2445 1187 2540 1240 est
2590 1182 2823 1265 animal

396 1256 689 1315 rationale
742 1260 802 1313 et
854 1255 1124 1323 mortale,
1153 1259 1212 1311 et
1240 1254 1355 1312 hoc
1380 1258 1473 1312 est
1501 1258 1715 1312 natura
1739 1253 1831 1310 vel
1861 1253 2054 1312 forma
2095 1252 2381 1322 hominis,
2408 1265 2822 1312 necessarlum

396 1332 491 1386 est
517 1326 712 1398 ipsum
744 1333 804 1384 et
835 1325 1059 1384 animal
1088 1324 1379 1383 rationale
1410 1336 1569 1382 esse.
2205 1392 2216 1404 ,
2461 1392 2474 1404 ·

467 1398 661 1454 Tertio
692 1396 891 1466 modo,
909 1402 1002 1454 est
1019 1396 1082 1452 in
1110 1394 1290 1454 rebus
1312 1393 1646 1454 necessitas
1669 1393 1949 1454 absoluta
1964 1407 2071 1467 pei·
2088 1393 2360 1452 ordinem
2385 1394 2822 1465 principiorum

398 1466 811 1526 essentialium
839 1465 916 1524 ad
944 1466 1332 1537 proprietates
1379 1471 1822 1539 consequentes
1865 1463 2176 1524 materiam
2229 1471 2290 1521 et
2338 1463 2627 1534 sormam;
2661 1465 2828 1524 sicut

398 1550 650 1597 necesse
701 1541 793 1594 est
838 1549 1084 1605 serram,
1132 1535 1277 1616 quia
1301 1549 1374 1616 ex
1422 1535 1581 1593 ferro
1626 1541 1738 1599 est,
1767 1535 1978 1617 duram
2021 1548 2180 1606 esse,
2217 1539 2281 1593 et
2322 1532 2649 1605 hominem,
2676 1535 2827 1610 quia

399 1607 622 1666 animal
647 1606 937 1665 rationale
965 1612 1077 1675 est,
1104 1604 1436 1676 disciplinae
1540 1605 1907 1677 rceptibilem
1938 1618 2095 1664 esse.

471 1676 811 1735 Necessitas
845 1690 981 1734 vero
1009 1675 1244 1749 agentis
1271 1674 1443 1734 consi
1488 1681 1689 1734 eratur
1724 1680 1785 1732 et
1825 1681 2115 1749 quantum
2156 1675 2233 1734 ad
2287 1674 2486 1748 ipsum
2532 1689 2732 1748 agere,
2760 1682 2830 1735 eti.

400 1753 688 1821 quantum
716 1746 790 1804 ad
822 1744 1099 1805 effectum
1129 1751 1618 1818 consequentem.
1650 1745 1849 1804 Prima
1870 1751 2070 1804 autem
2121 1745 2502 1805 necessitatis
2542 1744 2827 1806 conside-

397 1817 557 1875 ratio
584 1816 805 1875 similis
833 1821 926 1875 est
950 1816 1291 1875 necessitati
1321 1815 1672 1885 accidentis,
1705 1829 1886 1888 quam
1917 1816 2094 1874 hahet
2128 1830 2203 1875 ex
2249 1815 2562 1887 principiis
2606 1817 2829 1877 forma·

399 1887 583 1947 libus.
606 1888 769 1945 Sicut
796 1888 955 1944 enim
984 1887 1106 1945 alia
1132 1885 1466 1946 accidentia
1484 1900 1559 1944 ex
1578 1886 1936 1945 necessitate
1956 1886 2384 1958 principiorum
2406 1887 2826 1948 essentialium

441 1956 753 2026 recedunt,
780 1957 866 2016 ita
892 1962 951 2015 et
975 1958 1132 2015 actio
1183 1971 1256 2015 ex
1284 1955 1642 2015 necessitate
1678 1956 1886 2016 formae
1917 1969 2026 2029 per
2069 1970 2249 2029 quam
2295 1970 2483 2029 agens
2529 1962 2623 2015 est
2661 1964 2824 2018 actu.

444 2027 498 2086 ic
528 2028 688 2085 enim
715 2027 841 2099 agit
866 2032 933 2085 ut
958 2032 1093 2085 actu
1121 2032 1233 2085 est.

470 2096 822 2155 Differenter
853 2102 1050 2156 tamen
1081 2098 1197 2156 hoc
1224 2095 1443 2155 accidit
1481 2096 1547 2155 in
1588 2096 1824 2156 actione
1866 2110 1999 2170 quae
2047 2096 2111 2154 in
2154 2096 2289 2168 ipso
2333 2101 2548 2178 agente
2595 2104 2825 2171 manet,

402 2166 564 2226 sicut
589 2166 924 2241 intelligere
952 2173 1013 2226 et
1037 2167 1208 2238 velle,
1234 2172 1294 2226 et
1320 2168 1382 2225 in
1411 2167 1649 2226 actione
1677 2181 1808 2240 quae
1837 2167 1902 2224 in
1935 2167 2185 2225 alterum
2216 2172 2450 2237 transit,
2480 2168 2641 2227 sicut
2666 2170 2826 2229 cale·

400 2238 878 2307 facere.Nam,in
908 2238 1101 2311 primo
1129 2251 1347 2311 genere
1375 2237 1654 2306 actioniS,
1676 2236 1946 2319 sequitur
1964 2252 2038 2295 ex
2061 2237 2273 2307 soi-ma,
2292 2252 2399 2319 per
2425 2252 2605 2310 quam
2630 2252 2825 2313 agens

401 2306 469 2365 fit
496 2308 558 2366 in
583 2314 742 2377 actu,
764 2309 1096 2367 necessitas
1124 2308 1638 2389 actionis-ipsium
1680 2322 1822 2380 quia
1841 2308 1918 2367 ad
1936 2321 2073 2368 esse
2092 2308 2224 2381 ejus
2245 2308 2397 2367 nihil
2416 2309 2822 2389 extrinsecum

401 2379 724 2451 requiritur
752 2379 815 2436 in
843 2379 1003 2451 quod
1032 2379 1187 2438 actio
1232 2383 1600 2437 terminetur.
1632 2378 1776 2437 Cum
1819 2380 1983 2437 enim
2028 2391 2248 2438 sensus
2293 2379 2471 2437 fuerit
2517 2380 2711 2439 sactus
2756 2382 2824 2439 in

401 2453 539 2508 actu
570 2463 672 2521 per
700 2450 960 2522 speciem
988 2448 1356 2521 sensibilem,
1388 2462 1637 2508 necesse
1665 2454 1758 2507 est
1785 2448 1802 2506 i
1848 2462 1981 2508 sum
2010 2450 2254 2516 sentire,
2285 2455 2342 2507 et
2367 2449 2666 2522 similiter,
2682 2465 2823 2511 cum

399 2519 740 2579 intellectus
790 2527 883 2580 est
931 2521 994 2578 in
1040 2526 1176 2579 actu
1218 2535 1323 2593 per
1362 2521 1623 2591 speciem
1665 2520 1789 2578 inte
1839 2520 2126 2594 igibilem.
2183 2524 2247 2578 ln
2292 2520 2559 2580 secundo
2619 2529 2824 2583 autem

400 2603 619 2663 genere
645 2591 923 2661 actionis,
955 2591 1225 2665 sequitui·
1250 2606 1325 2651 ex
1354 2591 1548 2649 forma
1572 2591 1902 2651 necessitas
1930 2592 2187 2651 actionis
2215 2597 2503 2665 quantum
2530 2589 2605 2650 ad
2644 2593 2823 2652 virtu-

398 2665 519 2718 tem
553 2661 791 2733 agendi.
825 2663 884 2720 Si
927 2664 1087 2720 enim
1136 2662 1296 2735 ignis
1341 2661 1422 2719 sit
1469 2661 1726 2736 calidus,
1770 2662 2177 2720 necessarium
2225 2669 2317 2721 est
2354 2662 2553 2734 ipsum
2600 2662 2823 2722 habere

398 2730 678 2789 virtutem
708 2732 1090 2791 calefaciendi
1122 2751 1136 2789 ε
1170 2746 1291 2790 non
1319 2738 1520 2791 tamen
1548 2746 1798 2792 necesse
1828 2739 1918 2791 est
1950 2733 2150 2805 ipsum
2175 2732 2521 2797 calefacere,
2555 2746 2629 2792 eo
2657 2734 2821 2807 quod

341 2826 351 2841 ’
400 2800 478 2860 ab
505 2802 842 2862 extrinseco
871 2803 1142 2886 impediri
1172 2808 1388 2874 potest.

469 2872 594 2952 Nec
619 2873 692 2931 ad
721 2881 1091 2946 propositum
1120 2872 1335 2943 differt,
1367 2879 1565 2931 utrum
1593 2885 1779 2946 agens
1806 2874 1888 2933 sit
1914 2886 2073 2933 unus
2123 2878 2352 2933 tantum
2396 2874 2472 2933 ad
2517 2873 2822 2934 actionem

399 2940 710 3001 sufficiens
779 2956 845 3000 er
870 2956 1041 3001 suam
1069 2943 1343 3012 formam,
1372 2944 1465 3000 vel
1494 2951 1762 3014 oporteat
1784 2944 2007 3002 multos
2034 2949 2280 3016 agentes
2307 2944 2380 3003 ad
2412 2956 2592 3002 unam
2630 2946 2824 3004 actio·

397 3024 538 3070 nem
565 3025 717 3082 agen
762 3026 859 3069 am
900 3014 1277 3085 congregari,
1302 3011 1458 3070 sicut
1503 3014 1674 3070 multi
1721 3014 2003 3072 homines
2047 3013 2122 3071 ad
2164 3014 2512 3072 trahendam
2562 3015 2764 3073 navim
2796 3034 2815 3072 ε

397 3094 538 3207 natm
567 3094 778 3139 omnes
806 3086 950 3140 sunt
975 3088 1042 3141 ut
1064 3095 1224 3140 unus
1259 3094 1466 3155 agenS,
1497 3083 1601 3155 qui
1629 3083 1696 3139 fit
1717 3089 1853 3141 actu
1880 3098 1987 3154 per
2010 3083 2434 3141 adunationem
2478 3096 2688 3140 eorum
2738 3085 2822 3144 ad

397 3164 469 3210 ac
496 3163 696 3209 ionem
727 3163 928 3210 unam.

466 3222 807 3281 Necessitas
845 3227 1042 3281 autem
1073 3237 1206 3295 quae
1249 3227 1342 3282 est
1366 3236 1405 3281 a
1440 3236 1626 3282 causa
1666 3227 1878 3295 agente
1904 3223 1999 3280 vel
2043 3227 2316 3281 movente
2360 3223 2425 3280 in
2475 3219 2692 3282 effectu
2717 3227 2820 3286 vel

395 3298 584 3363 moto,
602 3304 722 3351 non
750 3297 982 3351 tantum
1010 3291 1300 3363 dependet
1323 3308 1361 3351 a
1385 3305 1571 3351 causa
1595 3298 1830 3366 agente,
1851 3293 1955 3351 sed
1985 3293 2162 3352 etiam
2193 3292 2592 3353 aconditione
2617 3295 2818 3367 ipsius

379 3363 566 3428 moti,
594 3368 653 3420 et
682 3362 1022 3434 recipientis
1050 3362 1345 3421 actionem
1451 3363 1630 3434 entis,
1658 3363 1757 3422 cui
1781 3362 1876 3420 vel
1902 3363 2069 3422 nullo
2111 3364 2293 3423 modo
2340 3364 2501 3424 inest
2546 3367 2820 3437 potentia

379 3432 471 3490 ‘ad
499 3433 904 3504 recipiendum
932 3432 1072 3491 talis
1094 3433 1351 3492 actionis
1375 3448 1408 3492 e
1456 3438 1673 3502 ectum,
1701 3432 1860 3492 sicut
1899 3432 2073 3499 lanae.
2103 3439 2169 3493 ut
2213 3449 2289 3492 ex
2326 3449 2399 3493 ea
2437 3435 2540 3494 flat
2589 3450 2814 3508 prora:

392 3502 489 3560 vel
514 3508 608 3561 est
634 3502 897 3575 potentia
922 3502 1207 3583 impedita
1231 3518 1338 3576 per
1390 3504 1690 3562 contraria
1715 3502 1955 3576 agentia
1977 3505 2071 3563 vel
2097 3506 2430 3564 contrarias
2465 3505 2815 3578 dispositio-

391 3584 506 3631 nes
557 3573 916 3632 inhaerentes
956 3572 1188 3643 mobili,
1234 3579 1340 3633 aut
1383 3575 1629 3644 sormaS,
1681 3580 1914 3633 motore
1963 3575 2270 3647 impedito,
2318 3590 2438 3649 quo
2491 3576 2817 3648 impeditur

390 3643 583 3725 yiijtus
607 3644 842 3716 agentis
868 3643 933 3702 in
956 3643 1213 3716 agendo,
1238 3644 1396 3703 sicut
1422 3644 1644 3703 ferrum
1674 3658 1798 3703 non
1825 3645 1865 3704 li
1912 3649 2055 3705 uetlt
2071 3661 2109 3706 a
2126 3645 2307 3705 debili
2331 3644 2550 3706 calid0.
2569 3650 2817 3729 Oportet

389 3717 599 3785 igitur,
642 3713 717 3771 ad
762 3714 876 3773 lioc
903 3713 1062 3788 quod
1110 3721 1397 3788 sequatur
1446 3713 1716 3781 effectus,
1748 3661 1913 3845 quo}
1952 3716 2016 3775 in
2066 3730 2249 3789 passo
2292 3717 2373 3776 sit
2416 3723 2685 3789 potentia
2735 3717 2849 3787 ad,

390 3782 822 3854 recipiendum,
849 3785 998 3842 etin
1043 3792 1255 3867 agente
1304 3786 1385 3844 sit
1428 3784 1680 3868 victoria
1722 3798 1868 3860 supr
1946 3800 2214 3869 passum,
2262 3794 2330 3846 ut
2413 3789 2568 3847 ossit
2610 3788 2810 3860 ipsum

388 3856 789 3935 transmutare
819 3854 894 3913 ad
922 3860 1281 3915 contrariam
1309 3856 1791 3929 dispositionem.
1823 3860 1970 3916 Etsi
2017 3859 2259 3931 quidem
2306 3873 2339 3916 e
2388 3864 2556 3917 ectus
2602 3871 2814 3918 conse-

386 3935 584 4051 guens
604 3938 665 3981 in
683 3938 951 3997 passum,
964 3940 1038 3984 ex
1055 3926 1306 3986 victoria
1324 3927 1559 4000 agentis
1579 3941 1760 4000 super
1777 3928 2177 4001 ipsum‚fuei·it
2197 3929 2533 3988 contrarius
2553 3928 2811 3988 naturali

328 4026 338 4037 ·
430 3991 774 4065 ispositioni
803 3996 1107 4067 patientis,
1137 3998 1250 4056 erit
1273 3998 1607 4057 necessitas
1634 3998 1956 4069 violentiae,
1986 3999 2144 4058 sicut
2170 4013 2306 4057 cum
2331 3999 2487 4081 lapis
2523 4000 2811 4082 projcitur

386 4073 663 4135 sursum3
695 4067 917 4125 sivero
943 4080 1068 4125 non
1110 4067 1289 4126 fuerit
1329 4069 1668 4127 contrarius
1706 4069 1962 4128 naturali
2005 4069 2390 4141 dispositioni
2432 4071 2627 4142 ipsius
2676 4070 2808 4130 sub·

332 4186 341 4199 ,
376 4131 547 4205 -jecti,
579 4149 696 4194 non
729 4138 843 4194 erit
867 4137 1200 4197 necessitas
1244 4137 1567 4209 violentiae,
1597 4138 1707 4199 sed
1758 4139 1991 4198 ordinis
2037 4141 2349 4210 naturalis,
2403 4141 2564 4199 sicut
2608 4145 2705 4199 est
2743 4140 2802 4197 in

290 4200 346 4238 ·“‘
375 4211 556 4262 »motu
602 4207 759 4276 coeli,
790 4208 892 4280 qui
935 4213 1028 4266 est
1068 4222 1104 4267 a
1151 4208 1346 4281 primo
1387 4215 1602 4290 agente
1645 4210 2004 4279 extrinseco,
2050 4223 2172 4268 non
2219 4217 2417 4269 tamen
2465 4216 2558 4270 est
2599 4214 2806 4270 contra

295 4308 301 4313 -
384 4275 721 4334 naturalem
749 4277 1208 4348 dispositionem
1235 4278 1502 4348 mobilis,
1528 4285 1587 4337 et
1615 4279 1750 4338 ideo
1795 4292 1921 4337 non
1964 4285 2059 4338 est
2102 4286 2304 4341 motus
2346 4278 2809 4361 violentus„sed

287 4463 298 4493 'i

378 4345 702 4405 naturalis·
729 4346 1015 4406 Similiter
1039 4353 1135 4408 est
1160 4350 1225 4407 in
1249 4349 1602 4409 alteratione
1628 4362 1947 4423 corporum
1974 4350 2329 4410 inferiorum
2372 4365 2411 4410 a
2451 4364 2557 4411 cor
2598 4351 2812 4410 oribus

387 4415 734 4477 coelestibus
757 4434 775 4489 ;
800 4430 942 4478 nam
968 4419 1261 4481 naturalis
1302 4419 1617 4480 inclinatio
1656 4426 1751 4479 est
1791 4420 1858 4480 in
1894 4421 2250 4495 corporibus
2298 4421 2567 4481 inferiori
2612 4435 2688 4481 us
2733 4420 2812 4481 ad
