3076 5025
1072 231 1206 288 Lm.
1248 233 1317 300 11,
1358 233 1508 290 CAP.
1549 233 1738 290 LXXX.
2504 241 2607 296 217

181 366 302 411 non
327 357 423 411 est
450 357 691 423 propter
717 351 1080 411 debilitatem
1107 351 1324 411 virium
1357 353 1552 425 ipsius
1577 355 1934 425 intellectus,
1966 357 2069 415 sed
2109 364 2348 430 propter
2401 360 2611 419 debili·

184 429 362 482 tatem
391 423 610 479 virium
640 422 858 503 quibus
887 422 1223 481 intellectus
1249 424 1498 505 indiget,
1530 425 1762 485 scilicet
1797 427 1876 485 im
1963 427 2271 499 inationis„
2317 444 2610 490 memora-

179 494 312 552 tivae
343 499 404 551 et
430 507 504 551 co
554 494 764 551 'tativae
791 497 1094 551 vlrtutum.
1141 496 1306 552 Patet
1351 500 1535 567 igitur
1577 497 1738 569 quod
1783 497 1930 556 intel
1957 504 2124 558 ectus
2169 499 2470 560 humanus
2518 508 2612 560 est

180 565 516 644 incorrupti
563 563 700 632 ilis;
749 576 892 644 ergo
938 570 998 622 et
1041 564 1244 623 anima
1287 565 1570 635 bumana,
1604 580 1749 647 ,quae
1792 573 1884 626 est
1927 568 2287 649 intellectiva
2336 572 2609 652 quaedam

176 634 543 693 substantia.
577 635 697 691 Hoc
725 639 904 692 etiam
952 640 1194 706 apparet
1235 649 1340 706 per
1389 641 1801 696 auctoritatem
1844 639 2180 697 Aristotelis
2213 658 2226 709 ;
2259 640 2399 699 dicit
2448 643 2611 701 enim

181 706 276 777 (De
317 707 530 773 anima,
561 718 603 774 1,
641 710 782 762 text.
830 717 1047 762 comm.
1080 704 1170 778 65)
1218 705 1380 778 quod
1424 708 1728 764 intellectus
1763 708 1982 788 uidetur
2016 711 2264 780 quaedam
2302 713 2612 769 substantia

176 790 309 844 esse,
340 779 395 831 et
422 790 531 830 non
559 776 864 845 cmwnpi3
896 775 1055 847 quod
1087 780 1284 833 autem
1312 776 1427 835 hoc
1457 790 1581 835 non
1650 783 1803 836 ossit
1830 778 2082 852 intelligi
2129 781 2202 839 de
2237 781 2439 854 aliqua
2467 783 2609 842 sub-

177 846 407 974 lelinguia.
431 849 703 972 separtata
754 859 886 919 quae
931 846 1013 903 sit
1055 844 1396 905 intellectus
1439 847 1606 919 possi
1654 849 1754 907 ilis
1802 849 1895 906 vel
1939 863 2145 922 agens,
2179 865 2253 908 ex
2274 853 2609 924 praemissis

220 930 257 974 a
301 930 390 972 eri
460 928 497 973 o
526 930 590 973 es
622 959 636 972 .

243 930 540 1048 Praecelv'ea,
574 990 814 1057 apparet
841 1000 914 1043 ex
941 986 1093 1058 ipsis
1122 986 1319 1045 verbis
1345 987 1681 1048 Aristotelis
1715 988 2061 1061 metaphys„
2093 1003 2201 1061 xn,
2224 996 2364 1051 text.
2388 1007 2605 1052 comm.

179 1058 290 1130 16),
313 1062 529 1115 contra
550 1057 854 1115 Platonem
877 1057 1201 1129 loquentis,
1228 1058 1387 1130 quod
1423 1072 1623 1117 causae
1656 1065 1963 1118 moventes
1980 1061 2386 1132 praeexistunt,
2410 1078 2610 1124 causae

177 1141 323 1185 vero
359 1126 646 1185 formales
693 1131 836 1185 sunt
884 1127 1067 1184 simul
1106 1141 1244 1185 cum
1294 1128 1392 1186 his
1441 1142 1697 1201 quorum
1745 1136 1889 1188 sunt
1932 1144 2167 1197 causae;
2205 1134 2424 1203 quando
2466 1137 2610 1191 enim

181 1201 424 1255 sanatur
448 1199 620 1262 homo,
652 1201 779 1254 tunc
803 1199 966 1254 etiam
990 1199 1200 1255 sanitas
1226 1202 1324 1262 est,
1369 1204 1428 1256 et
1457 1213 1579 1258 non
1611 1200 1776 1273 prius
1803 1218 1818 1270 ;
1849 1204 2059 1259 contra
2082 1201 2197 1259 hoc
2236 1204 2393 1275 quod
2443 1205 2609 1263 Plato

218 1269 387 1327 osuit
417 1268 641 1325 formas
667 1281 867 1326 rerum
893 1268 1273 1339 praeexistere
1301 1269 1502 1328 rebus.
1534 1273 1602 1327 Et
1635 1271 1729 1329 his
1760 1271 1934 1330 dictis
1980 1272 2359 1349 postmodum
2409 1275 2612 1332 subdit

205 1343 348 1396 text.
380 1351 604 1396 comm.
635 1338 721 1409 17)
756 1356 770 1394 ε
800 1338 865 1394 Si
911 1343 1090 1394 atatem
1116 1341 1385 1410 posterius
1418 1341 1635 1410 aliquid
1682 1346 1866 1398 manet
1896 1344 2356 1413 perscrutandum
2398 1350 2475 1400 est
2502 1364 2519 1411 ς
2548 1348 2611 1402 in

181 1408 518 1480 quibusdam
544 1411 686 1464 enim
709 1409 853 1464 nihil
979 1409 1126 1465 hibet
1149 1414 1230 1477 ut,
1258 1412 1310 1466 si
1334 1415 1415 1466 est
1441 1415 1629 1467 anima
1657 1413 1804 1476 talis,
1826 1428 1935 1468 non
1954 1415 2146 1480 omnis,
2172 1413 2267 1469 sed
2288 1416 2607 1473 intellectus.

181 1482 261 1538 Ex
287 1492 414 1551 quo
443 1484 623 1551 patet,
653 1493 838 1551 quum
892 1486 1147 1552 oquatur
1188 1479 1260 1537 de
1313 1479 1545 1550 formis,
1589 1482 1752 1555 quod
1786 1484 1913 1540 vult
1950 1482 2341 1555 intellectum,
2370 1485 2473 1557 qui
2519 1490 2612 1543 est

181 1551 381 1608 forma
426 1548 715 1617 hominis,
765 1555 904 1620 post
942 1549 1251 1608 materiam
1292 1565 1621 1623 remanere,
1674 1552 1905 1611 scilicet
1955 1558 2093 1624 post
2147 1567 2386 1635 corpus,
2446 1558 2611 1615 Patet

181 1626 383 1678 autem
421 1633 493 1677 ex
522 1619 853 1691 praemissis
896 1619 1094 1679 verbis
1135 1620 1472 1681 Aristotelis
1523 1622 1707 1695 quod,
1753 1623 1893 1681 licet
1942 1629 2125 1695 ponat
2167 1638 2425 1683 ammam
2473 1639 2610 1684 esse

181 1690 462 1760 formam,
519 1703 642 1747 non
697 1697 896 1749 tamen
943 1690 1116 1761 ponit
1155 1706 1286 1749 eam
1337 1706 1460 1750 non
1512 1693 1941 1751 subsistentem
1985 1699 2042 1751 et
2087 1709 2192 1766 per
2229 1708 2609 1769 consequens

182 1760 633 1832 corruptibilem
687 1760 868 1833 (sicut
910 1760 1230 1841 Gregorius
1274 1764 1584 1835 Nyssenus
1613 1763 1712 1835 [De
1757 1765 1982 1846 philos!
2011 1764 2052 1822 l.
2081 1778 2147 1833 11,
2196 1780 2248 1823 c.
2286 1770 2318 1822 5
2364 1772 2423 1824 et
2467 1767 2522 1839 6]
2552 1767 2608 1824 ei

181 1831 461 1903 imponit)
496 1850 511 1900 ;
544 1844 682 1888 nam
710 1845 746 1888 a
790 1833 1176 1904 generalitate
1220 1832 1471 1891 aliarum
1515 1833 1839 1893 formarum
1882 1836 2143 1893 ammam
2186 1835 2609 1896 intellectivam

181 1900 469 1972 excludit,
512 1901 720 1959 dicens
763 1915 894 1959 eam
934 1907 1074 1974 post
1118 1916 1336 1974 corpus
1383 1917 1691 1962 remanere
1738 1910 1797 1963 et
1833 1905 2230 1964 substantiam
2290 1907 2609 1979 quamdam

253 2041 596 2101 Praemissis
625 2047 821 2101 autem
869 2043 1167 2109 sententia
1193 2043 1504 2103 catholicae
1540 2044 1677 2103 fidei
1725 2045 2077 2116 concorden
2108 2047 2329 2105 dicitur
2353 2049 2514 2107 enim
2544 2050 2609 2107 in

179 2112 339 2172 libro
375 2115 455 2169 De
498 2113 866 2168 ecclesiasticis
900 2112 1243 2181 doqmatibus
1286 2114 1360 2188 (c.
1394 2115 1483 2187 16)
1520 2133 1534 2172 ε
1565 2116 1750 2172 Solum
1797 2117 2063 2173 hominem
2105 2118 2372 2175 credimus
2416 2120 2612 2176 habere

175 2187 429 2241 animam
452 2183 867 2245 substantivam,
900 2198 1019 2254 quae
1055 2188 1221 2240 exuta
1247 2200 1465 2255 corpore
1488 2187 1647 2249 vivit,
1677 2191 1729 2242 et
1771 2201 1960 2243 sensus
2000 2203 2124 2244 suos
2171 2192 2333 2259 atque
2388 2192 2611 2259 inqenia

177 2255 447 2311 vivaciter
468 2257 624 2309 tenet.
656 2256 775 2312 Non
803 2268 923 2308 cum
949 2268 1165 2324 corpore
1189 2258 1440 2320 moritur,
1467 2258 1611 2312 sicut
1637 2257 1820 2313 Arabs
1844 2261 2059 2319 asserit,
2090 2275 2260 2329 neque
2277 2264 2406 2330 post
2431 2262 2608 2318 modi-

179 2339 305 2383 cum
325 2325 695 2387 intervalium,
726 2326 866 2380 sicut
892 2325 1067 2379 Zenon
1094 2325 1249 2393 dicit,
1280 2328 1415 2395 quia
1438 2327 1879 2383 substantialiter
1903 2330 2060 2385 vivit.

257 2398 370 2453 Per
398 2395 512 2453 hoc
542 2400 740 2452 autem
768 2393 1101 2452 excluditur
1124 2407 1289 2452 error
1311 2396 1654 2466 impiorum,
1676 2411 1749 2453 ex
1773 2410 2027 2469 quorum
2055 2412 2316 2481 persona
2345 2399 2603 2460 dicitur:

177 2467 271 2526 Εω
295 2465 472 2523 nihilo
503 2468 624 2522 nati
644 2479 850 2534 sumus,
876 2469 927 2521 et
942 2468 1070 2536 post
1113 2466 1210 2522 hoc
1253 2468 1454 2523 erimus
1491 2471 1755 2537 tanquam
1782 2482 1891 2523 non
1916 2468 2185 2536 summus
2215 2470 2396 2541 (Sap.‚
2427 2484 2494 2540 11,
2526 2472 2607 2544 2),

181 2542 241 2595 et
269 2551 344 2595 ex
375 2548 632 2609 quorum
656 2548 914 2608 persona
961 2534 1106 2593 dicit
1128 2537 1405 2595 Salomon
1438 2556 1451 2594 ε
1486 2540 1635 2594 Unus
1665 2540 1917 2594 interitus
1945 2542 2025 2595 est
2051 2540 2285 2599 hominis
2314 2545 2366 2595 et
2383 2540 2607 2609 jumen-

179 2612 380 2669 torum,
411 2611 463 2663 et
488 2622 646 2677 aequa
687 2608 972 2677 utriusque
999 2606 1264 2672 conditim
1310 2609 1452 2663 sicut
1477 2611 1712 2664 moritur
1737 2609 1910 2676 homo,
1941 2611 2022 2664 sic
2050 2613 2102 2663 et
2128 2611 2229 2664 illa
2264 2613 2605 2681 moriuntur,-

180 2680 440 2736 similiter
465 2680 686 2747 spirant
710 2679 892 2733 omnia
927 2679 978 2731 et
1003 2677 1146 2732 nihil
1193 2677 1353 2733 habet
1388 2678 1822 2759 homojnmento·
1855 2679 2091 2749 amplius
2119 2678 2294 2750 (Eccl.
2360 2694 2450 2749 111,
2487 2682 2605 2754 ¹9);

179 2747 1745 2891 ffl‘i‘linifflrimz558?eiissliaissisigdgffiiffiln2
1765 2747 1949 2875 ‘3332
1968 2723 2608 2890 θὶίῖὶιίῗὲἕᾞὲιὲὲἓῖἓ

180 2893 388 2946 terram
417 2860 746 2945 suam'unae
775 2890 914 2956 erat,
941 2891 993 2942 et
1034 2889 1264 2957 spiritus
1306 2889 1494 2945 redeat
1522 2889 1598 2945 ad
1673 2904 1793 2946 eum
1839 2891 1937 2959 qui
1963 2888 2115 2946 dedit
2156 2891 2314 2946 illum
2359 2890 2487 2964 (ΧΠ,
2524 2892 2606 2965 7).

184 2958 441 3017 infinitae
470 2958 649 3015 etiam
705 2963 848 3016 sunt
893 2958 1277 3017 auctoritates
1332 2972 1518 3018 sacrae
1564 2959 1879 3033 Scripturae
1922 2973 2054 3031 quae
2100 2959 2608 3023 immortalitatem

184 3030 403 3090 animae
430 3032 857 3101 protestantur.
891 3027 937 3101 (1
964 3033 1141 3099 part„
1166 3044 1224 3103 q.
1253 3042 1435 3100 LxxV,
1465 3034 1578 3088 art.
1606 3029 1688 3101 7).

1141 3248 1394 3314 CAPUT
1432 3251 1669 3316 LXXX.

438 3413 728 3470 RATIONES
764 3421 1031 3470 Panum
1072 3420 1404 3468 mmmmm
1438 3419 1677 3467 annun
1709 3419 2003 3471 numan
2039 3421 2348 3481 donanim,

1091 3509 1386 3556 consumo
1428 3508 1709 3555 CORPORE.

253 3663 497 3724 Videtur
524 3669 722 3723 autem
765 3663 1123 3738 quibusdam
1165 3664 1499 3724 rationibus
1526 3677 1710 3736 posse
1754 3664 1993 3736 probari
2040 3665 2274 3725 animas
2303 3667 2598 3729 humanas

189 3748 316 3795 non
344 3749 524 3808 posse
553 3748 860 3794 remanere
889 3739 1027 3806 post
1056 3747 1294 3806 corpus.

256 3806 317 3865 Si
366 3806 527 3864 enim
572 3806 786 3864 animae
832 3805 1111 3863 bumanae
1156 3805 1629 3876 multiplicantur
1672 3807 2003 3865 secundum
2046 3807 2605 3879 multiplicationem

184 3890 528 3946 corporum,
555 3881 620 3933 ut
648 3890 830 3958 supra
862 3875 937 3947 (c.
956 3874 1049 3948 75)
1081 3880 1391 3933 ostensum
1422 3881 1532 3946 est,
1562 3875 1881 3936 destructis
1910 3891 2053 3950 ergo
2083 3878 2456 3950 comminue,
2481 3893 2606 3938 non

112 3955 124 3964 ·
177 3952 444 4020 possunt
474 3947 687 4004 animae
717 3960 780 4004 1n
811 3959 924 4005 sua
960 3945 1338 4003 multitudine
1368 3959 1695 4004 remanere.
1726 3947 1889 4005 Unde
1917 3954 2152 4020 oportet
2178 3948 2429 4007 alterum
2459 3949 2605 4009 duo-

175 4030 318 4075 rum
344 4017 514 4090 sequi
545 4034 560 4073 :
592 4022 693 4075 aut
721 4017 880 4090 quod
912 4016 1174 4074 totaliter
1199 4016 1401 4073 anima
1423 4016 1688 4074 humana
1726 4030 1863 4075 esse
1907 4017 2171 4088 desinat;
2204 4024 2306 4078 aut
2332 4019 2491 4092 quod
2519 4035 2606 4079 re-

173 4094 423 4146 maneat
451 4102 571 4144 una
597 4094 847 4155 tantum,
880 4087 1040 4159 quod
1084 4085 1317 4144 videtur
1345 4099 1480 4143 esse
1509 4086 1841 4145 secundum
1889 4089 2233 4160 opinionem
2263 4102 2468 4147 eorum
2500 4092 2603 4164 qui

173 4164 417 4231 ponunt
444 4157 894 4228 incorruptibile
923 4157 1120 4216 solum
1166 4155 1434 4228 idiquod
1462 4162 1556 4215 est
1598 4171 1783 4215 unum
1811 4157 1875 4215 in
1900 4158 2182 4217 omnibus
2230 4159 2602 4231 hominibuS‚

178 4229 314 4290 sive
345 4227 461 4286 boc
492 4228 573 4286 sit
601 4227 939 4286 intellectus
959 4240 1147 4301 agens
1163 4232 1414 4290 tantum,
1445 4232 1510 4285 ut
1527 4226 1860 4287 Alexander
1887 4227 2052 4297 dicit,
2080 4230 2207 4289 sive
2238 4245 2373 4289 cum
2393 4237 2608 4304 agente

177 4299 366 4359 etiam
392 4297 730 4371 possibilis,
755 4302 822 4355 ut
847 4297 993 4355 dicit
1016 4297 1349 4357 Averrhoes
1378 4296 1478 4369 (De
1504 4299 1711 4363 anima,
1742 4311 1829 4362 111,
1857 4297 1935 4370 ὅ).

257 4370 537 4441 Amplius,
572 4367 726 4426 ratio
755 4367 1024 4426 formalis
1065 4374 1159 4426 est
1184 4382 1369 4428 causa
1397 4367 1760 4427 diversitatis
1796 4366 2126 4429 secundum
2155 4370 2438 4443 speciem.
2468 4370 2601 4439 Sed,
