3076 5025
417 261 520 318 600
1302 258 1436 315 LlB.
1474 257 1565 318 lv,
1607 257 1758 313 CAP.
1797 257 1947 313 LXV.

1376 475 1630 538 CAPUT
1679 475 1886 538 LXIV.

806 648 1046 695 sommo
1082 647 1282 693 nomm
1317 647 1450 700 01]AE
1484 646 1939 692 OBJIGIEBANTUR
1973 644 2050 690 EX
2085 645 2273 690 PARTE
2307 645 2457 691 Lom.

489 804 596 865 His
640 805 658 862 i
706 803 825 862 itur
865 803 1263 862 consideratis
1309 804 1469 861 circa
1517 801 1761 860 modum
1810 802 2244 869 conversioniS,
2274 802 2348 860 ad
2393 801 2513 859 alia
2559 801 2865 861 solvenda

417 876 598 936 nobis
627 890 664 933 a
688 876 1004 948 iquatenus
1034 875 1132 931 via
1169 878 1346 945 patet.
1375 873 1605 931 Dictum
1634 878 1725 930 est
1753 872 1911 929 enim
1942 870 2101 944 quod
2130 872 2302 930 locus
2331 872 2393 930 in
2436 885 2559 944 quo
2584 872 2707 930 hoc
2738 873 2867 946 agi·

416 952 516 1005 tur
539 951 976 1004 sacramentum
1004 944 1346 1025 attribuitur
1371 944 1607 1014 corpori
1640 943 1875 1011 Christi,
1904 943 2141 1023 ratione⁶
2180 942 2634 1000 dimensionum
2673 943 2862 1022 panis

416 1016 852 1076 remanentium
880 1021 1017 1086 post
1044 1014 1495 1073 conversionem
1524 1013 1876 1072 substantiae
1921 1026 2096 1084 panis
2125 1026 2187 1069 in
2226 1026 2447 1084 corpus
2474 1013 2727 1070 Christi.
2760 1014 2863 1069 Se·

418 1087 683 1146 cundum
714 1086 829 1144 hoc
854 1086 1038 1157 igitur
1061 1099 1134 1143 ea
1158 1099 1290 1158 quae
1310 1084 1525 1142 Christi
1553 1089 1695 1142 sunt
1717 1097 1963 1141 necesse
1990 1088 2083 1141 est
2110 1096 2247 1141 esse
2270 1082 2335 1140 in
2367 1083 2505 1141 loco
2534 1082 2857 1155 praedicto,

419 1158 748 1218 secundum
781 1155 940 1228 quod
978 1155 1160 1228 exigit
1186 1154 1335 1212 ratio
1374 1154 1791 1213 conversionis
1821 1154 2132 1229 praedictae.

492 1226 1003 1287 Considerandum
1036 1231 1129 1283 est
1153 1225 1334 1298 igitur
1361 1224 1424 1282 in
1453 1225 1569 1283 hoc
1597 1228 1970 1283 sacramento
1996 1223 2224 1296 aliquid
2252 1237 2387 1304 esse
2416 1239 2488 1281 ex
2515 1223 2571 1281 vi
2601 1236 2863 1282 conver·

419 1296 638 1366 sionis,
667 1297 744 1355 ali
792 1296 893 1353 uid
921 1302 1119 1354 autem
1144 1311 1218 1353 ex
1246 1296 1499 1353 naturali
1530 1295 2011 1353 concomitantia.
2041 1297 2123 1352 Ex
2147 1295 2204 1350 vi
2234 1294 2473 1375 quidem
2493 1295 2861 1354 conversio·

418 1369 521 1426 nis
550 1373 643 1426 est
669 1367 731 1425 in
799 1380 871 1424 oc
901 1370 1277 1425 sacramento
1314 1365 1462 1423 illud
1501 1366 1575 1424 ad
1624 1366 1781 1437 quod
1830 1365 2052 1423 directe
2097 1376 2410 1422 conversio
2450 1365 2862 1435 terminatum

420 1439 580 1497 sicut
606 1438 720 1496 sub
745 1436 1058 1510 speciebus
1087 1436 1261 1508 panis
1290 1449 1509 1507 corpus
1540 1436 1777 1503 Christi,
1809 1436 1871 1493 in
1925 1434 2085 1507 quod
2112 1435 2446 1493 substantia
2487 1435 2668 1507 panis
2707 1448 2868 1494 con—

417 1509 688 1577 vertitur,
723 1514 788 1567 ut
817 1522 922 1579 per
947 1506 1127 1565 verba
1154 1507 1628 1565 consecrationis
1658 1511 1835 1577 patet,
1871 1519 2054 1587 quum
2086 1504 2300 1563 dicitur
2329 1523 2344 1562 ε
2390 1507 2501 1562 Hoc
2528 1509 2611 1562 est

418 1594 633 1645 meum3
662 1584 720 1637 et
745 1578 1020 1636 similiter
1046 1577 1158 1636 sub
1187 1578 1384 1650 specie
1410 1577 1533 1633 vini
1563 1581 1656 1634 est
1682 1590 1933 1648 sanguis
1970 1576 2209 1645 Christi,
2239 1590 2423 1648 quum
2453 1576 2716 1634 dicitur:
2751 1578 2869 1633 Ha:

420 1654 501 1706 est
526 1650 676 1705 calix
701 1651 989 1718 sanguinis
1012 1650 1135 1711 mei,
1158 1654 1270 1706 etc.
1298 1647 1410 1705 Sed
1441 1662 1511 1704 ex
1540 1647 1795 1704 naturali
1826 1646 2291 1704 concomitantia
2336 1653 2479 1703 sunt
2524 1646 2608 1703 ibi
2643 1649 2867 1706 omnia

421 1719 564 1788 alia,
594 1719 670 1777 ad
698 1734 830 1800 quae
858 1719 1172 1777 conversio
1202 1729 1326 1775 non
1352 1718 1723 1798 terminatur,
1764 1717 1867 1798 sed
1894 1722 2091 1775 tamen
2119 1717 2173 1774 ei
2207 1716 2268 1773 in
2307 1716 2466 1798 quod
2492 1717 2871 1797 terminatur

421 1795 567 1848 sunt
594 1790 833 1848 realiter
860 1789 1198 1860 conjuncta.
1228 1789 1607 1846 Manifestum
1656 1792 1748 1845 est
1772 1801 1929 1844 enim
1962 1787 2122 1860 quod
2159 1800 2474 1844 conversio
2516 1800 2696 1857 panis
2730 1801 2867 1846 non

418 1860 773 1918 terminatur
797 1859 859 1917 in
891 1859 1256 1916 divinitatem
1284 1858 1497 1917 Christi
1527 1873 1719 1931 neque
1749 1858 1809 1914 in
1842 1858 1971 1938 ejus
2000 1858 2299 1926 animam;
2332 1857 2437 1915 sed
2486 1863 2691 1915 tamen
2742 1859 2867 1918 sub

420 1929 622 2001 specie
658 1930 833 2000 panis
857 1934 949 1987 est
985 1930 1187 1986 anima
1213 1929 1517 2009 Christi-et
1544 1928 1674 2009 eius
1702 1928 2268 2055 divinitas,1}¹ropter
2296 1928 2575 1985 unionem
2630 1930 2865 1988 utrius-

421 2014 537 2072 que
565 1998 640 2056 ad
664 2013 882 2071 corpus
909 1999 1144 2057 Christi.
1178 1999 1237 2055 Si
1264 2012 1404 2057 vero
1433 2013 1494 2055 in
1527 1998 1722 2056 triduo
1754 2003 1965 2056 mortis
1996 1999 2038 2055 C
2083 2004 2208 2056 risti
2240 1999 2354 2056 hoc
2398 2005 2859 2058 sacramentum

421 2069 782 2127 celebratum
811 2070 1043 2137 fuisset,
1071 2081 1197 2148 non
1229 2068 1445 2127 fuisset
1472 2068 1586 2127 sub
1607 2069 1805 2139 specie
1834 2067 2010 2140 panis
2039 2068 2242 2126 anima
2269 2067 2502 2131 Christi,
2540 2069 2692 2150 quia
2724 2083 2863 2129 rea·

418 2138 558 2196 liter
585 2151 706 2196 non
735 2144 861 2196 erat
885 2139 1118 2211 corpori
1147 2152 1279 2211 ejus
1306 2138 1514 2208 unita;
1548 2142 1607 2196 et
1633 2139 1909 2197 similiter
1936 2152 2047 2196 nec
2069 2138 2181 2197 sub
2209 2139 2407 2210 specie
2429 2152 2604 2211 panis
2634 2139 2867 2199 suisset

420 2209 671 2283 sanguis
700 2221 811 2267 nec
839 2207 951 2267 sub
989 2208 1342 2290 speeieyini
1394 2221 1636 2280 corpuS,
1661 2213 1922 2290 ‘propter
1968 2210 2406 2281 separationem
2448 2210 2771 2291 utriusque
2796 2212 2865 2269 in

417 2285 632 2338 morte.
665 2282 834 2337 Nunc
862 2284 1081 2348 autem,
1121 2294 1264 2351 quia
1289 2291 1510 2351 corpus
1540 2279 1754 2337 Christi
1784 2293 1847 2336 in
1878 2293 1989 2337 sua
2020 2284 2229 2338 natura
2270 2292 2392 2338 non
2422 2286 2518 2338 est
2545 2294 2685 2338 sine
2707 2294 2861 2339 san-

420 2350 625 2431 guine,
656 2349 1049 2432 suboutraque
1075 2349 1274 2419 specie
1302 2350 1644 2432 continetur
1667 2363 1887 2431 corpus
1917 2355 1977 2408 et
2003 2351 2293 2432 sanguis3
2334 2350 2443 2409 sed
2488 2351 2605 2409 sub
2651 2352 2863 2423 specie

420 2433 600 2493 panis
624 2424 966 2478 continetur
986 2432 1206 2491 corpus
1233 2434 1307 2478 ex
1343 2433 1402 2477 vi
1448 2433 1879 2490 conversioniS,
1924 2434 2177 2492 sanguis
2220 2426 2419 2479 autem
2462 2435 2540 2480 ex
2588 2422 2859 2481 naturali

421 2490 926 2560 concomitantia3
956 2489 1070 2549 sub
1101 2490 1300 2562 specie
1328 2494 1526 2549 autem
1554 2491 1701 2562 vini,
1732 2506 1764 2549 e
1792 2504 2103 2550 converso.

493 2564 606 2619 Per
631 2561 836 2619 eadem
867 2562 1040 2619 etiam
1110 2566 1228 2618 atet
1257 2562 1475 2621 solutio
1502 2562 1579 2620 ad
1611 2562 1671 2621 id
1700 2562 1860 2634 quod
1889 2562 2279 2635 objiciebatur
2323 2562 2395 2621 de
2435 2563 2855 2636 inaequalitate

421 2632 693 2713 corporis
719 2632 933 2713 Christi
964 2631 1038 2690 ad
1065 2576 1487 2713 Pocumtpanis.
1528 2634 1871 2692 Substantia
1903 2633 2061 2690 enim
2091 2633 2267 2703 panis
2297 2632 2518 2691 directe
2547 2635 2853 2692 converti-

419 2707 519 2759 tur
542 2716 603 2759 ιιι
633 2702 1026 2761 substantiam
1056 2716 1325 2775 corporis
1347 2704 1601 2771 Christi3
1653 2703 2062 2761 dimensiones
2103 2708 2301 2761 autem
2330 2704 2601 2776 corporis
2632 2705 2854 2763 Christi

422 2772 654 2830 suntin
684 2778 1057 2831 sacramento
1089 2788 1163 2829 ex
1191 2773 1445 2832 naturali
1474 2775 1957 2842 concomitantia,
1987 2786 2108 2832 non
2157 2779 2355 2831 autem
2386 2788 2460 2831 ex
2494 2775 2552 2831 vi
2601 2787 2855 2833 conver·

420 2842 637 2912 sioniS,
665 2856 850 2916 quum
879 2843 1284 2902 dimensiones
1309 2843 1484 2916 panis
1509 2850 1874 2903 remaneant.
1904 2844 2205 2926 sicigitur
2230 2857 2451 2915 corpus
2471 2844 2693 2904 Christi
2724 2859 2855 2903 non

419 2918 801 2984 comparatur
830 2914 904 2970 ad
933 2913 1093 2970 hunc
1136 2913 1335 2972 locum
1381 2914 1783 2973 mediantibus
1824 2914 2305 2973 dimensionibus
2332 2915 2616 2987 propriis,
2647 2920 2715 2974 ut
2762 2917 2853 2974 eis

420 2988 693 3056 oporteat
719 2983 1015 3055 adaequari
1060 2984 1280 3052 locum,
1317 2984 1423 3042 sed
1471 2984 1875 3044 mediantibus
1926 2984 2403 3043 dimensionibus
2446 2986 2623 3059 panis
2662 2999 2852 3045 rema-

417 3052 722 3121 nentibuS,
744 3053 961 3125 quibus
989 3054 1160 3112 locus
1190 3053 1554 3127 adaequatur.

493 3123 633 3181 Inde
661 3123 838 3204 etiam
870 3128 1030 3204 patet
1055 3124 1279 3182 solutio
1307 3125 1381 3182 ad
1410 3125 1470 3183 id
1499 3125 1659 3197 quod
1689 3125 2074 3196 objiciebatur
2100 3127 2172 3184 de
2190 3125 2531 3208 pluralitate
2552 3126 2847 3185 locorum.

420 3194 647 3274 Corpus
679 3207 838 3251 enim
868 3193 1085 3274 Christi
1111 3207 1218 3275 per
1251 3207 1396 3253 suas
1430 3196 1705 3267 proprias
1734 3196 2142 3255 dimensiones
2187 3210 2250 3253 in
2286 3209 2409 3255 uno
2449 3202 2685 3255 tantum
2714 3196 2849 3255 loco

420 3269 641 3333 existit,
673 3263 800 3331 sed,
840 3263 1243 3322 mediantibus
1285 3264 1760 3325 dimensionibus
1800 3266 1975 3339 panis
2012 3266 2075 3325 in
2117 3268 2317 3339 ipsum
2360 3267 2733 3325 transeuntis
2786 3268 2849 3324 ιιι

414 3337 505 3415 tot
523 3335 682 3415 ‘locis
711 3334 892 3392 estin
922 3338 1067 3406 quot
1093 3332 1437 3416 hu'usmodi
1479 3336 1792 3395 conversio
1822 3337 2001 3395 fuerit
2039 3337 2334 3396 celebrata
2367 3355 2382 3406 ;
2431 3351 2555 3395 non
2606 3312 2848 3419 quid'em

418 3402 677 3462 divisum
704 3418 825 3485 per·
836 3409 1054 3475 partes,
1084 3417 1150 3463 se
1218 3410 1515 3479 integrum
1533 3407 1597 3463 in
1629 3420 1992 3480 unoquoque
2016 3426 2033 3478 ;
2064 3420 2203 3468 nam
2222 3407 2475 3481 quilibet
2499 3421 2682 3481 panis
2700 3420 2847 3468 con·

315 3512 324 3538 -.
418 3479 690 3534 sectatus
717 3474 781 3532 in
809 3479 1109 3548 integrum
1135 3487 1357 3548 corpus
1385 3476 1603 3535 Christi
1631 3480 2012 3536 convertitur.

1386 3695 1642 3762 CAPUT
1678 3696 1856 3761 LXV.

658 3876 900 3925 somno
934 3875 1137 3924 nomm
1169 3875 1303 3931 011AE
1338 3873 1789 3925 OBJIGOEBANTUR
1821 3875 1903 3922 Ex
1943 3876 2136 3924 PARTE
2170 3876 2592 3926 Accmmmtnt.

480 4039 573 4098 Sic
594 4040 787 4123 igitur·
805 4039 1152 4121 difficultate
1178 4040 1377 4099 solnta
1403 4056 1535 4169 qssiae
1561 4056 1634 4100 ex
1658 4041 1794 4122 loco
1823 4041 2061 4111 accidit,
2092 4040 2534 4123 inspiciendum
2556 4045 2654 4124 est
2676 4041 2751 4101 de
2771 4056 2845 4101 ea

412 4121 546 4189 qua?
566 4125 637 4167 ex
664 4110 1068 4169 accidentibus
1100 4116 1429 4170 remanenti
1475 4126 1548 4172 us
1576 4125 1712 4171 esse
1740 4111 1991 4170 videtur.
2020 4114 2150 4169 Non
2195 4125 2354 4168 emm
2384 4125 2594 4184 negari
2642 4116 2841 4184 potest

408 4179 740 4239 accidentia
756 4181 931 4252 panis
959 4182 1157 4240 etvini
1182 4195 1509 4254 remanere,
1528 4197 1714 4256 quum
1753 4196 1973 4241 sensus
2000 4182 2115 4241 hoc
2139 4181 2535 4240 infallibiliter
2550 4182 2833 4242 demons-

406 4254 542 4308 tret.
573 4252 770 4330 Neque
798 4250 896 4309 his
919 4264 1139 4324 corpus
1164 4253 1382 4311 Christi
1410 4258 1513 4312 aut
1541 4253 1793 4325 sanguis
1838 4252 2115 4325 afficitur,
2162 4253 2300 4326 quia
2355 4251 2472 4311 hoc
2515 4253 2650 4311 sine
2703 4251 2829 4335 ejus

407 4319 755 4379 alteratione
782 4335 916 4379 esse
948 4336 1070 4381 non
1098 4328 1326 4396 posset,
1355 4337 1466 4381 nec
1493 4324 1701 4383 talium
1728 4323 2121 4382 accidentium
2165 4337 2353 4396 capax
2387 4328 2482 4382 est
2512 4341 2528 4395 ς
2557 4323 2830 4382 similiter

408 4396 605 4452 autem
640 4397 700 4451 et
756 4390 1094 4455 substantia
1143 4394 1320 4458 aeris.
1348 4393 1511 4455 Unde
1565 4395 1923 4470 relinquitur
1970 4394 2133 4471 quod
2178 4396 2304 4455 sint
2344 4395 2479 4454 sine
2528 4392 2820 4467 subjecto,
