3076 5025
1121 284 1253 340 LlB.
1292 285 1386 352 IV,
1424 284 1575 339 CAP.
1612 283 1805 339 XXXV.
2568 285 2672 345 65⁷

245 406 406 467 sicut
443 421 520 464 ex
562 409 818 479 quatuor
858 406 1168 464 elementis
1214 404 1282 463 fit
1325 420 1545 476 corpus
1591 405 1861 463 mixtum.
1906 404 2010 463 Hic
2040 405 2214 463 etiam
2257 406 2474 464 modus
2500 407 2670 467 nullo

243 478 432 538 modo
461 479 743 548 competit
765 476 840 534 ad
869 478 1278 550 propositum:
1304 507 1374 518 —
1401 479 1593 547 primo
1612 476 1871 547 quidem,
1893 476 2031 549 quia
2058 476 2263 534 mixtio
2296 490 2412 534 non
2442 481 2534 534 est
2555 478 2673 538 uisi

245 561 460 607 eorum
485 562 617 620 quae
643 547 1088 605 communicant
1109 546 1172 604 in
1199 547 1446 605 materia
1471 553 1531 604 et
1557 560 1690 618 quae
1714 559 1890 619 agere
1915 551 1976 603 et
2005 546 2124 618 pati
2152 547 2225 605 ad
2250 547 2500 604 invicem
2535 552 2676 608 nata

204 631 211 668 1
246 623 428 686 sunt3
475 618 634 690 quod
681 618 916 689 quidem
956 617 1052 674 hic
1097 630 1232 674 esse
1285 631 1404 675 non
1436 623 1661 688 potest3
1694 624 2003 675 ostensum
2047 622 2141 676 est
2166 617 2322 675 enim
2360 618 2424 690 (l.
2452 633 2494 679 i.
2523 633 2575 675 c.
2606 622 2674 677 16

205 713 214 741 i
245 695 308 747 et
337 689 429 761 17)
481 689 637 761 quod
674 691 832 759 Deus
873 688 1286 746 immaterialis
1317 695 1375 745 et
1418 687 1665 745 omnino
1709 687 2095 758 impassibilis
2125 695 2255 756 est;
2281 717 2354 731 --
2381 688 2671 759 seeundo,

247 759 394 832 quia
416 774 488 816 ex
523 760 616 817 liis
644 772 899 832 quorum
929 772 1112 817 unum
1145 759 1396 816 multum
1441 758 1856 815 exceditaaliud
1899 759 2108 816 mixtio
2138 757 2262 815 fleri
2291 771 2411 817 non
2441 763 2673 830 potest3

247 830 303 890 si
331 830 471 902 quis
497 830 655 887 enim
686 835 910 902 guttam
939 830 1063 885 vini
1082 829 1275 886 mittat
1310 828 1559 893 inmille
1583 843 1674 886 am
1719 828 1901 887 horas
1933 842 2123 901 aquae,
2152 842 2273 886 non
2304 830 2412 887 erit
2444 829 2676 901 mixtio,

246 900 360 959 sed
393 900 869 970 corruptiorini,
892 904 1132 972 propter
1154 899 1310 971 quod
1344 899 1516 956 etiam
1547 912 1655 956 nec
1683 843 1849 971 Pigna
1872 900 1932 956 in
1960 900 2263 957 fornacem
2295 899 2456 973 ignis
2486 901 2679 961 missa

247 970 508 1030 dicimus
532 971 772 1028 misceri
801 970 948 1044 igni,
963 963 1083 1029 ‘sed
1111 969 1186 1027 ab
1216 971 1355 1043 igne
1378 970 1678 1036 consumi,
1707 977 1945 1040 propter
1970 970 2355 1028 excellentem
2384 970 2545 1041 iguis
2566 971 2678 1030 vir·

246 1044 436 1100 tutem
469 1059 484 1111 3
516 1040 936 1099 divina‘autem
966 1047 1175 1098 natura
1203 1040 1266 1098 in
1296 1040 1591 1098 inlinitum
1622 1039 1945 1098 humanam
1975 1041 2223 1104 excedit,
2255 1054 2438 1115 quum
2484 1041 2672 1100 virtus

248 1112 356 1171 Dei
384 1112 461 1170 sit
483 1111 735 1182 infinita,
760 1117 827 1169 ut
853 1117 1163 1170 ostensum
1195 1117 1288 1168 est
1306 1111 1369 1182 (l.
1395 1124 1437 1178 i,
1467 1126 1520 1168 c.
1553 1111 1681 1184 43);
1706 1112 1875 1168 nullo
1904 1111 2087 1182 igitur
2115 1110 2294 1171 modo
2321 1115 2528 1183 posset
2548 1111 2682 1171 fleri

248 1182 467 1241 mixtio
491 1183 800 1254 utriusque
827 1189 1091 1251 naturae3
1120 1211 1190 1223 —
1219 1182 1414 1249 tertio,
1457 1183 1617 1254 quia,
1651 1182 1790 1238 «lato
1821 1183 1978 1262 quod
2013 1182 2182 1241 fieret
2206 1183 2435 1250 mixtio,
2466 1187 2681 1243 neutra

248 1258 470 1311 natura
517 1259 848 1310 remaneret
892 1253 1097 1320 salva;
1128 1251 1443 1310 miscihilia
1479 1253 1638 1309 enim
1689 1251 1752 1308 in
1781 1258 1965 1309 mixto
2012 1266 2134 1312 non
2168 1254 2495 1334 salvantur,
2520 1252 2572 1311 si
2596 1253 2679 1311 sit

247 1337 393 1381 vera
421 1324 631 1382 mixtio
656 1341 673 1393 3
704 1324 860 1381 facta
886 1323 1070 1395 igitur
1095 1323 1487 1394 permixtione
1520 1323 1827 1395 uti-iusque
1855 1326 2100 1391 naturae,
2124 1322 2340 1382 divinae
2362 1323 2587 1382 scillcet
2616 1330 2679 1383 et

249 1392 556 1462 humanae,
606 1399 818 1452 neutra
853 1400 1068 1451 natura
1107 1397 1458 1459 remaneret,
1502 1393 1606 1450 sed
1638 1393 1864 1464 aliquid
1904 1393 2182 1458 tertium:
2207 1399 2266 1452 et
2288 1394 2377 1453 sic
2406 1393 2679 1454 Christus

249 1477 376 1523 non
405 1469 568 1522 esset
598 1467 755 1522 Deus
783 1478 974 1536 neque
1000 1464 1203 1522 home.
1234 1467 1360 1521 Non
1392 1464 1573 1536 igitur
1595 1463 1686 1521 sic
1710 1467 1906 1534 potest
1930 1462 2181 1537 intelligi
2205 1463 2364 1538 quod
2387 1463 2680 1537 Eutyches

253 1534 426 1604 dixit,
456 1540 592 1592 ante
621 1536 906 1593 unionem
936 1534 1126 1593 fuisse
1153 1534 1305 1592 duas
1334 1542 1599 1603 naturae,
1626 1539 1763 1605 post
1791 1533 2072 1591 unionem
2105 1548 2245 1592 vero
2274 1547 2451 1593 unam
2483 1535 2544 1591 in
2568 1537 2681 1594 Do·

255 1605 423 1663 mino
465 1607 605 1663 Jesu
653 1605 905 1674 Christo,
948 1605 1120 1678 quasi
1165 1619 1237 1662 ex
1265 1605 1497 1663 duabus
1546 1605 1774 1662 naturis
1819 1604 1898 1661 sit
1929 1604 2256 1663 constituta
2294 1618 2415 1663 una
2443 1611 2677 1665 natura.

257 1675 631 1747 Relinquitur
681 1689 826 1748 ergo
869 1675 1029 1747 quod
1072 1676 1187 1733 hoc
1224 1676 1590 1748 intelligatur
1632 1674 1749 1733 hoc
1800 1674 1981 1733 modo
2021 1674 2182 1747 quod
2232 1675 2416 1734 altera
2446 1681 2677 1735 tautum

256 1759 464 1803 earum
517 1752 652 1816 post
695 1747 975 1810 unionem
1027 1746 1400 1804 remanserit.
1428 1750 1542 1803 Aut
1582 1744 1765 1818 igitur
1790 1745 1901 1803 fuit
1934 1745 1997 1803 in
2040 1744 2274 1804 christo
2302 1746 2436 1805 sola
2467 1751 2682 1805 natura

253 1815 473 1886 divina,
503 1823 563 1873 et
605 1817 662 1874 id
692 1816 852 1889 quod
879 1815 1188 1873 videbatur
1216 1816 1277 1873 in
1309 1830 1382 1874 eo
1404 1815 1732 1873 humanum
1764 1816 1876 1872 suit
1909 1815 2371 1887 phantasticum,
2403 1821 2467 1873 ut
2496 1816 2681 1874 Mani·

250 1886 463 1946 chaeus
513 1887 679 1954 dixit,
727 1893 832 1944 aut
876 1886 1080 1944 divina
1125 1891 1338 1945 natura
1380 1900 1673 1944 conversa
1718 1891 1810 1942 est
1846 1886 1910 1942 in
1938 1887 2261 1944 humanam
2289 1891 2582 1952 naturam,
2615 1892 2684 1946 ut

249 1957 616 2028 Apollinaris
646 1958 830 2024 dixit3
859 1963 1068 2014 contra
1094 1970 1249 2027 quos
1278 1971 1460 2027 supra
1486 1957 1943 2027 disputavimus.
1977 1956 2345 2029 Relinquitur
2370 1956 2683 2030 igiturhoc

250 2040 395 2086 esse
424 2027 498 2083 im
510 2027 812 2097 possibile,
844 2032 982 2084 ante
1008 2027 1293 2085 unionem
1322 2027 1509 2086 tuisse
1537 2028 1690 2085 duas
1719 2033 1965 2086 naturas
1992 2027 2057 2085 in
2085 2028 2339 2098 Chi-isto,
2361 2032 2499 2099 post
2513 2028 2687 2088 unio·

252 2109 396 2158 nam
418 2111 563 2156 vero
587 2111 788 2157 unam.

324 2170 603 2238 Amplius,
630 2182 936 2240 nunquam
967 2169 1270 2227 invenitur
1295 2183 1365 2226 ex
1395 2169 1630 2226 duabus
1649 2170 1878 2228 naturis
1906 2170 2290 2229 manentibus
2317 2170 2443 2230 fleri
2478 2186 2682 2241 unam,

253 2251 331 2298 eo
375 2238 539 2319 quod
583 2240 861 2312 quaelibet
911 2243 1124 2320 natura
1151 2246 1243 2298 est
1270 2240 1567 2311 quoddam
1601 2245 1812 2310 totum,
1840 2256 1913 2299 ca
1940 2255 2082 2300 vero
2112 2256 2185 2299 ex
2213 2241 2432 2314 quihus
2457 2244 2683 2316 aliquid

253 2314 643 2368 constituitur
684 2310 906 2369 cadunt
947 2323 1012 2367 in
1056 2311 1286 2368 ratione
1328 2312 1534 2381 partis.
1585 2310 1767 2380 Unde,
1798 2325 1982 2384 quum
2024 2326 2099 2369 ex
2124 2313 2327 2370 anima
2347 2316 2408 2370 et
2432 2328 2683 2384 corpore

251 2379 362 2440 fiat
407 2394 618 2449 unum,
656 2394 849 2453 neque
875 2392 1096 2452 corpus
1134 2394 1326 2451 neque
1368 2381 1569 2437 anima
1598 2385 1810 2438 natura
1836 2381 1952 2439 dici
1976 2387 2191 2452 potest,
2218 2384 2378 2440 sicut
2405 2396 2564 2441 nunc
2594 2386 2682 2442 lo·

253 2449 500 2524 quimur
531 2452 606 2508 de
643 2457 874 2520 natura,
916 2451 1059 2524 quia
1088 2456 1359 2507 neutrum
1402 2450 1583 2507 habet
1610 2451 1874 2522 speciem
1915 2452 2291 2523 completam,
2319 2452 2425 2510 sed
2456 2460 2683 2512 utrum-

253 2536 376 2595 que
404 2529 656 2594 estpars
678 2523 860 2580 unius
876 2523 1320 2589 naturae.Quiim
1346 2521 1528 2602 igitur
1555 2529 1767 2579 natura
1791 2522 2055 2580 humana
2077 2522 2156 2581 sit
2172 2523 2440 2596 quiedam
2471 2531 2685 2585 natura

254 2593 577 2664 completa,
625 2599 682 2651 et
711 2593 990 2651 similiter
1029 2598 1241 2651 natura
1268 2591 1485 2652 divina.
1516 2591 1885 2663 impossibile
1908 2593 2185 2666 estquod
2228 2602 2588 2652 concurrant
2617 2596 2682 2653 in

254 2676 441 2723 unam
472 2670 764 2733 naturam,
794 2663 913 2720 nisi
948 2662 1041 2720 vel
1072 2667 1317 2733 utraque
1344 2661 1437 2719 vel
1455 2662 1571 2720 alia
1601 2668 2051 2733 corrumpatur;
2082 2664 2241 2736 quod
2270 2678 2407 2724 esse
2439 2680 2558 2724 non
2576 2682 2682 2741 po-

255 2739 398 2802 test,
429 2748 612 2806 quum
639 2748 712 2792 ex
739 2732 1095 2803 supradictis
1114 2737 1307 2803 pateat
1336 2746 1519 2811 unum
1543 2733 1840 2791 Christum
1869 2736 1928 2790 et
1953 2746 2154 2790 verum
2185 2736 2368 2792 Deum
2401 2742 2460 2793 et
2475 2751 2681 2798 verum

255 2802 570 2931 hominem
611 2818 766 2863 esse.
809 2803 1184 2875 impossibile
1219 2807 1314 2860 est
1352 2802 1536 2873 igitur
1577 2804 1641 2859 in
1678 2803 1911 2859 christo
1941 2816 2121 2859 unam
2150 2816 2288 2861 esse
2314 2811 2545 2864 tantum
2575 2822 2681 2868 na·

286 2888 479 2933 uram.

330 2946 486 3013 Item,
518 2959 589 3002 ex
619 2945 856 3004 duobus
882 2943 1265 3003 manentibus
1293 2959 1415 3003 una
1445 2946 1655 3001 natura
1691 2939 2078 3024 constituitur
2105 2958 2124 3001 z
2151 2942 2247 3002 vel
2274 2943 2431 3004 sicut
2455 2961 2527 3006 ex
2553 2961 2685 3021 par·

258 3014 426 3074 tibus
475 3016 906 3085 corporalibus,
952 3016 1106 3074 sicut
1150 3029 1224 3072 ex
1253 3015 1534 3073 membris
1562 3017 1945 3070 constituitur
1979 3013 2221 3079 animal,
2252 3016 2410 3089 quod
2440 3016 2536 3076 hic
2566 3020 2683 3078 dici

259 3099 387 3145 non
412 3093 646 3160 potest„
666 3099 849 3159 quum
878 3086 1076 3165 divina
1114 3091 1329 3166 natura
1374 3099 1495 3142 non
1527 3084 1608 3141 sit
1634 3083 1860 3164 aliquid
1886 3096 2277 3155 corporeum3
2306 3087 2397 3144 vel
2429 3089 2587 3147 sicut
2608 3105 2685 3149 ex

260 3157 510 3215 materia
560 3162 618 3213 et
651 3157 840 3213 forma
865 3158 1248 3213 constituitur
1291 3155 1514 3227 aliquid
1564 3166 1768 3221 unum,
1810 3159 1963 3211 sicut
2008 3168 2081 3212 ex
2121 3156 2321 3215 anima
2348 3163 2405 3216 et
2434 3173 2683 3231 corpore
2727 3194 2737 3209 ·

263 3228 521 3294 animan
560 3227 717 3299 quod
765 3226 941 3283 etiam
988 3238 1110 3282 non
1163 3232 1361 3295 potest
1401 3228 1464 3283 in
1510 3224 1817 3305 proposito
1862 3224 2363 3295 dici30stensum
2401 3235 2494 3288 est
2521 3230 2682 3289 enim

261 3296 329 3370 (1.
358 3311 403 3367 1,
433 3312 487 3356 e.
528 3302 591 3354 ¹7
623 3302 683 3352 et
707 3296 799 3368 27)
838 3295 996 3366 quod
1028 3297 1185 3353 Deus
1223 3310 1416 3369 neque
1442 3303 1689 3353 materia
1711 3300 1803 3352 est
1828 3308 2021 3367 neque
2047 3295 2304 3370 alicujus
2329 3299 2520 3357 forma
2546 3314 2685 3360 esse

259 3371 479 3449 potest.
509 3367 568 3423 Si
592 3366 772 3438 igitur
797 3365 1064 3424 Christus
1090 3372 1184 3424 est
1209 3381 1386 3425 verus
1410 3369 1566 3424 Deus
1594 3368 1653 3422 et
1679 3379 1853 3423 verus
1894 3365 2100 3437 homo,
2141 3373 2209 3425 ut
2231 3372 2541 3429 ostensum
2568 3377 2681 3443 est,

259 3438 639 3509 impossihile
665 3442 756 3494 est
785 3436 942 3507 quod
974 3437 1035 3493 in
1066 3449 1140 3494 eo
1168 3438 1250 3495 sit
1274 3451 1394 3494 una
1422 3444 1633 3494 natura
1661 3440 1912 3494 tantum.

332 3508 552 3569 Adhuc.
601 3505 928 3564 subtractio
969 3506 1061 3563 vel
1100 3507 1320 3566 additio
1351 3507 1609 3578 alicujus
1653 3505 1993 3565 essentialis
2028 3505 2301 3580 principii
2329 3510 2520 3570 variat
2546 3527 2679 3585 spe-

261 3578 416 3640 ciem
457 3578 538 3634 rei
585 3581 644 3634 et
690 3591 794 3648 per
833 3589 1212 3649 consequens
1257 3583 1446 3635 mutat
1488 3582 1781 3645 naturam,
1832 3590 1965 3648 quae
2007 3576 2157 3635 nihil
2198 3585 2293 3637 est
2317 3579 2475 3639 aliud
2502 3596 2682 3655 quam

259 3652 528 3709 essentia
558 3660 735 3719 quam
757 3646 807 3706 si
899 3647 1056 3705 ificat
1091 3646 1376 3708 definitio.
1403 3655 1465 3706 ut
1498 3648 1717 3705 dictum
1755 3652 1844 3704 est
1873 3646 2026 3718 (cap.
2058 3647 2185 3720 33);
2218 3655 2278 3707 et
2304 3657 2542 3724 propter
2567 3652 2684 3713 hoc

258 3719 539 3791 videmus
582 3718 739 3790 quod
791 3660 1124 3799 ffierentia
1166 3719 1448 3799 specifica
1487 3718 1682 3799 addita
1713 3718 1806 3799 vel
1836 3717 2139 3777 subtracta
2181 3719 2511 3780 definitioni
2543 3724 2684 3782 facit

260 3788 504 3850 differre
534 3789 864 3847 secundum
891 3802 1173 3859 speciem,
1220 3792 1379 3847 sicut
1405 3789 1619 3847 animal
1656 3788 1943 3869 rationale
1969 3793 2031 3846 et
2055 3789 2283 3849 ratione
2309 3805 2521 3851 carens
2550 3808 2684 3867 spe·

261 3860 358 3919 cic
385 3859 690 3928 differunt,
719 3865 778 3917 et
805 3860 959 3918 sicut
982 3859 1044 3915 in
1073 3859 1338 3918 numeris
1363 3862 1564 3919 unitas
1592 3859 1786 3918 addita
1813 3859 1905 3916 vel
1932 3859 2235 3920 subtracta
2259 3863 2398 3922 facit
2419 3865 2597 3923 aliam
2626 3872 2688 3924 et

262 3931 447 3990 aliam
491 3932 750 4001 speciem
799 3928 1048 3987 numeri.
1094 3932 1304 3988 Forma
1336 3937 1534 3989 autem
1589 3935 1680 3987 est
1712 3929 2029 3989 essentiale
2055 3932 2437 4005 principium.
2478 3937 2684 3996 omnis

260 4001 450 4075 igitur
499 4002 701 4058 t‘ormae
747 4000 966 4058 additio
1004 4000 1140 4057 facit
1187 4001 1361 4058 aliam
1406 4001 1664 4072 speciem
1707 4007 1766 4056 et
1802 4000 1977 4058 aliam
2012 4007 2307 4073 naturam,
2337 4005 2495 4064 sicut
2524 4020 2685 4066 nunc

261 4071 571 4144 loquimur
613 4071 686 4129 de
733 4077 962 4152 natura.
1007 4070 1068 4129 Si
1113 4071 1293 4144 igitur
1333 4071 1625 4152 divinitas·
1654 4070 1825 4128 verbi
1852 4072 2105 4131 addatur
2130 4073 2407 4134 humanae
2433 4083 2680 4147 naturai,

265 4141 424 4201 sicut
451 4145 662 4209 soi-ma,
708 4141 882 4199 saciet
925 4140 1100 4200 aliam
1132 4148 1400 4199 naturam
1428 4160 1443 4211 ;
1492 4146 1552 4198 et
1577 4155 1664 4198 sic
1692 4141 1961 4201 Christus
1992 4155 2116 4202 non
2144 4146 2258 4201 erit
2280 4144 2558 4206 humanae
2586 4162 2685 4205 na-

263 4216 435 4277 turae,
466 4214 573 4271 sed
603 4211 910 4281 cujusdam
941 4212 1207 4282 alterius,
1237 4213 1393 4270 sicut
1437 4225 1659 4284 coi-pus
1694 4212 2020 4271 animatum
2063 4219 2158 4277 est
2180 4214 2428 4276 alterius
2455 4226 2680 4277 natur-in

264 4294 446 4358 quam
479 4283 537 4339 id
568 4282 724 4357 quod
755 4287 848 4342 est
874 4296 1093 4353 corpus
1117 4288 1368 4341 tantum.

337 4352 561 4421 Adhuc,
608 4368 678 4412 ea
710 4367 841 4425 quae
882 4366 1007 4411 non
1036 4354 1397 4411 conveniunt
1441 4353 1503 4412 in
1533 4360 1747 4411 natura
1772 4367 1894 4413 non
1924 4360 2068 4412 sunt
2102 4355 2326 4416 similia
2350 4360 2677 4417 secundum

263 4424 555 4497 speciem,
591 4431 660 4483 ut
700 4423 884 4484 homo
928 4428 991 4483 et
1031 4437 1244 4498 equus.
1288 4425 1351 4484 Si
1401 4428 1599 4485 autem
1644 4431 1858 4486 natura
1901 4425 2117 4489 Christi
2145 4427 2230 4488 sit
2253 4429 2587 4501 composita
2608 4442 2678 4486 eti
