3076 5025
1105 306 1237 360 ΠΒ.
1279 302 1400 369 ln:
1416 303 1570 360 CAP.
1612 303 1743 360 mv,
2538 307 2642 363 327

201 429 310 501 qui
337 441 452 486 suo
473 426 852 485 connaturali
856 425 1094 569 ἐὲἷιιίηθ
1108 425 1370 484 divinam
1402 424 1800 484 substantiam
1815 425 2059 496 videbit,
2078 425 2254 500 cuius
2272 428 2639 487 contrarium

203 505 524 559 ostensum
550 503 644 556 est
693 512 764 554 ca
809 539 823 554 .
954 538 969 551 .
2181 510 2185 513 ·

274 570 555 640 Amplius,
605 568 666 624 in
717 512 905 625 riflum
946 568 1008 624 in
1053 572 1340 640 quantum
1370 566 1717 638 hujusmodi
1746 567 2018 640 ignotum
2047 573 2159 626 est.
2192 569 2514 628 ostensum
2545 575 2639 638 est

202 648 406 699 autem
441 640 498 696 in
531 639 726 710 primo
757 638 907 710 (cap.
938 638 1028 709 43)
1083 641 1264 694 Deum
1295 650 1433 695 esse
1455 635 1778 694 infinitum.
1810 640 1940 694 Non
1972 637 2157 711 igitur
2190 645 2389 712 potest
2438 633 2642 699 divl’na

203 710 551 769 substantia
578 725 684 780 per
713 710 916 766 lumen
944 709 1293 780 praedictum
1322 707 1532 764 videri.
2035 729 2039 740 ·

277 781 500 848 Adhuc,
532 785 764 851 oportet
791 792 926 837 esse
955 780 1402 851 proportionem
1430 778 1823 850 intelligentis
1852 778 1926 836 ad
1957 792 2081 836 rem
2108 779 2490 839 intellectam.
2510 784 2642 840 Non

206 859 302 912 est
331 858 528 908 autem
559 851 760 922 aliqua
789 850 1095 920 proportio
1124 850 1464 908 intellectus
1491 848 1698 917 creati,
1722 849 1785 905 in
1807 849 2033 907 lumine
2062 850 2343 921 praedicto
2372 852 2641 924 perfecti,

204 922 282 980 ad
310 922 704 980 substantiam
739 921 1020 989 divinam,
1051 934 1187 978 cum
1215 920 1411 977 adhuc
1439 925 1745 976 remaneat
1774 919 2060 978 distantia
2088 920 2341 979 infinita.
2381 925 2511 980 Non
2540 937 2642 994 po·

153 1029 157 1040 »
203 997 330 1120 test
348 994 542 1119 igigurl
561 991 902 1073 intellectus
930 996 1166 1050 creatus
1187 990 1263 1049 ad
1283 990 1547 1048 divinam
1564 990 1963 1049 substantiam
1976 990 2293 1050 videndam
2308 1005 2418 1065 per
2436 994 2641 1051 lumen

208 1077 245 1123 a
275 1079 291 1120 i
342 1077 419 1120 uo
492 1077 521 1119 e
549 1077 729 1118 evari.

282 1079 368 1190 ἐκ
416 1133 510 1190 his
557 1139 753 1190 autem
803 1138 862 1190 et
898 1132 1203 1190 similibus
1243 1132 1583 1191 rationibus
1613 1131 1797 1204 aliqui
1824 1131 1969 1188 moti
2001 1136 2144 1191 sunt
2179 1132 2257 1191 ad
2296 1135 2643 1207 ponendum

399 1202 599 1260 divina
628 1203 965 1260 substantia
1003 1216 1313 1275 nunquam
1364 1203 1437 1260 ab
1483 1203 1689 1274 aliquo
1743 1202 2050 1260 intellectu
2101 1209 2304 1262 creato
2350 1205 2640 1264 videatur.

266 1288 357 1333 uae
386 1275 628 1346 quidem
657 1274 881 1346 positio
910 1279 966 1330 et
988 1288 1189 1331 veram
1219 1279 1504 1331 creaturae
1536 1272 1848 1331 rationalis
1875 1272 2303 1332 beatitudinem
2330 1276 2644 1347 toltit,quae

209 1358 338 1404 non
367 1351 565 1416 potest
589 1358 726 1403 esse
747 1345 864 1402 nisi
879 1344 942 1400 in
957 1345 1191 1402 visione
1206 1344 1424 1402 divinae
1450 1343 1905 1413 substantiae‚ut
1926 1348 2239 1402 ostensum
2257 1351 2350 1403 est
2364 1346 2512 1418 (cap.
2529 1352 2587 1403 51
2625 1388 2642 1418 ,

209 1416 628 1474 etauctoritati
655 1428 843 1473 sacrae
872 1415 1188 1486 scripturae
1226 1415 1602 1485 contradicit,
1632 1419 1700 1474 ut
1722 1429 1797 1474 ex
1824 1414 2240 1488 superioribus
2267 1422 2448 1489 patet,
2484 1430 2565 1475 un
2609 1432 2642 1475 e

209 1490 497 1559 tanquam
532 1486 685 1544 falsa
713 1490 772 1543 et
793 1486 1072 1543 haeretica
1101 1485 1433 1557 abjicienda
1463 1490 1575 1543 est.

283 1559 570 1615 Rationes
615 1562 814 1615 autem
843 1555 1159 1628 praedictas
1185 1569 1306 1614 non
1334 1555 1577 1613 difficile
1603 1560 1694 1614 est
1733 1555 1985 1614 solvere.
2034 1555 2248 1614 Divina
2295 1557 2457 1616 enim
2501 1559 2644 1619 sub·

211 1628 438 1688 stantia
463 1641 586 1685 non
617 1628 707 1685 sic
733 1632 824 1685 est
854 1633 1017 1684 extra
1041 1627 1379 1684 facultatem
1410 1627 1592 1684 creati
1620 1627 1981 1695 intellectuS‚
2003 1628 2177 1700 quasi
2206 1627 2433 1702 aliquid
2456 1630 2647 1689 omni-

213 1712 294 1758 no
321 1706 669 1756 extraneum
692 1698 768 1755 ab
793 1698 950 1768 ipso,
980 1698 1137 1755 sicut
1164 1704 1255 1755 est
1284 1711 1477 1755 sonus
1505 1712 1543 1756 a
1568 1698 1728 1768 visu,
1749 1698 1840 1755 vel
1873 1697 2211 1756 substantia
2230 1699 2644 1762 immaterialis

214 1783 253 1828 a
271 1783 457 1828 sensu
484 1789 498 1837 ;
521 1783 660 1826 nam
683 1769 886 1825 divina
900 1768 1237 1826 substantia
1264 1774 1356 1826 est
1379 1769 1639 1840 primum
1670 1767 2069 1842 intelligibile,
2101 1775 2160 1826 et
2180 1770 2366 1828 totius
2385 1770 2647 1832 intellec-

213 1841 398 1899 tualis
427 1840 796 1913 cognitionis
825 1839 1203 1910 principium.
1232 1839 1345 1896 Sed
1372 1845 1467 1896 est
1493 1846 1660 1896 extra
1687 1839 2028 1897 facultatem
2058 1839 2396 1899 intellectus
2434 1844 2639 1914 creati,

214 1913 375 1970 sicut
403 1911 700 1968 excedens
729 1910 1003 1967 virtutem
1035 1909 1185 1981 eJus,
1218 1909 1375 1967 sicut
1400 1910 1751 1967 excellentia
1777 1910 2159 1968 sensibilium
2190 1917 2332 1969 sunt
2362 1917 2526 1972 extra
2554 1915 2641 1972 fa-

216 1982 495 2041 cultatem
527 1980 1007 2040 scnsuum.Unde
1037 1985 1094 2037 et
1113 1980 1517 2051 Philosophus
1546 1982 1608 2039 in
1627 1981 2144 2052 secundolletaph.
2177 1981 2339 2055 (text.
2362 1985 2645 2115 comm.7{

218 2053 364 2111 dicit
419 2052 577 2125 quod
620 2052 959 2109 intellectus
1006 2056 1211 2108 noster
1255 2065 1319 2109 se
1367 2051 1545 2110 hahet
1588 2051 1662 2109 ad
1701 2065 1902 2109 rerum
1938 2052 2453 2125 manifestissima,
2487 2057 2616 2116 sicu

219 2124 434 2204 oculus
465 2127 700 2204 noctuae
729 2122 802 2180 ad
846 2123 1043 2204 lucem
1073 2122 1244 2180 solis.
1272 2122 1508 2194 Indiget
1534 2123 1721 2253 {igitur
1758 2122 2081 2181 confortari
2112 2123 2451 2186 intellectus
2477 2142 2643 2188 crea·

216 2199 320 2252 tus
356 2193 558 2266 aliquo
584 2192 786 2250 divino
817 2193 1042 2250 lumine
1072 2193 1146 2249 ad
1177 2193 1312 2264 hoc,
1343 2192 1503 2266 quod
1577 2210 1596 2252 i
1641 2193 1652 2204 '

860 2263 870 2274 ·
1600 2206 1799 2255 vinam
1837 2195 2164 2253 essentiam
2187 2196 2387 2254 videre
2412 2199 2632 2270 possit.

217 2279 325 2337 pei·
355 2265 514 2337 quod
545 2264 739 2335 prima
762 2269 916 2321 ratio
944 2264 1213 2321 solvitur.

292 2335 646 2407 Hujusmodi
677 2340 874 2392 autem
903 2335 1105 2392 lumen
1128 2333 1498 2394 intellectum
1528 2338 1793 2394 creatum
1823 2333 1899 2392 ad
1924 2335 2028 2393 Dei
2056 2334 2353 2394 visionem
2383 2339 2640 2409 exaltat;

221 2419 345 2463 non
389 2411 632 2478 propter
676 2406 807 2477 eius
829 2405 1241 2462 indistantiam
1272 2419 1306 2462 a
1335 2404 1538 2462 divina
1566 2405 1924 2474 substantia,
1964 2405 2071 2462 sed
2100 2413 2343 2477 propter
2362 2409 2643 2468 virtutem

221 2489 400 2550 quam
437 2492 473 2534 a
503 2480 624 2534 Deo
649 2476 897 2535 sortitur
922 2475 997 2534 ad
1025 2475 1203 2533 talem
1234 2473 1533 2545 effectum,
1561 2475 1701 2533 licet
1723 2475 2055 2533 secundum
2082 2488 2262 2547 suum
2294 2489 2431 2536 esse
2458 2493 2493 2538 a
2522 2481 2647 2539 Deo

220 2550 285 2606 in
338 2548 641 2605 infinitum
696 2548 893 2617 distet,
946 2552 1011 2603 ut
1047 2545 1309 2604 secunda
1353 2547 1504 2604 ratio
1533 2546 1923 2618 proponebat.
1954 2549 2086 2603 Non
2115 2547 2274 2604 enim
2301 2548 2417 2606 hoc
2441 2550 2646 2610 lumen

221 2625 485 2746 creaturi}
512 2617 878 2677 intellectum
904 2618 1025 2675 Deo
1049 2616 1362 2689 conjungit
1391 2617 1724 2675 secundum
1754 2629 1910 2687 esse,
1938 2616 2046 2675 sed
2072 2618 2405 2676 secundum
2428 2618 2648 2681 intelli-

265 2704 363 2747 ere
392 2704 462 2747 so
493 2704 611 2746 um.

223 2703 263 2763 g
295 2761 449 2829 Quia
496 2773 633 2817 vero
679 2758 876 2831 ipsius
924 2757 1028 2815 Dei
1081 2757 1387 2829 proprium
1416 2763 1510 2815 est
1538 2762 1603 2816 ut
1633 2771 1803 2816 suam
1830 2756 2229 2817 substantiam
2255 2758 2512 2832 perfecte
2544 2773 2645 2821 co·

265 2836 498 2899 noscat,
549 2831 751 2888 lumen
800 2828 1145 2900 praedictum
1196 2828 1298 2885 Dei
1340 2827 1673 2909 similitudo
1703 2833 1794 2887 est
1819 2833 2107 2901 quantum
2139 2829 2214 2887 ad
2237 2830 2353 2889 hoc
2382 2831 2541 2903 quod
2570 2832 2648 2892 ad

273 2903 328 2961 ei
362 2902 756 2960 substantiam
785 2898 1102 2957 videndam
1131 2899 1421 2971 perducit.
1450 2901 1573 2956 Hoc
1602 2903 1799 2957 autem
1828 2899 2008 2957 modo
2037 2900 2203 2957 nulla
2222 2900 2646 2962 intellectualis

223 2973 565 3032 substantia
592 2970 926 3029 similitudo
953 2971 1055 3027 Dei
1081 2983 1216 3027 esse
1244 2975 1459 3041 potest.
1492 2972 1635 3028 Cum
1668 2971 1828 3027 enim
1859 2970 2088 3029 nullius
2117 2971 2467 3030 substantiae
2490 2986 2648 3033 crea·

221 3050 298 3102 tae
327 3043 681 3113 simplicitas
710 3043 790 3099 sit
817 3041 1066 3113 aequalis
1096 3040 1330 3103 divinae,
1362 3041 1737 3112 impossibile
1768 3044 1879 3111 est,
1905 3040 2063 3113 quod
2092 3045 2273 3099 totam
2305 3057 2475 3101 suam
2554 3058 2645 3101 er·

221 3114 543 3173 sectionem
573 3118 771 3170 creata
793 3112 1130 3170 substantia
1160 3111 1370 3169 habeat
1397 3112 1458 3168 in
1491 3112 1721 3169 eodem.
1755 3113 1878 3169 Hoc
1898 3112 2058 3169 enim
2081 3119 2171 3170 est
2189 3115 2494 3196 proprium
2566 3115 2645 3185 ei,

222 3185 379 3243 utin
409 3185 599 3255 primo
630 3184 721 3310 ica
770 3226 782 3238 .
812 3184 901 3253 28)
930 3187 1241 3240 ostensum
1259 3187 1370 3250 est,
1393 3182 1495 3262 qui
1520 3182 1852 3241 secundum
1874 3182 2029 3239 idem
2054 3188 2146 3242 est
2171 3198 2280 3242 ens
2298 3185 2647 3258 intelligens

222 3261 284 3314 et
328 3255 557 3313 beatus.
587 3258 633 3312 Α
657 3255 719 3311 iu
806 3252 994 3325 igitur
1016 3258 1248 3324 oportet
1284 3266 1418 3311 esse
1449 3267 1512 3310 in
1542 3253 1882 3311 substantia
1908 3253 2292 3312 intellectuali
2322 3259 2522 3312 creata
2550 3256 2643 3314 lu·

219 3338 363 3385 men
392 3339 512 3399 quo
552 3324 754 3382 divina
779 3324 1012 3381 visione
1041 3322 1432 3393 beatificatur,
1462 3328 1518 3381 et
1544 3323 1707 3380 aliud
1777 3323 2156 3397 uodcumque
2186 3325 2387 3382 lumen
2420 3338 2539 3398 quo
2580 3325 2649 3386 in

221 3397 423 3469 specie
458 3409 584 3455 suae
627 3401 854 3453 naturae
896 3395 1244 3475 completur,
1274 3398 1332 3475 et
1376 3394 1764 3476 proportiona
1790 3395 1901 3452 iter
1926 3408 2099 3454 suam
2128 3395 2527 3455 substantiam
2552 3394 2647 3456 in-

216 3467 459 3539 telligit.
493 3469 574 3524 Ex
601 3479 719 3539 quo
753 3470 910 3537 patet
938 3465 1164 3523 solutio
1191 3469 1377 3523 tertiae
1406 3471 1679 3523 rationis.

294 3540 515 3607 Quarta
561 3550 701 3595 vero
749 3536 1004 3595 solvitur
1087 3549 1152 3593 er
1197 3535 1312 3593 hoc
1349 3536 1510 3608 quod
1542 3536 1698 3593 visio
1753 3534 1971 3594 divinae
2018 3535 2370 3596 substantiae
2406 3549 2650 3598 omnem

220 3610 555 3667 naturalem
586 3609 858 3665 virtutem
889 3621 1030 3663 exce
1076 3607 1138 3674 it,
1160 3610 1225 3663 ut
1245 3611 1555 3665 ostensum
1578 3612 1670 3664 est
1699 3604 1848 3688 (cap.
1877 3606 1964 3688 52)
1991 3607 2188 3688 5unde
2211 3613 2270 3666 et
2296 3607 2496 3666 lumen
2529 3619 2649 3681 quo

216 3679 566 3737 intellectus
597 3683 834 3806 c'reatus
852 3677 1156 3749 perficitur
1173 3676 1247 3733 ad
1277 3677 1493 3736 divinae
1515 3678 1869 3737 substantiae
1895 3691 2192 3738 visionem
2237 3684 2470 3751 oportet
2512 3691 2652 3737 esse

219 3762 256 3810 s
373 3756 617 3808 rnatura
642 3765 695 3807 e.

259 3764 495 3893 uffique
539 3827 735 3878 autem
778 3819 995 3877 divinae
1025 3817 1377 3877 substantiae
1403 3818 1701 3877 visionem
1730 3817 2019 3890 impedire
2047 3824 2266 3891 potest,
2292 3819 2455 3892 quod
2488 3820 2651 3880 Deus

217 3889 457 3952 dicatur
486 3903 621 3948 esse
643 3889 939 3959 influituS,
972 3893 1037 3945 ut
1063 3889 1273 3962 quinta
1299 3889 1451 3947 ratio
1477 3887 1867 3961 proponebat.
1900 3891 2030 3947 Non
2062 3891 2221 3947 enim
2252 3889 2471 3948 dicitur
2514 3890 2650 3950 infl-

214 3960 390 4021 nitus
441 3960 742 4031 privative,
775 3961 934 4019 sicut
977 3959 1281 4033 quantitas
1309 3959 1654 4031 huJ'usmodi
1691 3959 1851 4016 enim
1882 3958 2183 4018 infinitum
2217 3960 2653 4021 rationabiliter

217 4036 320 4091 est
358 4031 654 4111 ignotum,
782 4032 842 4088 ia
887 4034 980 4088 est
1025 4031 1198 4111 quasi
1237 4032 1489 4088 materia
1516 4043 1728 4088 carens
1759 4030 1971 4099 forma,
2001 4045 2133 4103 quae
2163 4036 2255 4089 est
2283 4032 2650 4105 cognitionis

211 4100 606 4176 principium.
636 4103 704 4158 Se
791 4101 1008 4158 dicitur
1034 4100 1307 4159 infinitus
1337 4100 1630 4174 negative,
1671 4100 1844 4174 quasi
1871 4100 2064 4159 forma
2081 4116 2186 4173 per
2214 4114 2280 4160 se
2312 4103 2650 4165 subsistens

215 4186 345 4232 non
374 4171 631 4229 limitata
653 4182 759 4242 per
778 4170 1082 4228 materiam
1111 4170 1515 4243 recipientem.
1544 4170 1709 4229 Unde
1732 4171 1892 4244 quod
1913 4171 2002 4230 sic
2022 4171 2449 4239 estinflnitum‚
2468 4174 2651 4234 maxi·

216 4246 313 4303 me
344 4249 437 4301 est
466 4241 878 4322 cognoscibile
908 4242 1239 4299 secundum
1267 4256 1356 4300 se.

289 4316 606 4385 Propertio
635 4317 830 4370 autem
859 4311 1195 4370 intellectus
1227 4311 1407 4370 creati
1438 4316 1532 4369 est
1569 4312 1813 4384 quidem
1850 4310 1925 4370 ad
1953 4313 2142 4372 Deum
2171 4313 2622 4389 intelligendum

216 4394 342 4442 non
389 4383 723 4443 secundum
759 4383 1406 4462 commensurationem
1449 4383 1712 4455 aliquam
1750 4383 2135 4454 proportione
2182 4385 2492 4453 existente,
2542 4353 2648 4441 sed

216 4455 551 4515 secundum
582 4453 744 4529 quod
770 4457 1078 4526 proportio
1105 4453 1406 4527 significat
1453 4466 1892 4527 quamcumque
1922 4454 2333 4513 habitudinem
2363 4455 2544 4512 unius
2572 4448 2648 4509 ad
