3076 5025
1237 246 1371 304 LIB.
1410 246 1510 314 111,
1548 246 1703 303 CAP.
1743 246 1816 304 Π.
2630 248 2741 305 259

306 373 610 441 pensatur.
646 370 728 425 Ex
754 380 876 441 quo
903 371 1146 440 apparet
1166 367 1328 441 quod
1356 381 1468 426 nec
1509 367 1620 427 illa
1662 380 1798 440 quae
1842 366 1920 427 ab
1966 368 2177 427 ordine
2212 368 2391 441 primi
2420 368 2736 441 regiminis

307 438 638 498 exorbitare
670 438 947 496 videntur
999 444 1355 511 potestatem
1406 438 1586 510 primi
1641 439 1910 510 regentis
1968 439 2225 498 evadunt
2251 459 2265 508 ;
2302 452 2443 497 nam
2495 447 2554 496 et
2607 440 2741 501 haec

308 509 741 637 coriiupttibilissad
766 522 1039 635 cotrpora‚
1080 509 1239 568 sicut
1267 507 1343 567 ab
1367 508 1502 580 ipso
1548 510 1672 566 Deo
1700 509 1946 568 condita
1970 516 2135 580 sunt,
2182 510 2267 567 ita
2293 509 2572 581 potestati
2603 511 2737 583 ejus

304 593 409 652 per
435 594 502 638 ec
529 594 562 637 e
587 593 659 638 su
746 593 824 637 un
857 594 947 638 ur.

376 652 498 708 Hoc
527 651 713 723 igitur
762 650 967 708 divino
1023 649 1287 721 repletus
1336 648 1554 721 spiritu
1609 649 1933 710 psalmista
1980 650 2397 722 considerans,
2436 655 2504 710 ut
2555 650 2736 711 nobis

305 720 574 779 divinum
618 721 887 794 reginem
949 719 1405 790 demonstraret,

375 792 577 849 Primo
607 791 893 849 describit
921 789 1100 849 nobis
1124 790 1301 863 primi
1328 790 1595 862 regentis
1620 790 2053 862 perfectionem
2083 809 2098 847 ε
2124 796 2351 850 naturae
2380 791 2642 877 quidem,
2669 792 2738 851 in

307 862 420 920 hoc
448 861 612 936 quod
639 862 785 919 dicit
808 865 951 919 Deus
965 880 987 931 ς
1018 861 1353 934 potestatis,
1382 862 1445 917 in
1475 860 1593 919 hoc
1615 860 1777 932 quod
1805 861 1952 919 dicit
1984 877 2218 930 maqnus
2246 866 2530 934 Dominus,
2559 862 2737 936 quasi

308 932 474 991 nullo
523 932 806 1005 indigens
859 931 932 991 ad
988 946 1115 991 suae
1143 931 1459 1004 potestatis
1508 930 1786 989 effectum
1816 931 2306 1002 producendum3
2339 934 2735 1015 auctoritatis²

305 1003 371 1061 in
418 1002 537 1061 hoc
568 1002 729 1077 quod
777 1002 923 1061 dicit
947 1004 1317 1072 Reoemaqnus
1371 1017 1534 1073 super
1580 1017 1758 1058 omnes
1806 1003 1954 1066 deos,
2019 1003 2184 1076 quia,
2230 1003 2344 1062 etsi
2400 1003 2525 1061 sint
2562 1003 2738 1062 multi

304 1086 370 1132 re
412 1078 603 1141 antee,
635 1074 765 1146 ejus
794 1078 993 1131 tamen
1012 1074 1290 1147 regimini
1318 1085 1531 1131 omnes
1570 1072 1928 1131 subduntur.

417 1143 652 1202 ecundo
683 1149 880 1201 autem
911 1143 1091 1202 nobis
1120 1143 1405 1202 describit
1431 1142 1749 1215 regiminis
1778 1143 2023 1202 modum
2050 1161 2067 1200 τ
2099 1149 2157 1201 et
2176 1141 2417 1215 quidem
2445 1150 2737 1217 quantum

305 1214 381 1273 ad
405 1213 854 1285 intellectualia,
897 1228 1053 1287 quae,
1109 1215 1240 1288 ejus
1282 1214 1549 1286 regimen
1598 1226 1666 1271 se
1709 1214 1932 1281 nentia,
1990 1212 2064 1271 ab
2108 1213 2243 1285 ipso
2285 1221 2741 1287 consequuntur

304 1284 585 1344 ultimum
641 1285 822 1343 finem
878 1285 981 1357 qui
1034 1288 1128 1342 est
1180 1284 1344 1356 ipse3
1383 1289 1442 1341 et
1486 1283 1623 1343 ideo
1718 1284 1864 1341 icit:
1891 1285 2035 1353 Quia
2058 1298 2170 1342 non
2208 1285 2429 1355 repellet
2472 1289 2740 1344 Dominus

297 1355 512 1436 plebem
565 1371 755 1424 suam3
804 1360 1095 1428 quantum
1147 1368 1289 1412 vero
1319 1354 1394 1413 ad
1420 1354 1854 1426 corruptibilia,
1911 1368 2067 1427 quae,
2108 1353 2346 1413 etiamsi
2402 1357 2740 1419 exorbitent

301 1424 605 1484 luterdum
631 1441 667 1484 a
704 1425 967 1499 propriis
1008 1425 1369 1494 actionibus,
1407 1438 1444 1484 a
1478 1429 1775 1497 potestate
1818 1431 2021 1483 tamen
2067 1426 2245 1496 primi
2301 1426 2566 1498 regentis
2611 1440 2739 1487 non

302 1496 741 1567 excluduntur3
767 1495 926 1554 unde
956 1495 1101 1555 dicit
1135 1514 1149 1553 :
1181 1497 1324 1565 Quia
1348 1497 1409 1552 in
1447 1511 1621 1553 manu
1650 1496 1770 1566 effus
1796 1500 1928 1552 sunt
1954 1511 2134 1552 omnes
2165 1499 2299 1567 fines
2324 1500 2515 1564 tem-m
2589 1509 2739 1556 uan-

299 1570 434 1624 tum
457 1580 601 1625 vero
628 1567 704 1625 ad
747 1566 1017 1625 coelestia
1054 1580 1326 1638 corpora,
1355 1580 1486 1639 quae
1532 1580 1775 1625 omnem
1802 1565 2181 1624 altitudinem
2218 1572 2389 1624 terrae
2418 1581 2559 1625 exce
2606 1572 2735 1632 unt,

299 1636 365 1696 id
396 1643 492 1695 est
516 1638 993 1710 corruptibilium
1017 1651 1357 1709 corporum,
1391 1642 1449 1694 et
1476 1650 1712 1709 semper
1739 1642 1967 1695 rectum
1984 1637 2255 1695 ordinem
2283 1637 2472 1696 divini
2499 1637 2742 1711 regimi-

299 1707 404 1767 nis
431 1715 704 1778 servant3
739 1707 898 1767 unde
927 1708 1072 1766 dicit
1101 1727 1116 1764 :
1147 1710 1221 1765 Et
1246 1708 1570 1765 altitudines
1596 1710 1863 1764 montium
1887 1710 2007 1778 ipse
2029 1710 2308 1779 conspicit.
2656 1762 2661 1765 Α

368 1779 571 1837 Tertio
623 1792 766 1837 vero
819 1778 1016 1850 ipsius
1079 1778 1439 1838 universalis
1509 1793 1574 1836 re
1622 1778 1826 1837 'minis
1891 1778 2184 1836 rationem
2245 1777 2545 1851 assignat,
2635 1778 2741 1839 uia

299 1862 559 1907 necesse
585 1855 677 1908 est
705 1855 771 1908 ut
792 1864 863 1908 ea
890 1863 1023 1922 quae
1052 1863 1089 1907 a
1115 1851 1237 1907 Deo
1267 1854 1410 1908 sunt
1434 1862 1552 1907 con
1596 1855 1681 1907 1ta
1706 1848 1783 1908 ab
1811 1848 1946 1921 ipso
1969 1848 2153 1907 etiam
2176 1854 2502 1922 regantur3
2532 1852 2594 1906 et
2664 1862 2739 1910 oc

300 1924 398 1979 est
424 1919 589 1993 quod
617 1919 762 1978 dicit
791 1938 805 1976 :
832 1920 1143 1989 Quoniami
1180 1923 1298 1977 sius
1326 1925 1408 1977 est
1429 1936 1601 1990 mare,
1630 1925 1743 1978 etc.

370 1991 530 2059 Quia
553 2003 718 2064 ergo,
767 1991 831 2047 in
882 1991 1077 2063 primo
1153 1990 1304 2060 ibr0,
1362 1990 1434 2048 de
1526 1989 1849 2049 effectione
1877 1990 2095 2049 divinae
2148 1995 2378 2050 naturae
2426 1990 2735 2064 prosecuti

298 2075 542 2130 sumus,
585 2061 651 2119 in
693 2061 960 2120 secundo
1008 2066 1208 2121 autem
1253 2060 1326 2118 de
1368 2075 1474 2133 per
1500 2062 1735 2120 ectione
1778 2062 2094 2133 potestatis
2136 2061 2354 2133 ipsius,
2400 2060 2738 2121 secundum

297 2131 465 2214 quod
493 2136 588 2190 est
612 2131 881 2189 omnium
911 2145 1111 2190 rerum
1132 2131 1457 2204 productor
1485 2136 1545 2189 et
1570 2131 1878 2200 dominae,
1897 2137 2083 2190 restat
2108 2131 2311 2213 igitur,
2336 2132 2400 2190 in
2421 2131 2536 2190 hoc
2558 2133 2738 2191 tertio

295 2201 482 2272 libr0,
512 2204 797 2275 prosequi
843 2202 917 2260 de
955 2203 1219 2274 perfecta
1262 2202 1614 2261 auctoritate
1642 2203 1770 2260 sive
1817 2202 2106 2275 dignitate
2147 2202 2363 2274 ipsius,
2403 2202 2738 2262 secundum

341 2273 468 2332 uod
493 2279 588 2332 est
614 2273 886 2331 omnium
928 2286 1130 2331 rerum
1162 2271 1305 2332 finis
1329 2277 1389 2331 et
1432 2277 1649 2331 rector.
1679 2272 1803 2331 Erit
1837 2285 1982 2345 ergo
2010 2272 2128 2331 hoc
2172 2271 2382 2330 ordine
2401 2274 2737 2354 proceden-

295 2288 448 2403 flum
478 2349 545 2401 ut
573 2344 766 2416 primo
792 2347 1005 2424 agatur
1030 2342 1103 2402 de
1128 2344 1284 2424 ipso,
1328 2343 1660 2401 secundum
1703 2342 1865 2416 quod
1893 2348 1986 2401 est
2018 2356 2216 2399 rerum
2249 2356 2520 2402 omnium
2547 2341 2734 2415 finis3

296 2414 597 2484 secundo,
629 2413 700 2472 de
726 2414 1018 2487 regimine
1064 2414 1390 2471 universali
1419 2414 1638 2485 ipsius,
1685 2411 2017 2471 secundum
2046 2412 2207 2485 quod
2235 2426 2477 2472 omnem
2502 2418 2737 2473 creatu·

291 2484 792 2566 ram-gubernem
820 2485 1016 2553 tertio,
1046 2482 1121 2542 de
1150 2483 1400 2558 speciali
1422 2484 1620 2559 ipsius
1645 2482 1963 2558 regimine,
1992 2487 2169 2557 prout
2189 2482 2483 2558 gubernat
2508 2488 2738 2546 creatu·

207 2601 212 2608 .
295 2569 406 2616 ras
436 2556 808 2616 intellectum
829 2555 1141 2615 habentes·

1342 2775 1599 2843 CAPUT
1623 2774 1704 2842 Π.

900 2957 1056 3014 QUOD
1077 2957 1241 3006 om
1264 2956 1460 3004 AGENS
1483 2956 1630 3005 AGIT
1651 2955 1915 3004 PROPTER
1932 2955 2136 3006 FINEM.

337 3122 824 3254 l§Jstendgndum
851 3128 946 3183 est
977 3121 1165 3200 igitur
1206 3120 1414 3194 primo·
1429 3119 1594 3193 quod
1630 3132 1811 3178 omne
1851 3133 2042 3194 agens
2082 3120 2151 3179 in
2195 3120 2432 3195 agendo
2478 3121 2742 3182 intendit

371 3210 445 3323 12¹1
474 3265 572 3324 his
616 3265 776 3322 enim
829 3277 963 3336 quae
1017 3261 1333 3320 manifeste
1360 3266 1605 3333 propter
1647 3260 1829 3320 finem
1859 3268 2050 3333 agunt
2121 3261 2239 3321 hoc
2295 3263 2555 3322 dicimus
2596 3277 2736 3324 esse

297 3336 485 3396 finem
518 3335 581 3392 in
607 3333 766 3407 quod
796 3333 987 3391 tendit
1030 3333 1291 3404 impetus
1333 3332 1611 3414 agenti83
1644 3331 1760 3390 hoc
1795 3331 1958 3391 enim
2000 3304 2588 3415 adipiscensdicitur
2615 3334 2742 3393 adi·

296 3407 458 3480 pisci
488 3404 689 3474 finem,
718 3404 1005 3462 deficiens
1051 3410 1249 3461 autem
1288 3402 1507 3461 dicitur
1535 3402 1790 3461 deficere
1817 3416 1855 3460 a
1880 3401 1999 3460 fine
2025 3408 2278 3474 intento,
2309 3410 2467 3462 sicut
2488 3409 2651 3476 patet
2670 3405 2739 3465 in

295 3476 541 3537 medico
567 3481 780 3548 agente
801 3473 875 3533 ad
897 3474 1213 3533 sanitatem
1233 3479 1292 3531 et
1310 3474 1557 3532 homine
1585 3478 1861 3531 currente
1888 3472 1963 3531 ad
1980 3478 2206 3533 certum
2231 3475 2554 3533 terminum
2575 3492 2592 3545 3
2624 3488 2739 3535 nec

299 3545 526 3616 differt,
558 3551 849 3619 quantum
877 3545 953 3603 ad
984 3545 1120 3614 hoc,
1169 3550 1368 3603 utrum
1413 3543 1575 3617 quod
1604 3542 1795 3624 tendit
1821 3543 1883 3624 in
1912 3542 2094 3602 finem
2133 3545 2215 3603 sit
2238 3558 2617 3618 cognoscens
2644 3545 2741 3605 vel

299 3630 428 3677 non
452 3636 468 3687 ;
495 3616 840 3674 sicutenim
869 3615 1113 3687 signum
1142 3620 1235 3673 est
1267 3614 1409 3673 finis
1434 3628 1465 3672 s
1551 3614 1798 3684 ‘ttant1s,
1828 3618 1914 3670 ita
1955 3619 2049 3672 est
2073 3612 2214 3674 finis
2243 3622 2444 3674 motus
2479 3616 2737 3687 sagittae.

301 3687 519 3749 Omnis
566 3693 766 3745 autem
813 3685 1050 3758 agentis
1077 3686 1334 3757 impetus
1384 3684 1459 3742 ad
1492 3684 1570 3742 ai
1620 3683 1721 3742 uid
1770 3690 1997 3742 certum
2023 3684 2250 3755 tendit;
2279 3700 2403 3744 non
2455 3686 2615 3744 enim
2663 3700 2742 3749 ex
2800 3722 2804 3726 -

302 3771 684 3836 quacumque
711 3756 929 3814 virtute
956 3756 1182 3836 quaevis
1206 3756 1363 3814 actio
1390 3768 1570 3826 proce
1615 3755 1680 3825 it,
1712 3753 1819 3813 sed
1847 3767 1883 3811 a
1910 3756 2110 3814 calore
2175 3756 2373 3814 uidem
2399 3756 2737 3828 calefactio,

300 3844 342 3890 a
368 3829 595 3902 frigore
624 3831 823 3886 autem
853 3825 994 3885 infrt
1040 3825 1264 3895 idatio;
1309 3823 1468 3883 unde
1514 3830 1575 3883 et
1618 3825 1908 3887 actiones,
1953 3838 2139 3884 secun
2185 3840 2286 3884 um
2333 3827 2740 3888 diversitatem

301 3899 660 3968 activorum,
692 3897 895 3971 specie
924 3896 983 3955 di
1035 3901 1227 3954 erunt.
1257 3895 1429 3954 Actio
1458 3908 1599 3954 vero
1666 3893 1983 3967 nandoque
2010 3895 2252 3969 quidem
2279 3897 2635 3956 terminatur
2662 3898 2740 3958 ad

302 3969 556 4044 aliquod
602 3969 846 4038 factum,
902 3967 1064 4026 sicut
1115 3964 1431 4026 aedificatio
1486 3966 1570 4031 ad
1658 3978 1860 4025 omum
1888 3970 1947 4046 et
1973 3967 2210 4025 sanatio
2263 3966 2337 4026 ad
2393 3968 2739 4041 sanitatem,

302 4039 670 4114 quandoque
701 4045 899 4098 autem
928 4051 1073 4102 non,
1122 4037 1281 4096 sicut
1324 4035 1662 4109 intelligere
1704 4042 1765 4094 et
1794 4040 2056 4106 sentire3
2086 4036 2141 4094 si
2166 4037 2405 4112 quidem
2437 4040 2592 4098 actio
2620 4045 2740 4100 ter·

302 4112 574 4170 minatur
598 4109 671 4168 ad
703 4108 950 4183 aliquod
976 4109 1221 4178 factum,
1251 4108 1515 4179 impetus
1547 4121 1583 4164 a
1625 4107 1782 4165 entis
1823 4120 1931 4179 per
1957 4107 2254 4165 actionem
2283 4108 2476 4168 tendit
2494 4111 2558 4168 in
2588 4109 2741 4169 illud

193 4241 198 4246 .
303 4182 571 4250 factum3
602 4179 657 4237 si
706 4185 905 4238 autem
940 4192 1067 4238 non
1124 4179 1479 4238 terminatur
1522 4190 1557 4235 a
1649 4176 1893 4250 aliquod
1923 4176 2167 4250 factum,
2197 4178 2458 4252 impetus
2503 4180 2741 4252 agentis

302 4251 500 4310 tendit
528 4250 592 4307 in
618 4249 812 4321 ipsam
856 4249 1176 4310 actionem.
1233 4250 1480 4321 Oportet
1529 4248 1716 4320 igitur
1763 4247 1926 4319 quod
1977 4261 2157 4307 omne
2194 4264 2381 4324 agens
2410 4252 2475 4308 in
2504 4265 2538 4309 a
2583 4249 2741 4307 endo

302 4320 583 4380 intendat
608 4318 811 4389 finem,
840 4319 1200 4396 quandoque
1247 4317 1491 4394 quidem
1521 4318 1819 4378 actionem
1858 4317 2079 4392 ipsam,
2125 4322 2485 4395 quandoque
2571 4317 2740 4392 iquid

305 4404 416 4462 per
439 4390 742 4452 actionem
769 4391 1016 4451 factum.
2510 4408 2531 4414 „
