3076 5025
1140 286 1275 363 ub.
1314 307 1360 373 1,
1400 305 1553 363 me.
1592 306 1692 365 111.
2592 306 2642 377 ³.

182 430 284 492 ost
331 423 410 483 ad
448 422 795 505 naturalem
844 421 1139 504 ratio-nem
1180 435 1504 503 recurrere.
1555 422 1652 480 cui
1700 434 1914 485 omnes
1952 422 2254 485 assentire
2292 429 2629 500 cognatum

183 511 322 575 qum
350 501 561 553 tamen
584 507 649 550 ιιι
680 495 862 551 rebus
891 493 1111 550 dlvlms
1138 491 1428 550 deficiens
1458 497 1570 550 est.

269 567 468 625 Simul
496 570 694 622 autem
726 564 1031 621 veritatem
1062 563 1324 634 aliquam
1351 562 1781 635 investigantes
1806 565 2215 634 ostendemuS,
2247 568 2348 640 qui
2391 580 2630 628 errores

182 651 299 720 per
322 634 908 764 eamexcludandtgtr,
938 640 998 693 et
1028 634 1333 707 quomodo
1374 634 1845 697 demonstrativa
1866 637 2089 698 veritas
2115 636 2254 696 fidei
2283 638 2646 701 christiano.

184 708 515 781 religionis
538 718 769 764 concor

1210 871 1468 937 CAPUT
1513 872 1624 938 m.

268 1046 424 1104 01301)
460 1047 531 1093 m
563 1044 663 1092 ms
700 1043 836 1098 ΟΠΞ
866 1043 946 1091 DE
978 1043 1099 1092 nlo
1140 1041 1537 1105 nomm,
1578 1044 1810 1093 nul’m
1839 1045 1954 1095 EST
1990 1046 2310 1098 mlum
2341 1049 2561 1099 HODUB„

258 1200 423 1270 Quia
440 1211 591 1256 vero
612 1210 736 1256 non
762 1197 962 1256 omnis
988 1197 1258 1256 veritatis
1283 1198 1740 1258 manifestandis
1762 1199 1984 1259 modus
2029 1203 2123 1259 est
2169 1201 2350 1271 idem,
2383 1224 2416 1254 «
2445 1203 2629 1264 disci·

194 1271 410 1346 pfinati
440 1275 642 1327 autem
684 1268 949 1350 bominis
995 1273 1087 1326 est
1114 1273 1345 1349 tantum
1373 1268 1446 1326 de
1498 1283 1862 1342 unoquoque
1907 1271 2084 1329 fidem
2128 1285 2339 1341 capere
2379 1279 2634 1346 tentare,

280 1347 493 1399 autum
553 1345 769 1396 natura
811 1354 899 1396 rei
940 1344 1226 1410 permittit
1272 1358 1328 1408 κ,
1381 1343 1447 1396 ut
1492 1354 1529 1398 a
1569 1340 1938 1411 Philosopho
1996 1340 2220 1411 optime
2266 1342 2488 1401 dictum
2540 1349 2635 1404 est

197 1358 439 1485 gnie„
470 1424 517 1481 1,
547 1425 602 1468 c.
632 1409 713 1481 2),
745 1414 803 1465 et
828 1414 892 1466 ut
922 1409 1166 1467 Boetius
1188 1409 1511 1466 introducit
1540 1410 1644 1482 (De
1666 1410 1849 1481 Trio„
1868 1426 1921 1468 c.
1945 1414 2028 1482 2),
2063 1425 2312 1469 necesse
2349 1419 2440 1470 est
2465 1414 2635 1484 prius

206 1481 524 1613 gstendere
550 1480 692 1553 quis
712 1479 930 1538 modus
959 1479 1275 1551 possibilis
1301 1480 1383 1538 sit
1408 1480 1482 1538 ad
1510 1481 1818 1539 veritatem
1843 1482 2216 1553 propositam
2247 1484 2635 1543 mannestan-

276 1626 379 1682 Est
404 1627 603 1680 autem
628 1622 695 1678 in
720 1620 838 1685 bis,
870 1634 1004 1692 quae
1032 1621 1106 1679 de
1133 1620 1255 1679 Deo
1282 1619 1655 1691 confitemur,
1674 1621 1890 1693 duplex
1907 1612 2180 1681 veritatis
2200 1624 2439 1683 modus
2467 1627 2635 1694 Qum-

212 1693 346 1755 dam
372 1707 631 1765 namque
659 1705 799 1748 vera
828 1697 971 1748 sunt
992 1691 1064 1749 de
1093 1694 1237 1757 Deo,
1267 1706 1398 1764 quoe
1421 1705 1662 1749 omnem
1693 1694 2032 1751 facultatem
2065 1694 2343 1752 bumanae
2373 1696 2634 1757 rationis

220 1764 524 1829 excedunt,
552 1769 620 1820 ut
668 1764 856 1843 Deum
881 1775 1016 1819 esse
1057 1763 1281 1819 trinum
1328 1769 1384 1819 et
1432 1775 1642 1819 unum.
1685 1764 1964 1831 Quaedam
2013 1777 2156 1821 vero
2202 1771 2370 1834 sunt,
2397 1766 2474 1823 ad
2501 1779 2637 1839 qun

225 1833 399 1891 etim
426 1834 568 1891 latio
601 1834 894 1890 naturalis
916 1832 1252 1903 pertingere
1278 1838 1492 1903 potest,
1525 1834 1685 1890 sicut
1711 1841 1799 1891 est
1832 1837 2018 1892 Deum
2070 1848 2227 1904 esse,
2263 1838 2448 1893 Deum
2497 1849 2636 1895 esse

226 1917 423 1969 unum,
452 1909 510 1959 et
537 1904 662 1961 alia
704 1902 1241 1984 hujusmodiaquae
1287 1904 1463 1983 etiam
1513 1904 1861 1976 philosophi
1907 1905 2372 1964 demonstrative
2409 1906 2484 1964 de
2509 1910 2634 1966 Deo

224 1975 633 2047 probaverunt,
665 1973 827 2030 ducti
859 1973 1148 2031 naturalis
1179 1975 1407 2030 lumine
1435 1975 1708 2032 rationis.

276 2045 445 2114 Quod
474 2050 676 2102 autem
706 2044 829 2101 siut
858 2044 1058 2115 aliqua
1086 2043 1556 2115 intelligibilium
1588 2045 1946 2119 divinorum,
1975 2058 2112 2119 qum
2149 2046 2428 2106 humanae
2450 2044 2635 2106 ratio·

216 2116 309 2173 nis
335 2116 582 2188 penitus
619 2115 910 2172 excedant
937 2115 1265 2186 ingenium,
1298 2115 1746 2173 evidentissime
1771 2120 2037 2187 apparet.

277 2188 477 2256 Quum
501 2186 665 2241 enim
690 2185 1044 2256 principium
1073 2185 1258 2242 totius
1287 2185 1574 2247 scientim,
1606 2201 1784 2257 quam
1815 2187 1887 2244 de
1916 2187 2120 2259 aliqua
2152 2202 2219 2246 re
2264 2187 2417 2247 ratio
2444 2187 2639 2259 perci-

248 2256 313 2319 it,
346 2258 427 2315 sit
457 2257 797 2313 intellectus
825 2256 1173 2313 substantiae
1203 2256 1417 2326 ipsiuS,
1449 2270 1521 2313 eo
1552 2257 1732 2328 quod,
1761 2259 2091 2315 secundum
2134 2258 2466 2316 doctrinam
2499 2258 2639 2316 Phi,

235 2327 452 2398 osopbi
505 2326 697 2396 (Anal.
730 2332 992 2396 post.,n,
1038 2331 1176 2382 text.
1207 2340 1424 2383 comm.
1462 2326 1541 2397 2),
1577 2326 2106 2386 demonstrationis
2140 2330 2498 2400 principium
2548 2332 2643 2387 est

206 2398 352 2470 quod
384 2398 523 2468 quid
549 2402 648 2464 est,
683 2401 954 2467 opportet
981 2396 1140 2468 quod
1171 2398 1503 2453 secundum
1528 2398 1774 2454 modum
1802 2413 1921 2471 quo
1950 2400 2288 2457 substantia
2320 2401 2404 2456 rei
2427 2397 2642 2457 intelli·

252 2469 390 2538 ‘tur,
424 2469 503 2525 sit
531 2480 739 2547 eorum
769 2467 984 2525 modus
1013 2481 1144 2539 quae
1178 2467 1251 2524 de
1280 2482 1343 2524 re
1365 2466 1467 2525 illa
1491 2474 1961 2540 cognoscuntur.
1997 2469 2181 2538 Unde,
2210 2472 2261 2528 si
2294 2470 2640 2528 intellectus

252 2553 515 2597 umanus
539 2539 795 2608 alicujus
826 2538 907 2594 rei
940 2537 1336 2596 substantiam
1382 2540 1851 2609 comprehendit,
1894 2546 2038 2611 puta
2083 2541 2297 2614 lapidis
2330 2540 2422 2597 vel
2453 2541 2641 2598 trian-

286 2611 352 2680 li,
388 2609 625 2666 nullum
651 2608 1118 2680 intelligibilium
1150 2609 1315 2666 illins
1341 2610 1423 2664 rei
1458 2609 1798 2666 facultatem
1847 2611 2120 2668 humanae
2166 2612 2424 2668 rationis
2476 2623 2643 2668 exce-

250 2685 326 2737 et.
361 2679 536 2748 Quod
580 2678 817 2750 quidem
863 2678 1039 2735 nobis
1078 2679 1237 2736 circa
1268 2682 1453 2735 Deum
1488 2693 1612 2735 non
1660 2679 1895 2736 accidit.
1923 2683 2091 2748 Nam,
2124 2681 2197 2737 ad
2241 2681 2640 2739 substantiam

206 2748 679 2877 {11'51232021'3‘32‘23
686 2749 1678 2876 ἢᾞεθῗῗὲἓὲὲῗὶῗέειῗῗωεὲἓὲἒαὲἓῗ
1698 2750 2636 2889 stiffi„”titttifitffttttftt

206 2836 403 3020 guiguo
432 2835 683 2947 agensu
712 2890 974 2960 incipiat.
1008 2892 1077 2945 Et
1102 2888 1239 2946 ideo
1269 2860 1340 2945 ea
1359 2902 1492 2960 quae
1524 2889 1587 2944 in
1617 2901 1804 2945 sensu
1827 2903 1949 2946 non
1977 2890 2198 2946 cadunt
2226 2902 2346 2945 non
2381 2893 2641 2970 possum

252 2973 479 3019 umano
501 2961 808 3017 intellectu
830 2960 985 3031 capi,
1017 2959 1137 3017 nisi
1176 2964 1475 3031 quatenns
1503 2973 1578 3015 ex
1601 2959 1886 3017 sensibus
1929 2973 2140 3017 eorum
2168 2960 2438 3032 cognitio
2465 2958 2639 3017 colli·

208 3033 387 3104 gitur.
420 3031 741 3089 sensibilia
770 3036 966 3087 autem
996 3030 1071 3086 ad
1101 3030 1215 3087 boc
1245 3031 1459 3087 ducere
1488 3029 1859 3087 intellectum
1888 3035 2159 3088 nostrum
2190 3044 2314 3089 non
2358 3033 2639 3100 possunt,

218 3102 366 3160 utin
397 3102 488 3158 eis
537 3100 739 3158 divina
780 3101 1119 3158 substantia
1157 3100 1426 3157 videatur
1452 3102 1593 3171 qued
1616 3103 1707 3169 sit,
1740 3115 1921 3173 quum
1970 3101 2092 3159 sint
2137 3099 2388 3160 effectus
2436 3113 2638 3160 causae

212 3172 493 3230 virtutem
522 3184 643 3229 noe
675 3177 999 3244 aequantes.
1031 3172 1278 3228 Ducitur
1298 3175 1499 3228 tam-en
1529 3186 1601 3228 ex
1625 3172 2017 3229 sensibilibus
2057 3170 2398 3229 intellectus
2427 3177 2638 3229 noster

212 3242 277 3299 in
305 3243 572 3300 divinam
608 3242 1038 3321 coguitionem,
1087 3246 1154 3298 ut
1193 3247 1520 3313 cognoscat
1555 3241 1628 3299 de
1675 3244 1796 3298 Deo
1843 3245 1976 3311 quia
2017 3244 2117 3310 est,
2162 3246 2222 3298 et
2268 3242 2389 3298 alia
2432 3241 2638 3312 buius-

213 3313 401 3382 modi,
430 3327 565 3384 quae
590 3317 826 3382 oportet
852 3312 1093 3369 attribui
1122 3312 1315 3382 primo
1345 3312 1660 3382 principie.
1692 3315 1839 3370 Sunt
1885 3313 2068 3384 igitur
2109 3312 2382 3384 quaedam
2415 3309 2637 3367 intelli-

213 3383 492 3457 gibilium
540 3383 899 3450 divinorum,
940 3397 1072 3455 quae
1116 3382 1392 3439 humanae
1441 3382 1659 3439 rationi
1701 3387 1846 3440 sunt
1887 3384 2120 3453 pervim
2152 3382 2424 3455 quaedam
2469 3393 2636 3450 vero,

215 3466 347 3528 quie
373 3453 626 3511 omnino
651 3453 773 3510 vim
802 3453 1079 3510 humanm
1105 3453 1360 3510 rationis
1386 3453 1700 3509 excedunt.
1952 3463 1955 3467 “
2671 3477 2680 3485 -

280 3524 503 3592 Adhuc,
559 3538 636 3580 ex
688 3523 1157 3594 intelligibilium
1203 3523 1488 3594 gradibus
1537 3522 1695 3579 idem
1741 3526 1837 3580 est
1870 3522 2046 3580 facile
2085 3521 2308 3580 videre.
2370 3522 2637 3581 Duorum

215 3594 399 3662 enim,
429 3608 686 3667 quorum
736 3607 895 3652 unus
928 3594 1048 3651 alio
1090 3607 1213 3649 rem
1247 3594 1323 3650 ali
1372 3607 1506 3650 uam
1540 3592 1844 3649 intellectu
1885 3593 2168 3651 subtilius
2215 3593 2497 3670 intuetur,
2528 3593 2637 3650 ille

213 3664 387 3736 euius
412 3664 757 3722 intellectus
778 3670 870 3723 est
904 3664 1209 3732 elevatior,
1238 3678 1338 3720 mu
1367 3670 1425 3720 ta
1453 3663 1735 3735 intelligit
1759 3675 1893 3734 qum
1944 3664 2098 3720 alius
2144 3663 2394 3719 omnino
2423 3675 2638 3732 capere

212 3746 335 3793 non
362 3741 592 3816 potest3
622 3736 782 3793 sicut
808 3740 969 3805 patet
988 3735 1050 3791 in
1083 3734 1329 3803 rustico,
1360 3734 1463 3807 qui
1491 3734 1660 3790 nullo
1708 3734 1890 3790 modo
1927 3733 2328 3805 pbilosopbiae
2375 3732 2634 3791 subtiles

214 3806 733 3863 considerationes
790 3819 1005 3876 capere
1054 3811 1268 3876 potest.
1328 3805 1672 3862 Intellectus
1730 3809 1928 3861 autem
1968 3804 2165 3876 angeli
2207 3804 2343 3884 plus
2399 3802 2635 3860 excedit

211 3875 585 3934 intellectum
630 3876 979 3944 humanum,
1030 3889 1209 3947 quam
1251 3876 1588 3933 intellectus
1630 3875 1839 3945 optimi
1885 3876 2124 3945 philoso
2174 3874 2230 3930 bl
2261 3874 2630 3931 intellectum

211 3946 525 4004 rudissimi
556 3945 787 4015 idiotae3
812 3947 955 4020 quia
974 3945 1100 4003 haec
1123 3946 1405 4004 distantia
1425 3947 1580 4002 inter
1598 3945 1818 4017 speciei
1839 3947 2113 4003 bumanae
2157 3944 2356 4002 imitas
2372 3944 2641 4003 contine‘
2739 3989 2742 3992 -

211 4019 327 4088 tur,
356 4030 515 4090 quos
544 4017 855 4089 angelicus
885 4017 1224 4073 intellectus
1254 4016 1500 4074 excedit.
1532 4016 1854 4088 Cognoscit
1880 4016 2120 4088 quidem
2151 4015 2402 4088 angelus
2441 4017 2630 4072 Deum

215 4098 287 4145 ex
330 4087 617 4145 nobiliori
662 4084 878 4144 effectu
938 4100 1117 4158 quam
1174 4088 1376 4153 bomo,
1423 4095 1648 4159 quanto
1697 4087 1832 4157 ipsa
1878 4087 2215 4143 substantia
2258 4085 2480 4157 angeli,
2529 4098 2638 4157 pel·

214 4168 386 4230 qnam
417 4159 485 4215 in
514 4157 620 4214 Dei
648 4157 1053 4228 cognitionem
1084 4157 1321 4214 ducitur
1364 4156 1618 4214 naturali
1647 4157 2012 4224 cognitione,
2039 4162 2128 4214 est
2178 4156 2420 4228 dignior
2448 4156 2632 4215 rebus

214 4228 609 4286 sensibilibus
640 4233 700 4284 et
723 4228 898 4284 etiam
932 4227 1063 4298 ipsa
1106 4228 1325 4295 anima,
1357 4242 1461 4297 per
1502 4241 1679 4300 quam
1728 4226 2066 4284 intellectus
2099 4227 2401 4284 humanus
2430 4226 2492 4281 in
2525 4225 2632 4284 Dei

215 4309 286 4357 ce
370 4300 625 4356 itionem
658 4298 945 4355 ascendit.
976 4296 1274 4369 Multoque
1322 4298 1580 4368 amplius
1615 4297 1954 4354 intellectus
1992 4297 2230 4354 divinus
2269 4295 2501 4353 excedit
2528 4307 2635 4352 an·

217 4378 286 4439 ge
314 4368 496 4439 cum,
552 4382 733 4442 quam
770 4382 847 4425 an
890 4368 1079 4426 elicus
1119 4369 1467 4426 humanum.
1502 4371 1632 4438 lpse
1657 4368 1818 4424 enim
1847 4368 2187 4425 intellectus
2228 4367 2469 4423 divinus
2515 4376 2632 4422 sua

220 4440 544 4524 capacitate
565 4439 845 4499 substant
869 4452 964 4499 am
991 4452 1167 4498 suam
1195 4439 1487 4512 adaequat,
1528 4443 1591 4495 et
1629 4438 1767 4497 ideo
1816 4438 2074 4511 perfecte
2113 4438 2190 4496 de
2231 4450 2302 4496 se
2347 4432 2639 4502 intelligit
