3076 5025
418 310 458 367 8
1331 302 1465 359 LtB.
1502 303 1552 370 1,
1590 302 1742 358 CAP.
1781 302 1926 362 vm.

423 428 737 487 intantum
766 428 834 485 ut
862 437 974 484 nec
998 436 1073 484 ea
1106 435 1244 483 esse
1281 423 1434 482 salsa
1462 423 1543 481 sit
1587 423 1871 494 possibile
1904 423 2163 498 cogitare
2197 443 2213 494 ς
2258 439 2368 484 nec
2395 425 2455 485 id
2492 426 2656 499 quod
2704 425 2826 489 fide

419 503 673 565 tenetur,
703 509 883 569 quum
915 500 1034 553 tam
1064 494 1363 553 evidenter
1403 494 1685 552 divinitus
1722 494 2128 553 confirmatum
2174 495 2271 564 sit,
2304 496 2393 555 fas
2437 503 2528 554 est
2577 497 2827 559 credere

423 582 557 627 esse
587 567 827 625 falsum.
859 566 1007 635 Quia
1036 563 1219 638 igitur
1245 564 1438 623 solum
1471 564 1685 622 falsum
1718 579 1854 624 vero
1883 566 2242 624 contrarium
2266 571 2376 636 est,
2407 572 2474 625 ut
2496 581 2570 624 ex
2609 581 2828 629 eorum

423 637 870 698 definitionibus
896 634 1182 707 inspectis
1209 634 1522 693 manifeste
1554 641 1829 716 apparet,
1877 635 2244 706 impossihile
2283 642 2374 694 est
2421 635 2545 696 illis
2592 639 2834 710 princi·

421 709 564 791 piiS,
603 721 734 781 quae
780 706 932 765 ratio
962 704 1309 765 naturaliter
1331 712 1661 777 cognoscit,
1691 707 2027 777 praedictam
2054 706 2355 764 veritatem
2404 706 2543 767 fidei
2586 714 2834 770 contra·

419 792 573 837 riam
605 791 760 836 esse.

416 902 424 915 ,
493 851 644 911 Item,
672 846 816 906 illud
850 845 1028 915 idem,
1059 844 1217 917 quod
1248 844 1637 904 induciturin
1677 846 1935 905 animam
1985 846 2261 918 discipuli
2289 861 2326 905 a
2360 846 2611 907 docente
2685 848 2837 910 doc·

428 920 576 977 toris
602 917 856 976 scientia
877 916 1164 985 eontinet,
1194 915 1313 974 nisi
1342 916 1552 973 doceat
1573 915 1706 973 ficte
1737 933 1751 984 ;
1791 917 1949 988 quod
1977 918 2049 976 de
2089 919 2209 976 Deo
2255 917 2425 998 nefas
2469 924 2566 976 est
2603 890 2834 980 dicere.

423 990 861 1061 Principiorum
910 992 1105 1045 autem
1153 988 1501 1044 naturaliter
1541 993 1818 1045 notorum
1861 987 2124 1060 cognitio
2171 987 2344 1046 nobis
2393 987 2683 1047 divinitus
2739 996 2843 1050 est

411 1060 636 1139 andita,
672 1072 852 1131 quum
886 1057 1014 1130 ipse
1041 1058 1199 1116 Deus
1247 1057 1329 1116 sit
1368 1062 1575 1115 auctor
1629 1064 1846 1116 nostrae
1891 1065 2135 1117 naturae.
2167 1060 2300 1116 Haec
2341 1071 2483 1131 ergo
2531 1060 2843 1132 principia.

428 1129 605 1189 etiam
632 1129 832 1187 divina
873 1127 1173 1200 Sapientia
1213 1127 1498 1185 continet.
1548 1127 1843 1199 Quidquid
1891 1128 2074 1210 igitur
2117 1128 2426 1209 principiis
2473 1129 2838 1200 hujusmodi

428 1200 788 1261 contrarium
819 1202 931 1267 est,
961 1203 1053 1256 est
1075 1196 1291 1255 divinae
1324 1198 1632 1269 sapientiae
1670 1203 2054 1270 contrarium,
2088 1210 2207 1257 non
2239 1199 2419 1272 igitur
2446 1213 2482 1255 a
2516 1201 2639 1258 Deo
2686 1214 2837 1261 esse

422 1276 645 1344 potest.
697 1272 777 1327 Ea
805 1268 987 1341 igitur
1012 1281 1173 1349 quae,
1214 1281 1286 1326 ex
1327 1269 1683 1326 revelatione
1733 1268 1954 1349 divina,
1993 1282 2098 1342 per
2139 1267 2315 1327 fidem
2360 1273 2657 1341 tenentur,
2702 1285 2839 1331 non

424 1344 688 1416 possunt
716 1338 968 1397 naturali
998 1337 1330 1409 cognitioni
1359 1352 1494 1397 esse
1512 1346 1828 1396 contraria.

495 1411 714 1477 Adhuc,
740 1407 1058 1466 contrariis
1087 1407 1419 1466 rationibus
1459 1409 1796 1466 intellectus
1822 1412 2027 1467 noster
2052 1407 2289 1481 ligatur,
2319 1413 2386 1467 ut
2424 1408 2498 1468 ad
2545 1410 2672 1469 veri
2725 1425 2839 1471 co-

426 1480 754 1560 gnitionem
771 1477 1088 1549 procedere
1113 1478 1465 1558 nequeam—Si
1493 1478 1675 1558 igitur
1690 1478 1998 1560 contrari&
2027 1478 2403 1606 coffnitiones
2432 1479 2609 1539 nohis
2636 1495 2676 1538 a
2705 1484 2838 1544 Deo

428 1549 915 1617 immitterentur,
945 1561 1017 1605 ex
1046 1546 1161 1605 hoc
1199 1560 1238 1605 a
1281 1553 1547 1605 veritatis
1585 1554 1928 1622 cognitione
1962 1550 2107 1609 intel
2133 1552 2298 1609 ectus
2337 1555 2542 1609 noster
2575 1550 2840 1623 impedi-

422 1626 590 1680 retur
617 1637 633 1688 ;
662 1618 821 1691 quod
850 1631 888 1676 a
912 1619 1033 1675 Deo
1061 1630 1195 1675 esse
1225 1630 1345 1675 non
1371 1621 1581 1689 potest.

493 1690 769 1760 Amplius,
799 1702 869 1746 ea
897 1701 1028 1759 quae
1070 1691 1212 1745 sunt
1237 1688 1529 1745 naturalia
1556 1687 1769 1746 mutari
1799 1700 1921 1746 non
1943 1691 2217 1760 possunt,
2255 1693 2466 1749 natura
2500 1696 2791 1750 manente
2815 1710 2837 1763 ;

426 1759 739 1820 contrariae
766 1765 963 1816 autem
992 1757 1309 1829 opiniones
1337 1758 1514 1817 simul
1546 1758 1736 1816 eidem
1766 1758 1965 1818 inesse
1996 1771 2116 1816 non
2145 1766 2440 1829 possunt3
2488 1774 2610 1819 non
2643 1762 2841 1834 igitur

426 1835 634 1890 conti-a
655 1842 728 1887 co
772 1829 1060 1886 nitionem
1092 1827 1416 1886 naturalem
1452 1828 1528 1886 ali
1577 1843 1652 1886 ua
1676 1828 1880 1899 opinio
1916 1827 2005 1887 vel
2033 1827 2181 1887 fides
2227 1829 2519 1888 hominia
2563 1833 2689 1890 Deo
2718 1832 2842 1892 im-

426 1901 699 1959 mittitur.
778 1897 965 1956 tideo
990 1898 1312 1969 Apostolus
1340 1898 1522 1956 dicit:
1599 1913 1727 1969 rope
1767 1902 1845 1954 est
1877 1899 2096 1955 vei-bum
2135 1901 2199 1953 in
2238 1900 2394 1955 corde
2438 1904 2598 1956 nicet
2636 1904 2704 1956 in
2744 1918 2844 1960 ore

422 1973 517 2029 tuo
544 1987 563 2037 ς
596 1971 693 2026 hoc
713 1973 793 2026 est
820 1969 1041 2025 verbum
1181 1970 1213 2031 ⁶,
1244 1968 1387 2038 quod
1407 1969 1763 2038 predicamus
1792 1968 2006 2041 (Rom.‚
2033 1979 2095 2038 x,
2145 1968 2219 2041 8).
2249 1968 2358 2027 Sed
2401 1970 2540 2042 quia
2586 1976 2846 2044 superat

425 2040 737 2103 rationem,
770 2053 809 2098 a
835 2038 1061 2098 nonnul
1089 2038 1145 2096 is
1169 2044 1474 2109 reputatur
1493 2039 1664 2112 quasi
1692 2038 2052 2098 contrarium
2081 2056 2095 2108 ;
2125 2039 2283 2109 quod
2304 2052 2438 2098 esse
2461 2053 2582 2098 non
2609 2047 2840 2110 potest.

424 2110 574 2170 Huic
599 2111 775 2168 etiam
806 2109 1129 2167 auctoritas
1154 2110 1465 2190 Augustini
1496 2109 1836 2179 concordat,
1867 2109 1990 2182 qui,
2016 2109 2080 2166 in
2098 2109 2362 2168 secundo
2381 2110 2555 2181 Super
2580 2111 2843 2170 Genesim

425 2180 504 2239 acl
532 2182 770 2237 litteram
793 2178 867 2252 (c.
900 2179 1019 2260 18),
1045 2178 1188 2236 dicit
1215 2192 1304 2238 sic
1332 2196 1346 2235 ε
1380 2178 1587 2260 ‹tolli-ud
1660 2179 1875 2260 uidem,
1943 2177 2059 2237 uod
2087 2179 2302 2237 veritas
2327 2181 2625 2252 patefacit,
2654 2182 2843 2243 libris

425 2251 654 2310 sanctis
681 2250 810 2308 sive
831 2250 1058 2309 Veteris
1088 2250 1443 2309 Testamenti
1473 2263 1598 2308 sive
1678 2263 1773 2309 ovi
1799 2249 1904 2308 nul
1929 2262 1969 2308 o
1993 2249 2172 2309 modo
2201 2255 2397 2323 potest
2432 2264 2566 2311 esse
2616 2252 2839 2312 adver·

425 2331 560 2383 sum
590 2340 645 2378 n.

496 2391 577 2449 Ex
602 2402 722 2464 quo
748 2387 1048 2448 evidenter
1074 2387 1394 2459 colligitur,
1423 2401 1808 2471 quaecumque
1835 2392 2182 2462 argumenta
2225 2394 2430 2449 contra
2457 2389 2595 2449 fidei
2638 2390 2836 2451 docu-

425 2466 625 2522 menta
651 2463 949 2533 ponantur
1007 2459 1130 2518 liaec
1158 2473 1231 2517 ex
1261 2460 1446 2531 princi
1495 2460 1569 2518 iis
1600 2461 1804 2531 primis
1835 2465 2056 2519 naturae
2106 2459 2332 2525 inditis,
2381 2475 2484 2535 per
2525 2475 2593 2520 se
2635 2463 2839 2531 notis,

426 2544 546 2590 non
577 2538 733 2589 recte
756 2501 1091 2603 procedere.
1124 2530 1286 2587 Unde
1316 2544 1422 2587 nec
1490 2531 1974 2590 emonstrationis
2001 2531 2119 2588 vim
2150 2531 2385 2601 liabent,
2417 2532 2522 2591 sed
2553 2532 2644 2590 vel
2683 2540 2842 2593 sunt

422 2601 691 2731 ratitones
716 2600 1057 2679 probabiles
1080 2599 1178 2663 vel
1209 2601 1601 2678 sophisticae3
1645 2605 1705 2659 et
1743 2600 1833 2661 sic
1873 2600 1950 2662 ad
1993 2614 2065 2661 ea
2106 2601 2392 2663 solvenda
2432 2602 2605 2662 locus
2642 2603 2840 2664 relin-

1391 2837 1646 2906 CAPUT
1692 2838 1852 2906 vill.

559 3003 848 3062 omnm
881 3004 953 3052 ΒΕ
982 3003 1224 3054 mnu·
1253 3006 1504 3056 numa
1536 3006 1715 3056 nano
1746 3006 1829 3054 Al>
1863 3006 2202 3057 viaturam
2230 3007 2390 3057 mm
2421 3006 2673 3062 ΡΜ

493 3151 998 3236 Considerandum
1025 3157 1202 3239 etiam
1232 3158 1484 3229 videtur,
1510 3160 1668 3232 quod
1698 3174 1794 3221 res
1827 3160 2064 3243 quidem
2108 3160 2446 3230 sensibileS,
2477 3175 2553 3221 ex
2596 3162 2827 3245 quibus

416 3223 683 3308 humana
710 3232 871 3308 ratio·
903 3229 1266 3308 cognitionis
1309 3231 1661 3312 principium
1708 3238 1909 3301 sumit,
1954 3233 2209 3306 aliquale
2259 3233 2574 3304 vestigium
2624 3248 2690 3291 in
2757 3247 2832 3296 se

419 3295 636 3357 divinae
665 3302 1014 3356 imitationis
1043 3300 1314 3370 retinent,
1347 3300 1622 3359 videlicet
1651 3302 1809 3382 quod
1839 3306 1998 3370 sunt,
2030 3309 2089 3361 et
2112 3303 2282 3361 bonae
2313 3309 2473 3364 sunt.
2505 3302 2589 3360 ita
2623 3309 2836 3365 tamen

419 3366 825 3449 imperfectum
856 3367 1014 3449 quod
1037 3368 1108 3426 ad
1140 3369 1550 3429 declarandam
1580 3372 1768 3442 ipsius
1805 3372 1905 3430 Dei
1935 3372 2323 3432 substantiam
2351 3373 2598 3431 omnino
2633 3374 2836 3435 insuf-

418 3435 627 3518 ficiens
677 3444 991 3496 invenitur.
1036 3439 1262 3498 Habent
1300 3443 1459 3499 enini
1504 3440 1750 3500 effectus
1798 3456 2042 3501 suarum
2086 3455 2418 3508 causarum,
2461 3455 2575 3500 suo
2612 3444 2835 3519 mode,

420 3508 897 3578 similitudinem,
927 3522 1108 3581 quum
1138 3524 1169 3566 a
1217 3524 1324 3569 ens
1357 3517 1493 3584 agat
1523 3512 1636 3569 sibi
1668 3513 1862 3570 simile
1895 3524 2056 3580 ;non
2085 3517 2280 3570 tamen
2307 3511 2554 3571 effectus
2582 3514 2660 3573 ad
2694 3528 2839 3589 per·

420 3574 635 3637 sectam
664 3579 896 3649 agentis
921 3581 1167 3638 similitu
1214 3582 1370 3639 inem
1404 3595 1638 3652 semper
1664 3583 1962 3655 pertingit.

461 3647 759 3727 ‚flumana
796 3649 980 3729 igitur
1019 3650 1190 3719 ratic,
1235 3651 1307 3709 ad
1356 3653 1838 3732 cognoscendum
1881 3651 2015 3733 fidei
2062 3652 2387 3733 yeritatem,
2431 3665 2564 3778 (huie
2618 3653 2836 3715 solum

418 3715 756 3775 videntibus
783 3717 1042 3777 divinam
1076 3720 1468 3779 substantiam
1501 3729 1692 3791 potest
1720 3736 1854 3780 esse
1882 3726 2216 3790 notissima,
2250 3727 2333 3779 ita
2356 3736 2422 3779 se
2494 3723 2630 3780 abet
2658 3725 2838 3798 quod

420 3783 650 3864 adeam
689 3793 880 3856 potest
929 3790 1148 3862 aliquis
1198 3804 1368 3848 veras
1417 3792 1840 3849 similitudines
1889 3793 2211 3865 colligere;
2263 3804 2394 3863 quae
2435 3797 2638 3849 tamen
2691 3808 2830 3857 non

417 3853 725 3933 sufficiunt
752 3855 824 3913 ad
855 3857 988 3927 hoc,
1018 3859 1176 3931 quod
1205 3861 1482 3930 praedicta
1506 3862 1721 3919 veritas
1764 3862 1935 3934 quasi
1980 3861 2436 3920 demonstrative
2465 3863 2555 3918 vel
2605 3877 2714 3933 per
2754 3878 2835 3927 se

417 3924 719 3981 intellecta
746 3929 1297 3999 comprehendatur.
1332 3931 1477 3987 Utile
1508 3937 1704 3987 tamen
1734 3939 1826 3989 est
1864 3937 1946 4000 ut,
1977 3931 2036 3989 in
2090 3930 2424 4002 hujusmodi
2476 3933 2836 3997 rationibus

414 4000 960 4067 quantumcumque
984 3997 1300 4067 debilibus,
1330 4012 1396 4057 se
1426 4014 1595 4056 niens
1650 4003 1908 4059 humana
1946 4007 2231 4070 exerceat,
2282 4000 2607 4058 dummodo
2660 4004 2837 4065 desit

415 4063 953 4133 comprehendendi
984 4069 1072 4126 vel
1091 4069 1533 4127 demonstrandi
1566 4073 1983 4151 praesuinptio3
2013 4071 2151 4142 quia
2172 4070 2439 4127 derebus
2468 4072 2824 4142 altissimis,

308 4139 315 4183 t
417 4132 590 4189 etiam
638 4146 815 4203 parva
840 4141 899 4192 et
924 4135 1099 4195 debili
1136 4139 1631 4205 consideratione,
1658 4141 1881 4213 aliquid
1908 4152 2086 4212 posse
2113 4140 2403 4211 inspicere
2434 4139 2829 4211 jucundissi-

414 4211 583 4282 mum.
603 4207 714 4284 est,
746 4210 808 4260 ut
835 4220 906 4261 ex
931 4205 1106 4265 dictis
1131 4207 1206 4281 (c.
1237 4213 1290 4277 5,
1321 4209 1382 4266 in
1412 4209 1553 4281 fine)
1585 4216 1843 4280 appe-ret.
2143 4261 2148 4265 .

484 4271 585 4327 Cui
616 4273 852 4344 quidem
879 4279 1186 4337 senientiae
1215 4281 1535 4337 auctoritas
1562 4282 1647 4337 flii
1753 4301 1760 4333 l
1796 4277 2134 4347 concordat,
2164 4278 2264 4351 qui
2290 4278 2379 4336 sic
2395 4278 2558 4348 dicit,
2578 4280 2831 4346 inlibro

409 4338 491 4421 pe
517 4342 781 4421 &nitate
808 4343 869 4416 (l.
900 4357 965 4414 u,
995 4360 1047 4403 c.
1076 4349 1184 4420 lo),
1216 4349 1465 4422 loquens
1490 4349 1561 4407 de
1593 4350 1929 4421 hujusmodi
1961 4349 2199 4405 veritate
2230 4366 2243 4404 :
2285 4368 2314 4397 «
2350 4350 2480 4405 Haec
2509 4352 2827 4416 credendo

409 4421 627 4484 incipe,
653 4426 947 4487 percurre,
962 4417 1212 4490 persiste
1234 4435 1250 4490 ;
1279 4425 1356 4493 et,
1382 4420 1573 4480 sinon
1590 4426 2004 4494 perventurum
2022 4419 2229 4489 sciam,
2249 4415 2593 4492 gratulabor
2607 4427 2826 4487 tamen
