3076 5025
561 221 666 277 544
1436 213 1571 271 Lm.
1610 213 1704 283 w,
1741 212 1894 270 CAP.
1928 213 2106 270 XXIX.

604 339 910 401 assibilem
938 336 1167 406 hahuit,
1197 334 1397 410 qualis
1436 340 1530 395 est
1575 335 1733 394 faeta
1775 348 1916 395 caro
1960 334 2230 395 hominis
2270 350 2348 395 ex
2390 344 2625 408 peccato.
2727 362 2748 383 ·-

607 410 823 471 ctionis
852 407 1194 467 intellectus
1220 405 1557 465 excluditur
1584 406 1660 465 ab
1688 405 1812 464 hoc·
1831 405 1996 481 quod
2041 406 2187 464 dicit
2215 424 2231 463 ε
2263 407 2331 462 In
2374 407 2743 464 similinidiiieia

560 498 694 541 num
718 483 923 550 factus,
952 493 1060 551 per
1087 478 1202 537 hoc
1230 476 1391 551 quod
1415 477 1631 537 dicitur
1660 491 1675 530 ε
1702 479 1956 534 Formam
1980 479 2127 534 serui
2149 480 2268 535 acci
2307 481 2460 544 ierim
2488 478 2700 536 manif
2725 498 2750 521 .-

563 557 763 613 autem
811 551 1067 609 formam
1109 561 1220 621 pro
1264 552 1480 607 natura
1522 546 1669 621 poni
1715 551 1774 606 et
1816 560 1939 606 non
1982 561 2093 620 pro
2134 546 2248 606 sim
2303 547 2539 618 'tudine,
2565 561 2631 607 ex
2676 570 2755 599 ··.·

563 625 794 683 dixerat
818 637 834 676 ε
861 621 968 688 Qui
990 635 1158 692 quum
1183 622 1246 675 in
1270 620 1455 687 torma
1479 621 1583 675 Dei
1607 622 1761 688 esset,
1796 617 1899 677 ubi
1940 632 2050 691 pro
2075 621 2292 676 natura
2318 618 2551 690 ponitur
2586 618 2637 676 io
2679 644 2707 669 ιι
2734 642 2738 668 ;

565 694 725 753 enim
755 692 999 765 ponitur
1030 688 1191 763 quod
1219 688 1493 749 Christus
1523 688 1706 748 fuerit
1731 688 2211 748 similitudinarie
2236 691 2414 748 Deus.
2444 689 2750 748 Excluditur

571 763 836 824 fictionis
862 760 1204 819 intellectus
1227 773 1332 831 per
1361 759 1478 819 hoc
1497 759 1660 833 quod
1685 758 1888 818 subdit
1918 774 1935 814 z
1964 761 2163 817 Factus
2188 760 2440 816 obediens
2459 774 2614 832 usque
2634 760 2703 816 ad
2737 792 2744 811 ,-

564 838 695 894 Non
722 833 905 905 igitur
934 830 1262 891 similitudo
1290 831 1583 912 accipitur
1603 843 1713 902 pro
1741 828 2135 912 similitudine
2159 830 2536 912 apparentiae,
2560 829 2654 889 sed
2710 854 2720 879 ·
2769 860 2772 865 ·

567 903 960 964 similitudine
988 901 1230 974 speciei,
1261 906 1420 959 sicut
1447 914 1661 960 omnes
1690 900 1967 959 homines
1992 901 2220 960 similes
2245 915 2445 972 specie
2470 901 2738 960 dicuntur.

635 974 823 1048 Magis
889 978 1086 1032 autem
1160 985 1334 1031 sacra
1386 971 1511 1031 Scri
1555 977 1690 1030 tura
1742 985 1813 1030 ex
1856 985 2022 1029 resse
2091 971 2526 1043 phantasmatis
2584 971 2795 1042 suspiu'

566 1044 850 1105 excludit.
889 1044 1118 1101 Dicitur
1158 1043 1317 1100 enim
1365 1056 1485 1116 quo
1570 1041 1870 1170 discffii,
1898 1044 2102 1101 lesum
2146 1042 2390 1099 videntes
2439 1043 2769 1100 ωηδυὶοηιω
2799 1056 2804 1059 ·

569 1132 741 1179 mare,
773 1114 985 1172 turbati
1030 1116 1181 1176 sunt,
1211 1112 1447 1171 dicerites
1492 1115 1632 1194 quia
1667 1127 1711 1185 p
1825 1116 2005 1170 tasma
2028 1117 2138 1180 est,-
2166 1117 2221 1169 et
2244 1127 2366 1183 prae
2408 1114 2590 1171 timore

566 1186 809 1260 (Matth.‚
856 1197 984 1255 xrv,
1012 1183 1141 1256 26);
1188 1197 1368 1258 quam
1463 1182 1667 1241 uidem
1725 1197 1932 1241 eorum
1986 1182 2395 1256 suspicionem
2449 1182 2717 1242 Dominus
2771 1207 2786 1231 ν

565 1259 801 1316 nienter
841 1254 1131 1323 removit3
1161 1253 1320 1314 unde
1363 1267 1436 1313 su
1481 1253 1686 1311 ditur:
1720 1255 2024 1325 Statimque
2065 1255 2221 1311 Jesus
2267 1255 2477 1311 lectitas
2515 1258 2591 1311 est
2627 1256 2714 1322 ets,
2749 1255 2791 1299 ν·

563 1329 768 1385 Habete
789 1326 1069 1398 fiduciata,
1092 1339 1190 1394 eoo
1208 1340 1353 1395 m,
1373 1325 1542 1381 nolite
1567 1327 1756 1380 timere
1780 1323 1964 1397 (ibid.‚
1991 1323 2126 1397 27);
2157 1325 2435 1398 quamvis
2475 1338 2595 1383 uon
2631 1330 2788 1383 rann·

564 1398 836 1457 videatur
870 1396 1033 1470 quod
1077 1400 1181 1453 aut
1224 1394 1556 1467 discipulos
1596 1393 1809 1452 lateret
1888 1394 2009 1453 uod
2033 1395 2278 1453 nonnisi
2308 1408 2528 1467 corpus
2553 1394 2699 1468 phan
2761 1412 2815 1463 *v

568 1467 1021 1549 assumpsisset,
1044 1477 1229 1540 quum
1256 1478 1364 1524 eos
1393 1464 1468 1523 ad
1493 1465 1613 1523 hoc
1643 1464 1730 1522 ele
1777 1464 1860 1546 eri
1917 1468 1981 1523 ut
1998 1463 2073 1523 de
2099 1478 2171 1525 eo
2197 1465 2602 1525 testimonium
2619 1479 2672 1536 p·
2727 1486 2810 1515 uu-

563 1540 834 1598 veritatis
863 1552 938 1595 ex
971 1536 1069 1595 his
1109 1548 1244 1616 quae
1271 1535 1544 1617 viderant
1566 1540 1635 1616 et
1654 1550 1729 1594 au
1773 1539 1966 1593 ierant
1983 1541 2153 1616 χειῇ,
2181 1536 2237 1594 si
2265 1548 2374 1595 eos
2402 1548 2531 1594 non
2564 1534 2777 1602 latebat,

568 1611 755 1668 matio
781 1608 1221 1680 phantasmatis
1249 1618 1375 1664 non
1404 1611 1771 1664 incussisset
1792 1611 1937 1663 tunc
1968 1619 2059 1663 eis
2084 1612 2383 1665 timorem.

644 1679 851 1738 Adhuc
898 1684 1097 1736 autem
1125 1676 1471 1748 expressius
1498 1676 1908 1748 suspicionem
1935 1675 2293 1748 phantastici
2320 1677 2595 1748 corporis
2636 1691 2670 1735 a
2688 1689 2810 1734 mam

576 1750 1012 1822 discipulorum
1051 1747 1301 1806 removit
1339 1746 1632 1805 Dominus
1679 1751 1820 1818 post
1859 1746 2376 1806 resurrectionem.
2408 1747 2632 1805 Dicitur
2652 1747 2789 1806 enim

567 1821 835 1892 discipuli
861 1818 1172 1875 conturbati
1198 1822 1251 1874 et
1274 1819 1558 1873 conterriti
1580 1818 1974 1873 eaistitnabant
1995 1832 2054 1874 se
2088 1819 2349 1889 spiritum
2370 1818 2580 1881 videre,
2606 1817 2733 1877 dum
2763 1838 2813 1864 Η·

569 1890 849 1948 viderunt
874 1891 1099 1956 lesum,
1135 1892 1187 1944 et
1208 1888 1358 1944 dixit
1387 1890 1464 1944 eis
1484 1906 1503 1942 ε
1537 1887 1684 1955 Quid
1703 1888 1916 1944 turbati
1938 1890 2088 1950 estis,
2118 1893 2173 1944 et
2214 1890 2566 1958 cogitationes
2620 1913 2630 1936 ι

569 1960 739 2017 corda
764 1964 948 2016 vestra
967 1961 997 2015 ?
1027 1958 1218 2016 Videte
1239 1973 1437 2015 manus
1459 1973 1609 2015 meas
1633 1963 1686 2014 et
1702 1958 1867 2029 pedes
1891 1973 2052 2027 meos,
2079 1962 2214 2029 quia
2238 1974 2333 2029 eqo
2353 1961 2475 2031 ipse
2511 1974 2665 2027 πως

568 2030 771 2098 videte,
825 2032 958 2100 quia
1007 2031 1239 2098 spiritus
1290 2043 1507 2085 earnem
1561 2032 1616 2084 et
1658 2042 1783 2085 ossa
1829 2044 1941 2086 uon
1984 2029 2165 2096 habet,
2219 2032 2363 2086 sicut
2402 2045 2489 2086 me
2540 2028 2726 2086 videtis
2795 2062 2803 2072 ·

570 2101 751 2173 (Laia,
781 2112 952 2168 xxw,
983 2097 1197 2180 37-39.)
1227 2101 1470 2181 Frustra
1508 2098 1672 2157 enim
1719 2111 1788 2157 se
1827 2097 2188 2171 palpandum
2240 2098 2620 2172 praebuisset,
2663 2099 2714 2158 si
2746 2111 2816 2155 iio:

568 2184 791 2305 coi-gas,
817 2168 1681 2320 palpffinsttffislilsslissslozmidsiisgeos
1732 2238 1950 2325 Christi
2003 2243 2190 2323 testes
2241 2240 2603 2325 ostendunt3
2624 2239 2777 2325 uicit

568 2315 783 2370 Petrus
810 2329 824 2367 :
852 2313 1032 2379 Hunc,
1061 2309 1288 2368 scilicet
1314 2311 1541 2379 lesum,
1572 2312 1714 2367 Deus
1754 2315 2043 2366 suscitmnt
2076 2313 2242 2367 tertia
2265 2311 2374 2375 die,
2406 2317 2461 2367 et
2504 2310 2659 2368 dedit
2678 2326 2783 2369 eui

568 2384 774 2451 festum
799 2383 921 2452 fieri
945 2396 1057 2437 non
1083 2382 1233 2436 omni
1247 2380 1473 2452 populo,
1497 2380 1596 2436 sed
1619 2380 1845 2437 testibus
1862 2381 2257 2452 praeordinatis
2282 2397 2321 2438 a
2339 2383 2473 2451 Deo,
2505 2383 2683 2450 nobis,
2706 2381 2790 2452 qui

569 2453 890 2509 ducavimus
916 2456 970 2508 et
997 2450 1229 2506 bibimus
1255 2451 1517 2515 camillo,
1544 2453 1839 2532 postquam
1862 2453 2167 2510 resurrexit
2198 2468 2236 2508 a
2279 2454 2515 2509 mortuis
2544 2452 2687 2525 (Act.
2724 2476 2764 2498 w

568 2529 639 2583 40
692 2523 784 2596 41)
813 2542 828 2594 ;
882 2526 943 2581 et
978 2524 1243 2580 loannes
1302 2521 1638 2594 apostolus,
1684 2534 1750 2580 in
1803 2522 2100 2594 principio
2152 2536 2277 2581 suae
2324 2522 2607 2594 Epistolae
2637 2521 2797 2583 dicit:

561 2568 806 2650 vidimus
830 2594 999 2650 oculis
1025 2595 1247 2656 nostris,
1280 2592 1427 2664 quod
1463 2595 1863 2664 pmspeoeimus,
1902 2596 1956 2648 et
1998 2608 2198 2650 manus
2222 2598 2425 2650 nostrae
2464 2618 2504 2641 Η
2535 2621 2542 2632 ι
2571 2619 2585 2636 .
2625 2619 2630 2624 -

563 2666 726 2722 verbo
766 2667 984 2732 vitae...,
1011 2667 1292 2721 testamur.
1323 2666 1454 2744 lflon
1497 2668 1699 2744 potest
1739 2667 1935 2743 autem
1965 2660 2179 2722 efficax
2220 2664 2376 2722 sumi
2408 2665 2799 2723 testimoninm

566 2736 708 2793 tatis
736 2749 843 2806 per
869 2748 941 2792 ea
983 2747 1140 2806 quae,
1169 2744 1295 2792 non
1329 2745 1397 2792 in
1431 2746 1517 2791 rei
1562 2736 1899 2801 existentia,
1940 2732 2048 2791 sed
2099 2734 2298 2794 solum
2349 2734 2414 2792 in
2462 2734 2791 2808 apparentia

564 2811 759 2878 gesta.
790 2804 853 2862 Si
879 2804 1064 2878 igitur
1086 2815 1310 2876 corpus
1333 2800 1554 2862 Christi
1583 2803 1697 2862 fuit
1721 2801 2166 2875 phantasticum
2197 2810 2256 2862 et
2302 2817 2426 2862 non
2452 2819 2597 2864 vere
2638 2828 2667 2856 n
2696 2845 2700 2852 .
2730 2821 2811 2854 ..w-

567 2880 626 2933 et
651 2875 823 2946 hibit,
852 2888 1046 2947 neque
1067 2887 1205 2932 vere
1231 2874 1401 2933 visus
1429 2878 1524 2933 est
1543 2877 1603 2932 et
1625 2872 1903 2945 palpatus
1931 2878 2043 2937 est.
2075 2874 2182 2933 sed
2211 2875 2595 2946 phantastice
2622 2880 2814 2934 tantan

565 2946 804 3004 venitur
828 2958 949 3002 non
980 2957 1117 3003 esse
1159 2943 1444 3002 idoneum
1472 2944 1889 3003 testimonium
1929 2945 2340 3017 apostolorum
2390 2944 2467 3005 de
2516 2947 2771 3012 Christo;
2799 2965 2815 2987 υ·

563 3018 750 3159 {ms
799 3019 880 3071 est
915 3026 1124 3157 egum
1161 3013 1508 3086 praedicatiO,
1564 3016 1754 3072 inanis
1787 3018 1868 3071 est
1907 3018 1960 3070 et
2006 3015 2143 3086 fides
2183 3021 2415 3087 nostra,
2444 3021 2516 3075 ut
2562 3016 2705 3077 dicit
2761 3023 2806 3058 ·2·

749 3125 786 3151 .‚
815 3097 921 3155 xv,
1021 3125 1036 3140 .

635 3154 904 3228 Amplius
949 3160 1171 3225 autem,
1200 3155 1256 3214 si
1287 3154 1555 3214 Christus
1581 3168 1789 3213 verum
1817 3168 2036 3226 corpus
2064 3168 2188 3214 non
2231 3155 2470 3226 hahuit,
2498 3171 2631 3217 non
2670 3168 2783 3216 vere
2811 3175 2830 3214 1.

561 3231 708 3286 tuus
735 3229 846 3284 est.
869 3228 1022 3299 Ergo
1050 3239 1165 3285 nec
1190 3239 1329 3284 vere
1351 3225 1694 3284 resurrexit.
1723 3227 1875 3284 Sunt
1888 3225 2072 3298 igitur
2096 3227 2357 3297 apostoli
2386 3227 2529 3286 falsi
2552 3232 2737 3287 testes
2764 3233 2785 3272 *ἱ
2825 3285 2832 3290 ,

562 3296 953 3370 praedicantes
979 3295 1207 3355 mundo
1237 3296 1435 3368 ipsum
1462 3295 1863 3355 resurrexisse
1886 3314 1902 3365 ;
1933 3295 2093 3354 unde
2113 3297 2441 3367 Apostolus
2467 3298 2615 3358 dicit
2642 3315 2659 3354 ε

563 3373 745 3423 autem
775 3370 827 3424 et
853 3367 994 3436 taisi
1019 3371 1175 3424 testes
1201 3366 1341 3434 Dei3
1371 3369 1631 3438 quoniam
1655 3367 2020 3424 testimonium
2045 3366 2290 3424 diximus
2338 3368 2611 3427 adversus
2632 3371 2815 3427 Dein.-

560 3440 906 3495 suscitaverit
930 3438 1205 3496 Christum
1232 3451 1389 3507 quem
1413 3452 1525 3493 non
1551 3439 1856 3507 suscitavit,
1885 3438 1937 3494 si
1957 3439 2290 3494 mortitium
2316 3443 2641 3509 ream-aunt.
2664 3436 2809 3511 (ΠΜ,

631 3510 919 3571 Praeterea.
956 3506 1188 3566 falsitas
1211 3519 1335 3565 non
1381 3510 1475 3565 est
1500 3506 1720 3566 idonea
1760 3509 1860 3567 via
1894 3505 1971 3566 ad
1996 3507 2327 3577 veritatem,
2352 3509 2692 3569 secundum
2718 3507 2828 3567 illue

559 3578 816 3635 mendace
858 3577 996 3650 quid
1036 3593 1226 3634 verum
1253 3578 1467 3634 dicetur
1484 3579 1517 3632 ?
1542 3577 1757 3649 (Eccli.,
1785 3591 1957 3647 xxnr,
1982 3577 2063 3652 4.)
2091 3577 2397 3639 Adventus
2445 3586 2649 3639 autem
2733 3603 2750 3628 -ι

560 3648 854 3708 mundum
879 3647 956 3707 ad
986 3648 1251 3707 veritatis
1296 3646 1844 3707 manifestationem
1888 3647 2037 3717 fuit;
2067 3646 2210 3706 dicit
2236 3650 2401 3709 enim
2442 3652 2577 3724 ipse
2603 3666 2621 3705 ε
2643 3652 2751 3720 Eae
2775 3648 2811 3701 in

557 3724 724 3776 natus
767 3734 909 3788 sum,
938 3722 992 3775 et
1029 3718 1105 3774 ad
1142 3718 1240 3775 hcc
1282 3720 1409 3774 veni
1449 3720 1514 3773 in
1553 3719 1840 3783 mundum,
1888 3723 1954 3775 ut
1993 3721 2363 3777 testimoniam
2406 3722 2727 3793 perhibeam
2775 3749 2790 3764 «ι

562 3791 802 3860 (Ιοαηηη
820 3801 995 3858 xviii,
1025 3788 1138 3861 37.)
1166 3791 1299 3848 Non
1323 3788 1508 3861 igitur
1532 3788 1595 3847 in
1618 3789 1851 3850 Christo
1879 3789 1991 3848 fuit
2009 3788 2212 3861 aliqua
2232 3790 2487 3851 falsitas.
2514 3791 2747 3850 Fuisset
2771 3815 2828 3852 ›.

561 3859 616 3916 si
643 3874 714 3918 ea
740 3872 874 3933 quae
893 3857 1173 3918 dicuntur
1195 3859 1269 3918 de
1293 3858 1430 3930 ipso
1459 3858 1526 3916 in
1543 3860 1893 3941 apparentia
1907 3861 2138 3918 tantum
2170 3859 2472 3941 fuissent3
2496 3875 2645 3921 nam

561 3930 723 4009 quod
747 3942 867 3989 non
889 3933 983 3988 est
1008 3935 1077 3988 ut
1100 3929 1356 3989 videtur.
1383 3929 1598 3988 Omnia
1615 3930 1798 4004 igitur
1823 3944 1956 4004 quae
1984 3929 2058 3988 de
2086 3928 2321 3990 Christo
2353 3931 2639 3992 dicuntur
2674 3971 2688 3982 -
2712 3953 2731 3979 ·-
2769 3953 2815 3962 =

557 4011 646 4056 rei
671 4000 1047 4058 existentiam
1074 3999 1336 4061 fuerunt.

607 4070 851 4149 ,adana
882 4070 1102 4129 dicitur
1128 4070 1289 4156 quod
1319 4070 1620 4130 'ustificati
1648 4084 1863 4130 sumus
1887 4070 1953 4129 in
1980 4070 2278 4145 sanguine
2305 4071 2529 4131 Christi
2558 4073 2747 4144 (Ro-i..
2764 4064 2813 4144 1113

560 4136 777 4197 dicitur
807 4159 823 4197 :
868 4141 1165 4198 Redemisti
1186 4156 1284 4199 nos
1361 4157 1418 4198 eo
1443 4145 1506 4198 in
1527 4145 1798 4212 sanquine
1823 4146 1937 4199 tuo.
1970 4140 2186 4213 (Apum,
2224 4154 2292 4205 v,
2320 4141 2401 4214 9.)
2428 4143 2488 4202 Si
2516 4144 2703 4217 igitur
2758 4155 2810 4190 τὲ

557 4221 684 4290 non
712 4206 1155 4290 hahuityerum
1184 4211 1545 4285 sanguinem
1572 4225 1768 4285 neque
1807 4225 1945 4270 vere
1971 4223 2081 4284 pro
2128 4210 2311 4271 nobis
2357 4212 2563 4293 ipsum
2608 4212 2760 4280 rudit,
2787 4230 2810 4250 ¹¹

557 4284 896 4407 igituffltgg
897 4280 1229 4408 1:Psitsgiflcati
1258 4295 1452 4357 neque
1479 4296 1619 4342 vere
1643 4282 1934 4354 redempti
1962 4294 2198 4342 sumus.
2227 4281 2319 4341 Ad
2346 4282 2504 4342 nihil
2522 4283 2709 4358 igitur
2743 4295 2798 4326 ¹···
