3076 5025
1144 328 1278 384 Lm.
1319 328 1417 397 111,
1455 327 1608 385 CAP.
1647 327 1753 385 CL.
2535 331 2642 388 469

214 461 341 508 non
369 446 710 505 attribuitur
734 447 1006 520 proximo
1031 446 1299 519 operanti
1328 489 1347 512 ,
1378 447 1482 505 sed
1523 448 1716 518 primo
1744 447 2038 518 moventi;
2086 446 2431 506 attribuitur
2472 451 2634 509 enim

212 520 465 577 victoria
492 518 652 599 duci,
671 519 1035 600 quaejabore
1059 519 1311 576 militum
1343 525 1711 600 perpet-ratur
1738 536 1754 588 ;
1792 531 1916 600 non
1949 531 2093 600 ergo
2137 533 2241 590 per
2288 518 2633 645 huijusmodi

210 590 396 648 verba
422 588 756 647 excluditur
783 589 1031 647 liberum
1075 588 1399 647 voluntatis
1431 589 1762 657 arbitrium,
1792 593 1951 647 sicut
1974 588 2215 662 quidam
2258 602 2357 646 ma
2381 604 2414 646 e
2458 591 2634 648 intel-

213 661 509 728 lexerunt,
559 659 731 731 quasi
784 659 965 718 homo
1008 673 1129 717 non
1173 659 1255 717 sit
1300 659 1581 716 dominus
1629 672 1876 718 suorum
1924 665 2162 718 actuum
2195 660 2543 717 interiorum
2577 667 2637 719 et

214 730 600 798 exteriorum,
627 729 731 787 sed
770 730 1104 787 ostenditur
1133 731 1252 787 Deo
1281 743 1414 788 esse
1441 730 1795 800 subjectum.
1827 732 1895 787 Et
1939 729 2157 787 dicitur
2183 748 2198 786 ε
2234 730 2490 787 Converte
2516 748 2635 797 nos,

212 803 461 864 Domine,
495 801 569 855 ad
595 804 661 862 te,
697 803 749 855 et
779 805 1143 857 convertemur
1170 799 1412 872 (Thr-en„
1442 813 1505 864 v,
1533 801 1657 872 2l);
1689 814 1795 870 per
1822 799 1983 872 quod
2010 804 2168 870 patet
2208 800 2369 871 quod
2396 814 2640 859 conver·

208 872 314 930 'sio
368 876 577 928 nostra
619 870 692 928 ad
740 872 924 929 Deum
969 872 1326 943 praevenitur
1371 870 1596 927 auxilio
1643 872 1744 927 Dei
1785 883 1900 929 nos
1944 871 2365 927 convertentis.
2399 872 2473 927 Le
2520 872 2638 928 itur

213 947 419 999 tamen
447 956 518 998 ex
564 954 819 1011 persona
864 940 967 999 nei
1009 940 1229 1000 dictum
1263 960 1278 997 ε
1327 941 1713 998 convertimini
1759 942 1835 996 ad
1878 956 1983 1010 me,
2024 944 2078 995 et
2116 945 2397 996 convertar
2542 957 2637 998 vos

215 1012 494 1085 (zechen,
522 1025 564 1067 i.
594 1011 682 1082 3);
712 1025 834 1069 non
872 1012 1018 1085 quin
1049 1012 1150 1069 Dei
1183 1012 1448 1082 operatio
1497 1010 1952 1069 conversionem
1997 1014 2264 1068 nostram
2294 1012 2634 1082 praeveniat,

215 1087 286 1139 ut
312 1081 538 1139 dictum
568 1087 678 1149 est,
709 1080 813 1139 sed
837 1083 979 1153 quia
1003 1081 1456 1139 conversionem
1489 1088 1754 1139 nostram
1802 1095 1922 1154 qua
1963 1079 2039 1138 ad
2086 1081 2286 1151 ipsum
2338 1083 2633 1138 converti-

213 1165 352 1210 mur
388 1152 626 1223 adjuvat
651 1151 1106 1224 subsequenter,
1147 1166 1277 1210 eam
1308 1151 1647 1209 roborando
1692 1155 1759 1209 ut
1804 1151 1881 1209 ad
1920 1149 2198 1209 effectum
2241 1151 2546 1221 perveniat
2574 1156 2635 1209 et

215 1221 576 1281 stabiliendo
607 1229 671 1279 ut
697 1221 874 1279 finem
905 1221 1172 1280 debitum
1201 1228 1623 1295 consequatur.

288 1295 398 1349 Per
426 1293 541 1350 hoc
586 1297 783 1349 autem
832 1292 1163 1350 excluditur
1208 1307 1375 1351 error
1422 1293 1904 1365 pelagianorum,
1950 1290 2052 1364 qui
2102 1290 2380 1349 dicebant
2428 1291 2638 1363 hujus-

219 1360 383 1420 modi
411 1362 701 1420 auxilium
738 1369 974 1434 propter
999 1363 1211 1420 merita
1241 1363 1417 1421 nobis
1446 1363 1597 1432 dari,
1628 1368 1686 1420 et
1721 1362 1881 1436 quod
1918 1360 2373 1433 justificationis
2418 1369 2639 1422 nostrae

220 1431 458 1492 initium
487 1447 562 1491 ex
590 1432 769 1492 nobis
794 1433 891 1498 sit,
922 1433 1361 1492 consummatio
1388 1439 1586 1491 autem
1617 1447 1651 1492 a
1679 1432 1821 1492 Deo,
1853 1433 2000 1505 (i·11‚
2033 1447 2091 1505 q.
2122 1444 2284 1502 cxiV,
2315 1437 2423 1490 art.
2449 1432 2563 1505 5.)·

1228 1644 1480 1709 CAPUT
1521 1643 1639 1708 CL.

525 1823 677 1878 QUOD
712 1822 1060 1871 Pmicwii
1083 1822 1373 1870 auximum
1407 1825 1631 1870 GRATiA
1662 1823 2029 1883 nonnum,
2076 1823 2153 1872 m·
2189 1825 2327 1878 QUID

976 1912 1066 1957 81⁰1·
1092 1911 1311 1957 GRATIA
1346 1912 1585 1958 GRATUM
1608 1911 1874 1959 mombis,

288 2064 441 2134 Quia
466 2078 608 2122 vero
630 2065 746 2145 hoc
791 2064 951 2138 quod
995 2064 1168 2124 datur
1209 2064 1389 2122 alicui
1436 2064 1664 2137 absque
1704 2066 1837 2125 suis
1895 2068 2126 2126 meritis
2207 2067 2638 2128 raecedentibus

217 2137 408 2210 gratis
452 2136 508 2192 ei
565 2135 780 2193 dicitur
827 2135 975 2204 dari,
1006 2149 1143 2193 cum
1185 2135 1449 2192 divinum
1491 2135 1778 2194 auxilium
1810 2138 2039 2195 homini
2088 2153 2157 2195 ex
2206 2138 2414 2196 ibituin
2461 2153 2640 2198 omne

226 2206 507 2264 meritum
547 2205 872 2263 humanum
917 2206 1233 2277 praeveniat
1299 2211 1363 2263 ut
1410 2210 1721 2263 ostensum
1767 2213 1879 2276 est,
1926 2210 2314 2282 consequitur
2336 2210 2492 2282 quod
2524 2209 2641 2268 hoc

224 2277 518 2335 auxilium
549 2276 777 2333 bomini
808 2276 994 2349 gratis
1027 2247 1401 2356 impendatur
1440 2281 1497 2331 et
1542 2277 1656 2333 boc
1703 2279 2128 2335 convenienter
2166 2280 2371 2349 gratiae
2420 2293 2637 2338 nomen

217 2347 533 2418 acceperit,
562 2346 717 2404 unde
746 2350 803 2403 et
846 2347 1168 2418 Apostolus
1216 2346 1398 2403 dicit:
1426 2347 1490 2402 Si
1533 2348 1738 2415 qratia,
1780 2348 1904 2417 jam
1929 2364 2038 2404 non
2069 2364 2137 2403 ecc
2177 2351 2424 2418 operibus
2438 2368 2460 2418 ς
2505 2352 2642 2407 alio-

216 2421 382 2489 quin,
407 2420 590 2486 qratia
610 2417 734 2486 jam
765 2432 873 2472 non
897 2421 975 2472 est
1001 2419 1203 2485 qratia.
1239 2414 1434 2487 (Rom.,
1464 2428 1547 2482 x1,
1579 2416 1655 2487 6.)

298 2490 401 2546 Est
441 2494 636 2546 autem
683 2491 741 2545 et
769 2487 888 2545 alia
914 2489 1064 2546 ratio
1094 2492 1333 2558 propter
1355 2500 1534 2558 quam
1566 2486 1908 2558 praedictum
1944 2488 2046 2546 Dei
2102 2488 2387 2546 auxilium
2432 2489 2638 2562 gratiae

217 2572 441 2617 nomen
473 2558 718 2629 accepit.
748 2557 973 2615 Dicitur
1011 2560 1170 2615 enim
1201 2557 1419 2628 aliquis
1444 2557 1621 2613 alicui
1660 2571 1794 2615 esse
1821 2564 2047 2630 gratae,
2074 2561 2215 2631 quia
2244 2566 2335 2616 est
2359 2559 2414 2616 ei
2463 2558 2640 2618 dilec-

217 2637 350 2699 tus;
373 2628 532 2685 unde
560 2634 617 2685 et
646 2629 747 2701 qui
781 2628 854 2685 ab
883 2629 1083 2708 aliquo
1126 2626 1231 2685 dili
1277 2628 1396 2684 itur
1431 2627 1648 2683 dicitur
1684 2629 1934 2699 gratiam
1967 2629 2096 2700 ejus
2125 2629 2360 2686 habere.
2393 2632 2494 2687 Est
2536 2645 2637 2688 au-

216 2706 341 2757 tem
371 2700 442 2757 de
465 2699 693 2757 ratione
722 2697 1058 2756 dilectionis
1083 2703 1150 2756 ut
1177 2698 1234 2755 di
1265 2698 1435 2768 igens
1463 2696 1688 2754 bonum
1724 2699 1866 2755 velit
1901 2699 1957 2758 ei
1981 2713 2158 2771 quem
2189 2699 2383 2771 diligit
2407 2705 2466 2756 et
2502 2713 2639 2770 ope·
2730 2752 2736 2759 .

221 2775 432 2838 retur3
478 2776 537 2826 et
573 2768 815 2841 quidem
850 2771 1007 2827 Deus
1030 2769 1191 2827 bona
1216 2767 1343 2825 vult
1381 2772 1438 2823 et
1466 2772 1745 2838 operatur
1787 2769 1946 2826 circa
1984 2783 2221 2826 omnem
2266 2776 2636 2841 creaturam3

222 2842 424 2913 ipsum
454 2840 611 2896 enim
635 2852 768 2896 esse
790 2846 1073 2897 creaturae
1098 2844 1156 2895 et
1180 2838 1379 2895 omnis
1425 2837 1555 2909 ejus
1596 2838 1878 2908 perfectio
1907 2845 1999 2897 est
2052 2854 2088 2898 a
2133 2842 2254 2897 Deo
2307 2840 2542 2898 volente
2581 2845 2640 2899 et

224 2915 530 2992 operante,
561 2914 832 2980 utsupra
874 2910 935 2981 (l.
962 2924 1006 2978 1,
1038 2924 1089 2967 c.
1118 2913 1189 2966 29
1222 2914 1282 2966 et
1308 2912 1396 2976 30,
1437 2915 1495 2964 et
1532 2909 1573 2964 l.
1604 2922 1670 2976 11,
1718 2923 1769 2966 c.
1819 2909 1906 2981 15)
1959 2915 2270 2968 ostensum
2315 2915 2433 2979 est3
2478 2910 2637 2969 unde

220 2982 479 3039 dicitur:
509 2981 706 3048 Diliqis
729 2982 911 3035 omnia
933 2995 1051 3050 quae
1077 2983 1225 3046 sunt,
1254 2982 1305 3033 et
1329 2979 1471 3033 nihil
1516 2978 1683 3035 odisti
1724 2994 1905 3035 eorum
1947 2996 2069 3051 ‹121ae
2104 2982 2307 3048 fecisti.
2341 2981 2519 3051 (Sap,
2550 2993 2634 3050 xl,

214 3051 337 3123 25.)
368 3050 480 3108 Sed
527 3049 806 3121 specialis
840 3051 992 3108 ratio
1025 3050 1240 3108 divinae
1276 3047 1618 3106 dilectionis
1662 3048 1736 3106 ad
1787 3050 1929 3107 illos
1976 3050 2388 3108 consideratur
2416 3051 2636 3123 quibus

215 3121 510 3181 auxilium
541 3120 761 3192 praebet
787 3120 862 3201 ad
887 3120 1001 3178 boc
1030 3120 1190 3193 quod
1209 3125 1655 3199 consequantur
1672 3120 1902 3181 bonum
1935 3121 2093 3193 quod
2112 3121 2381 3179 ordinem
2410 3126 2636 3179 naturae

219 3204 431 3250 eorum
457 3191 704 3260 excedit,
731 3191 961 3248 scilicet
979 3192 1295 3261 perfectam
1318 3191 1658 3246 fruitionem
1682 3204 1803 3248 non
1834 3191 2090 3264 alicujus
2130 3192 2270 3248 boni
2300 3192 2504 3259 creati,
2527 3191 2634 3249 sed

221 3262 538 3332 suiipsius.
585 3264 707 3318 Hoc
748 3261 931 3334 igitur
969 3261 1255 3318 auxilium
1297 3260 1719 3317 convenienter
1764 3259 1981 3319 dicitur
2021 3262 2233 3333 gratia,
2264 3275 2387 3319 non
2435 3261 2633 3319 solum

218 3331 370 3406 quia
392 3332 575 3404 gratis
605 3331 796 3399 datur,
829 3336 894 3388 ut
930 3336 1240 3389 ostensum
1289 3336 1399 3399 est,
1444 3329 1550 3386 sed
1599 3331 1775 3388 etiam
1820 3331 1963 3404 quia
1997 3331 2113 3389 hoc
2159 3333 2384 3390 auxilio
2428 3333 2631 3402 homo,

217 3402 469 3484 speciali
513 3402 767 3473 quadam
797 3402 1205 3474 praerogativa,
1260 3400 1525 3462 redditur
1569 3403 1690 3459 Deo
1731 3405 1971 3473 gratus3
2014 3401 2174 3459 unde
2212 3408 2271 3459 et
2311 3403 2634 3472 Apostolus

219 3473 370 3531 dicit
400 3490 414 3529 z
444 3473 858 3529 Praedestinavi't
879 3487 976 3528 nos
1010 3475 1071 3527 in
1116 3472 1455 3540 adoptionem
1494 3472 1822 3542 filiorum...‚
1869 3473 2160 3529 secundum
2189 3474 2528 3543 propositum
2551 3488 2641 3529 vo·

218 3547 453 3669 luilztatis
477 3559 607 3669 εαεῑιεξ
637 3545 697 3667 222
719 3544 934 3598 laudem
959 3543 1145 3611 qloriae
1191 3543 1384 3611 qratiae
1427 3557 1559 3605 suae,
1590 3544 1653 3596 in
1694 3558 1807 3613 qua
1852 3544 2185 3613 qratificavit
2209 3558 2316 3601 nos
2350 3546 2412 3598 in
2448 3542 2640 3601 dilecto

216 3616 362 3671 Fiio
388 3629 503 3670 suo,
682 3628 754 3669 es.
806 3627 829 3670 1
881 3618 934 3669 5.

295 3614 555 3755 Oportet(
584 3628 782 3741 {neni
824 3612 980 3741 l'ian)c
1004 3681 1256 3756 gratiam
1297 3681 1524 3762 aliquid
1552 3681 1613 3738 iti
1644 3682 1888 3742 homine
1914 3682 2245 3757 gratificato
2273 3698 2431 3755 esse,
2461 3684 2636 3757 quasi

216 3754 543 3828 quamdam
577 3755 828 3811 formam
855 3758 915 3811 et
940 3753 1364 3825 perfectionem
1396 3754 1610 3824 ipsius.

295 3825 462 3892 Quod
495 3825 653 3881 enim
683 3825 746 3881 in
776 3824 1035 3896 aliquem
1064 3823 1242 3881 finem
1279 3823 1558 3895 dirigitur
1585 3829 1818 3894 oportet
1843 3825 2003 3896 quod
2043 3823 2257 3883 babeat
2285 3824 2637 3883 continuum

219 3896 494 3954 ordinem
546 3897 608 3952 in
649 3894 875 3966 ipsum;
909 3908 1047 3952 nam
1094 3907 1343 3952 movens
1390 3893 1673 3950 continue
1718 3902 1906 3951 mutat
1940 3908 2253 3976 quousque
2283 3893 2500 3952 mobile
2530 3908 2635 3975 per

217 3971 451 4025 motum
499 3964 677 4022 finem
729 3966 1030 4023 sortiatur.
1072 3966 1214 4023 Cum
1260 3964 1443 4035 igitur
1488 3966 1711 4023 auxilio
1760 3964 1972 4023 divinae
2019 3971 2224 4036 gratiae
2271 3964 2452 4021 bomo
2496 3964 2638 4023 diri-

263 4042 398 4095 atur
426 4038 487 4093 in
518 4036 792 4092 ultimum
815 4035 1019 4103 finem,
1046 4042 1112 4094 ut
1139 4041 1450 4093 ostensum
1493 4042 1585 4091 est
1618 4035 1690 4105 (c.
1730 4034 1873 4105 147),
1894 4040 2127 4107 oportet
2153 4034 2312 4106 quod
2356 4035 2641 4094 continue

215 4152 220 4156 -
265 4120 408 4167 omo
437 4107 556 4164 isto
586 4105 809 4163 auxilio
838 4108 1096 4177 potiatur
1123 4119 1436 4178 quousque
1466 4104 1536 4161 ad
1570 4104 1747 4161 finem
1776 4105 2097 4177 perveniat.
2127 4108 2248 4161 Hoc
2289 4110 2484 4163 autem
2516 4119 2639 4164 non

209 4183 406 4245 esset,
439 4177 490 4234 si
523 4176 866 4247 praedictum
914 4176 1198 4235 auxilium
1242 4175 1619 4247 participaret
1650 4177 1828 4234 bomo
1866 4175 2192 4233 secundum
2224 4175 2481 4247 aliquem
2511 4189 2636 4235 mo-

216 4255 352 4308 tum
391 4253 495 4305 aut
540 4246 902 4317 passionem,
931 4253 988 4304 et
1035 4261 1159 4305 non
1209 4247 1538 4304 secundum
1583 4246 1842 4319 aliquam
1881 4246 2132 4304 formam
2190 4253 2527 4303 manentem
2576 4249 2635 4302 et

219 4318 397 4393 quasi
443 4316 849 4390 quiescentem
901 4316 964 4374 in
1013 4317 1176 4389 ipso,
1209 4323 1407 4374 motus
1459 4318 1619 4373 enim
1673 4323 1730 4373 et
1757 4316 1959 4387 passio
2015 4314 2156 4373 talis
2206 4329 2328 4373 non
2386 4321 2543 4373 esset
2571 4315 2635 4368 in

219 4389 469 4448 homine
498 4388 619 4444 nisi
654 4387 891 4459 quando
932 4392 1067 4445 actu
1114 4394 1557 4446 converteretur
1580 4388 1640 4443 in
1671 4386 1870 4454 finem,
1894 4385 2054 4458 quod
2083 4398 2205 4444 non
2256 4387 2534 4444 continue
2560 4381 2633 4439 ab

223 4460 472 4522 homine
510 4459 729 4532 agitur,
763 4463 825 4518 ut
850 4459 1145 4532 praecipue
1187 4463 1347 4530 patet
1373 4458 1436 4515 in
1484 4457 1937 4517 dormientibus,
1966 4459 2068 4517 Est
2113 4470 2256 4530 ergo
2286 4456 2473 4528 gratia
2498 4464 2631 4522 gra·
