3076 5025
1074 381 1207 439 un.
1243 382 1290 450 I,
1332 381 1486 439 CAP.
1524 381 1768 438 xxxvn.
2569 383 2632 438 41

220 503 405 561 tiones
436 501 680 561 diversa
724 502 971 561 nomina
1012 500 1356 559 intellectus
1406 500 1731 570 adinvenit,
1780 514 1913 574 quae
1961 503 2083 559 Deo
2129 500 2418 566 attribuit,
2449 505 2507 560 et
2534 502 2638 571 ita,

218 586 389 646 quum
422 585 550 631 non
582 573 913 632 secundum
945 572 1212 631 eamdem
1238 571 1531 630 rationem
1557 572 1972 641 attribuantur,
1996 577 2234 630 constat
2258 586 2327 630 ea
2359 585 2479 630 non
2506 586 2642 630 esse

218 656 569 726 synonyma,
602 644 878 717 quamvis
907 658 1029 702 rem
1058 643 1309 701 omnino
1353 656 1533 700 unam
1579 642 1940 723 significent.
1969 645 2097 700 Non
2128 641 2287 700 enim
2316 649 2410 700 est
2435 642 2643 700 eadem

218 714 475 772 nominis
505 713 897 795 significatiO,
937 726 1118 787 quum
1168 726 1388 770 nomen
1434 726 1540 784 per
1583 726 1749 784 prius
1792 713 2244 784 conceptionem
2282 712 2642 783 intellectuS,

218 797 378 857 quam
410 798 543 843 rem
575 784 937 845 intellectam
969 782 1287 858 significet.
1325 782 1374 857 (l
1404 786 1582 855 part„
1611 797 1671 855 q.
1700 795 1832 854 xm,
1861 788 1970 842 art.
2000 783 2078 856 4.)
2156 832 2162 837 .

1148 986 1400 1052 CAPUT
1437 986 1707 1051 XXXVI.

420 1148 723 1203 Qun-lm
756 1147 1141 1196 mmmmrus
1175 1148 1399 1195 Nosrzn
1435 1148 1514 1195 ΒΕ
1546 1148 1663 1194 mto
1699 1144 2149 1211 Pnorosmomts
2180 1148 2431 1195 rollum.

281 1290 362 1346 Ex
390 1288 515 1345 hoc
565 1290 746 1345 etiam
792 1284 1044 1344 ulterius
1093 1291 1276 1358 patet,
1325 1286 1486 1359 quod
1536 1285 1876 1343 intellectus
1906 1284 2211 1365 nosterde
2240 1286 2362 1342 Deo
2389 1284 2649 1356 simplici

222 1359 434 1418 nonin
460 1370 688 1415 vanum
730 1357 1186 1415 enunciationes
1233 1357 1449 1415 format
1492 1354 1909 1427 componendo
1935 1361 1994 1413 et
2015 1354 2354 1425 dividendo,
2420 1355 2650 1414 uamvis

225 1431 372 1488 neus
398 1428 658 1497 omnino
685 1427 767 1486 sit
797 1426 1069 1499 simplex.
1105 1428 1387 1496 Quamvis
1415 1439 1672 1499 namque
1700 1426 2036 1484 intellectus
2062 1430 2268 1484 noster
2293 1426 2354 1483 in
2433 1424 2487 1483 ei
2515 1438 2653 1508 cog-

226 1500 513 1558 nitionem
556 1512 665 1569 per
714 1497 981 1556 diversas
1033 1497 1458 1570 conceptiones
1504 1496 1796 1577 deveniat,
1836 1501 1902 1554 ut
1943 1495 2164 1554 dictum
2210 1500 2322 1566 est,
2369 1490 2699 1577 intelligit·

226 1570 429 1629 tamen'
463 1569 526 1627 id
570 1567 734 1641 quod
784 1568 1066 1626 omnibus
1116 1571 1205 1627 eis
1251 1568 1573 1640 respondet
1616 1579 1864 1625 ommno
1907 1580 2093 1624 unum
2141 1580 2297 1625 esse.
2329 1568 2460 1625 Non
2489 1580 2650 1624 emm

228 1640 561 1700 intellectus
611 1638 858 1697 modum
908 1651 1028 1711 quo
1072 1638 1356 1711 intelligit
1403 1638 1584 1697 rebus
1633 1637 1900 1695 attribuit
1943 1637 2285 1706 intellectis,
2332 1637 2488 1695 sicut
2539 1650 2649 1695 nec

230 1711 405 1793 lapidi
448 1708 1039 1777 immaterialitatem,
1073 1709 1344 1782 quamvis
1368 1722 1503 1766 eum
1535 1706 2007 1787 immaterialiter
2050 1712 2395 1780 cognoscat,
2426 1712 2486 1765 et
2509 1707 2649 1766 ideo

236 1795 318 1839 ret
347 1781 634 1839 unitatem
672 1779 953 1860 proponit
996 1792 1102 1850 per
1145 1778 1644 1851 compositionem
1689 1777 1985 1836 verbalem
2014 1791 2147 1850 quae
2184 1782 2277 1835 est
2321 1777 2648 1835 identitatis

240 1854 389 1921 nota,
419 1863 606 1924 quum
630 1849 816 1907 dicit:
850 1851 1007 1908 Deus
1037 1854 1128 1907 est
1153 1850 1371 1920 bonus,
1398 1850 1492 1907 vel
1524 1849 1763 1908 bonitas
1790 1849 1912 1906 :ita
1937 1847 2117 1921 quod,
2144 1847 2196 1905 si
2217 1861 2336 1920 qua
2355 1852 2447 1905 est
2465 1847 2651 1905 diver-

241 1923 374 1981 sitas
403 1922 465 1979 in
495 1920 961 1992 compositione,
995 1919 1069 1977 ad
1095 1920 1457 1978 intellectum
1483 1920 1773 1978 referatur
1797 1937 1813 1987 ;
1838 1918 2038 1976 unitas
2065 1931 2207 1975 vero
2235 1917 2308 1975 ad
2339 1931 2460 1976 rem
2482 1917 2653 1976 intel·

238 1993 460 2051 lectam.
490 1994 563 2049 Et
586 2005 662 2047 ex
693 1991 805 2048 bac
845 1989 1075 2048 ratione
1152 1991 1469 2064 nandoque
1507 1990 1848 2048 intellectus
1894 1993 2099 2046 noster
2138 1987 2650 2046 denuntiationem

231 2062 293 2121 de
317 2065 441 2121 Deo
473 2063 697 2121 format
726 2073 861 2119 cum
890 2061 1092 2133 aliqua
1111 2005 1476 2120 diversitatis
1497 2065 1660 2130 nota,
1685 2059 2168 2139 praepositionem
2192 2057 2645 2140 interponendo.

228 2139 283 2190 ut
308 2146 450 2192 cum
479 2132 742 2191 dicitur:
779 2131 1023 2189 Bonitas
1053 2137 1145 2190 est
1178 2132 1239 2189 in
1268 2134 1389 2191 Deo
1414 2150 1428 2188 ε
1458 2131 1602 2204 quia
1623 2132 1687 2188 in
1715 2131 1831 2188 boc
1859 2128 2208 2201 designatur
2231 2128 2430 2201 aliqua
2460 2128 2650 2185 diver-

225 2205 365 2263 sitas
394 2217 532 2277 quae
561 2201 855 2273 competit
894 2201 1243 2272 intellectui,
1288 2207 1345 2260 et
1400 2202 1601 2275 aliqua
1651 2200 1853 2259 unitas
1890 2212 2071 2276 quam
2122 2203 2354 2277 oportet
2401 2198 2479 2261 ad
2522 2211 2648 2259 rem

226 2275 459 2334 referre.
487 2273 745 2354 (lpart.‚
777 2285 837 2344 q.
863 2284 995 2341 xm,
1025 2277 1133 2330 art.
1175 2272 1284 2345 ¹2.)

1138 2422 1390 2487 CAPUT
1443 2421 1737 2485 XXXVII.

1077 2583 1229 2639 QUOD
1263 2584 1412 2630 DBUS
1448 2583 1556 2630 38⁰1·
1593 2583 1779 2630 Bonus

298 2745 380 2804 Ex
407 2741 782 2815 perfectione
809 2744 1007 2801 autem
1039 2740 1260 2809 divina,
1333 2752 1469 2798 uam
1486 2734 1884 2820 ostendimus,
1900 2737 2139 2798 bonitas
2158 2733 2352 2811 ipsius
2371 2736 2649 2800 concludi

232 2820 446 2887 potest.
491 2814 559 2872 ld
588 2813 751 2870 enim
799 2825 919 2886 quo
966 2823 1275 2883 unumquo
1318 2824 1432 2882 que
1474 2808 1702 2867 bonum
1748 2808 1984 2879 dicitur,
2028 2816 2121 2868 est
2163 2809 2401 2881 propria
2458 2811 2654 2870 virtus

234 2886 384 2966 ejus,
417 2887 569 2942 Nam
598 2883 792 2940 virtus
819 2885 912 2942 est
940 2880 1415 2953 uniuscujusque
1439 2893 1573 2953 quae
1600 2879 1825 2938 bonum
1854 2879 1995 2937 facit
2037 2880 2371 2951 habentem,
2400 2885 2461 2939 et
2496 2894 2650 2954 opus

237 2968 368 3026 ejus
393 2954 629 3012 bonum
659 2951 870 3010 reddit.
897 2952 1096 3011 Virtus
1124 2956 1322 3009 autem
1361 2955 1454 3008 est
1479 2952 1765 3022 perfectio
1785 2950 2074 3022 quaedam.
2106 2953 2267 3009 Tunc
2282 2952 2439 3010 enim
2462 2965 2647 3011 unum

233 3024 546 3097 quodlibet
577 3022 908 3095 perfectum
937 3021 1194 3080 dicimus
1226 3020 1466 3093 quando
1495 3020 1736 3094 attingit
1760 3021 2058 3092 propriam
2087 3021 2382 3092 virtutem,
2407 3027 2472 3081 ut
2489 3027 2659 3095 patet·

231 3096 297 3153 in
316 3095 579 3222 sedptimo
598 3094 819 3163 Physic.
843 3092 1005 3165 (text.
1034 3105 1249 3173 comm.
1271 3091 1379 3164 18).
1403 3094 1481 3148 Ex
1502 3092 1617 3148 boc
1631 3091 1815 3162 igitur
1833 3093 2298 3166 unumquodque
2317 3093 2541 3152 bonnm
2558 3098 2655 3151 est

234 3179 354 3239 quo
416 3164 756 3246 perfectum
785 3168 876 3221 est
908 3181 921 3219 ε
954 3168 1013 3219 et
1038 3162 1178 3220 1nde
1207 3166 1299 3220 est
1326 3160 1486 3234 quod
1514 3162 1862 3236 unumquod
1907 3176 1981 3220 ue
2010 3176 2182 3222 suam
2223 3163 2648 3234 perfectionem

234 3240 480 3309 appetit,
530 3234 690 3292 sicut
734 3233 1040 3316 proprium
1090 3233 1335 3292 bonum.
1385 3233 1707 3291 ostensum
1750 3238 1843 3291 est
1866 3177 1903 3306 ‘I

234 3303 1436 3457 Ἢῗιξξῗεξὲεῑιῗίωὲξιεῑιεῶᾙ.ἓῖἳῑὲῗίρη
1475 3385 1614 3456 esse
1664 3373 1908 3447 aliquod
1949 3374 2206 3456 primum
2253 3387 2500 3456 movens
2538 3374 2651 3455 im-

235 3446 483 3514 moblle,
523 3445 684 3519 quod
734 3446 893 3502 Deus
929 3449 1040 3502 est.
1085 3445 1278 3502 Movet
1318 3448 1518 3501 autem
1561 3448 1721 3502 sicut
1767 3457 2016 3504 movens
2045 3443 2291 3503 ommno
2341 3444 2656 3503 immobile

236 3516 397 3590 quod
424 3522 645 3583 movet,
678 3514 837 3573 sicut
863 3513 1283 3573 desideratum.

299 3589 463 3645 Deus
475 3586 676 3657 igitur,
690 3599 871 3658 quum
893 3585 975 3643 sit
988 3584 1241 3655 primum
1254 3597 1500 3644 movens
1517 3584 1842 3654 immobile,
1854 3590 1947 3645 est
1957 3584 2215 3656 primum
2230 3584 2650 3644 desideratum.

236 3656 623 3717 Desideratur
649 3661 847 3714 autem
877 3655 1190 3726 dupliciter
1216 3654 1467 3728 aliquid,
1496 3660 1600 3713 aut
1668 3655 1769 3712 uia
1794 3661 1886 3713 est
1911 3655 2157 3725 bonum,
2187 3664 2289 3713 aut
2315 3656 2457 3728 quia
2478 3669 2653 3727 appa-

192 3753 195 3756 1
238 3732 328 3786 ret
356 3727 609 3794 bonum,
633 3739 897 3806 quorum·
917 3725 1172 3797 primum
1201 3732 1295 3784 est
1323 3726 1482 3798 quod
1511 3730 1603 3783 est
1626 3670 1875 3785 bonum.
1905 3728 2050 3784 Nam
2100 3741 2133 3783 a
2162 3739 2391 3807 ‚parens
2425 3726 2650 3784 bonum

242 3811 366 3857 non
422 3802 625 3855 movet
666 3811 771 3869 per
811 3809 1098 3867 seipsum,
1151 3796 1258 3854 sed
1295 3795 1643 3877 secundum·
1670 3796 1849 3878 quod·
1876 3796 2052 3855 babet
2096 3809 2133 3853 a
2157 3810 2355 3924 {guam
2388 3797 2649 3868 speciem

241 3869 388 3928 boni
419 3886 436 3925 :
468 3868 692 3927 bonum
717 3881 859 3926 vero
886 3873 1083 3924 movet
1108 3880 1213 3937 per
1237 3867 1528 3940 seipsum.
1551 3869 1814 3926 Primum
1833 3867 2015 3940 igitur
2044 3865 2173 3925 des1
2217 3873 2465 3937 eratum,
2490 3866 2658 3940 quod·

238 3940 397 3998 Deus
430 3943 545 4002 est.
576 3943 669 3997 est
693 3951 829 3995 vere
858 3936 1105 3996 bonum.

243 4078 257 4089 .
304 4010 537 4090 Adhuc,
562 4008 788 4090 bonum
816 4008 1097 4082 estquod
1125 4007 1335 4068 omnia
1361 4012 1666 4092 appetunt,
1694 4012 1763 4067 ut
1778 4006 2162 4079 Philisophus
2182 4007 2402 4080 optime
2427 4007 2651 4068 dictum

237 4080 569 4139 introducit
585 4092 778 4150 primo
804 4080 984 4136 Echio.
1014 4079 1167 4150 (cap.
1181 4079 1486 4207 tfflmma
1500 4086 1698 4138 autem
1714 4082 1997 4150 appetunt
2014 4091 2147 4137 esse
2166 4085 2301 4137 actu
2321 4079 2651 4154 secundum

182 4169 189 4178 ·
239 4161 418 4209 suum
448 4149 718 4219 modum,
748 4148 906 4222 quod
933 4155 1188 4230 patetex
1300 4164 1332 4208 c
1350 4150 1511 4222 quod
1536 4148 2002 4230 unumquodque
2020 4149 2349 4207 secundum
2377 4155 2651 4209 naturam

240 4233 413 4279 suam
440 4223 738 4292 repugnat
758 4224 1146 4291 corruptioni.
1179 4221 1322 4279 Esse
1347 4220 1528 4292 igitur
1560 4225 1715 4289 actu,
1764 4219 1907 4277 boni
1954 4219 2245 4278 rationem
2292 4221 2603 4279 coustituit
2632 4237 2650 4277 z

240 4291 399 4349 unde
426 4296 487 4349 et
510 4304 617 4361 per
643 4289 1035 4361 privationem
1063 4295 1253 4360 actus,
1283 4303 1319 4348 a
1344 4289 1609 4360 potentia
1633 4289 2021 4362 consequitur
2058 4291 2302 4360 malum,
2395 4290 2513 4348 uod
2559 4293 2653 4347 est

238 4358 383 4419 boni
415 4360 782 4432 oppositum,
812 4365 878 4418 ut
905 4373 1010 4432 per
1038 4359 1466 4442 Philosopbum
1492 4364 1654 4432 patet
1672 4361 1734 4417 in
1754 4372 1916 4418 nono
1933 4362 2166 4433 Metapa.
2192 4305 2476 4434 (σαμὲὶ).
2495 4362 2651 4417 Deus

240 4436 441 4559 auttem
467 4435 566 4488 est
593 4443 701 4562 οὓς
730 4434 868 4490 actu
893 4441 1018 4491 non
1046 4428 1414 4504 inpotentia,
1444 4435 1511 4490 ut
1535 4443 1720 4504 supra
1750 4435 2060 4492 ostensum
2088 4436 2180 4491 est
2213 4430 2367 4505 (cap.
2412 4428 2521 4500 ¹8).
2554 4427 2656 4483 Est

1906 3247 2033 3305 cap.
2073 3233 2168 3306 27)
2217 3238 2415 3292 autem
2462 3236 2650 3292 Deum
