3076 5025
515 273 625 328 410
1387 264 1520 318 Llss.
1562 262 1659 323 111,
1699 261 1852 316 GAP.
1893 260 2079 315 cvm.

521 389 873 464 hujusmodi
921 384 1275 448 substantiae
1325 398 1392 443 se
1435 388 1617 442 aratae
1661 382 1885 441 hahent
1906 387 2129 440 rectam
2159 379 2474 438 scientiam
2506 379 2572 438 in
2593 378 2961 450 universali,

522 462 608 521 im
653 460 919 588 οεείὒίΙεέ
932 464 1026 585 etst
1049 456 1214 531 quod
1239 469 1346 529 per
1416 455 1676 513 erectum
1711 453 2079 527 cognitionis
2107 451 2171 510 in
2203 450 2546 523 particulari
2573 449 2871 509 voluntas
2900 451 2961 508 in

523 545 869 674 mAmplius,
901 598 1071 657 nulla
1113 597 1304 656 virtus
1333 595 1749 669 cognoscitiva
1793 592 1954 652 circa
1979 591 2610 674 proprium-objectum
2638 590 2963 673 decipitur,

521 673 629 731 sed
658 673 856 731 solum
906 670 1066 728 circa
1111 672 1457 726 extraneum
1490 684 1505 735 ;
1535 666 1707 725 visus
1752 663 1912 721 enim
1941 676 2065 722 non
2112 663 2403 735 decipitur
2430 676 2494 720 in
2528 661 2769 743 judicio
2799 662 2963 744 colo-

519 756 654 801 rum
682 760 696 774 ·
730 741 838 799 sed
867 740 1007 798 dum
1056 739 1240 797 homo
1280 751 1387 809 per
1411 737 1610 795 visum
1651 734 1883 809 ,iudicat
1909 734 1982 792 de
2030 747 2264 806 sapore,
2294 732 2387 791 vel
2415 733 2490 791 de
2519 746 2729 804 specie
2757 746 2871 800 rei,
2902 746 2965 790 in

522 814 639 872 hoc
667 786 936 883 deceptio
987 809 1223 867 accidit.
1255 808 1567 879 Proprium
1597 812 1795 866 autem
1825 804 2126 887 objectum
2150 804 2490 862 intellectus
2528 808 2624 861 est
2653 802 2965 884 quidditas

518 883 631 942 rei.
662 884 731 940 In
749 880 1095 962 cognitione
1125 880 1310 952 igitur
1335 878 1677 936 intellectus
1705 878 1975 958 deceptio
2004 875 2273 956 accidere
2303 878 2669 1001 nonpotest,
2696 887 2752 932 si
2780 887 2965 954 puras

518 966 721 1012 rerum
750 951 1114 1025 quidditates
1161 948 1598 1021 appredendat3
1629 948 1736 1007 sed
1766 960 1964 1005 omnis
2002 946 2272 1018 deceptio
2310 945 2455 1026 intel
2485 950 2657 1003 ectus
2688 944 2963 1026 accidere

521 1022 759 1080 videtur
786 1037 859 1080 ex
883 1022 998 1079 hoc
1026 1020 1186 1094 quod
1234 1019 1638 1092 apprehendat
1677 1019 1903 1077 formas
1930 1031 2129 1075 rerum
2170 1021 2493 1087 permixtas
2520 1016 2962 1096 phantasmati·

518 1091 660 1162 huS,
690 1093 848 1151 utin
880 1090 1057 1150 nobis
1086 1090 1322 1148 accidit.
1351 1090 1509 1149 Talis
1548 1094 1746 1148 autem
1776 1088 1993 1169 modus
2022 1086 2426 1169 cognoscendi
2456 1098 2582 1145 non
2612 1090 2804 1143 estin
2832 1084 2963 1143 sub-

522 1163 767 1223 stantiis
816 1161 1320 1220 intellectualibus
1350 1160 1586 1231 corpori
1632 1173 1758 1219 non
1799 1163 2008 1227 unitis,
2038 1171 2183 1230 quia
2244 1157 2623 1215 hantasmata
2652 1169 2787 1214 non
2826 1169 2961 1236 pos-

522 1239 668 1293 sunt
695 1247 829 1291 esse
877 1233 1104 1304 absque
1150 1244 1420 1303 corpore.
1453 1234 1581 1289 Non
1607 1237 1700 1289 est
1745 1229 1930 1302 igitur
1972 1228 2204 1301 possibi
2232 1242 2264 1286 e
2313 1227 2475 1300 quod
2503 1227 2568 1285 in
2595 1226 2960 1307 substantiis

523 1317 590 1363 se
633 1303 816 1362 aratis
842 1302 1073 1361 accidat
1114 1316 1280 1360 error
1308 1301 1371 1359 in
1421 1301 1768 1383 cognitione
1801 1317 1816 1356 ε
1849 1312 1994 1380 ergo
2025 1313 2217 1380 neque
2265 1304 2574 1371 peccatum
2601 1296 2957 1380 voluntatis.

621 1379 744 1439 tem,
773 1375 836 1431 in
867 1372 1045 1432 nobis
1075 1371 1307 1430 salsitas
1336 1371 1554 1430 accidit
1578 1386 1652 1430 ex
1693 1375 2038 1442 operatione
2076 1369 2415 1427 intellectus
2442 1372 2876 1439 componentis
2906 1372 2962 1426 et

521 1444 845 1503 dividentis
869 1487 885 1514 ,
935 1458 1010 1501 ex
1062 1443 1177 1500 hoc
1230 1442 1391 1515 quod
1450 1455 1572 1501 non
1634 1440 1909 1500 absolute
1959 1439 2046 1498 rei
2092 1438 2483 1521 quidditatem
2538 1438 2958 1520 apprehendit,

521 1515 633 1575 sed
660 1514 748 1573 rei
791 1514 1179 1586 apprehensa}
1226 1512 1453 1586 aliquid
1501 1512 1827 1585 componit.
1858 1513 1926 1568 In
1973 1524 2010 1569 o
2053 1516 2318 1570 eratione
2359 1515 2557 1567 autem
2586 1508 2958 1590 intellectus,

520 1583 1073 1728 gssssdtpffirgitfldti
1130 1582 1420 1712 {ideliffi
1447 1580 2218 1726 332333122032‘31311222223}
2243 1580 2363 1724 tii}
2371 1595 2493 1710 illi
2501 1579 2961 1723 33333551’1333

520 1725 866 1784 intellectus
895 1723 1314 1796 componentis
1342 1730 1401 1782 et
1424 1723 1765 1782 dividentis.
1795 1722 1965 1792 Quod
2028 1721 2225 1780 uidem
2255 1721 2550 1794 contingit
2577 1721 2643 1778 in
2664 1725 2959 1794 quantum

520 1796 866 1855 intellectus
895 1801 1121 1865 noster,
1154 1807 1277 1851 non
1316 1795 1515 1853 statim
1572 1795 1678 1852 sed
1703 1807 1841 1852 cum
1871 1805 1993 1865 quo
2035 1807 2131 1850 am
2161 1790 2610 1851 informationis
2638 1791 2865 1849 ordine
2890 1789 2960 1850 ad

520 1865 1004 1938 cognoscendam
1065 1864 1452 1946 quidditatem
1487 1838 1745 1946 alicujus
1795 1863 1879 1921 rei
1928 1864 2252 1944 pertingi-u
2283 1863 2441 1944 sicut
2491 1875 2636 1943 cuni
2696 1861 2960 1933 primum

521 1935 1029 2008 apprehendimus
1065 1934 1310 2005 animal,
1350 1940 1427 2003 et,
1451 1935 1785 1992 dividentes
1833 1948 1940 2005 per
1987 1939 2295 2005 oppositas
2341 1932 2745 2013 differentias,
2776 1932 2963 1992 altera

522 2006 755 2075 relicta,
782 2020 962 2064 unam
994 2005 1198 2077 generi
1228 2005 1609 2077 apponimuS‚
1641 2017 1957 2077 quousque
1989 2004 2409 2075 perveniamus
2436 2003 2512 2061 ad
2539 2000 2962 2084 definitionem

521 2076 746 2149 speciei
778 2076 888 2133 :in
916 2088 1036 2150 quo
1090 2075 1331 2148 quidem
1372 2089 1661 2147 processu
1702 2079 1901 2147 potest
1947 2074 2181 2134 salsitas
2210 2074 2501 2144 accidere,
2532 2074 2586 2131 si
2625 2073 2962 2146 accipiatur

519 2153 589 2206 ut
616 2144 954 2205 differentia
981 2146 1243 2218 generis,
1271 2146 1432 2219 quod
1456 2159 1580 2203 non
1608 2150 1701 2204 est
1740 2144 1981 2218 generis
2008 2143 2363 2203 differentia.
2395 2145 2493 2202 Sic
2519 2149 2725 2202 autem
2752 2158 2961 2216 proce·

520 2216 662 2277 dere
691 2217 766 2275 ad
812 2216 1301 2290 cognoscendum
1329 2216 1402 2275 de
1450 2217 1653 2289 aliquo
1706 2215 1848 2289 quid
1888 2220 2001 2284 est,
2030 2221 2124 2274 est
2168 2215 2507 2274 intellectus
2534 2214 2963 2274 ratiocinando

521 2287 918 2347 discurrentis
949 2287 1021 2344 de
1051 2300 1173 2346 uno
1203 2286 1278 2345 ad
1303 2286 1464 2346 aliud
1496 2305 1510 2343 :
1543 2285 1704 2360 quod
1739 2300 1862 2344 non
1890 2284 2175 2358 competit
2201 2284 2558 2345 substantiis
2587 2285 2965 2344 intellectua-

518 2358 684 2417 libus
731 2357 1043 2429 separatis,
1075 2361 1143 2414 ut
1198 2370 1383 2429 supra
1437 2357 1563 2430 (lib.
1592 2371 1661 2428 11,
1689 2371 1819 2439 cap.
1853 2355 1974 2437 101)
2031 2362 2345 2415 ostensum
2391 2361 2501 2415 est.
2536 2358 2670 2414 Non
2724 2356 2964 2414 videtui·

518 2427 1930 2558 {538123331‘1-tritta}ttititfsstffifftlttffi
1948 2425 2802 2570 ¹5¹.33;tt{t⁰atilt¹t¹ttttt
2822 2426 2961 2485 ⁸⁰¹²·

592 2572 880 2639 Praeterea,
907 2584 1043 2627 cum
1071 2569 1300 2628 nullius
1327 2570 1414 2628 rei
1443 2570 1741 2642 appetitus
1768 2568 1972 2627 tendat
2000 2568 2117 2627 nisi
2152 2569 2215 2626 in
2235 2568 2541 2642 proprium
2567 2567 2832 2638 honum,
2862 2568 2965 2627 im·

517 2640 814 2713 possibile
860 2640 1094 2699 videtur
1122 2639 1182 2697 id
1211 2640 1385 2714 cujus
1414 2647 1509 2699 est
1553 2640 1938 2722 singulariter
1964 2652 2151 2697 unum
2183 2640 2383 2697 solum
2416 2639 2667 2707 bonum,
2699 2638 2871 2711 quod
2901 2640 2963 2697 in

521 2711 789 2783 appetitu
819 2716 1013 2780 erret;
1047 2714 1103 2768 et
1131 2717 1372 2783 propter
1402 2712 1536 2781 hoc,
1561 2717 1674 2769 etsi
1697 2716 2005 2783 peccatum
2036 2709 2265 2769 accidat
2293 2711 2357 2767 in
2377 2708 2557 2768 rebus
2578 2709 2961 2768 naturalibus

516 2785 764 2853 propter
792 2780 1088 2838 defectum
1117 2782 1563 2854 contingentem
1596 2782 1661 2839 in
1689 2781 2039 2839 executione
2061 2794 2095 2837 a
2136 2781 2380 2852 petitus,
2405 2793 2715 2852 nunquam
2754 2794 2962 2852 pecca-

518 2856 650 2909 tum
679 2850 896 2909 accidit
921 2851 986 2908 in
1022 2852 1284 2923 appetitu
1315 2852 1571 2910 naturali
1600 2869 1616 2908 ε
1650 2865 1886 2924 semper
1915 2851 2075 2909 enim
2129 2851 2259 2923 apis
2285 2850 2477 2908 tendit
2502 2850 2820 2920 deorsum,
2840 2851 2961 2910 sive

519 2921 846 3003 perveniat,
878 2921 1004 3003 sive
1035 2921 1412 2994 impediatur.
1435 2925 1501 2979 ln
1521 2921 1701 2980 nohis
1715 2927 1926 3004 ‚autem
1947 2926 2257 3003 peccatum
2283 2921 2500 2979 accidit
2514 2920 2577 2978 in
2594 2922 2958 3003 appetendo.

519 3006 684 3064 quia,
715 3005 851 3050 cum
882 2997 961 3050 sit
983 2997 1198 3051 natura
1226 2998 1435 3051 nostra
1459 2998 1895 3064 compositassx
1923 2992 2222 3063 spirituali
2282 2997 2339 3049 et
2367 2992 2690 3063 corporali,
2720 3000 2958 3050 suntin

518 3061 700 3120 nobis
728 3062 901 3134 plura
927 3061 1106 3121 bona.
1133 3061 1307 3122 Aliud
1337 3063 1497 3121 enim
1527 3070 1621 3122 est
1645 3062 1870 3121 bonum
1902 3066 2174 3121 nostrum
2200 3062 2532 3121 secundum
2557 3061 2957 3132 intellectum,

523 3136 585 3190 et
606 3130 772 3190 aliud
820 3133 1150 3191 secundum
1196 3147 1467 3203 sensum,
1494 3134 1588 3192 vel
1615 3133 1792 3191 etiam
1824 3132 2154 3191 secundum
2204 3146 2445 3206 corpus.
2477 3134 2702 3190 Horum
2757 3139 2958 3193 autem

518 3202 894 3261 diversorum
920 3218 1052 3275 quae
1083 3209 1225 3261 sunt
1252 3203 1518 3262 hominis
1568 3203 1728 3262 bona
1756 3204 1904 3261 ordo
1932 3203 2173 3278 quidam
2204 3209 2316 3272 est,
2349 3202 2685 3261 secundum
2712 3202 2959 3276 quodid

517 3273 680 3346 quod
710 3278 803 3332 est
824 3273 1027 3333 minus
1058 3273 1384 3356 principale
1443 3274 1518 3332 ad
1559 3274 1951 3347 principalius
1995 3273 2370 3333 referendum
2398 3277 2530 3332 est:
2557 3273 2721 3332 unde
2745 3287 2959 3346 pecca·

517 3349 647 3401 tum
678 3343 1004 3402 voluntatis
1034 3343 1095 3400 in
1126 3343 1302 3403 nohis
1333 3344 1569 3413 accidit,
1595 3358 1728 3402 cum
1760 3344 1867 3402 tali
1917 3343 2127 3402 ordine
2177 3357 2300 3402 non
2329 3348 2564 3402 servato
2613 3346 2955 3416 appetimus

517 3413 584 3472 id
626 3413 787 3486 quod
833 3419 926 3473 est
974 3413 1151 3472 nobis
1187 3414 1416 3473 bonum
1461 3415 1794 3474 secundum
1883 3414 2006 3483 uid,
2033 3419 2243 3473 contra
2283 3413 2345 3472 id
2390 3414 2552 3488 quod
2588 3422 2684 3472 est
2726 3414 2957 3475 bonum

518 3483 893 3556 simpliciter.
921 3485 1079 3542 Talis
1117 3491 1316 3544 autem
1364 3485 1723 3567 compositio
1765 3489 1821 3543 et
1901 3485 2175 3545 iversitas
2219 3485 2516 3544 bonorum
2583 3498 2713 3543 non
2758 3492 2860 3545 est
2898 3486 2959 3543 in

519 3553 879 3613 substantiis
947 3555 1282 3626 separatis;
1349 3556 1623 3629 quinimo
1671 3568 1849 3613 omne
1940 3568 2147 3615 eorum
2188 3555 2416 3615 honum
2471 3560 2565 3613 est
2616 3556 2957 3615 secundum

516 3623 911 3753 irztelfficttum.
936 3626 1068 3683 Non
1096 3629 1189 3684 est
1215 3625 1403 3699 igitur
1420 3626 1486 3684 in
1515 3626 1606 3684 eis
1634 3626 1926 3697 possibile
1956 3626 2119 3700 quod
2147 3625 2229 3686 sit
2252 3629 2564 3698 peccatum
2600 3624 2957 3696 voluntatis

588 3766 810 3830 Adhuc,
844 3765 910 3822 in
940 3765 1121 3825 nobis
1166 3770 1475 3837 peccatum
1522 3766 1852 3825 voluntatis
1897 3766 2116 3825 accidit
2159 3781 2237 3826 ex
2279 3779 2352 3825 su
2396 3765 2850 3827 erahundantia
2872 3766 2959 3825 vel

518 3848 595 3894 ex
620 3834 877 3918 defectu,
903 3835 968 3895 in
998 3849 1252 3909 quorum
1279 3835 1484 3918 medio
1509 3837 1701 3895 virtus
1729 3837 2029 3895 consistit.
2062 3836 2228 3896 Unde
2254 3836 2319 3895 in
2399 3837 2547 3896 isin
2616 3837 2813 3918 uibus
2843 3850 2963 3897 non

514 3910 612 3964 est
656 3920 925 3978 accipere
980 3906 1587 3978 superabundantiam
1636 3913 1696 3965 et
1736 3907 2055 3977 derectum,
2083 3907 2192 3970 sed
2238 3907 2436 3967 solum
2484 3920 2580 3965 me
2625 3921 2794 3977 ium,
2840 3921 2961 3967 non

515 3977 813 4059 contingit
842 3976 1206 4059 voluntatem
1255 3991 1536 4059 peccare3
1570 3978 1776 4036 nullus
1840 3978 1999 4036 enim
2027 3992 2272 4051 peccare
2297 3982 2496 4051 potest
2517 3978 2581 4035 in
2616 3978 2962 4051 appetendo

508 4052 831 4126 ¹lustitiam,
861 4061 1000 4105 nam
1064 4061 1197 4120 ipsa
1248 4054 1486 4119 Justltla
1536 4048 1802 4107 medium
1847 4048 2146 4122 quoddam
2204 4053 2315 4107 est.
2344 4048 2711 4108 Substantiae
2756 4056 2965 4109 autem

515 4117 954 4176 intellectuales
1001 4123 1289 4189 separatae
1336 4131 1457 4176 non
1503 4124 1763 4190 possunt
1814 4124 2089 4190 appetere
2133 4118 2253 4177 nisi
2294 4118 2455 4177 hona
2495 4118 2963 4179 intellectualia.

516 4185 858 4245 Ridiculum
887 4188 1048 4245 enim
1079 4193 1171 4246 est
1195 4188 1413 4258 dicere,
1444 4190 1603 4261 quod
1632 4189 1793 4247 bona
1818 4189 2155 4261 corporalia
2177 4195 2459 4261 appetant
2479 4189 2582 4263 qui
2614 4191 2965 4250 secundum

516 4268 687 4313 suam
734 4263 1009 4317 naturam
1036 4258 1374 4341 incorporei
1415 4265 1578 4329 sunt,
1609 4264 1714 4318 aut
1738 4259 1901 4317 bona
1925 4260 2260 4329 sensibilia,
2290 4260 2511 4334 quibus
2539 4272 2666 4318 non
2692 4266 2795 4319 est
2822 4274 2964 4321 seu·

515 4338 645 4382 sus,
675 4329 745 4384 In
770 4327 949 4386 honis
978 4334 1176 4387 autem
1204 4329 1712 4388 intellectualibus
1740 4342 1865 4387 non
1893 4336 1987 4388 est
2011 4330 2281 4401 accipere
2309 4329 2960 4402 superabundantiam.

512 4406 654 4453 nam
683 4397 1015 4457 secundum
1044 4413 1110 4458 se
1139 4400 1340 4458 media
1365 4405 1507 4459 sunt
1533 4398 2096 4473 superabundantiae
2123 4405 2184 4461 et
2226 4400 2520 4473 defectus,
2549 4401 2721 4462 sicut
2742 4414 2961 4463 verum
