3076 5025
413 305 484 362 26
1334 296 1469 354 ΗΒ.
1510 296 1557 364 1,
1600 294 1753 352 cAt‘.
1792 292 1921 350 XXI.

417 424 835 504 conspiciuntur
857 421 1074 493 (Rom.,
1102 432 1148 491 1,
1173 419 1288 494 20).
1319 421 1465 489 Quae
1491 418 1652 476 enim
1673 429 1797 475 non
1823 416 1979 486 visu,
2001 415 2108 474 sed
2130 413 2435 473 intellectu
2455 413 2846 487 conspiciun-

417 498 1327 621 tusserngglcpggetgigudletstruitur
1354 574 1521 618 error
1551 558 1878 640 primorum
1905 556 2404 640 philosophorum
2454 555 2860 645 naturalium&

415 634 519 708 qui
550 647 669 691 non
696 634 999 705 ponebant
1026 632 1146 689 nisi
1174 645 1390 689 causas
1434 631 1793 695 materialeS,
1816 635 1884 709 ut
1931 642 2155 701 ignem,
2178 628 2269 708 vel
2323 639 2562 698 aquam,
2590 626 2686 683 vel
2735 625 2854 701 aliq

416 704 560 777 quid
579 703 956 776 hujusmodi;
981 709 1041 760 et
1062 702 1153 761 sic
1172 702 1364 773 prima
1382 715 1580 759 rerum
1649 701 1900 770 rincipia
1927 712 2181 769 corpora
2209 696 2504 765 dicebant,
2537 702 2599 754 et
2626 696 2854 759 eaden·

415 775 710 833 vocabant
727 775 895 831 deos.
919 776 1076 830 lnter
1102 786 1255 845 quos
1280 773 1458 829 etiam
1488 772 1589 843 qui
1635 785 1730 828 am
1757 771 2000 827 fuerunt
2021 775 2312 840 ponentes
2338 780 2558 824 causas
2587 780 2841 825 moven-

415 850 531 911 tes,
560 845 882 902 amicitiam
912 850 970 901 et
992 843 1185 911 litem;
1208 843 1308 924 qui
1341 843 1515 899 etiam
1541 847 1778 912 propter
1806 841 2119 910 praedictas
2141 838 2405 896 rationes
2435 836 2848 919 confutantur.

415 918 588 983 Nam,
610 929 794 987 quum
837 915 913 971 lis
959 918 1019 972 et
1069 914 1332 971 amicitia
1361 914 1483 970 sint
1538 914 1601 968 in
1633 910 2006 982 corporibus,
2039 909 2530 989 secundum-eos,
2563 914 2843 979 sequitur

458 986 611 1043 rima
638 984 932 1056 principia
979 984 1277 1041 moventia
1331 997 1467 1041 esse
1498 984 1744 1040 virtutes
1775 982 1836 1038 in
1864 992 2134 1052 corpore.
2169 979 2285 1050 ipsi
2319 985 2496 1036 etiam
2538 979 2849 1049 ponebant

415 999 602 1112 Betim
628 1068 764 1114 esse
785 1055 1183 1126 compositum
1212 1069 1285 1111 ex
1346 1060 1561 1112 uatuor
1579 1051 1893 1110 elementis
1923 1058 1981 1108 et
2023 1050 2318 1117 amicitia3
2352 1063 2454 1120 per
2484 1049 2642 1130 quod
2676 1048 2853 1106 datur

415 1126 693 1197 intelligi,
725 1126 885 1198 quod
940 1131 1271 1196 posuerunt
1353 1138 1488 1182 eum
1519 1136 1653 1181 esse
1701 1135 1917 1193 corpus
1944 1122 2226 1202 coeleste„
2251 1123 2411 1177 Inter
2439 1126 2725 1191 antiquos
2745 1134 2850 1176 au·

416 1200 559 1265 tem,
586 1197 758 1252 solus
779 1201 1162 1266 Anaxagoras
1190 1195 1265 1252 ad
1291 1195 1598 1253 veritatem
1626 1193 1900 1261 accessit,
1933 1204 2164 1263 ponens
2211 1191 2576 1270 intellectum
2611 1202 2852 1247 moven-

416 1270 536 1324 tem
577 1266 780 1322 omnia
808 1270 1168 1336 separatum.
1202 1268 1322 1323 Hac
1364 1266 1542 1322 etiam
1577 1265 1819 1321 veritate
1867 1263 2306 1334 redarguuntur
2333 1262 2593 1318 Gentiles
2622 1272 2851 1332 ponen-

415 1340 511 1394 tes
531 1336 665 1406 ipsa
685 1336 981 1393 elementa
1007 1336 1216 1394 mundi
1250 1341 1310 1393 et
1332 1337 1581 1394 virtutes
1610 1336 1674 1391 iu
1703 1335 1793 1391 eis
1820 1335 2146 1391 existentes
2168 1332 2318 1389 deos
2348 1345 2504 1399 esse,
2536 1336 2603 1388 ut
2631 1332 2848 1411 solem,

416 1403 644 1467 lunam,
681 1411 921 1474 terram,
953 1419 1169 1477 aquam
1213 1411 1269 1462 et
1309 1405 1677 1476 hujusmodi,
1710 1402 2414 1484 occasionemhabentes
2444 1416 2516 1458 ex
2585 1402 2852 1481 raedictis

415 1475 917 1547 philosophorum
974 1476 1297 1533 erroribus.
1328 1477 1634 1533 Praedictis
1681 1476 1860 1533 etiam
1891 1474 2226 1531 rationibus
2276 1472 2572 1530 excludun
2606 1487 2676 1529 ur
2703 1471 2854 1529 deli·

414 1551 688 1603 ramenta
709 1546 1049 1603 Judaeorum
1089 1545 1476 1616 simplicium,
1515 1546 1883 1613 Tertulliani,
1913 1544 2335 1612 vadianorum,
2364 1544 2489 1601 sive
2512 1544 2850 1613 Anthropo-

418 1616 855 1686 morphitarum
898 1616 1332 1684 haereticorum,
1365 1617 1468 1688 qui
1521 1620 1707 1673 Deum
1755 1614 2168 1685 corporalibus
2226 1614 2607 1671 lineamentis
2635 1612 2857 1685 figura-

416 1683 559 1743 bant
584 1703 599 1753 ;
625 1698 857 1743 necnon
886 1692 943 1741 et
966 1687 1449 1756 Manicbaeorum,
1477 1688 1576 1758 qui
1597 1686 1914 1758 quamdam
1933 1684 2228 1742 infinitam
2251 1685 2404 1742 lucis
2426 1684 2859 1753 substantiam,

420 1767 527 1827 per
556 1754 854 1813 infinitum
886 1757 1147 1826 spatium
1174 1757 1515 1825 distentam,
1551 1759 1735 1814 Deum
1786 1754 2226 1813 existimabant.
2267 1755 2533 1823 Quorum
2577 1754 2853 1812 omnium

423 1838 693 1882 errorum
724 1827 837 1883 fuit
863 1827 1126 1894 occasio,
1158 1827 1339 1899 quod,
1369 1828 1442 1884 de
1479 1827 1702 1885 divinis
1729 1827 2087 1907 cogitantes,
2121 1825 2195 1883 ad
2225 1825 2722 1896 imaginationem
2751 1824 2851 1883 de·

422 1893 772 1965 ducebatur,
804 1910 910 1966 per
937 1911 1114 1969 quain
1143 1910 1267 1954 non
1299 1903 1496 1968 potest
1523 1899 1716 1969 accipi
1758 1897 1875 1956 nisi
1907 1896 2180 1967 corporis
2211 1896 2565 1954 similitudo.
2594 1898 2665 1953 Et
2712 1895 2852 1954 ideo

421 1977 556 2027 eam
574 1966 643 2026 in
670 1965 1047 2042 incorporeis
1068 1967 1433 2028 meditandis
1462 1967 1878 2042 derelinquere
1905 1970 2161 2039 oportet.
2181 1966 2226 2039 (1
2253 1974 2429 2042 part„
2459 1986 2519 2044 q.
2549 1969 2664 2045 111.)

1412 2185 1670 2252 CAPUT
1694 2183 1855 2251 XXI.

1164 2365 1319 2419 QUOD
1350 2364 1501 2414 DEUS
1525 2365 1636 2412 1³:5¹1·
1657 2366 1774 2413 ΒΗΑ
1804 2361 2109 2415 ΕΒΒΕΝἩΑ.

419 2531 575 2657 ta131
600 2529 932 2601 praemissis
958 2535 1158 2589 autem
1177 2529 1386 2589 baberi
1407 2535 1625 2602 potest,
1649 2529 1811 2602 quod
1839 2532 2000 2588 Deus
2026 2533 2122 2587 est
2157 2541 2276 2588 sua
2292 2528 2582 2600 essentia,
2607 2530 2850 2604 quiddi·

482 2613 540 2669 s,
568 2614 673 2658 seu
702 2607 935 2658 natura.
1660 2650 1666 2657 .

494 2674 556 2727 ln
618 2672 781 2727 omni
812 2671 972 2728 enim
1002 2684 1097 2733 eo,
1122 2670 1283 2743 quod
1323 2684 1449 2729 non
1494 2675 1589 2728 est
1639 2683 1754 2728 sua
1803 2669 2071 2728 essentia
2095 2669 2225 2728 sive
2269 2670 2593 2743 quidditas,
2615 2678 2851 2743 oportet

420 2739 681 2812 aliquam
709 2755 846 2799 esse
877 2742 1609 2812 compositionem.Quum
1639 2742 1800 2798 enim
1829 2741 1893 2797 in
1929 2753 2290 2814 unoquoque
2307 2740 2387 2800 sit
2411 2756 2523 2799 sua
2555 2742 2844 2812 essentia,

419 2810 472 2869 si
504 2811 655 2868 nibil
685 2812 746 2868 in
777 2812 979 2884 aliquo
1009 2818 1170 2870 esset
1215 2818 1429 2883 praeter
1451 2813 1583 2884 ejus
1627 2812 1974 2879 essentiam,
2004 2817 2193 2869 totum
2226 2812 2383 2884 quod
2436 2825 2533 2869 res
2563 2818 2654 2870 est
2684 2820 2848 2872 esset

419 2879 550 2952 eius
589 2883 883 2949 essentia;
922 2887 981 2938 et
1008 2883 1096 2939 sic
1136 2883 1333 2952 ipsum
1381 2890 1543 2939 esset
1563 2896 1677 2940 sua
1710 2881 1992 2939 essentia.
2025 2882 2084 2938 Si
2115 2882 2298 2962 igitur
2340 2881 2567 2955 aliquid
2593 2895 2712 2940 non
2751 2889 2848 2940 est

419 2964 534 3009 sua
579 2952 863 3018 essentia,
895 2958 1127 3022 oportet
1179 2951 1405 3023 aliquid
1436 2954 1496 3008 in
1547 2967 1620 3010 eo
1675 2966 1810 3010 esse
1856 2956 2069 3022 praeter
2096 2965 2228 3023 ejus
2275 2955 2629 3020 essentiam;
2661 2960 2718 3009 et
2747 2955 2842 3010 sic

418 3025 652 3100 oportet
701 3022 765 3077 in
792 3035 865 3087 ep
910 3035 1046 3080 esse
1076 3022 1597 3094 compositionem.
1625 3022 1787 3079 Unde
1841 3023 2019 3078 etiam
2074 3024 2337 3081 essentia
2377 3023 2440 3079 in
2491 3023 2838 3093 compositis

418 3090 797 3171 significatui·
826 3105 930 3162 per
957 3092 1200 3150 modum
1256 3093 1462 3163 partis,
1496 3100 1560 3149 ut
1614 3092 1959 3150 humanitas
2015 3092 2077 3149 in
2108 3093 2372 3151 homine.
2401 3095 2718 3152 ostensum
2739 3098 2837 3150 est

416 3167 615 3219 autem
647 3175 709 3217 in
737 3164 859 3219 Deo
897 3163 1123 3220 nullam
1153 3175 1289 3220 esse
1319 3163 1840 3233 compositionem.
1873 3166 2031 3221 Deus
2061 3163 2245 3235 igitur
2286 3169 2380 3222 est
2409 3177 2520 3222 sua
2550 3165 2831 3222 essentia.

486 3233 704 3295 Adhuc,
736 3233 934 3289 solum
964 3233 1111 3290 illud
1142 3233 1374 3291 videtur
1400 3247 1536 3290 esse
1564 3240 1776 3304 praeter
1821 3235 2144 3291 essentiam
2172 3235 2265 3291 vel
2308 3235 2693 3307 quidditatem
2725 3236 2833 3299 rei,

417 3303 577 3374 quod
607 3316 728 3360 non
757 3303 938 3360 intrat
965 3301 1372 3362 definitionem
1417 3304 1631 3375 ipsius.
1670 3303 1947 3362 Definitio
1995 3305 2154 3361 enim
2200 3305 2500 3376 significat
2549 3305 2692 3378 quid
2745 3312 2843 3363 est

415 3385 533 3430 res.
565 3374 704 3431 Sola
730 3379 926 3430 autem
957 3374 1289 3432 accidentia
1316 3374 1398 3432 rei
1440 3382 1603 3443 sunt,
1635 3390 1767 3447 quae
1793 3376 1854 3432 in
1894 3373 2240 3433 definitione
2271 3390 2393 3434 non
2423 3376 2663 3433 cadunt.
2696 3376 2840 3437 Sola

414 3442 599 3516 igitur
627 3443 959 3501 accidentia
987 3445 1210 3501 suntin
1243 3460 1302 3503 re
1336 3445 1558 3519 aliqua,
1583 3453 1793 3516 praeter
1826 3446 2150 3503 essentiam
2201 3445 2351 3504 e‘us.
2388 3449 2451 3503 ln
2481 3449 2601 3504 Deo
2631 3453 2836 3507 autem

414 3526 537 3571 non
569 3520 711 3571 sunt
754 3515 957 3596 aliqua
983 3515 1333 3597 accidentia²
1365 3523 1431 3598 ut
1477 3517 1824 3598 ostendetur
1847 3517 2061 3597 (c.23);
2105 3516 2231 3574 nihi
2308 3518 2493 3590 igitur
2519 3524 2614 3577 est
2666 3517 2733 3575 in
2758 3528 2835 3576 eo

410 3589 627 3656 praetei·
650 3592 975 3645 essentiam
1004 3600 1134 3657 eJus
1155 3604 1171 3655 ;
1196 3592 1288 3645 est
1316 3601 1332 3643 i
1383 3592 1500 3644 itur
1525 3600 1653 3658 ipse
1672 3600 1784 3644 sua
1804 3593 2088 3644 essentia.

482 3656 759 3726 Amplius,
787 3657 993 3715 formae
1019 3670 1150 3728 quae
1188 3657 1260 3714 de
1294 3671 1354 3715 re
1399 3671 1472 3715 us
1500 3657 1971 3715 subsistentibus
2000 3670 2124 3714 non
2161 3657 2576 3729 praedicantur,
2609 3658 2737 3716 sive
2767 3659 2837 3718 in

412 3725 739 3783 universali
770 3728 895 3785 sive
926 3728 987 3784 in
1011 3728 1304 3800 singulari
1327 3728 1609 3799 acceptis,
1641 3734 1782 3785 sunt
1811 3728 2014 3786 formae
2042 3741 2174 3801 quae
2206 3741 2325 3786 non
2341 3742 2445 3799 per
2472 3742 2537 3786 se
2568 3728 2840 3801 singula-

410 3795 555 3853 riter
583 3797 922 3855 subsistunt
975 3797 1037 3854 in
1068 3799 1288 3878 seipsis
1329 3799 1731 3856 individuatae.
1763 3800 1894 3856 Non
1922 3799 2083 3855 enim
2112 3799 2330 3857 dicitur
2357 3800 2515 3871 quod
2554 3800 2836 3858 Socrates

410 3871 515 3924 aut
545 3866 725 3945 bomo
753 3872 856 3924 aut
876 3868 1098 3926 animal
1128 3874 1208 3926 sit
1239 3867 1487 3937 albed03
1518 3869 1661 3942 quia
1687 3868 1897 3927 albedo
1925 3883 2048 3926 non
2078 3875 2170 3927 est
2197 3884 2303 3940 per
2328 3883 2396 3927 se
2441 3870 2836 3941 singulariter

409 3935 775 4005 subsistens,
804 3937 908 3994 sed
949 3938 1365 4008 ⁴individuatur
1393 3954 1497 4009 per
1542 3938 1874 4010 subjectum
1912 3937 2271 3998 subsistens.
2303 3940 2586 3997 Similiter
2646 3940 2835 4000 etiam

409 4003 618 4064 formae
642 4008 940 4065 naturales
969 4021 1090 4066 non
1121 4009 1458 4067 subsistunt
1487 4019 1594 4080 pei·
1616 4023 1682 4066 se
1710 4011 1804 4067 sin
1855 4010 2113 4079 ulai-iter,
2147 4011 2252 4068 sed
2278 4010 2729 4070 individuantur
2766 4011 2836 4068 in

405 4077 669 4158 propriis
714 4079 1013 4146 materiis3
1045 4079 1203 4136 unde
1231 4092 1354 4137 non
1381 4079 1656 4147 dicimus,
1689 4094 1808 4152 quo
1910 4081 2006 4137 liic
2033 4081 2125 4137 vel
2163 4080 2262 4138 ille
2293 4082 2474 4153 ignis,
2507 4087 2610 4137 aut
2660 4081 2833 4153 ignis

407 4153 490 4205 sit
511 4161 623 4205 sua
652 4148 862 4206 forma.
887 4150 1033 4219 lpsae
1062 4151 1239 4208 etiam
1271 4151 1548 4209 essentiae
1570 4151 1658 4206 vel
1677 4151 2037 4224 quidditates
2064 4164 2349 4223 generum
2370 4153 2461 4208 vel
2481 4150 2826 4221 specierum

406 4214 858 4298 individuantur
886 4221 1214 4277 secundum
1259 4221 1569 4278 materiam
1615 4222 1911 4302 signatam
1951 4220 2130 4301 hujus
2154 4222 2246 4278 vel
2290 4223 2456 4279 illius
2487 4221 2831 4293 individui;

406 4284 549 4346 hcet
567 4290 742 4346 etiam
774 4288 1076 4362 quidditas
1104 4292 1343 4362 generis
1367 4292 1457 4347 vel
1485 4305 1516 4347 3
1561 4292 1705 4348 eciei
1759 4293 2006 4348 sormam
2032 4291 2297 4349 includat
2337 4300 2396 4349 et
2417 4293 2725 4349 materiam
2759 4291 2828 4348 iri

364 4377 368 4382 ·
406 4361 745 4428 eommuni3
772 4359 930 4417 unde
981 4373 1106 4418 non
1132 4361 1350 4419 dicitur
1375 4375 1494 4433 quo
1566 4365 1837 4420 Socrates
1865 4362 1956 4418 vel
1983 4362 2164 4421 homo
2211 4364 2290 4421 sit
2313 4362 2678 4421 humanitas
2703 4360 2828 4420 Sed

406 4424 613 4491 divina
636 4430 902 4491 essentia
926 4435 1021 4492 est
1038 4444 1146 4505 per
1170 4445 1238 4491 se
1261 4433 1648 4507 singulariter
1673 4433 1970 4492 exsistens
1996 4437 2056 4491 et
2080 4433 2147 4492 in
2198 4433 2401 4506 seipsa
2424 4432 2821 4502 individuata,
