<?xml version="1.0" encoding="UTF-8"?>
<!DOCTYPE html PUBLIC "-//W3C//DTD XHTML 1.0 Transitional//EN"
    "http://www.w3.org/TR/xhtml1/DTD/xhtml1-transitional.dtd">
<html xmlns="http://www.w3.org/1999/xhtml" xml:lang="en" lang="en">
 <head>
  <title>
</title>
<meta http-equiv="Content-Type" content="text/html;charset=utf-8" />
  <meta name='ocr-system' content='tesseract 3.04.00' />
  <meta name='ocr-capabilities' content='ocr_page ocr_carea ocr_par ocr_line ocrx_word'/>
</head>
<body>
  <div class='ocr_page' id='page_1' title='image "./deveritatecatho00rubegoog_0179.png"; bbox 0 0 3076 5025; ppageno 0'>
   <div class='ocr_carea' id='block_1_1' title="bbox 1149 242 2703 309">
    <p class='ocr_par' dir='ltr' id='par_1_1' title="bbox 1149 242 2703 309">
     <span class='ocr_line' id='line_1_1' title="bbox 1149 242 2703 309; baseline 0.005 -8"><span class='ocrx_word' id='word_1_1' title='bbox 1149 243 1285 301; x_wconf 80' lang='lat' dir='ltr'>Lm.</span> <span class='ocrx_word' id='word_1_2' title='bbox 1325 244 1397 306; x_wconf 79' lang='grc' dir='ltr'>Π,</span> <span class='ocrx_word' id='word_1_3' title='bbox 1435 243 1590 300; x_wconf 76' lang='grc' dir='ltr'><strong>ΟΑΡ.</strong></span> <span class='ocrx_word' id='word_1_4' title='bbox 1627 242 1819 299; x_wconf 72' lang='lat' dir='ltr'>XXXV.</span> <span class='ocrx_word' id='word_1_5' title='bbox 2598 247 2703 309; x_wconf 65' lang='lat' dir='ltr'>ue</span> 
     </span>
    </p>
   </div>
   <div class='ocr_carea' id='block_1_2' title="bbox 252 363 2790 4471">
    <p class='ocr_par' dir='ltr' id='par_1_2' title="bbox 252 363 2702 1357">
     <span class='ocr_line' id='line_1_2' title="bbox 252 363 2700 436; baseline -0.001 -5"><span class='ocrx_word' id='word_1_6' title='bbox 252 365 518 431; x_wconf 78' lang='lat' dir='ltr'>effectus</span> <span class='ocrx_word' id='word_1_7' title='bbox 561 366 643 428; x_wconf 85' lang='lat' dir='ltr'>sit</span> <span class='ocrx_word' id='word_1_8' title='bbox 670 370 952 436; x_wconf 81' lang='lat' dir='ltr'>aeternus,</span> <span class='ocrx_word' id='word_1_9' title='bbox 980 370 1048 426; x_wconf 84' lang='lat' dir='ltr'>ut</span> <span class='ocrx_word' id='word_1_10' title='bbox 1094 366 1362 426; x_wconf 84' lang='lat' dir='ltr'>secunda</span> <span class='ocrx_word' id='word_1_11' title='bbox 1402 365 1557 423; x_wconf 87' lang='lat' dir='ltr'>ratio</span> <span class='ocrx_word' id='word_1_12' title='bbox 1609 363 2023 423; x_wconf 80' lang='lat' dir='ltr'>concludebat.</span> <span class='ocrx_word' id='word_1_13' title='bbox 2065 366 2388 426; x_wconf 85' lang='lat' dir='ltr'>ostensum</span> <span class='ocrx_word' id='word_1_14' title='bbox 2413 368 2578 430; x_wconf 86' lang='lat' dir='ltr'>enim</span> <span class='ocrx_word' id='word_1_15' title='bbox 2603 375 2700 432; x_wconf 80' lang='lat' dir='ltr'>est</span> 
     </span>
     <span class='ocr_line' id='line_1_3' title="bbox 254 435 2701 521; baseline 0 -22"><span class='ocrx_word' id='word_1_16' title='bbox 254 453 446 512; x_wconf 82' lang='lat' dir='ltr'>supra</span> <span class='ocrx_word' id='word_1_17' title='bbox 474 438 551 512; x_wconf 91' lang='lat' dir='ltr'>(c.</span> <span class='ocrx_word' id='word_1_18' title='bbox 580 439 696 508; x_wconf 80' lang='lat'>23),</span> <span class='ocrx_word' id='word_1_19' title='bbox 727 438 886 521; x_wconf 83' lang='lat' dir='ltr'>quod</span> <span class='ocrx_word' id='word_1_20' title='bbox 916 440 1074 498; x_wconf 85' lang='lat' dir='ltr'>Deus</span> <span class='ocrx_word' id='word_1_21' title='bbox 1103 438 1229 511; x_wconf 85' lang='lat' dir='ltr'>agit</span> <span class='ocrx_word' id='word_1_22' title='bbox 1259 436 1600 517; x_wconf 79' lang='lat' dir='ltr'>voluntarie</span> <span class='ocrx_word' id='word_1_23' title='bbox 1628 436 1693 492; x_wconf 89' lang='lat' dir='ltr'>in</span> <span class='ocrx_word' id='word_1_24' title='bbox 1736 449 1930 517; x_wconf 80' lang='lat' dir='ltr'>rerum</span> <span class='ocrx_word' id='word_1_25' title='bbox 1979 435 2391 508; x_wconf 85' lang='lat' dir='ltr'>productione,</span> <span class='ocrx_word' id='word_1_26' title='bbox 2434 452 2556 498; x_wconf 89' lang='lat' dir='ltr'>non</span> <span class='ocrx_word' id='word_1_27' title='bbox 2595 455 2701 500; x_wconf 86' lang='lat' dir='ltr'>au-</span> 
     </span>
     <span class='ocr_line' id='line_1_4' title="bbox 255 505 2699 582; baseline 0 -13"><span class='ocrx_word' id='word_1_28' title='bbox 255 516 379 570; x_wconf 88' lang='lat' dir='ltr'>tem</span> <span class='ocrx_word' id='word_1_29' title='bbox 413 510 498 568; x_wconf 88' lang='lat' dir='ltr'>ita</span> <span class='ocrx_word' id='word_1_30' title='bbox 527 508 687 582; x_wconf 84' lang='lat' dir='ltr'>quod</span> <span class='ocrx_word' id='word_1_31' title='bbox 716 516 798 568; x_wconf 88' lang='lat' dir='ltr'>sit</span> <span class='ocrx_word' id='word_1_32' title='bbox 825 508 1027 581; x_wconf 83' lang='lat' dir='ltr'>aliqua</span> <span class='ocrx_word' id='word_1_33' title='bbox 1056 508 1177 568; x_wconf 85' lang='lat' dir='ltr'>alia</span> <span class='ocrx_word' id='word_1_34' title='bbox 1202 508 1398 580; x_wconf 90' lang='lat' dir='ltr'>ipsius</span> <span class='ocrx_word' id='word_1_35' title='bbox 1427 513 1586 565; x_wconf 86' lang='lat' dir='ltr'>actio</span> <span class='ocrx_word' id='word_1_36' title='bbox 1637 505 1852 575; x_wconf 83' lang='lat' dir='ltr'>media,</span> <span class='ocrx_word' id='word_1_37' title='bbox 1882 512 2039 563; x_wconf 86' lang='lat' dir='ltr'>sient</span> <span class='ocrx_word' id='word_1_38' title='bbox 2083 507 2146 565; x_wconf 90' lang='lat' dir='ltr'>in</span> <span class='ocrx_word' id='word_1_39' title='bbox 2187 508 2364 567; x_wconf 83' lang='lat' dir='ltr'>nobis</span> <span class='ocrx_word' id='word_1_40' title='bbox 2400 511 2557 569; x_wconf 78' lang='lat' dir='ltr'>actio</span> <span class='ocrx_word' id='word_1_41' title='bbox 2587 511 2699 569; x_wconf 81' lang='lat' dir='ltr'>vir-</span> 
     </span>
     <span class='ocr_line' id='line_1_5' title="bbox 256 575 2695 659; baseline 0 -19"><span class='ocrx_word' id='word_1_42' title='bbox 256 581 409 641; x_wconf 77' lang='lat' dir='ltr'>tutis</span> <span class='ocrx_word' id='word_1_43' title='bbox 440 581 678 640; x_wconf 78' lang='lat' dir='ltr'>motivae</span> <span class='ocrx_word' id='word_1_44' title='bbox 705 585 798 638; x_wconf 86' lang='lat' dir='ltr'>est</span> <span class='ocrx_word' id='word_1_45' title='bbox 830 580 1027 638; x_wconf 86' lang='lat' dir='ltr'>media</span> <span class='ocrx_word' id='word_1_46' title='bbox 1053 579 1209 636; x_wconf 90' lang='lat' dir='ltr'>inter</span> <span class='ocrx_word' id='word_1_47' title='bbox 1237 584 1435 636; x_wconf 87' lang='lat' dir='ltr'>actum</span> <span class='ocrx_word' id='word_1_48' title='bbox 1467 577 1792 635; x_wconf 84' lang='lat' dir='ltr'>voluntatis</span> <span class='ocrx_word' id='word_1_49' title='bbox 1818 583 1877 634; x_wconf 86' lang='lat' dir='ltr'>et</span> <span class='ocrx_word' id='word_1_50' title='bbox 1917 575 2224 659; x_wconf 70' lang='lat' dir='ltr'>effectum,</span> <span class='ocrx_word' id='word_1_51' title='bbox 2259 584 2323 637; x_wconf 89' lang='lat' dir='ltr'>ut</span> <span class='ocrx_word' id='word_1_52' title='bbox 2364 579 2430 637; x_wconf 90' lang='lat' dir='ltr'>in</span> <span class='ocrx_word' id='word_1_53' title='bbox 2475 595 2695 656; x_wconf 81' lang='lat' dir='ltr'>praece·</span> 
     </span>
     <span class='ocr_line' id='line_1_6' title="bbox 254 647 2700 722; baseline 0 -12"><span class='ocrx_word' id='word_1_54' title='bbox 254 651 547 710; x_wconf 82' lang='lat' dir='ltr'>dentibus</span> <span class='ocrx_word' id='word_1_55' title='bbox 576 655 887 709; x_wconf 89' lang='lat' dir='ltr'>ostensum</span> <span class='ocrx_word' id='word_1_56' title='bbox 919 655 1043 719; x_wconf 82' lang='lat' dir='ltr'>est;</span> <span class='ocrx_word' id='word_1_57' title='bbox 1074 649 1182 708; x_wconf 91' lang='lat' dir='ltr'>sed</span> <span class='ocrx_word' id='word_1_58' title='bbox 1212 654 1449 721; x_wconf 85' lang='lat' dir='ltr'>oportet</span> <span class='ocrx_word' id='word_1_59' title='bbox 1522 647 1642 705; x_wconf 90' lang='lat' dir='ltr'>uod</span> <span class='ocrx_word' id='word_1_60' title='bbox 1689 662 1867 706; x_wconf 88' lang='lat' dir='ltr'>suum</span> <span class='ocrx_word' id='word_1_61' title='bbox 1914 648 2249 722; x_wconf 85' lang='lat' dir='ltr'>intelligere</span> <span class='ocrx_word' id='word_1_62' title='bbox 2291 655 2348 708; x_wconf 88' lang='lat' dir='ltr'>et</span> <span class='ocrx_word' id='word_1_63' title='bbox 2390 652 2542 710; x_wconf 82' lang='lat' dir='ltr'>velle</span> <span class='ocrx_word' id='word_1_64' title='bbox 2573 652 2700 711; x_wconf 86' lang='lat' dir='ltr'>sint</span> 
     </span>
     <span class='ocr_line' id='line_1_7' title="bbox 262 718 2695 794; baseline 0 -13"><span class='ocrx_word' id='word_1_65' title='bbox 262 735 444 782; x_wconf 83' lang='lat' dir='ltr'>suum</span> <span class='ocrx_word' id='word_1_66' title='bbox 477 722 694 780; x_wconf 85' lang='lat' dir='ltr'>facere.</span> <span class='ocrx_word' id='word_1_67' title='bbox 727 720 983 781; x_wconf 81' lang='lat' dir='ltr'>Effectus</span> <span class='ocrx_word' id='word_1_68' title='bbox 1010 726 1207 794; x_wconf 83' lang='lat' dir='ltr'>autem</span> <span class='ocrx_word' id='word_1_69' title='bbox 1233 720 1309 778; x_wconf 85' lang='lat' dir='ltr'>ab</span> <span class='ocrx_word' id='word_1_70' title='bbox 1356 718 1502 778; x_wconf 89' lang='lat' dir='ltr'>intel</span> <span class='ocrx_word' id='word_1_71' title='bbox 1530 723 1666 776; x_wconf 88' lang='lat' dir='ltr'>ectu</span> <span class='ocrx_word' id='word_1_72' title='bbox 1714 723 1774 776; x_wconf 88' lang='lat' dir='ltr'>et</span> <span class='ocrx_word' id='word_1_73' title='bbox 1811 719 2117 777; x_wconf 81' lang='lat' dir='ltr'>voluntate</span> <span class='ocrx_word' id='word_1_74' title='bbox 2163 722 2435 793; x_wconf 88' lang='lat' dir='ltr'>sequitur</span> <span class='ocrx_word' id='word_1_75' title='bbox 2477 736 2695 781; x_wconf 81' lang='lat' dir='ltr'>secun-</span> 
     </span>
     <span class='ocr_line' id='line_1_8' title="bbox 262 789 2691 872; baseline 0 -20"><span class='ocrx_word' id='word_1_76' title='bbox 262 793 407 852; x_wconf 88' lang='lat' dir='ltr'>dum</span> <span class='ocrx_word' id='word_1_77' title='bbox 468 792 1024 850; x_wconf 79' lang='lat' dir='ltr'>determinationem</span> <span class='ocrx_word' id='word_1_78' title='bbox 1072 790 1435 859; x_wconf 87' lang='lat' dir='ltr'>intellectus,</span> <span class='ocrx_word' id='word_1_79' title='bbox 1467 794 1526 872; x_wconf 72' lang='lat' dir='ltr'>et.</span> <span class='ocrx_word' id='word_1_80' title='bbox 1555 789 1869 860; x_wconf 86' lang='lat' dir='ltr'>imperium</span> <span class='ocrx_word' id='word_1_81' title='bbox 1911 789 2258 848; x_wconf 81' lang='lat' dir='ltr'>voluntatis.</span> <span class='ocrx_word' id='word_1_82' title='bbox 2289 792 2453 850; x_wconf 81' lang='lat' dir='ltr'>Sicut</span> <span class='ocrx_word' id='word_1_83' title='bbox 2488 800 2691 852; x_wconf 82' lang='lat' dir='ltr'>autem</span> 
     </span>
     <span class='ocr_line' id='line_1_9' title="bbox 255 861 2699 942; baseline 0 -20"><span class='ocrx_word' id='word_1_84' title='bbox 255 877 370 936; x_wconf 84' lang='lat' dir='ltr'>per</span> <span class='ocrx_word' id='word_1_85' title='bbox 398 863 768 922; x_wconf 87' lang='lat' dir='ltr'>intellectum</span> <span class='ocrx_word' id='word_1_86' title='bbox 800 862 1228 922; x_wconf 78' lang='lat' dir='ltr'>determinatur</span> <span class='ocrx_word' id='word_1_87' title='bbox 1254 861 1341 920; x_wconf 85' lang='lat' dir='ltr'>rei</span> <span class='ocrx_word' id='word_1_88' title='bbox 1384 861 1566 942; x_wconf 65' lang='lat' dir='ltr'>(actio</span> <span class='ocrx_word' id='word_1_89' title='bbox 1595 866 1655 918; x_wconf 89' lang='lat' dir='ltr'>et</span> <span class='ocrx_word' id='word_1_90' title='bbox 1698 873 2088 934; x_wconf 83' lang='lat' dir='ltr'>quaecunique</span> <span class='ocrx_word' id='word_1_91' title='bbox 2129 861 2249 938; x_wconf 77' lang='lat' dir='ltr'>alia</span> <span class='ocrx_word' id='word_1_92' title='bbox 2294 863 2584 935; x_wconf 86' lang='lat' dir='ltr'>conditio,</span> <span class='ocrx_word' id='word_1_93' title='bbox 2611 865 2699 923; x_wconf 87' lang='lat' dir='ltr'>ita</span> 
     </span>
     <span class='ocr_line' id='line_1_10' title="bbox 260 930 2698 1007; baseline 0 -14"><span class='ocrx_word' id='word_1_94' title='bbox 260 937 321 993; x_wconf 87' lang='lat' dir='ltr'>et</span> <span class='ocrx_word' id='word_1_95' title='bbox 347 934 761 1007; x_wconf 76' lang='lat' dir='ltr'>praescribitur</span> <span class='ocrx_word' id='word_1_96' title='bbox 785 933 837 990; x_wconf 90' lang='lat' dir='ltr'>ei</span> <span class='ocrx_word' id='word_1_97' title='bbox 868 938 1124 1004; x_wconf 86' lang='lat' dir='ltr'>tempus.</span> <span class='ocrx_word' id='word_1_98' title='bbox 1156 935 1284 989; x_wconf 86' lang='lat' dir='ltr'>Non</span> <span class='ocrx_word' id='word_1_99' title='bbox 1314 946 1475 990; x_wconf 82' lang='lat' dir='ltr'>enim</span> <span class='ocrx_word' id='word_1_100' title='bbox 1524 931 1729 990; x_wconf 85' lang='lat' dir='ltr'>solum</span> <span class='ocrx_word' id='word_1_101' title='bbox 1777 944 1878 989; x_wconf 85' lang='lat' dir='ltr'>ars</span> <span class='ocrx_word' id='word_1_102' title='bbox 1912 930 2273 990; x_wconf 71' lang='lat' dir='ltr'>determinat</span> <span class='ocrx_word' id='word_1_103' title='bbox 2318 939 2383 989; x_wconf 86' lang='lat' dir='ltr'>ut</span> <span class='ocrx_word' id='word_1_104' title='bbox 2436 934 2551 992; x_wconf 85' lang='lat' dir='ltr'>hoc</span> <span class='ocrx_word' id='word_1_105' title='bbox 2579 936 2698 994; x_wconf 90' lang='lat' dir='ltr'>tale</span> 
     </span>
     <span class='ocr_line' id='line_1_11' title="bbox 262 1001 2698 1077; baseline 0 -15"><span class='ocrx_word' id='word_1_106' title='bbox 262 1004 364 1074; x_wconf 85' lang='lat' dir='ltr'>sit,</span> <span class='ocrx_word' id='word_1_107' title='bbox 398 1004 506 1063; x_wconf 84' lang='lat' dir='ltr'>sed</span> <span class='ocrx_word' id='word_1_108' title='bbox 538 1009 603 1062; x_wconf 90' lang='lat' dir='ltr'>ut</span> <span class='ocrx_word' id='word_1_109' title='bbox 626 1010 772 1062; x_wconf 84' lang='lat' dir='ltr'>tunc</span> <span class='ocrx_word' id='word_1_110' title='bbox 802 1004 901 1066; x_wconf 81' lang='lat' dir='ltr'>sit,</span> <span class='ocrx_word' id='word_1_111' title='bbox 934 1004 1093 1062; x_wconf 88' lang='lat' dir='ltr'>sicut</span> <span class='ocrx_word' id='word_1_112' title='bbox 1120 1002 1414 1072; x_wconf 88' lang='lat' dir='ltr'>medicus,</span> <span class='ocrx_word' id='word_1_113' title='bbox 1440 1005 1512 1060; x_wconf 81' lang='lat' dir='ltr'>ut</span> <span class='ocrx_word' id='word_1_114' title='bbox 1538 1006 1681 1060; x_wconf 89' lang='lat' dir='ltr'>tunc</span> <span class='ocrx_word' id='word_1_115' title='bbox 1703 1001 1872 1076; x_wconf 87' lang='lat' dir='ltr'>potio</span> <span class='ocrx_word' id='word_1_116' title='bbox 1902 1001 2093 1062; x_wconf 85' lang='lat' dir='ltr'>detur.</span> <span class='ocrx_word' id='word_1_117' title='bbox 2121 1003 2281 1060; x_wconf 75' lang='lat' dir='ltr'>Unde</span> <span class='ocrx_word' id='word_1_118' title='bbox 2311 1004 2363 1061; x_wconf 88' lang='lat' dir='ltr'>si</span> <span class='ocrx_word' id='word_1_119' title='bbox 2383 1004 2514 1077; x_wconf 80' lang='lat' dir='ltr'>ejus</span> <span class='ocrx_word' id='word_1_120' title='bbox 2544 1006 2698 1064; x_wconf 84' lang='lat' dir='ltr'>velle</span> 
     </span>
     <span class='ocr_line' id='line_1_12' title="bbox 260 1071 2691 1147; baseline -0 -13"><span class='ocrx_word' id='word_1_121' title='bbox 260 1089 371 1147; x_wconf 85' lang='lat' dir='ltr'>per</span> <span class='ocrx_word' id='word_1_122' title='bbox 394 1089 466 1134; x_wconf 86' lang='lat' dir='ltr'>se</span> <span class='ocrx_word' id='word_1_123' title='bbox 497 1079 662 1134; x_wconf 86' lang='lat' dir='ltr'>esset</span> <span class='ocrx_word' id='word_1_124' title='bbox 692 1072 901 1134; x_wconf 81' lang='lat' dir='ltr'>efficax</span> <span class='ocrx_word' id='word_1_125' title='bbox 929 1075 1001 1132; x_wconf 87' lang='lat' dir='ltr'>ad</span> <span class='ocrx_word' id='word_1_126' title='bbox 1028 1071 1304 1134; x_wconf 78' lang='lat' dir='ltr'>effectum</span> <span class='ocrx_word' id='word_1_127' title='bbox 1330 1071 1808 1146; x_wconf 85' lang='lat' dir='ltr'>producendum,</span> <span class='ocrx_word' id='word_1_128' title='bbox 1857 1078 2207 1146; x_wconf 80' lang='lat' dir='ltr'>sequeretur</span> <span class='ocrx_word' id='word_1_129' title='bbox 2253 1073 2324 1134; x_wconf 89' lang='lat' dir='ltr'>de</span> <span class='ocrx_word' id='word_1_130' title='bbox 2366 1090 2523 1134; x_wconf 87' lang='lat' dir='ltr'>novo</span> <span class='ocrx_word' id='word_1_131' title='bbox 2554 1075 2691 1135; x_wconf 76' lang='lat' dir='ltr'>effe-</span> 
     </span>
     <span class='ocr_line' id='line_1_13' title="bbox 265 1142 2702 1222; baseline 0.001 -19"><span class='ocrx_word' id='word_1_132' title='bbox 265 1152 401 1204; x_wconf 84' lang='lat' dir='ltr'>ctus</span> <span class='ocrx_word' id='word_1_133' title='bbox 431 1145 505 1204; x_wconf 80' lang='lat' dir='ltr'>ab</span> <span class='ocrx_word' id='word_1_134' title='bbox 535 1145 783 1219; x_wconf 79' lang='lat' dir='ltr'>antiqua</span> <span class='ocrx_word' id='word_1_135' title='bbox 806 1145 1135 1214; x_wconf 76' lang='lat' dir='ltr'>voluntate,</span> <span class='ocrx_word' id='word_1_136' title='bbox 1165 1144 1337 1202; x_wconf 87' lang='lat' dir='ltr'>nulla</span> <span class='ocrx_word' id='word_1_137' title='bbox 1362 1144 1601 1202; x_wconf 86' lang='lat' dir='ltr'>actione</span> <span class='ocrx_word' id='word_1_138' title='bbox 1645 1143 1718 1201; x_wconf 87' lang='lat' dir='ltr'>de</span> <span class='ocrx_word' id='word_1_139' title='bbox 1767 1156 1925 1202; x_wconf 78' lang='lat' dir='ltr'>novo</span> <span class='ocrx_word' id='word_1_140' title='bbox 1961 1142 2276 1202; x_wconf 72' lang='lat' dir='ltr'>existente.</span> <span class='ocrx_word' id='word_1_141' title='bbox 2327 1145 2486 1204; x_wconf 79' lang='lat' dir='ltr'>Nihil</span> <span class='ocrx_word' id='word_1_142' title='bbox 2517 1146 2702 1222; x_wconf 80' lang='lat' dir='ltr'>igitur</span> 
     </span>
     <span class='ocr_line' id='line_1_14' title="bbox 265 1211 2699 1296; baseline 0.002 -22"><span class='ocrx_word' id='word_1_143' title='bbox 265 1216 543 1288; x_wconf 89' lang='lat' dir='ltr'>probibet</span> <span class='ocrx_word' id='word_1_144' title='bbox 572 1216 769 1274; x_wconf 88' lang='lat' dir='ltr'>dicere</span> <span class='ocrx_word' id='word_1_145' title='bbox 794 1216 1093 1276; x_wconf 80' lang='lat' dir='ltr'>actionem</span> <span class='ocrx_word' id='word_1_146' title='bbox 1118 1216 1222 1274; x_wconf 86' lang='lat' dir='ltr'>Dei</span> <span class='ocrx_word' id='word_1_147' title='bbox 1249 1214 1325 1276; x_wconf 83' lang='lat' dir='ltr'>ab</span> <span class='ocrx_word' id='word_1_148' title='bbox 1369 1219 1593 1296; x_wconf 74' lang='lat' dir='ltr'>aeterno</span> <span class='ocrx_word' id='word_1_149' title='bbox 1619 1214 1834 1295; x_wconf 61' lang='lat' dir='ltr'>tuisse,</span> <span class='ocrx_word' id='word_1_150' title='bbox 1883 1211 2161 1273; x_wconf 78' lang='lat' dir='ltr'>effectum</span> <span class='ocrx_word' id='word_1_151' title='bbox 2203 1217 2400 1274; x_wconf 86' lang='lat' dir='ltr'>autem</span> <span class='ocrx_word' id='word_1_152' title='bbox 2450 1230 2574 1276; x_wconf 85' lang='lat' dir='ltr'>nnn</span> <span class='ocrx_word' id='word_1_153' title='bbox 2623 1217 2699 1278; x_wconf 84' lang='lat' dir='ltr'>ab</span> 
     </span>
     <span class='ocr_line' id='line_1_15' title="bbox 266 1285 1695 1357; baseline -0.003 -12"><span class='ocrx_word' id='word_1_154' title='bbox 266 1292 512 1354; x_wconf 82' lang='lat' dir='ltr'>aeterno,</span> <span class='ocrx_word' id='word_1_155' title='bbox 542 1286 649 1346; x_wconf 88' lang='lat' dir='ltr'>sed</span> <span class='ocrx_word' id='word_1_156' title='bbox 676 1292 821 1346; x_wconf 88' lang='lat' dir='ltr'>tunc</span> <span class='ocrx_word' id='word_1_157' title='bbox 850 1301 986 1346; x_wconf 89' lang='lat' dir='ltr'>cum</span> <span class='ocrx_word' id='word_1_158' title='bbox 1016 1287 1094 1344; x_wconf 84' lang='lat' dir='ltr'>ab</span> <span class='ocrx_word' id='word_1_159' title='bbox 1121 1292 1346 1345; x_wconf 76' lang='lat' dir='ltr'>aeterno</span> <span class='ocrx_word' id='word_1_160' title='bbox 1376 1285 1695 1357; x_wconf 75' lang='lat' dir='ltr'>disposuit.</span> 
     </span>
    </p>

    <p class='ocr_par' dir='ltr' id='par_1_3' title="bbox 265 1355 2701 2490">
     <span class='ocr_line' id='line_1_16' title="bbox 340 1355 2699 1437; baseline 0 -19"><span class='ocrx_word' id='word_1_161' title='bbox 340 1359 427 1418; x_wconf 85' lang='lat' dir='ltr'>Ex</span> <span class='ocrx_word' id='word_1_162' title='bbox 452 1370 575 1433; x_wconf 88' lang='lat' dir='ltr'>quo</span> <span class='ocrx_word' id='word_1_163' title='bbox 605 1357 784 1416; x_wconf 86' lang='lat' dir='ltr'>etiam</span> <span class='ocrx_word' id='word_1_164' title='bbox 810 1363 970 1429; x_wconf 82' lang='lat' dir='ltr'>patet</span> <span class='ocrx_word' id='word_1_165' title='bbox 999 1357 1182 1430; x_wconf 88' lang='lat' dir='ltr'>quod,</span> <span class='ocrx_word' id='word_1_166' title='bbox 1208 1357 1322 1415; x_wconf 90' lang='lat' dir='ltr'>etsi</span> <span class='ocrx_word' id='word_1_167' title='bbox 1354 1359 1513 1414; x_wconf 89' lang='lat' dir='ltr'>Deus</span> <span class='ocrx_word' id='word_1_168' title='bbox 1556 1355 1634 1414; x_wconf 86' lang='lat' dir='ltr'>sit</span> <span class='ocrx_word' id='word_1_169' title='bbox 1672 1355 1996 1437; x_wconf 46' lang='lat' dir='ltr'>,sufficiens</span> <span class='ocrx_word' id='word_1_170' title='bbox 2051 1369 2238 1415; x_wconf 74' lang='lat' dir='ltr'>causo</span> <span class='ocrx_word' id='word_1_171' title='bbox 2275 1356 2699 1430; x_wconf 77' lang='lat' dir='ltr'>productionis</span> 
     </span>
     <span class='ocr_line' id='line_1_17' title="bbox 274 1426 2699 1501; baseline 0 -16"><span class='ocrx_word' id='word_1_172' title='bbox 274 1442 469 1486; x_wconf 88' lang='lat' dir='ltr'>rerum</span> <span class='ocrx_word' id='word_1_173' title='bbox 502 1428 565 1486; x_wconf 91' lang='lat' dir='ltr'>in</span> <span class='ocrx_word' id='word_1_174' title='bbox 595 1442 750 1497; x_wconf 86' lang='lat' dir='ltr'>esse,</span> <span class='ocrx_word' id='word_1_175' title='bbox 779 1441 900 1487; x_wconf 88' lang='lat' dir='ltr'>non</span> <span class='ocrx_word' id='word_1_176' title='bbox 930 1434 1132 1486; x_wconf 86' lang='lat' dir='ltr'>tamen</span> <span class='ocrx_word' id='word_1_177' title='bbox 1241 1433 1393 1485; x_wconf 87' lang='lat' dir='ltr'>ortet</span> <span class='ocrx_word' id='word_1_178' title='bbox 1430 1427 1596 1499; x_wconf 86' lang='lat' dir='ltr'>quod</span> <span class='ocrx_word' id='word_1_179' title='bbox 1633 1440 1764 1499; x_wconf 70' lang='lat' dir='ltr'>eius</span> <span class='ocrx_word' id='word_1_180' title='bbox 1805 1426 2055 1488; x_wconf 79' lang='lat' dir='ltr'>effectus</span> <span class='ocrx_word' id='word_1_181' title='bbox 2106 1432 2368 1488; x_wconf 75' lang='lat' dir='ltr'>aeternus</span> <span class='ocrx_word' id='word_1_182' title='bbox 2458 1435 2699 1501; x_wconf 82' lang='lat' dir='ltr'>oriatur,</span> 
     </span>
     <span class='ocr_line' id='line_1_18' title="bbox 276 1497 2698 1580; baseline 0.001 -23"><span class='ocrx_word' id='word_1_183' title='bbox 276 1504 336 1558; x_wconf 85' lang='lat' dir='ltr'>tit</span> <span class='ocrx_word' id='word_1_184' title='bbox 360 1498 540 1556; x_wconf 79' lang='lat' dir='ltr'>tertia</span> <span class='ocrx_word' id='word_1_185' title='bbox 563 1499 716 1557; x_wconf 86' lang='lat' dir='ltr'>ratio</span> <span class='ocrx_word' id='word_1_186' title='bbox 742 1498 1158 1559; x_wconf 79' lang='lat' dir='ltr'>concludebat.</span> <span class='ocrx_word' id='word_1_187' title='bbox 1236 1498 1394 1556; x_wconf 89' lang='lat' dir='ltr'>osita</span> <span class='ocrx_word' id='word_1_188' title='bbox 1419 1498 1579 1556; x_wconf 89' lang='lat' dir='ltr'>enim</span> <span class='ocrx_word' id='word_1_189' title='bbox 1628 1511 1813 1556; x_wconf 80' lang='lat' dir='ltr'>causa</span> <span class='ocrx_word' id='word_1_190' title='bbox 1859 1497 2217 1580; x_wconf 70' lang='lat' dir='ltr'>sufficiente²</span> <span class='ocrx_word' id='word_1_191' title='bbox 2264 1497 2410 1572; x_wconf 82' lang='lat' dir='ltr'>poni</span> <span class='ocrx_word' id='word_1_192' title='bbox 2441 1513 2512 1556; x_wconf 88' lang='lat' dir='ltr'>ur</span> <span class='ocrx_word' id='word_1_193' title='bbox 2565 1500 2698 1572; x_wconf 79' lang='lat' dir='ltr'>ejus</span> 
     </span>
     <span class='ocr_line' id='line_1_19' title="bbox 274 1567 2697 1639; baseline -0 -11"><span class='ocrx_word' id='word_1_194' title='bbox 274 1567 544 1639; x_wconf 60' lang='lat' dir='ltr'>ostentm,</span> <span class='ocrx_word' id='word_1_195' title='bbox 575 1583 699 1629; x_wconf 88' lang='lat' dir='ltr'>non</span> <span class='ocrx_word' id='word_1_196' title='bbox 730 1573 927 1628; x_wconf 87' lang='lat' dir='ltr'>autem</span> <span class='ocrx_word' id='word_1_197' title='bbox 956 1569 1206 1630; x_wconf 84' lang='lat' dir='ltr'>effectus</span> <span class='ocrx_word' id='word_1_198' title='bbox 1252 1573 1571 1627; x_wconf 82' lang='lat' dir='ltr'>extraneus</span> <span class='ocrx_word' id='word_1_199' title='bbox 1622 1582 1659 1626; x_wconf 81' lang='lat' dir='ltr'>a</span> <span class='ocrx_word' id='word_1_200' title='bbox 1683 1582 1871 1627; x_wconf 86' lang='lat' dir='ltr'>causa</span> <span class='ocrx_word' id='word_1_201' title='bbox 1899 1587 1914 1627; x_wconf 74' lang='grc' dir='ltr'><strong>ε</strong></span> <span class='ocrx_word' id='word_1_202' title='bbox 1958 1571 2073 1630; x_wconf 82' lang='lat' dir='ltr'>hoc</span> <span class='ocrx_word' id='word_1_203' title='bbox 2118 1582 2276 1627; x_wconf 90' lang='lat' dir='ltr'>enim</span> <span class='ocrx_word' id='word_1_204' title='bbox 2310 1575 2473 1630; x_wconf 72' lang='lat' dir='ltr'>esset</span> <span class='ocrx_word' id='word_1_205' title='bbox 2505 1585 2577 1632; x_wconf 79' lang='lat' dir='ltr'>ex</span> <span class='ocrx_word' id='word_1_206' title='bbox 2606 1571 2697 1628; x_wconf 89' lang='lat' dir='ltr'>in-</span> 
     </span>
     <span class='ocr_line' id='line_1_20' title="bbox 275 1638 2700 1714; baseline 0 -16"><span class='ocrx_word' id='word_1_207' title='bbox 275 1639 638 1698; x_wconf 75' lang='lat' dir='ltr'>sufficientia</span> <span class='ocrx_word' id='word_1_208' title='bbox 662 1654 886 1709; x_wconf 84' lang='lat' dir='ltr'>causae,</span> <span class='ocrx_word' id='word_1_209' title='bbox 917 1654 987 1699; x_wconf 89' lang='lat' dir='ltr'>ac</span> <span class='ocrx_word' id='word_1_210' title='bbox 1037 1640 1089 1699; x_wconf 86' lang='lat' dir='ltr'>si</span> <span class='ocrx_word' id='word_1_211' title='bbox 1136 1639 1396 1698; x_wconf 87' lang='lat' dir='ltr'>calidum</span> <span class='ocrx_word' id='word_1_212' title='bbox 1434 1653 1511 1697; x_wconf 90' lang='lat' dir='ltr'>no</span> <span class='ocrx_word' id='word_1_213' title='bbox 1586 1638 1956 1698; x_wconf 78' lang='lat' dir='ltr'>calefaceret.</span> <span class='ocrx_word' id='word_1_214' title='bbox 1990 1639 2276 1714; x_wconf 79' lang='lat' dir='ltr'>Proprius</span> <span class='ocrx_word' id='word_1_215' title='bbox 2313 1645 2516 1702; x_wconf 76' lang='lat' dir='ltr'>autem</span> <span class='ocrx_word' id='word_1_216' title='bbox 2558 1639 2700 1699; x_wconf 83' lang='lat' dir='ltr'>effe-</span> 
     </span>
     <span class='ocr_line' id='line_1_21' title="bbox 276 1709 2700 1784; baseline 0.003 -17"><span class='ocrx_word' id='word_1_217' title='bbox 276 1716 406 1769; x_wconf 84' lang='lat' dir='ltr'>ctus</span> <span class='ocrx_word' id='word_1_218' title='bbox 434 1712 762 1769; x_wconf 86' lang='lat' dir='ltr'>voluntatis</span> <span class='ocrx_word' id='word_1_219' title='bbox 794 1717 885 1768; x_wconf 85' lang='lat' dir='ltr'>est</span> <span class='ocrx_word' id='word_1_220' title='bbox 913 1717 981 1768; x_wconf 88' lang='lat' dir='ltr'>ut</span> <span class='ocrx_word' id='word_1_221' title='bbox 1007 1711 1089 1768; x_wconf 91' lang='lat' dir='ltr'>sit</span> <span class='ocrx_word' id='word_1_222' title='bbox 1115 1710 1228 1770; x_wconf 88' lang='lat' dir='ltr'>boc</span> <span class='ocrx_word' id='word_1_223' title='bbox 1257 1710 1416 1783; x_wconf 82' lang='lat' dir='ltr'>quod</span> <span class='ocrx_word' id='word_1_224' title='bbox 1444 1724 1518 1768; x_wconf 83' lang='lat' dir='ltr'>vo</span> <span class='ocrx_word' id='word_1_225' title='bbox 1549 1716 1722 1768; x_wconf 79' lang='lat' dir='ltr'>untes</span> <span class='ocrx_word' id='word_1_226' title='bbox 1751 1711 1897 1767; x_wconf 85' lang='lat' dir='ltr'>vult.</span> <span class='ocrx_word' id='word_1_227' title='bbox 1927 1711 1989 1770; x_wconf 88' lang='lat' dir='ltr'>Si</span> <span class='ocrx_word' id='word_1_228' title='bbox 2035 1717 2236 1770; x_wconf 84' lang='lat' dir='ltr'>autem</span> <span class='ocrx_word' id='word_1_229' title='bbox 2275 1709 2502 1784; x_wconf 82' lang='lat' dir='ltr'>aliquid</span> <span class='ocrx_word' id='word_1_230' title='bbox 2533 1712 2700 1774; x_wconf 84' lang='lat' dir='ltr'>aliud</span> 
     </span>
     <span class='ocr_line' id='line_1_22' title="bbox 273 1779 2699 1862; baseline 0 -20"><span class='ocrx_word' id='word_1_231' title='bbox 273 1787 434 1842; x_wconf 75' lang='lat' dir='ltr'>esset</span> <span class='ocrx_word' id='word_1_232' title='bbox 461 1795 639 1855; x_wconf 85' lang='lat' dir='ltr'>quam</span> <span class='ocrx_word' id='word_1_233' title='bbox 670 1781 950 1842; x_wconf 76' lang='lat' dir='ltr'>voluntas</span> <span class='ocrx_word' id='word_1_234' title='bbox 977 1782 1120 1839; x_wconf 83' lang='lat' dir='ltr'>velit</span> <span class='ocrx_word' id='word_1_235' title='bbox 1147 1824 1162 1852; x_wconf 90' lang='lat'><strong>,</strong></span> <span class='ocrx_word' id='word_1_236' title='bbox 1194 1795 1318 1839; x_wconf 89' lang='lat' dir='ltr'>non</span> <span class='ocrx_word' id='word_1_237' title='bbox 1348 1786 1674 1862; x_wconf 75' lang='lat' dir='ltr'>poneretur</span> <span class='ocrx_word' id='word_1_238' title='bbox 1702 1779 1952 1840; x_wconf 77' lang='lat' dir='ltr'>effectus</span> <span class='ocrx_word' id='word_1_239' title='bbox 1989 1782 2272 1856; x_wconf 85' lang='lat' dir='ltr'>proprius</span> <span class='ocrx_word' id='word_1_240' title='bbox 2317 1796 2539 1852; x_wconf 79' lang='lat' dir='ltr'>causae,</span> <span class='ocrx_word' id='word_1_241' title='bbox 2588 1782 2699 1842; x_wconf 89' lang='lat' dir='ltr'>sed</span> 
     </span>
     <span class='ocr_line' id='line_1_23' title="bbox 273 1851 2696 1925; baseline 0.001 -16"><span class='ocrx_word' id='word_1_242' title='bbox 273 1852 506 1912; x_wconf 81' lang='lat' dir='ltr'>alienus</span> <span class='ocrx_word' id='word_1_243' title='bbox 532 1853 606 1910; x_wconf 88' lang='lat' dir='ltr'>ab</span> <span class='ocrx_word' id='word_1_244' title='bbox 637 1867 726 1910; x_wconf 91' lang='lat' dir='ltr'>ea.</span> <span class='ocrx_word' id='word_1_245' title='bbox 757 1854 1047 1910; x_wconf 84' lang='lat' dir='ltr'>Voluntas</span> <span class='ocrx_word' id='word_1_246' title='bbox 1076 1856 1296 1921; x_wconf 87' lang='lat' dir='ltr'>autem,</span> <span class='ocrx_word' id='word_1_247' title='bbox 1329 1857 1486 1909; x_wconf 88' lang='lat' dir='ltr'>sicut</span> <span class='ocrx_word' id='word_1_248' title='bbox 1513 1851 1737 1910; x_wconf 90' lang='lat' dir='ltr'>dictum</span> <span class='ocrx_word' id='word_1_249' title='bbox 1770 1857 1882 1921; x_wconf 87' lang='lat' dir='ltr'>est,</span> <span class='ocrx_word' id='word_1_250' title='bbox 1912 1852 2069 1912; x_wconf 89' lang='lat' dir='ltr'>sicut</span> <span class='ocrx_word' id='word_1_251' title='bbox 2095 1853 2224 1911; x_wconf 76' lang='lat' dir='ltr'>vult</span> <span class='ocrx_word' id='word_1_252' title='bbox 2251 1851 2366 1910; x_wconf 89' lang='lat' dir='ltr'>hoc</span> <span class='ocrx_word' id='word_1_253' title='bbox 2389 1866 2527 1911; x_wconf 87' lang='lat' dir='ltr'>esse</span> <span class='ocrx_word' id='word_1_254' title='bbox 2554 1855 2696 1925; x_wconf 85' lang='lat' dir='ltr'>tale,</span> 
     </span>
     <span class='ocr_line' id='line_1_24' title="bbox 270 1922 2699 2005; baseline 0 -23"><span class='ocrx_word' id='word_1_255' title='bbox 270 1922 351 1982; x_wconf 75' lang='lat' dir='ltr'>ita</span> <span class='ocrx_word' id='word_1_256' title='bbox 380 1923 507 1982; x_wconf 77' lang='lat' dir='ltr'>vult</span> <span class='ocrx_word' id='word_1_257' title='bbox 537 1923 652 1981; x_wconf 85' lang='lat' dir='ltr'>hoc</span> <span class='ocrx_word' id='word_1_258' title='bbox 682 1937 817 1980; x_wconf 89' lang='lat' dir='ltr'>esse</span> <span class='ocrx_word' id='word_1_259' title='bbox 844 1928 1010 1982; x_wconf 85' lang='lat' dir='ltr'>tunc.</span> <span class='ocrx_word' id='word_1_260' title='bbox 1040 1923 1203 1980; x_wconf 87' lang='lat' dir='ltr'>Unde</span> <span class='ocrx_word' id='word_1_261' title='bbox 1235 1937 1357 1981; x_wconf 90' lang='lat' dir='ltr'>non</span> <span class='ocrx_word' id='word_1_262' title='bbox 1384 1927 1637 1997; x_wconf 73' lang='lat' dir='ltr'>oportet,</span> <span class='ocrx_word' id='word_1_263' title='bbox 1669 1922 1742 1980; x_wconf 90' lang='lat' dir='ltr'>ad</span> <span class='ocrx_word' id='word_1_264' title='bbox 1773 1922 1888 1981; x_wconf 90' lang='lat' dir='ltr'>hoc</span> <span class='ocrx_word' id='word_1_265' title='bbox 1915 1923 2076 2005; x_wconf 84' lang='lat' dir='ltr'>quod</span> <span class='ocrx_word' id='word_1_266' title='bbox 2123 1923 2404 1984; x_wconf 76' lang='lat' dir='ltr'>voluntas</span> <span class='ocrx_word' id='word_1_267' title='bbox 2447 1924 2527 1982; x_wconf 89' lang='lat' dir='ltr'>sit</span> <span class='ocrx_word' id='word_1_268' title='bbox 2577 1923 2699 1983; x_wconf 76' lang='lat' dir='ltr'>sut-</span> 
     </span>
     <span class='ocr_line' id='line_1_25' title="bbox 265 1991 2696 2069; baseline -0.001 -13"><span class='ocrx_word' id='word_1_269' title='bbox 265 1991 480 2056; x_wconf 71' lang='lat' dir='ltr'>ficiens</span> <span class='ocrx_word' id='word_1_270' title='bbox 509 2008 714 2062; x_wconf 82' lang='lat' dir='ltr'>causa,</span> <span class='ocrx_word' id='word_1_271' title='bbox 752 1993 913 2067; x_wconf 87' lang='lat' dir='ltr'>quod</span> <span class='ocrx_word' id='word_1_272' title='bbox 960 1991 1211 2054; x_wconf 79' lang='lat' dir='ltr'>effectus</span> <span class='ocrx_word' id='word_1_273' title='bbox 1256 1992 1336 2053; x_wconf 89' lang='lat' dir='ltr'>sit</span> <span class='ocrx_word' id='word_1_274' title='bbox 1377 1993 1618 2065; x_wconf 85' lang='lat' dir='ltr'>quando</span> <span class='ocrx_word' id='word_1_275' title='bbox 1659 1992 1989 2053; x_wconf 82' lang='lat' dir='ltr'>voluntatis</span> <span class='ocrx_word' id='word_1_276' title='bbox 2042 1999 2151 2064; x_wconf 89' lang='lat' dir='ltr'>est,</span> <span class='ocrx_word' id='word_1_277' title='bbox 2183 1994 2418 2052; x_wconf 80' lang='lat' dir='ltr'>scilicet</span> <span class='ocrx_word' id='word_1_278' title='bbox 2455 1996 2696 2069; x_wconf 79' lang='lat' dir='ltr'>quando</span> 
     </span>
     <span class='ocr_line' id='line_1_26' title="bbox 268 2063 2700 2138; baseline 0.001 -18"><span class='ocrx_word' id='word_1_279' title='bbox 268 2064 549 2125; x_wconf 80' lang='lat' dir='ltr'>voluntas</span> <span class='ocrx_word' id='word_1_280' title='bbox 576 2063 852 2122; x_wconf 77' lang='lat' dir='ltr'>effectum</span> <span class='ocrx_word' id='word_1_281' title='bbox 884 2077 1020 2124; x_wconf 87' lang='lat' dir='ltr'>esse</span> <span class='ocrx_word' id='word_1_282' title='bbox 1051 2063 1335 2136; x_wconf 83' lang='lat' dir='ltr'>disponit.</span> <span class='ocrx_word' id='word_1_283' title='bbox 1367 2067 1432 2120; x_wconf 86' lang='lat' dir='ltr'>ln</span> <span class='ocrx_word' id='word_1_284' title='bbox 1460 2064 1561 2122; x_wconf 87' lang='lat' dir='ltr'>his</span> <span class='ocrx_word' id='word_1_285' title='bbox 1605 2069 1806 2124; x_wconf 84' lang='lat' dir='ltr'>autem</span> <span class='ocrx_word' id='word_1_286' title='bbox 1848 2079 1981 2138; x_wconf 82' lang='lat' dir='ltr'>quae</span> <span class='ocrx_word' id='word_1_287' title='bbox 2028 2079 2064 2122; x_wconf 88' lang='lat' dir='ltr'>a</span> <span class='ocrx_word' id='word_1_288' title='bbox 2110 2079 2294 2123; x_wconf 86' lang='lat' dir='ltr'>causa</span> <span class='ocrx_word' id='word_1_289' title='bbox 2348 2066 2700 2125; x_wconf 83' lang='lat' dir='ltr'>naturaliter</span> 
     </span>
     <span class='ocr_line' id='line_1_27' title="bbox 265 2133 2701 2216; baseline 0.002 -22"><span class='ocrx_word' id='word_1_290' title='bbox 265 2141 484 2208; x_wconf 81' lang='lat' dir='ltr'>agente</span> <span class='ocrx_word' id='word_1_291' title='bbox 556 2135 865 2206; x_wconf 75' lang='lat' dir='ltr'>ronedum,</span> <span class='ocrx_word' id='word_1_292' title='bbox 894 2148 1074 2196; x_wconf 88' lang='lat' dir='ltr'>secus</span> <span class='ocrx_word' id='word_1_293' title='bbox 1102 2140 1216 2204; x_wconf 84' lang='lat' dir='ltr'>est,</span> <span class='ocrx_word' id='word_1_294' title='bbox 1247 2133 1390 2216; x_wconf 75' lang='lat' dir='ltr'>quia</span> <span class='ocrx_word' id='word_1_295' title='bbox 1417 2135 1573 2192; x_wconf 85' lang='lat' dir='ltr'>actio</span> <span class='ocrx_word' id='word_1_296' title='bbox 1600 2141 1827 2193; x_wconf 82' lang='lat' dir='ltr'>naturae</span> <span class='ocrx_word' id='word_1_297' title='bbox 1856 2141 1967 2205; x_wconf 89' lang='lat' dir='ltr'>est,</span> <span class='ocrx_word' id='word_1_298' title='bbox 2000 2135 2330 2194; x_wconf 86' lang='lat' dir='ltr'>secundum</span> <span class='ocrx_word' id='word_1_299' title='bbox 2361 2136 2521 2208; x_wconf 87' lang='lat' dir='ltr'>quod</span> <span class='ocrx_word' id='word_1_300' title='bbox 2566 2138 2701 2212; x_wconf 77' lang='lat' dir='ltr'>ipsa</span> 
     </span>
     <span class='ocr_line' id='line_1_28' title="bbox 268 2203 2699 2281; baseline -0 -15"><span class='ocrx_word' id='word_1_301' title='bbox 268 2209 380 2266; x_wconf 82' lang='lat' dir='ltr'>est.</span> <span class='ocrx_word' id='word_1_302' title='bbox 412 2208 499 2264; x_wconf 86' lang='lat' dir='ltr'>Un</span> <span class='ocrx_word' id='word_1_303' title='bbox 548 2220 580 2262; x_wconf 91' lang='lat' dir='ltr'>e</span> <span class='ocrx_word' id='word_1_304' title='bbox 610 2205 680 2263; x_wconf 86' lang='lat' dir='ltr'>ad</span> <span class='ocrx_word' id='word_1_305' title='bbox 710 2219 844 2266; x_wconf 86' lang='lat' dir='ltr'>esse</span> <span class='ocrx_word' id='word_1_306' title='bbox 873 2219 1070 2265; x_wconf 82' lang='lat' dir='ltr'>causae</span> <span class='ocrx_word' id='word_1_307' title='bbox 1098 2219 1269 2280; x_wconf 83' lang='lat' dir='ltr'>sequi</span> <span class='ocrx_word' id='word_1_308' title='bbox 1299 2209 1533 2276; x_wconf 85' lang='lat' dir='ltr'>oportet</span> <span class='ocrx_word' id='word_1_309' title='bbox 1560 2203 1858 2264; x_wconf 82' lang='lat' dir='ltr'>effectum.</span> <span class='ocrx_word' id='word_1_310' title='bbox 1893 2207 2176 2265; x_wconf 78' lang='lat' dir='ltr'>voluntas</span> <span class='ocrx_word' id='word_1_311' title='bbox 2195 2213 2393 2264; x_wconf 87' lang='lat' dir='ltr'>autem</span> <span class='ocrx_word' id='word_1_312' title='bbox 2419 2206 2545 2281; x_wconf 82' lang='lat' dir='ltr'>agit</span> <span class='ocrx_word' id='word_1_313' title='bbox 2569 2221 2699 2265; x_wconf 85' lang='lat' dir='ltr'>non</span> 
     </span>
     <span class='ocr_line' id='line_1_29' title="bbox 266 2276 2695 2350; baseline 0 -14"><span class='ocrx_word' id='word_1_314' title='bbox 266 2276 600 2336; x_wconf 80' lang='lat' dir='ltr'>secundum</span> <span class='ocrx_word' id='word_1_315' title='bbox 632 2276 877 2336; x_wconf 87' lang='lat' dir='ltr'>modum</span> <span class='ocrx_word' id='word_1_316' title='bbox 901 2277 999 2335; x_wconf 88' lang='lat' dir='ltr'>sui</span> <span class='ocrx_word' id='word_1_317' title='bbox 1024 2290 1181 2346; x_wconf 88' lang='lat' dir='ltr'>csse,</span> <span class='ocrx_word' id='word_1_318' title='bbox 1213 2276 1319 2333; x_wconf 90' lang='lat' dir='ltr'>sed</span> <span class='ocrx_word' id='word_1_319' title='bbox 1345 2276 1676 2334; x_wconf 87' lang='lat' dir='ltr'>secundum</span> <span class='ocrx_word' id='word_1_320' title='bbox 1707 2276 1950 2334; x_wconf 89' lang='lat' dir='ltr'>modum</span> <span class='ocrx_word' id='word_1_321' title='bbox 1984 2277 2080 2334; x_wconf 88' lang='lat' dir='ltr'>sui</span> <span class='ocrx_word' id='word_1_322' title='bbox 2107 2276 2443 2350; x_wconf 86' lang='lat' dir='ltr'>propositi:</span> <span class='ocrx_word' id='word_1_323' title='bbox 2476 2282 2536 2335; x_wconf 86' lang='lat' dir='ltr'>et</span> <span class='ocrx_word' id='word_1_324' title='bbox 2557 2278 2695 2338; x_wconf 86' lang='lat' dir='ltr'>ideo</span> 
     </span>
     <span class='ocr_line' id='line_1_30' title="bbox 268 2344 2694 2420; baseline 0 -12"><span class='ocrx_word' id='word_1_325' title='bbox 268 2346 429 2408; x_wconf 79' lang='lat' dir='ltr'>sicut</span> <span class='ocrx_word' id='word_1_326' title='bbox 457 2344 706 2406; x_wconf 73' lang='lat' dir='ltr'>effectus</span> <span class='ocrx_word' id='word_1_327' title='bbox 737 2347 1028 2406; x_wconf 77' lang='lat' dir='ltr'>naturalis</span> <span class='ocrx_word' id='word_1_328' title='bbox 1057 2347 1294 2420; x_wconf 84' lang='lat' dir='ltr'>agentis</span> <span class='ocrx_word' id='word_1_329' title='bbox 1323 2346 1596 2420; x_wconf 88' lang='lat' dir='ltr'>sequitur</span> <span class='ocrx_word' id='word_1_330' title='bbox 1633 2359 1770 2405; x_wconf 88' lang='lat' dir='ltr'>esse</span> <span class='ocrx_word' id='word_1_331' title='bbox 1818 2346 2074 2418; x_wconf 83' lang='lat' dir='ltr'>agentis,</span> <span class='ocrx_word' id='word_1_332' title='bbox 2120 2348 2173 2405; x_wconf 91' lang='lat' dir='ltr'>si</span> <span class='ocrx_word' id='word_1_333' title='bbox 2213 2348 2293 2405; x_wconf 88' lang='lat' dir='ltr'>sit</span> <span class='ocrx_word' id='word_1_334' title='bbox 2341 2347 2694 2419; x_wconf 80' lang='lat' dir='ltr'>sufficiens3</span> 
     </span>
     <span class='ocr_line' id='line_1_31' title="bbox 267 2416 2361 2490; baseline -0.001 -12"><span class='ocrx_word' id='word_1_335' title='bbox 267 2418 354 2478; x_wconf 77' lang='lat' dir='ltr'>ita</span> <span class='ocrx_word' id='word_1_336' title='bbox 381 2416 634 2478; x_wconf 80' lang='lat' dir='ltr'>effectus</span> <span class='ocrx_word' id='word_1_337' title='bbox 662 2417 897 2490; x_wconf 85' lang='lat' dir='ltr'>agentis</span> <span class='ocrx_word' id='word_1_338' title='bbox 924 2432 1029 2489; x_wconf 89' lang='lat' dir='ltr'>per</span> <span class='ocrx_word' id='word_1_339' title='bbox 1058 2418 1443 2479; x_wconf 76' lang='lat' dir='ltr'>voluntatem.</span> <span class='ocrx_word' id='word_1_340' title='bbox 1476 2417 1748 2488; x_wconf 84' lang='lat' dir='ltr'>sequitur</span> <span class='ocrx_word' id='word_1_341' title='bbox 1773 2416 2020 2474; x_wconf 90' lang='lat' dir='ltr'>modum</span> <span class='ocrx_word' id='word_1_342' title='bbox 2045 2417 2361 2489; x_wconf 84' lang='lat' dir='ltr'>propositi.</span> 
     </span>
    </p>

    <p class='ocr_par' dir='ltr' id='par_1_4' title="bbox 268 2486 2699 2898">
     <span class='ocr_line' id='line_1_32' title="bbox 336 2486 2692 2563; baseline -0 -14"><span class='ocrx_word' id='word_1_343' title='bbox 336 2490 424 2549; x_wconf 80' lang='lat' dir='ltr'>Ex</span> <span class='ocrx_word' id='word_1_344' title='bbox 452 2488 550 2549; x_wconf 81' lang='lat' dir='ltr'>his</span> <span class='ocrx_word' id='word_1_345' title='bbox 581 2489 758 2547; x_wconf 87' lang='lat' dir='ltr'>etiam</span> <span class='ocrx_word' id='word_1_346' title='bbox 809 2493 989 2561; x_wconf 86' lang='lat' dir='ltr'>patet,</span> <span class='ocrx_word' id='word_1_347' title='bbox 1038 2487 1199 2563; x_wconf 82' lang='lat' dir='ltr'>quod</span> <span class='ocrx_word' id='word_1_348' title='bbox 1243 2486 1459 2547; x_wconf 83' lang='lat' dir='ltr'>divinae</span> <span class='ocrx_word' id='word_1_349' title='bbox 1502 2487 1828 2547; x_wconf 77' lang='lat' dir='ltr'>voluntatis</span> <span class='ocrx_word' id='word_1_350' title='bbox 1871 2501 1994 2546; x_wconf 90' lang='lat' dir='ltr'>non</span> <span class='ocrx_word' id='word_1_351' title='bbox 2041 2488 2376 2547; x_wconf 81' lang='lat' dir='ltr'>retardatur</span> <span class='ocrx_word' id='word_1_352' title='bbox 2422 2486 2692 2561; x_wconf 77' lang='lat' dir='ltr'>effectuS,</span> 
     </span>
     <span class='ocr_line' id='line_1_33' title="bbox 268 2558 2698 2633; baseline -0.001 -12"><span class='ocrx_word' id='word_1_353' title='bbox 268 2560 546 2633; x_wconf 80' lang='lat' dir='ltr'>quamvis</span> <span class='ocrx_word' id='word_1_354' title='bbox 574 2573 695 2618; x_wconf 92' lang='lat' dir='ltr'>non</span> <span class='ocrx_word' id='word_1_355' title='bbox 722 2574 959 2631; x_wconf 87' lang='lat' dir='ltr'>semper</span> <span class='ocrx_word' id='word_1_356' title='bbox 987 2560 1186 2627; x_wconf 84' lang='lat' dir='ltr'>suerit,</span> <span class='ocrx_word' id='word_1_357' title='bbox 1214 2560 1520 2617; x_wconf 80' lang='lat' dir='ltr'>voluntate</span> <span class='ocrx_word' id='word_1_358' title='bbox 1549 2561 1864 2628; x_wconf 84' lang='lat' dir='ltr'>existente,</span> <span class='ocrx_word' id='word_1_359' title='bbox 1905 2565 1972 2616; x_wconf 89' lang='lat' dir='ltr'>ut</span> <span class='ocrx_word' id='word_1_360' title='bbox 2021 2564 2233 2633; x_wconf 83' lang='lat' dir='ltr'>quarta</span> <span class='ocrx_word' id='word_1_361' title='bbox 2275 2558 2428 2617; x_wconf 80' lang='lat' dir='ltr'>ratio</span> <span class='ocrx_word' id='word_1_362' title='bbox 2475 2573 2698 2633; x_wconf 86' lang='lat' dir='ltr'>suppo-</span> 
     </span>
     <span class='ocr_line' id='line_1_34' title="bbox 268 2627 2698 2703; baseline 0 -14"><span class='ocrx_word' id='word_1_363' title='bbox 268 2630 468 2689; x_wconf 85' lang='lat' dir='ltr'>nebat.</span> <span class='ocrx_word' id='word_1_364' title='bbox 496 2633 644 2689; x_wconf 78' lang='lat' dir='ltr'>Nam</span> <span class='ocrx_word' id='word_1_365' title='bbox 675 2631 788 2689; x_wconf 86' lang='lat' dir='ltr'>sub</span> <span class='ocrx_word' id='word_1_366' title='bbox 818 2631 1126 2689; x_wconf 79' lang='lat' dir='ltr'>voluntate</span> <span class='ocrx_word' id='word_1_367' title='bbox 1155 2628 1356 2687; x_wconf 76' lang='lat' dir='ltr'>divina</span> <span class='ocrx_word' id='word_1_368' title='bbox 1379 2629 1538 2686; x_wconf 90' lang='lat' dir='ltr'>cadit</span> <span class='ocrx_word' id='word_1_369' title='bbox 1562 2642 1684 2689; x_wconf 89' lang='lat' dir='ltr'>non</span> <span class='ocrx_word' id='word_1_370' title='bbox 1717 2629 1915 2687; x_wconf 87' lang='lat' dir='ltr'>sotum</span> <span class='ocrx_word' id='word_1_371' title='bbox 1954 2629 2113 2701; x_wconf 87' lang='lat' dir='ltr'>quod</span> <span class='ocrx_word' id='word_1_372' title='bbox 2154 2629 2285 2702; x_wconf 91' lang='lat' dir='ltr'>ejus</span> <span class='ocrx_word' id='word_1_373' title='bbox 2315 2627 2563 2688; x_wconf 81' lang='lat' dir='ltr'>effectus</span> <span class='ocrx_word' id='word_1_374' title='bbox 2592 2631 2698 2703; x_wconf 85' lang='lat' dir='ltr'>sit,</span> 
     </span>
     <span class='ocr_line' id='line_1_35' title="bbox 271 2698 2699 2775; baseline 0.001 -16"><span class='ocrx_word' id='word_1_375' title='bbox 271 2702 377 2759; x_wconf 89' lang='lat' dir='ltr'>sed</span> <span class='ocrx_word' id='word_1_376' title='bbox 404 2701 565 2774; x_wconf 86' lang='lat' dir='ltr'>quod</span> <span class='ocrx_word' id='word_1_377' title='bbox 595 2711 734 2760; x_wconf 89' lang='lat' dir='ltr'>tunc</span> <span class='ocrx_word' id='word_1_378' title='bbox 762 2701 862 2759; x_wconf 87' lang='lat' dir='ltr'>sit.</span> <span class='ocrx_word' id='word_1_379' title='bbox 896 2703 1017 2759; x_wconf 81' lang='lat' dir='ltr'>Hoc</span> <span class='ocrx_word' id='word_1_380' title='bbox 1042 2701 1227 2775; x_wconf 84' lang='lat' dir='ltr'>igitur</span> <span class='ocrx_word' id='word_1_381' title='bbox 1253 2700 1525 2770; x_wconf 83' lang='lat' dir='ltr'>volitum,</span> <span class='ocrx_word' id='word_1_382' title='bbox 1559 2698 1717 2771; x_wconf 83' lang='lat' dir='ltr'>quod</span> <span class='ocrx_word' id='word_1_383' title='bbox 1749 2704 1841 2756; x_wconf 87' lang='lat' dir='ltr'>est</span> <span class='ocrx_word' id='word_1_384' title='bbox 1867 2705 2010 2757; x_wconf 87' lang='lat' dir='ltr'>tunc</span> <span class='ocrx_word' id='word_1_385' title='bbox 2038 2705 2371 2759; x_wconf 84' lang='lat' dir='ltr'>creaturam</span> <span class='ocrx_word' id='word_1_386' title='bbox 2395 2713 2551 2771; x_wconf 87' lang='lat' dir='ltr'>csse,</span> <span class='ocrx_word' id='word_1_387' title='bbox 2573 2715 2699 2761; x_wconf 80' lang='lat' dir='ltr'>non</span> 
     </span>
     <span class='ocr_line' id='line_1_36' title="bbox 268 2769 2697 2898; baseline 0.001 -67"><span class='ocrx_word' id='word_1_388' title='bbox 268 2772 635 2898; x_wconf 41' lang='lat' dir='ltr'>rotari-{atum</span> <span class='ocrx_word' id='word_1_389' title='bbox 667 2771 811 2846; x_wconf 85' lang='lat' dir='ltr'>quia</span> <span class='ocrx_word' id='word_1_390' title='bbox 836 2776 980 2830; x_wconf 88' lang='lat' dir='ltr'>tunc</span> <span class='ocrx_word' id='word_1_391' title='bbox 1006 2770 1221 2843; x_wconf 82' lang='lat' dir='ltr'>incipit</span> <span class='ocrx_word' id='word_1_392' title='bbox 1246 2773 1518 2829; x_wconf 82' lang='lat' dir='ltr'>creatura</span> <span class='ocrx_word' id='word_1_393' title='bbox 1546 2783 1701 2839; x_wconf 87' lang='lat' dir='ltr'>esse,</span> <span class='ocrx_word' id='word_1_394' title='bbox 1732 2769 1974 2845; x_wconf 83' lang='lat' dir='ltr'>quando</span> <span class='ocrx_word' id='word_1_395' title='bbox 2016 2771 2175 2831; x_wconf 82' lang='lat' dir='ltr'>Deus</span> <span class='ocrx_word' id='word_1_396' title='bbox 2203 2769 2277 2830; x_wconf 79' lang='lat' dir='ltr'>ab</span> <span class='ocrx_word' id='word_1_397' title='bbox 2322 2775 2547 2832; x_wconf 74' lang='lat' dir='ltr'>aetcrno</span> <span class='ocrx_word' id='word_1_398' title='bbox 2573 2771 2697 2833; x_wconf 77' lang='lat' dir='ltr'>dis-</span> 
     </span>
    </p>

    <p class='ocr_par' dir='ltr' id='par_1_5' title="bbox 268 2856 2702 3196">
     <span class='ocr_line' id='line_1_37' title="bbox 350 2856 494 2901; baseline 0 0"><span class='ocrx_word' id='word_1_399' title='bbox 350 2856 445 2901; x_wconf 88' lang='lat' dir='ltr'>sui</span> <span class='ocrx_word' id='word_1_400' title='bbox 479 2886 494 2901; x_wconf 93' lang='lat'>.</span> 
     </span>
     <span class='ocr_line' id='line_1_38' title="bbox 269 2856 2700 2987; baseline 0.002 -16"><span class='ocrx_word' id='word_1_401' title='bbox 269 2856 474 2971; x_wconf 57' lang='lat' dir='ltr'>quNon</span> <span class='ocrx_word' id='word_1_402' title='bbox 505 2918 598 2971; x_wconf 85' lang='lat' dir='ltr'>est</span> <span class='ocrx_word' id='word_1_403' title='bbox 619 2917 838 2981; x_wconf 83' lang='lat' dir='ltr'>autem,</span> <span class='ocrx_word' id='word_1_404' title='bbox 856 2917 994 2971; x_wconf 82' lang='lat' dir='ltr'>ante</span> <span class='ocrx_word' id='word_1_405' title='bbox 1008 2911 1198 2971; x_wconf 82' lang='lat' dir='ltr'>totius</span> <span class='ocrx_word' id='word_1_406' title='bbox 1219 2915 1504 2969; x_wconf 82' lang='lat' dir='ltr'>creaturae</span> <span class='ocrx_word' id='word_1_407' title='bbox 1526 2910 1995 2981; x_wconf 79' lang='lat' dir='ltr'>inchoationem,</span> <span class='ocrx_word' id='word_1_408' title='bbox 2015 2909 2416 2973; x_wconf 81' lang='lat' dir='ltr'>diversitatem</span> <span class='ocrx_word' id='word_1_409' title='bbox 2435 2912 2700 2987; x_wconf 79' lang='lat' dir='ltr'>aliquam</span> 
     </span>
     <span class='ocr_line' id='line_1_39' title="bbox 268 2981 2702 3057; baseline -0 -14"><span class='ocrx_word' id='word_1_410' title='bbox 268 2985 529 3057; x_wconf 79' lang='lat' dir='ltr'>partium</span> <span class='ocrx_word' id='word_1_411' title='bbox 561 2983 818 3056; x_wconf 87' lang='lat' dir='ltr'>alicujus</span> <span class='ocrx_word' id='word_1_412' title='bbox 849 2983 1185 3043; x_wconf 86' lang='lat' dir='ltr'>durationis</span> <span class='ocrx_word' id='word_1_413' title='bbox 1213 2982 1504 3057; x_wconf 86' lang='lat' dir='ltr'>accipere,</span> <span class='ocrx_word' id='word_1_414' title='bbox 1540 2981 1692 3041; x_wconf 82' lang='lat' dir='ltr'>utin</span> <span class='ocrx_word' id='word_1_415' title='bbox 1720 2982 1930 3055; x_wconf 78' lang='lat' dir='ltr'>quinta</span> <span class='ocrx_word' id='word_1_416' title='bbox 1957 2984 2189 3043; x_wconf 88' lang='lat' dir='ltr'>ratione</span> <span class='ocrx_word' id='word_1_417' title='bbox 2215 2998 2288 3045; x_wconf 86' lang='lat' dir='ltr'>su</span> <span class='ocrx_word' id='word_1_418' title='bbox 2332 2984 2702 3056; x_wconf 70' lang='lat' dir='ltr'>ponebam-3</span> 
     </span>
     <span class='ocr_line' id='line_1_40' title="bbox 273 3053 2702 3128; baseline 0.002 -17"><span class='ocrx_word' id='word_1_419' title='bbox 273 3068 411 3112; x_wconf 83' lang='lat' dir='ltr'>nam</span> <span class='ocrx_word' id='word_1_420' title='bbox 444 3054 596 3111; x_wconf 83' lang='lat' dir='ltr'>nihil</span> <span class='ocrx_word' id='word_1_421' title='bbox 624 3067 965 3112; x_wconf 81' lang='lat' dir='ltr'>mensnram</span> <span class='ocrx_word' id='word_1_422' title='bbox 996 3067 1119 3111; x_wconf 92' lang='lat' dir='ltr'>non</span> <span class='ocrx_word' id='word_1_423' title='bbox 1148 3053 1346 3123; x_wconf 80' lang='lat' dir='ltr'>habet,</span> <span class='ocrx_word' id='word_1_424' title='bbox 1376 3066 1487 3110; x_wconf 91' lang='lat' dir='ltr'>nec</span> <span class='ocrx_word' id='word_1_425' title='bbox 1515 3053 1912 3111; x_wconf 88' lang='lat' dir='ltr'>durationem.</span> <span class='ocrx_word' id='word_1_426' title='bbox 1935 3054 2039 3111; x_wconf 81' lang='lat' dir='ltr'>Dei</span> <span class='ocrx_word' id='word_1_427' title='bbox 2061 3059 2259 3112; x_wconf 87' lang='lat' dir='ltr'>autem</span> <span class='ocrx_word' id='word_1_428' title='bbox 2327 3055 2539 3121; x_wconf 70' lang='lat' dir='ltr'>irratio,</span> <span class='ocrx_word' id='word_1_429' title='bbox 2567 3069 2702 3128; x_wconf 73' lang='lat' dir='ltr'>quae</span> 
     </span>
     <span class='ocr_line' id='line_1_41' title="bbox 273 3123 2699 3196; baseline 0 -14"><span class='ocrx_word' id='word_1_430' title='bbox 273 3131 367 3184; x_wconf 90' lang='lat' dir='ltr'>est</span> <span class='ocrx_word' id='word_1_431' title='bbox 393 3125 718 3193; x_wconf 80' lang='lat' dir='ltr'>aeternitaS‚</span> <span class='ocrx_word' id='word_1_432' title='bbox 749 3137 870 3182; x_wconf 91' lang='lat' dir='ltr'>non</span> <span class='ocrx_word' id='word_1_433' title='bbox 897 3124 1077 3182; x_wconf 84' lang='lat' dir='ltr'>babet</span> <span class='ocrx_word' id='word_1_434' title='bbox 1116 3131 1337 3195; x_wconf 88' lang='lat' dir='ltr'>partes,</span> <span class='ocrx_word' id='word_1_435' title='bbox 1385 3123 1491 3182; x_wconf 88' lang='lat' dir='ltr'>sed</span> <span class='ocrx_word' id='word_1_436' title='bbox 1538 3128 1631 3181; x_wconf 87' lang='lat' dir='ltr'>est</span> <span class='ocrx_word' id='word_1_437' title='bbox 1679 3124 1935 3196; x_wconf 86' lang='lat' dir='ltr'>simplex</span> <span class='ocrx_word' id='word_1_438' title='bbox 1978 3125 2249 3195; x_wconf 89' lang='lat' dir='ltr'>omnino,</span> <span class='ocrx_word' id='word_1_439' title='bbox 2295 3139 2417 3183; x_wconf 90' lang='lat' dir='ltr'>non</span> <span class='ocrx_word' id='word_1_440' title='bbox 2469 3126 2699 3183; x_wconf 82' lang='lat' dir='ltr'>habens</span> 
     </span>
    </p>

    <p class='ocr_par' dir='ltr' id='par_1_6' title="bbox 314 3193 2696 3278">
     <span class='ocr_line' id='line_1_42' title="bbox 314 3193 2696 3278; baseline 0 -25"><span class='ocrx_word' id='word_1_441' title='bbox 314 3195 442 3254; x_wconf 90' lang='lat' dir='ltr'>rius</span> <span class='ocrx_word' id='word_1_442' title='bbox 472 3201 531 3253; x_wconf 91' lang='lat' dir='ltr'>et</span> <span class='ocrx_word' id='word_1_443' title='bbox 554 3197 877 3278; x_wconf 88' lang='lat' dir='ltr'>posterius,</span> <span class='ocrx_word' id='word_1_444' title='bbox 919 3209 1055 3252; x_wconf 86' lang='lat' dir='ltr'>cum</span> <span class='ocrx_word' id='word_1_445' title='bbox 1101 3197 1260 3252; x_wconf 91' lang='lat' dir='ltr'>Deus</span> <span class='ocrx_word' id='word_1_446' title='bbox 1313 3194 1391 3251; x_wconf 88' lang='lat' dir='ltr'>sit</span> <span class='ocrx_word' id='word_1_447' title='bbox 1448 3193 1798 3259; x_wconf 86' lang='lat' dir='ltr'>immobilis,</span> <span class='ocrx_word' id='word_1_448' title='bbox 1833 3194 1894 3267; x_wconf 92' lang='lat' dir='ltr'>(l.</span> <span class='ocrx_word' id='word_1_449' title='bbox 1924 3207 1969 3264; x_wconf 89' lang='lat'>1,</span> <span class='ocrx_word' id='word_1_450' title='bbox 1996 3210 2050 3254; x_wconf 91' lang='lat' dir='ltr'>c.</span> <span class='ocrx_word' id='word_1_451' title='bbox 2096 3195 2183 3268; x_wconf 71' lang='lat'>15)</span> <span class='ocrx_word' id='word_1_452' title='bbox 2227 3201 2539 3254; x_wconf 88' lang='lat' dir='ltr'>ostensum</span> <span class='ocrx_word' id='word_1_453' title='bbox 2582 3201 2696 3254; x_wconf 88' lang='lat' dir='ltr'>est.</span> 
     </span>
    </p>

    <p class='ocr_par' dir='ltr' id='par_1_7' title="bbox 266 3264 2790 4471">
     <span class='ocr_line' id='line_1_43' title="bbox 322 3264 2701 3340; baseline 0 -16"><span class='ocrx_word' id='word_1_454' title='bbox 322 3280 401 3324; x_wconf 90' lang='lat' dir='ltr'>on</span> <span class='ocrx_word' id='word_1_455' title='bbox 433 3272 528 3325; x_wconf 87' lang='lat' dir='ltr'>est</span> <span class='ocrx_word' id='word_1_456' title='bbox 554 3267 739 3339; x_wconf 83' lang='lat' dir='ltr'>igitur</span> <span class='ocrx_word' id='word_1_457' title='bbox 767 3279 1112 3337; x_wconf 85' lang='lat' dir='ltr'>comparare</span> <span class='ocrx_word' id='word_1_458' title='bbox 1142 3264 1600 3325; x_wconf 66' lang='lat' dir='ltr'>inchoationem·</span> <span class='ocrx_word' id='word_1_459' title='bbox 1614 3265 1801 3325; x_wconf 75' lang='lat' dir='ltr'>totius</span> <span class='ocrx_word' id='word_1_460' title='bbox 1831 3270 2115 3324; x_wconf 84' lang='lat' dir='ltr'>creaturae</span> <span class='ocrx_word' id='word_1_461' title='bbox 2136 3265 2211 3324; x_wconf 84' lang='lat' dir='ltr'>ad</span> <span class='ocrx_word' id='word_1_462' title='bbox 2240 3266 2442 3340; x_wconf 82' lang='lat' dir='ltr'>aliqua</span> <span class='ocrx_word' id='word_1_463' title='bbox 2464 3265 2701 3325; x_wconf 82' lang='lat' dir='ltr'>diversa</span> 
     </span>
     <span class='ocr_line' id='line_1_44' title="bbox 274 3335 2702 3410; baseline -0.001 -15"><span class='ocrx_word' id='word_1_464' title='bbox 274 3337 516 3410; x_wconf 86' lang='lat' dir='ltr'>signata</span> <span class='ocrx_word' id='word_1_465' title='bbox 540 3337 602 3394; x_wconf 87' lang='lat' dir='ltr'>in</span> <span class='ocrx_word' id='word_1_466' title='bbox 638 3337 840 3409; x_wconf 83' lang='lat' dir='ltr'>aliqua</span> <span class='ocrx_word' id='word_1_467' title='bbox 867 3337 1159 3394; x_wconf 86' lang='lat' dir='ltr'>existente</span> <span class='ocrx_word' id='word_1_468' title='bbox 1188 3349 1491 3404; x_wconf 88' lang='lat' dir='ltr'>mensura,</span> <span class='ocrx_word' id='word_1_469' title='bbox 1522 3335 1596 3394; x_wconf 84' lang='lat' dir='ltr'>ad</span> <span class='ocrx_word' id='word_1_470' title='bbox 1622 3350 1755 3407; x_wconf 80' lang='lat' dir='ltr'>quae</span> <span class='ocrx_word' id='word_1_471' title='bbox 1783 3335 2023 3394; x_wconf 87' lang='lat' dir='ltr'>initium</span> <span class='ocrx_word' id='word_1_472' title='bbox 2053 3342 2457 3395; x_wconf 86' lang='lat' dir='ltr'>creaturarum</span> <span class='ocrx_word' id='word_1_473' title='bbox 2484 3336 2702 3395; x_wconf 91' lang='lat' dir='ltr'>simili-</span> 
     </span>
     <span class='ocr_line' id='line_1_45' title="bbox 268 3406 2701 3479; baseline 0 -15"><span class='ocrx_word' id='word_1_474' title='bbox 268 3413 364 3464; x_wconf 85' lang='lat' dir='ltr'>ter</span> <span class='ocrx_word' id='word_1_475' title='bbox 390 3409 486 3465; x_wconf 86' lang='lat' dir='ltr'>vel</span> <span class='ocrx_word' id='word_1_476' title='bbox 534 3407 905 3465; x_wconf 86' lang='lat' dir='ltr'>dissimiliter</span> <span class='ocrx_word' id='word_1_477' title='bbox 942 3420 1008 3465; x_wconf 87' lang='lat' dir='ltr'>se</span> <span class='ocrx_word' id='word_1_478' title='bbox 1048 3407 1247 3479; x_wconf 83' lang='lat' dir='ltr'>possit</span> <span class='ocrx_word' id='word_1_479' title='bbox 1288 3406 1527 3473; x_wconf 80' lang='lat' dir='ltr'>habere,</span> <span class='ocrx_word' id='word_1_480' title='bbox 1569 3411 1640 3465; x_wconf 79' lang='lat' dir='ltr'>ut</span> <span class='ocrx_word' id='word_1_481' title='bbox 1681 3412 1954 3479; x_wconf 84' lang='lat' dir='ltr'>oporteat</span> <span class='ocrx_word' id='word_1_482' title='bbox 1992 3409 2289 3469; x_wconf 74' lang='lat' dir='ltr'>rationein</span> <span class='ocrx_word' id='word_1_483' title='bbox 2341 3420 2478 3467; x_wconf 82' lang='lat' dir='ltr'>esse</span> <span class='ocrx_word' id='word_1_484' title='bbox 2542 3408 2701 3479; x_wconf 87' lang='lat' dir='ltr'>apud</span> 
     </span>
     <span class='ocr_line' id='line_1_46' title="bbox 272 3472 2699 3550; baseline 0 -15"><span class='ocrx_word' id='word_1_485' title='bbox 272 3485 548 3550; x_wconf 86' lang='lat' dir='ltr'>agentem</span> <span class='ocrx_word' id='word_1_486' title='bbox 579 3492 763 3550; x_wconf 82' lang='lat' dir='ltr'>quare</span> <span class='ocrx_word' id='word_1_487' title='bbox 793 3480 855 3534; x_wconf 91' lang='lat' dir='ltr'>in</span> <span class='ocrx_word' id='word_1_488' title='bbox 889 3477 1002 3534; x_wconf 87' lang='lat' dir='ltr'>hoc</span> <span class='ocrx_word' id='word_1_489' title='bbox 1031 3478 1272 3549; x_wconf 83' lang='lat' dir='ltr'>signato</span> <span class='ocrx_word' id='word_1_490' title='bbox 1297 3477 1464 3535; x_wconf 90' lang='lat' dir='ltr'>illius</span> <span class='ocrx_word' id='word_1_491' title='bbox 1491 3472 1828 3535; x_wconf 86' lang='lat' dir='ltr'>durationis</span> <span class='ocrx_word' id='word_1_492' title='bbox 1858 3482 2189 3536; x_wconf 86' lang='lat' dir='ltr'>creaturam</span> <span class='ocrx_word' id='word_1_493' title='bbox 2224 3479 2290 3535; x_wconf 90' lang='lat' dir='ltr'>in</span> <span class='ocrx_word' id='word_1_494' title='bbox 2315 3492 2451 3536; x_wconf 88' lang='lat' dir='ltr'>esse</span> <span class='ocrx_word' id='word_1_495' title='bbox 2480 3477 2699 3549; x_wconf 87' lang='lat' dir='ltr'>produ-</span> 
     </span>
     <span class='ocr_line' id='line_1_47' title="bbox 267 3547 2702 3628; baseline -0 -20"><span class='ocrx_word' id='word_1_496' title='bbox 267 3549 443 3618; x_wconf 79' lang='lat' dir='ltr'>xerit,</span> <span class='ocrx_word' id='word_1_497' title='bbox 474 3555 536 3607; x_wconf 84' lang='lat' dir='ltr'>et</span> <span class='ocrx_word' id='word_1_498' title='bbox 562 3562 684 3607; x_wconf 91' lang='lat' dir='ltr'>non</span> <span class='ocrx_word' id='word_1_499' title='bbox 717 3549 779 3607; x_wconf 88' lang='lat' dir='ltr'>in</span> <span class='ocrx_word' id='word_1_500' title='bbox 810 3547 932 3607; x_wconf 89' lang='lat' dir='ltr'>alio</span> <span class='ocrx_word' id='word_1_501' title='bbox 961 3548 1337 3619; x_wconf 76' lang='lat' dir='ltr'>praecedenti,</span> <span class='ocrx_word' id='word_1_502' title='bbox 1362 3548 1475 3628; x_wconf 61' lang='lat' dir='ltr'>vel,</span> <span class='ocrx_word' id='word_1_503' title='bbox 1544 3618 1555 3628; x_wconf 32' lang='lat'>⁵</span> <span class='ocrx_word' id='word_1_504' title='bbox 1591 3547 1789 3628; x_wconf 79' lang='lat' dir='ltr'>uenti3</span> <span class='ocrx_word' id='word_1_505' title='bbox 1823 3562 1957 3621; x_wconf 78' lang='lat' dir='ltr'>quin</span> <span class='ocrx_word' id='word_1_506' title='bbox 1989 3549 2229 3622; x_wconf 83' lang='lat' dir='ltr'>quidem</span> <span class='ocrx_word' id='word_1_507' title='bbox 2255 3548 2411 3607; x_wconf 79' lang='lat' dir='ltr'>ratio</span> <span class='ocrx_word' id='word_1_508' title='bbox 2440 3549 2702 3623; x_wconf 75' lang='lat' dir='ltr'>require·</span> 
     </span>
     <span class='ocr_line' id='line_1_48' title="bbox 270 3618 2697 3692; baseline 0.002 -15"><span class='ocrx_word' id='word_1_509' title='bbox 270 3624 455 3689; x_wconf 87' lang='lat' dir='ltr'>retur,</span> <span class='ocrx_word' id='word_1_510' title='bbox 484 3620 536 3677; x_wconf 92' lang='lat' dir='ltr'>si</span> <span class='ocrx_word' id='word_1_511' title='bbox 568 3620 772 3692; x_wconf 86' lang='lat' dir='ltr'>aliqua</span> <span class='ocrx_word' id='word_1_512' title='bbox 799 3618 1034 3676; x_wconf 85' lang='lat' dir='ltr'>duratio</span> <span class='ocrx_word' id='word_1_513' title='bbox 1064 3618 1124 3675; x_wconf 90' lang='lat' dir='ltr'>in</span> <span class='ocrx_word' id='word_1_514' title='bbox 1151 3624 1351 3690; x_wconf 89' lang='lat' dir='ltr'>partes</span> <span class='ocrx_word' id='word_1_515' title='bbox 1378 3618 1556 3677; x_wconf 83' lang='lat' dir='ltr'>divisi</span> <span class='ocrx_word' id='word_1_516' title='bbox 1604 3618 1705 3676; x_wconf 77' lang='lat' dir='ltr'>ilis</span> <span class='ocrx_word' id='word_1_517' title='bbox 1731 3624 1895 3677; x_wconf 81' lang='lat' dir='ltr'>esset</span> <span class='ocrx_word' id='word_1_518' title='bbox 1961 3624 2330 3679; x_wconf 74' lang='lat' dir='ltr'>raetertotam</span> <span class='ocrx_word' id='word_1_519' title='bbox 2361 3624 2697 3682; x_wconf 75' lang='lat' dir='ltr'>ereaturam</span> 
     </span>
     <span class='ocr_line' id='line_1_49' title="bbox 268 3688 2700 3765; baseline 0 -18"><span class='ocrx_word' id='word_1_520' title='bbox 268 3689 623 3763; x_wconf 79' lang='lat' dir='ltr'>productam</span> <span class='ocrx_word' id='word_1_521' title='bbox 656 3708 669 3746; x_wconf 92' lang='lat'><strong>:</strong></span> <span class='ocrx_word' id='word_1_522' title='bbox 702 3690 862 3748; x_wconf 78' lang='lat' dir='ltr'>sicut</span> <span class='ocrx_word' id='word_1_523' title='bbox 887 3689 1105 3749; x_wconf 85' lang='lat' dir='ltr'>accidit</span> <span class='ocrx_word' id='word_1_524' title='bbox 1130 3690 1197 3747; x_wconf 88' lang='lat' dir='ltr'>in</span> <span class='ocrx_word' id='word_1_525' title='bbox 1220 3688 1685 3762; x_wconf 85' lang='lat' dir='ltr'>particularibus</span> <span class='ocrx_word' id='word_1_526' title='bbox 1713 3689 1917 3761; x_wconf 75' lang='lat' dir='ltr'>agenti</span> <span class='ocrx_word' id='word_1_527' title='bbox 2004 3703 2060 3759; x_wconf 85' lang='lat' dir='ltr'>s,</span> <span class='ocrx_word' id='word_1_528' title='bbox 2099 3704 2137 3748; x_wconf 83' lang='lat' dir='ltr'>a</span> <span class='ocrx_word' id='word_1_529' title='bbox 2177 3689 2401 3765; x_wconf 84' lang='lat' dir='ltr'>quibus</span> <span class='ocrx_word' id='word_1_530' title='bbox 2425 3689 2700 3762; x_wconf 51' lang='lat' dir='ltr'>produci-⁶</span> 
     </span>
     <span class='ocr_line' id='line_1_50' title="bbox 270 3759 2701 3842; baseline 0.002 -23"><span class='ocrx_word' id='word_1_531' title='bbox 270 3766 370 3819; x_wconf 85' lang='lat' dir='ltr'>tur</span> <span class='ocrx_word' id='word_1_532' title='bbox 400 3760 652 3820; x_wconf 78' lang='lat' dir='ltr'>effectus</span> <span class='ocrx_word' id='word_1_533' title='bbox 674 3761 740 3842; x_wconf 74' lang='lat' dir='ltr'>in</span> <span class='ocrx_word' id='word_1_534' title='bbox 768 3766 1056 3831; x_wconf 83' lang='lat' dir='ltr'>tempore,</span> <span class='ocrx_word' id='word_1_535' title='bbox 1093 3765 1439 3821; x_wconf 79' lang='lat' dir='ltr'>nouantem</span> <span class='ocrx_word' id='word_1_536' title='bbox 1469 3759 1668 3833; x_wconf 87' lang='lat' dir='ltr'>ipsum</span> <span class='ocrx_word' id='word_1_537' title='bbox 1691 3765 1808 3819; x_wconf 84' lang='lat' dir='ltr'>tem</span> <span class='ocrx_word' id='word_1_538' title='bbox 1855 3774 1962 3842; x_wconf 40' lang='lat' dir='ltr'>us..</span> <span class='ocrx_word' id='word_1_539' title='bbox 1982 3762 2139 3819; x_wconf 82' lang='lat' dir='ltr'>Deus</span> <span class='ocrx_word' id='word_1_540' title='bbox 2175 3766 2378 3842; x_wconf 66' lang='lat' dir='ltr'>autem</span> <span class='ocrx_word' id='word_1_541' title='bbox 2427 3760 2608 3823; x_wconf 80' lang='lat' dir='ltr'>simut</span> <span class='ocrx_word' id='word_1_542' title='bbox 2632 3760 2701 3824; x_wconf 77' lang='lat' dir='ltr'>in</span> 
     </span>
     <span class='ocr_line' id='line_1_51' title="bbox 270 3832 2699 3905; baseline 0 -14"><span class='ocrx_word' id='word_1_543' title='bbox 270 3845 405 3891; x_wconf 87' lang='lat' dir='ltr'>esse</span> <span class='ocrx_word' id='word_1_544' title='bbox 435 3832 715 3903; x_wconf 78' lang='lat' dir='ltr'>produxit</span> <span class='ocrx_word' id='word_1_545' title='bbox 738 3836 800 3891; x_wconf 83' lang='lat' dir='ltr'>et</span> <span class='ocrx_word' id='word_1_546' title='bbox 826 3838 1155 3889; x_wconf 80' lang='lat' dir='ltr'>creaturam</span> <span class='ocrx_word' id='word_1_547' title='bbox 1182 3835 1242 3891; x_wconf 85' lang='lat' dir='ltr'>et</span> <span class='ocrx_word' id='word_1_548' title='bbox 1268 3836 1524 3901; x_wconf 81' lang='lat' dir='ltr'>tempus.</span> <span class='ocrx_word' id='word_1_549' title='bbox 1559 3833 1690 3889; x_wconf 85' lang='lat' dir='ltr'>Non</span> <span class='ocrx_word' id='word_1_550' title='bbox 1743 3845 1812 3891; x_wconf 82' lang='lat' dir='ltr'>es</span> <span class='ocrx_word' id='word_1_551' title='bbox 1882 3837 2067 3905; x_wconf 79' lang='lat' dir='ltr'>igitur</span> <span class='ocrx_word' id='word_1_552' title='bbox 2108 3835 2265 3890; x_wconf 83' lang='lat' dir='ltr'>ratio</span> <span class='ocrx_word' id='word_1_553' title='bbox 2309 3845 2492 3903; x_wconf 81' lang='lat' dir='ltr'>quase</span> <span class='ocrx_word' id='word_1_554' title='bbox 2529 3845 2699 3893; x_wconf 79' lang='lat' dir='ltr'>nunc</span> 
     </span>
     <span class='ocr_line' id='line_1_52' title="bbox 272 3901 2703 3975; baseline 0.001 -14"><span class='ocrx_word' id='word_1_555' title='bbox 272 3908 329 3961; x_wconf 90' lang='lat' dir='ltr'>et</span> <span class='ocrx_word' id='word_1_556' title='bbox 356 3916 480 3961; x_wconf 86' lang='lat' dir='ltr'>non</span> <span class='ocrx_word' id='word_1_557' title='bbox 513 3902 680 3974; x_wconf 75' lang='lat' dir='ltr'>prius</span> <span class='ocrx_word' id='word_1_558' title='bbox 709 3901 772 3960; x_wconf 91' lang='lat' dir='ltr'>in</span> <span class='ocrx_word' id='word_1_559' title='bbox 800 3901 918 3961; x_wconf 87' lang='lat' dir='ltr'>boc</span> <span class='ocrx_word' id='word_1_560' title='bbox 946 3901 1405 3970; x_wconf 79' lang='lat' dir='ltr'>consideranda,</span> <span class='ocrx_word' id='word_1_561' title='bbox 1434 3901 1537 3959; x_wconf 90' lang='lat' dir='ltr'>sed</span> <span class='ocrx_word' id='word_1_562' title='bbox 1571 3901 1772 3963; x_wconf 83' lang='lat' dir='ltr'>solum</span> <span class='ocrx_word' id='word_1_563' title='bbox 1817 3915 2005 3975; x_wconf 84' lang='lat' dir='ltr'>quare</span> <span class='ocrx_word' id='word_1_564' title='bbox 2053 3915 2180 3960; x_wconf 80' lang='lat' dir='ltr'>non</span> <span class='ocrx_word' id='word_1_565' title='bbox 2225 3915 2508 3975; x_wconf 78' lang='lat' dir='ltr'>semper:</span> <span class='ocrx_word' id='word_1_566' title='bbox 2537 3903 2703 3963; x_wconf 82' lang='lat' dir='ltr'>sicut</span> 
     </span>
     <span class='ocr_line' id='line_1_53' title="bbox 271 3971 2702 4046; baseline 0.002 -16"><span class='ocrx_word' id='word_1_567' title='bbox 271 3986 376 4046; x_wconf 88' lang='lat' dir='ltr'>per</span> <span class='ocrx_word' id='word_1_568' title='bbox 400 3973 604 4032; x_wconf 87' lang='lat' dir='ltr'>simile</span> <span class='ocrx_word' id='word_1_569' title='bbox 634 3972 697 4031; x_wconf 91' lang='lat' dir='ltr'>in</span> <span class='ocrx_word' id='word_1_570' title='bbox 725 3973 862 4031; x_wconf 83' lang='lat' dir='ltr'>loco</span> <span class='ocrx_word' id='word_1_571' title='bbox 890 3977 1172 4045; x_wconf 81' lang='lat' dir='ltr'>apparet:</span> <span class='ocrx_word' id='word_1_572' title='bbox 1204 3971 1586 4045; x_wconf 84' lang='lat' dir='ltr'>particularia</span> <span class='ocrx_word' id='word_1_573' title='bbox 1607 3971 1770 4031; x_wconf 85' lang='lat' dir='ltr'>enim</span> <span class='ocrx_word' id='word_1_574' title='bbox 1816 3985 2087 4045; x_wconf 84' lang='lat' dir='ltr'>corpora.</span> <span class='ocrx_word' id='word_1_575' title='bbox 2132 3972 2291 4033; x_wconf 83' lang='lat' dir='ltr'>sicut</span> <span class='ocrx_word' id='word_1_576' title='bbox 2325 3974 2390 4033; x_wconf 83' lang='lat' dir='ltr'>in</span> <span class='ocrx_word' id='word_1_577' title='bbox 2435 3978 2554 4035; x_wconf 82' lang='lat' dir='ltr'>tem</span> <span class='ocrx_word' id='word_1_578' title='bbox 2596 3986 2702 4033; x_wconf 74' lang='lat' dir='ltr'>oro</span> 
     </span>
     <span class='ocr_line' id='line_1_54' title="bbox 271 3988 2790 4124; baseline 0 -21"><span class='ocrx_word' id='word_1_579' title='bbox 271 4043 688 4111; x_wconf 77' lang='lat' dir='ltr'>determinato,</span> <span class='ocrx_word' id='word_1_580' title='bbox 718 4043 805 4101; x_wconf 87' lang='lat' dir='ltr'>ita</span> <span class='ocrx_word' id='word_1_581' title='bbox 822 4043 1003 4103; x_wconf 78' lang='lat' dir='ltr'>etiam</span> <span class='ocrx_word' id='word_1_582' title='bbox 1036 4042 1100 4102; x_wconf 86' lang='lat' dir='ltr'>in</span> <span class='ocrx_word' id='word_1_583' title='bbox 1130 4043 1270 4103; x_wconf 78' lang='lat' dir='ltr'>loon</span> <span class='ocrx_word' id='word_1_584' title='bbox 1290 4041 1693 4124; x_wconf 67' lang='lat' dir='ltr'>determinato</span> <span class='ocrx_word' id='word_1_585' title='bbox 1722 4043 2168 4115; x_wconf 76' lang='lat' dir='ltr'>producuntur3</span> <span class='ocrx_word' id='word_1_586' title='bbox 2192 4048 2272 4113; x_wconf 82' lang='lat' dir='ltr'>et,</span> <span class='ocrx_word' id='word_1_587' title='bbox 2301 4044 2449 4116; x_wconf 83' lang='lat' dir='ltr'>quia</span> <span class='ocrx_word' id='word_1_588' title='bbox 2473 3988 2701 4107; x_wconf 53' lang='lat' dir='ltr'>negent</span> <span class='ocrx_word' id='word_1_589' title='bbox 2787 4101 2790 4104; x_wconf 87' lang='lat'>.</span> 
     </span>
     <span class='ocr_line' id='line_1_55' title="bbox 272 4113 2699 4194; baseline 0.001 -21"><span class='ocrx_word' id='word_1_590' title='bbox 272 4120 525 4174; x_wconf 70' lang='lat' dir='ltr'>extr-ase</span> <span class='ocrx_word' id='word_1_591' title='bbox 552 4120 789 4185; x_wconf 85' lang='lat' dir='ltr'>tempus</span> <span class='ocrx_word' id='word_1_592' title='bbox 818 4114 1106 4175; x_wconf 76' lang='lat' dir='ltr'>stlocum</span> <span class='ocrx_word' id='word_1_593' title='bbox 1135 4127 1174 4172; x_wconf 87' lang='lat' dir='ltr'>a</span> <span class='ocrx_word' id='word_1_594' title='bbox 1216 4113 1440 4194; x_wconf 82' lang='lat' dir='ltr'>quibus</span> <span class='ocrx_word' id='word_1_595' title='bbox 1482 4120 1891 4183; x_wconf 84' lang='lat' dir='ltr'>continentur,</span> <span class='ocrx_word' id='word_1_596' title='bbox 1937 4119 2174 4185; x_wconf 85' lang='lat' dir='ltr'>oportet</span> <span class='ocrx_word' id='word_1_597' title='bbox 2211 4128 2349 4174; x_wconf 86' lang='lat' dir='ltr'>esse</span> <span class='ocrx_word' id='word_1_598' title='bbox 2405 4117 2699 4177; x_wconf 81' lang='lat' dir='ltr'>rationem</span> 
     </span>
     <span class='ocr_line' id='line_1_56' title="bbox 310 4183 2776 4263; baseline -0.002 -18"><span class='ocrx_word' id='word_1_599' title='bbox 310 4201 454 4245; x_wconf 87' lang='lat' dir='ltr'>uare</span> <span class='ocrx_word' id='word_1_600' title='bbox 483 4185 682 4257; x_wconf 76' lang='lat' dir='ltr'>magis</span> <span class='ocrx_word' id='word_1_601' title='bbox 712 4185 773 4241; x_wconf 86' lang='lat' dir='ltr'>in</span> <span class='ocrx_word' id='word_1_602' title='bbox 802 4185 1108 4253; x_wconf 76' lang='lat' dir='ltr'>hocloco,</span> <span class='ocrx_word' id='word_1_603' title='bbox 1136 4187 1199 4242; x_wconf 88' lang='lat' dir='ltr'>et</span> <span class='ocrx_word' id='word_1_604' title='bbox 1228 4197 1292 4241; x_wconf 85' lang='lat' dir='ltr'>in</span> <span class='ocrx_word' id='word_1_605' title='bbox 1341 4183 1457 4243; x_wconf 85' lang='lat' dir='ltr'>boc</span> <span class='ocrx_word' id='word_1_606' title='bbox 1502 4188 1625 4243; x_wconf 82' lang='lat' dir='ltr'>tem</span> <span class='ocrx_word' id='word_1_607' title='bbox 1705 4198 1771 4243; x_wconf 84' lang='lat' dir='ltr'>re</span> <span class='ocrx_word' id='word_1_608' title='bbox 1797 4183 2212 4259; x_wconf 82' lang='lat' dir='ltr'>producuntur</span> <span class='ocrx_word' id='word_1_609' title='bbox 2248 4200 2427 4263; x_wconf 77' lang='lat' dir='ltr'>quam</span> <span class='ocrx_word' id='word_1_610' title='bbox 2459 4186 2521 4247; x_wconf 90' lang='lat' dir='ltr'>in</span> <span class='ocrx_word' id='word_1_611' title='bbox 2554 4186 2695 4247; x_wconf 69' lang='lat' dir='ltr'>aiio.</span> <span class='ocrx_word' id='word_1_612' title='bbox 2771 4236 2776 4241; x_wconf 80' lang='grc'>,</span> 
     </span>
     <span class='ocr_line' id='line_1_57' title="bbox 294 4197 2775 4340; baseline -0.001 -24"><span class='ocrx_word' id='word_1_613' title='bbox 294 4270 334 4316; x_wconf 91' lang='lat' dir='ltr'>n</span> <span class='ocrx_word' id='word_1_614' title='bbox 364 4262 495 4315; x_wconf 88' lang='lat' dir='ltr'>toto</span> <span class='ocrx_word' id='word_1_615' title='bbox 524 4262 720 4335; x_wconf 73' lang='lat' dir='ltr'>autem</span> <span class='ocrx_word' id='word_1_616' title='bbox 751 4255 925 4322; x_wconf 87' lang='lat' dir='ltr'>coelo,</span> <span class='ocrx_word' id='word_1_617' title='bbox 953 4261 1120 4336; x_wconf 50' lang='lat' dir='ltr'>eima</span> <span class='ocrx_word' id='word_1_618' title='bbox 1146 4253 1305 4328; x_wconf 78' lang='lat' dir='ltr'>quod</span> <span class='ocrx_word' id='word_1_619' title='bbox 1334 4266 1459 4313; x_wconf 83' lang='lat' dir='ltr'>nnn</span> <span class='ocrx_word' id='word_1_620' title='bbox 1498 4261 1594 4335; x_wconf 77' lang='lat' dir='ltr'>est</span> <span class='ocrx_word' id='word_1_621' title='bbox 1630 4197 1826 4336; x_wconf 57' lang='lat' dir='ltr'>fficus.</span> <span class='ocrx_word' id='word_1_622' title='bbox 1884 4260 1944 4313; x_wconf 87' lang='lat' dir='ltr'>et</span> <span class='ocrx_word' id='word_1_623' title='bbox 1983 4270 2126 4315; x_wconf 84' lang='lat' dir='ltr'>cum</span> <span class='ocrx_word' id='word_1_624' title='bbox 2171 4272 2292 4333; x_wconf 83' lang='lat' dir='ltr'>quo</span> <span class='ocrx_word' id='word_1_625' title='bbox 2341 4255 2699 4338; x_wconf 82' lang='lat' dir='ltr'>universalis</span> <span class='ocrx_word' id='word_1_626' title='bbox 2766 4266 2775 4340; x_wconf 45' lang='grc' dir='ltr'>ἰ·</span> 
     </span>
     <span class='ocr_line' id='line_1_58' title="bbox 267 4324 2700 4401; baseline -0.002 -16"><span class='ocrx_word' id='word_1_627' title='bbox 267 4328 442 4387; x_wconf 88' lang='lat' dir='ltr'>locus</span> <span class='ocrx_word' id='word_1_628' title='bbox 469 4339 742 4385; x_wconf 86' lang='lat' dir='ltr'>omnium</span> <span class='ocrx_word' id='word_1_629' title='bbox 768 4327 1140 4397; x_wconf 83' lang='lat' dir='ltr'>producitur,</span> <span class='ocrx_word' id='word_1_630' title='bbox 1172 4338 1296 4382; x_wconf 92' lang='lat' dir='ltr'>non</span> <span class='ocrx_word' id='word_1_631' title='bbox 1324 4329 1418 4382; x_wconf 90' lang='lat' dir='ltr'>est</span> <span class='ocrx_word' id='word_1_632' title='bbox 1440 4330 1597 4383; x_wconf 78' lang='lat' dir='ltr'>ratio</span> <span class='ocrx_word' id='word_1_633' title='bbox 1640 4324 2080 4385; x_wconf 75' lang='lat' dir='ltr'>conSideranda</span> <span class='ocrx_word' id='word_1_634' title='bbox 2125 4342 2308 4401; x_wconf 79' lang='lat' dir='ltr'>quare</span> <span class='ocrx_word' id='word_1_635' title='bbox 2349 4327 2448 4387; x_wconf 78' lang='lat' dir='ltr'>hic</span> <span class='ocrx_word' id='word_1_636' title='bbox 2488 4332 2548 4387; x_wconf 80' lang='lat' dir='ltr'>et</span> <span class='ocrx_word' id='word_1_637' title='bbox 2575 4337 2700 4382; x_wconf 89' lang='lat' dir='ltr'>non</span> 
     </span>
     <span class='ocr_line' id='line_1_59' title="bbox 266 4392 2768 4471; baseline 0.002 -15"><span class='ocrx_word' id='word_1_638' title='bbox 266 4397 347 4458; x_wconf 88' lang='lat' dir='ltr'>ibi</span> <span class='ocrx_word' id='word_1_639' title='bbox 374 4397 776 4457; x_wconf 85' lang='lat' dir='ltr'>constitutum</span> <span class='ocrx_word' id='word_1_640' title='bbox 806 4401 942 4456; x_wconf 89' lang='lat' dir='ltr'>est:</span> <span class='ocrx_word' id='word_1_641' title='bbox 977 4409 1159 4469; x_wconf 79' lang='lat' dir='ltr'>quam</span> <span class='ocrx_word' id='word_1_642' title='bbox 1200 4395 1497 4455; x_wconf 82' lang='lat' dir='ltr'>rationem</span> <span class='ocrx_word' id='word_1_643' title='bbox 1543 4394 1689 4469; x_wconf 86' lang='lat' dir='ltr'>quia</span> <span class='ocrx_word' id='word_1_644' title='bbox 1718 4392 1963 4469; x_wconf 81' lang='lat' dir='ltr'>quidam</span> <span class='ocrx_word' id='word_1_645' title='bbox 2002 4397 2500 4458; x_wconf 82' lang='lat' dir='ltr'>considerandam</span> <span class='ocrx_word' id='word_1_646' title='bbox 2524 4398 2698 4467; x_wconf 78' lang='lat' dir='ltr'>puta·</span> <span class='ocrx_word' id='word_1_647' title='bbox 2735 4438 2768 4471; x_wconf 58' lang='lat'>,2</span> 
     </span>
    </p>
   </div>
  </div>
 </body>
</html>
