3076 5025
1151 316 1285 372 LIB.
1326 317 1424 386 111,
1463 317 1620 374 GAP.
1655 315 1836 377 XCIV.
2598 321 2700 377 385

261 434 495 494 omnia.
548 437 633 494 Ex
697 450 818 496 una
873 441 1072 496 autem
1137 436 1342 498 divina
1398 437 1797 511 dispositione
1858 442 2056 511 potest
2118 438 2301 498 bomo
2367 440 2443 499 ad
2499 441 2707 501 omnia

260 530 471 605 dirigi.

1231 685 1486 750 CAPUT
1522 686 1740 750 XCIII.

915 879 928 892 i
987 845 1067 892 bn
1101 846 1254 893 FA'ro
1285 851 1300 890 ἓ
1339 847 1424 892 AN
1455 847 1548 893 SIT
1581 848 1659 892 ΕΤ
1694 848 1833 900 olm)
1869 845 1979 893 SIT.

235 1041 240 1045 -
343 1010 430 1067 Ex
450 1006 549 1066 his
576 1012 774 1066 autem
818 1022 949 1081 quae
996 1009 1310 1081 praemissa
1345 1015 1509 1079 sunt,
1529 1014 1776 1091 apparet
1816 1011 1995 1069 etiam
2021 1011 2166 1084 quid
2194 1012 2275 1071 sit
2302 1012 2375 1071 de
2408 1014 2705 1076 fato-sen-

268 1077 563 1138 tiendum.
596 1078 873 1138 videntes
902 1078 1063 1138 enim
1089 1079 1368 1139 homines
1395 1079 1587 1138 multa
1607 1093 1672 1137 in
1702 1080 1817 1138 boc
1845 1082 2072 1140 mundo
2119 1097 2227 1155 per
2252 1082 2533 1144 accidens
2557 1097 2705 1144 con-

268 1149 528 1221 tingere,
556 1150 610 1208 si
639 1163 838 1208 causae
865 1149 1255 1221 particulares
1283 1150 1758 1220 considerentur,
1786 1157 2122 1222 posuerunt
2147 1153 2390 1226 quidam
2410 1155 2571 1227 quod
2592 1168 2706 1216 nec

270 1219 455 1279 etiam
481 1218 555 1278 ab
579 1219 882 1293 aliquibus
899 1220 1312 1292 superioribus
1329 1221 1532 1279 causis
1562 1221 1953 1293 ordinentur;
1980 1228 2040 1281 et
2065 1223 2162 1282 his
2177 1223 2487 1284 videbatur
2512 1226 2702 1286 fatum

264 1289 424 1349 nihil
451 1303 587 1348 esse
635 1291 905 1349 omnino.
931 1291 1185 1359 Quidam
1230 1303 1371 1349 vero
1413 1291 1576 1349 eain
1621 1292 1856 1364 aliquas
1885 1292 2130 1352 altiores
2161 1308 2379 1354 causas
2415 1296 2701 1357 reducere

265 1365 419 1420 sunt
460 1361 682 1432 conati,
722 1375 798 1419 ex
837 1361 1057 1434 quibus
1086 1376 1222 1420 cum
1269 1362 1524 1435 quadam
1567 1362 1661 1443 dis
1705 1363 1964 1422 ositione
2020 1365 2290 1423 ordinate
2336 1368 2702 1438 procedant3

265 1436 330 1490 et
373 1430 436 1488 lii
466 1431 654 1490 satum
733 1438 1044 1502 osuerunt,
1074 1433 1248 1506 quasi
1298 1447 1371 1491 ea
1420 1447 1553 1505 quae
1596 1447 1654 1490 vi
1700 1440 1875 1493 entur
1902 1449 1941 1494 a
1986 1449 2132 1493 casu
2178 1437 2526 1510 contingere
2581 1438 2704 1497 sint

266 1501 344 1561 ab
372 1500 576 1574 aliquo
623 1517 654 1559 e
696 1508 820 1572 ata,
848 1503 975 1561 sive
1002 1502 1347 1575 praelocuta,
1377 1508 1437 1560 et
1460 1504 1861 1575 praeordinata
1889 1511 1958 1563 ut
1978 1511 2204 1564 essent.

341 1572 566 1631 Horum
597 1586 741 1645 ergo
784 1572 1026 1646 quidam
1056 1574 1262 1636 omnia
1302 1587 1434 1646 quae
1487 1574 1589 1633 liic
1633 1574 1915 1634 accidunt
1934 1589 1974 1634 a
2000 1590 2147 1635 casu
2174 1578 2586 1651 contingentia
2607 1589 2704 1638 re-

265 1641 490 1702 ducere
532 1643 732 1701 conati
773 1650 919 1701 sunt
962 1644 1026 1700 in
1080 1643 1349 1703 coelestia
1392 1657 1666 1716 corpora,
1694 1646 1875 1705 etiam
1920 1646 2248 1705 electiones
2300 1648 2595 1709 humanas
2642 1649 2703 1709 vi

264 1713 598 1842 positionis
628 1713 914 1785 siderum,
945 1714 1044 1773 cui
1089 1716 1296 1774 omnia
1323 1729 1459 1774 cum
1486 1715 1745 1788 quadam
1774 1717 2133 1775 necessitate
2173 1718 2348 1778 subdi
2376 1720 2704 1793 ponebant,

297 1789 463 1843 atum
508 1783 899 1856 appellantes,
1014 1798 1062 1843 ae
1090 1784 1331 1858 quidem
1359 1786 1584 1857 positio
1613 1786 2009 1858 impossibilis
2038 1793 2150 1857 est,
2181 1793 2240 1846 et
2275 1803 2311 1846 a
2336 1787 2452 1848 fide
2482 1790 2703 1857 aliena,

271 1859 342 1914 ut
369 1868 445 1912 ex
490 1853 904 1926 superioribus
965 1868 1095 1927 cap.
1123 1860 1189 1913 71
1231 1861 1291 1914 et
1325 1855 1478 1929 seq.)
1505 1860 1685 1927 patet.
1716 1857 1968 1926 Quidam
2013 1870 2154 1915 vero
2197 1857 2261 1916 in
2304 1859 2704 1932 dispositione

275 1923 498 1983 divinae
525 1924 913 1996 providentiae
942 1926 1148 1983 omnia
1172 1925 1456 1984 reducere
1483 1927 1805 1984 voluerunt
1826 1941 2216 2002 quaecumque
2244 1929 2309 1987 in
2330 1931 2427 1988 bis
2452 1930 2704 1989 inferio·

270 1993 448 2054 ribus
475 2008 514 2053 a
541 2007 688 2054 casu
730 1996 1081 2069 contingere
1103 1995 1382 2054 videntur
1411 2015 1427 2054 ε
1453 1998 1614 2055 unde
1627 1997 1847 2077 ‚omnia
1874 1999 1996 2057 fato
2016 1999 2114 2071 agi
2143 1998 2440 2070 dixerunt,
2472 2000 2711 2061 ordina·

271 2065 505 2124 tionem
538 2079 674 2138 quae
702 2071 796 2124 est
817 2065 883 2123 in
927 2065 1108 2125 rebus
1133 2081 1210 2124 ex
1235 2066 1438 2126 divina
1471 2067 1847 2138 providentia
1881 2069 2070 2127 fatum
2094 2071 2516 2141 nominantes;
2545 2071 2711 2130 unde

277 2135 526 2194 Boetius
573 2134 720 2193 dicit
747 2135 873 2209 (lib.
900 2149 968 2194 Π
994 2138 1075 2194 De
1103 2150 1299 2208 cons„
1328 2150 1493 2209 pros.
1521 2142 1579 2208 4,
1604 2153 1663 2211 p.
1690 2138 1819 2220 294)
1860 2139 2024 2212 quod
2067 2139 2251 2199 fatum
2281 2147 2374 2200 est
2399 2142 2709 2201 inhaerens

270 2205 460 2276 rebus
505 2206 835 2272 mobilibus
887 2206 1229 2279 dispositio,
1258 2221 1366 2280 per
1407 2222 1589 2282 quam
1638 2208 2010 2280 providentia
2042 2211 2174 2269 suis
2224 2226 2475 2285 quaeque
2522 2212 2711 2272 nectit

270 2275 615 2336 ordinibus.
641 2279 709 2335 ln
731 2290 850 2350 qua
874 2276 979 2336 feti
1018 2277 1420 2351 descriptione
1449 2279 1768 2360 dispositio
1794 2294 1904 2352 pro
1939 2280 2316 2340 ordinatione
2345 2283 2608 2354 ponitur.
2639 2285 2709 2341 In

269 2347 458 2405 rebus
496 2353 697 2406 autem
725 2348 1029 2407 inhaerens
1069 2349 1313 2420 ponitur
1339 2353 1405 2406 ut
1433 2347 1840 2421 distinguatur
1861 2350 2048 2409 fatum
2074 2365 2112 2409 a
2136 2352 2531 2423 providentia.
2560 2355 2710 2412 Nam

264 2417 408 2489 ipsa
436 2418 755 2486 ordinatiO,
798 2418 1134 2477 secundum
1160 2418 1323 2492 quod
1349 2419 1413 2476 in
1458 2425 1659 2477 mente
1696 2420 1901 2478 divina
1942 2425 2055 2490 est,
2086 2422 2353 2480 nondum
2388 2422 2567 2481 rebus
2595 2423 2709 2480 im·

310 2501 504 2558 ressa,
528 2487 904 2562 providentia
947 2493 1073 2547 est·
1106 2489 1439 2548 secundum
1477 2502 1621 2561 vero
1666 2489 1828 2565 quod
1867 2491 1992 2563 jam
2041 2491 2333 2564 explicata
2376 2493 2441 2551 in
2501 2490 2708 2565 rebus,

293 2566 461 2618 atum
500 2559 867 2619 nominatur.
892 2533 1213 2618 Mobilibus
1256 2564 1467 2641 autem·
1502 2560 1670 2641 dicit,
1695 2565 1762 2619 ut
1802 2561 2080 2619 ostendat
2123 2563 2285 2635 quod
2300 2563 2462 2643 „ordo
2507 2563 2709 2636 provi-

266 2629 487 2688 dentiae
512 2629 693 2687 rebus
721 2630 1191 2702 contingentiam
1223 2634 1281 2687 et
1308 2629 1701 2688 mobilitatem
1730 2643 1854 2690 non
1881 2630 2094 2701 aufert,
2124 2638 2190 2689 ut
2212 2633 2455 2705 quidam
2484 2646 2708 2704 posue-

267 2706 433 2759 runt.
459 2700 799 2759 Secundum
841 2699 998 2758 banc
1022 2710 1168 2781 ergo
1206 2700 1638 2772 acceptionem,
1668 2714 1889 2774 negare
1920 2701 2108 2760 satum
2138 2707 2232 2760 est
2272 2703 2706 2773 providentiam

267 2769 536 2829 divinam
578 2784 819 2844 negare.
850 2769 985 2839 Sed,
1012 2784 1156 2852 quia
1182 2783 1319 2829 cum
1361 2768 1716 2852 infidelibus·
1745 2784 1859 2829 nec
1886 2772 2449 2855 nuominadebemus
2485 2774 2708 2834 habere

267 2842 637 2909 communia,
668 2855 745 2898 ne
773 2855 846 2899 ex
875 2846 1185 2900 consortio
1211 2852 1524 2899 nominum
1551 2845 1747 2913 possit
1775 2855 1944 2922 sumi·
1966 2856 2188 2901 erroris
2215 2857 2479 2914 occasio,
2509 2845 2709 2904 nomi·

265 2925 348 2970 ne
373 2911 478 2969 fati
510 2926 633 2970 non
662 2919 754 2970 est
781 2925 819 2969 a
845 2910 1125 2970 fidelibus
1153 2912 1463 2980 utendum,
1486 2925 1564 2970 ne
1592 2912 1900 2972 videamur
1928 2913 2051 2972 illis
2080 2915 2374 2973 assentire
2414 2916 2517 2987 qui
2547 2915 2707 2976 male

266 2981 344 3041 de
370 2982 492 3040 tato
539 2988 882 3051 senserunt,
911 2983 1117 3040 omnia
1159 2982 1503 3041 necessitati
1553 2982 1817 3041 siderum
1852 2983 2261 3064 subjicientes.
2291 2985 2455 3043 Unde
2473 2990 2709 3060 Augus-

267 3053 440 3111 tinus
462 3053 607 3111 dicit
626 3053 690 3110 in
711 3052 921 3126 quinto
937 3056 1016 3110 De
1036 3055 1187 3110 civit.
1210 3056 1312 3110 Dei
1330 3052 1481 3125 (cap.
1508 3053 1563 3127 t)
1586 3070 1601 3110 :
1631 3073 1661 3104 κ
1678 3054 1737 3112 Si
1763 3054 1900 3127 quis
1918 3060 2216 3125 virtutem,
2236 3056 2330 3115 vel
2349 3061 2708 3129 potestatem

265 3123 377 3180 Dei
405 3123 510 3181 fati
539 3123 783 3181 nomine
812 3123 1050 3195 apellat,
1082 3123 1440 3182 sententiam
1477 3128 1699 3194 teneat,
1727 3122 1996 3197 linguam
2021 3127 2175 3184 corri
2222 3134 2283 3186 at
2305 3148 2357 3184 »‚
2392 3130 2461 3186 Et
2488 3129 2595 3193 Gre
2640 3141 2708 3187 o·

265 3194 401 3251 rius
447 3194 778 3252 secundum
827 3195 1104 3252 eumdem
1141 3194 1512 3252 intellectum
1556 3195 1702 3253 dicit
1742 3195 2026 3268 (hom.10
2071 3196 2137 3254 in
2204 3210 2383 3270 vang.
2409 3201 2451 3255 Ε
2495 3142 2645 3270 ἰρὴ5
2676 3217 2696 3257 :

269 3283 303 3315 «
331 3262 501 3323 Absit
546 3263 898 3408 {nfidiel'ium
943 3264 1249 3323 mentibus
1298 3268 1367 3325 ut
1418 3265 1607 3325 fatum
1659 3265 1905 3339 aliquod
1947 3280 2085 3325 esse
2131 3267 2412 3327 dicant».
2478 3271 2705 3342 tpart„

264 3348 326 3408 q.
357 3346 522 3406 cxvi,
649 3377 666 3392 .
734 3376 750 3392 .

1232 3482 1487 3549 CAPUT
1523 3483 1733 3548 XCIV.

872 3645 952 3692 DE
988 3646 1374 3694 mummuli
1405 3646 1634 3693 DIVINAE
1668 3645 2100 3695 Pitumnum.

336 3808 672 3868 Difficultas
699 3814 896 3867 autem
926 3808 1199 3882 quaedam
1245 3822 1319 3865 ex
1338 3808 1673 3890 praemissis
1700 3806 2029 3890 suboritur.
2056 3810 2117 3869 si
2149 3811 2309 3868 enim
2335 3811 2543 3870 omnia
2568 3826 2703 3886 quae

263 3879 366 3940 hic
394 3880 651 3937 inferius
690 3884 972 3951 aguntur,
1001 3879 1183 3936 etiam
1208 3883 1638 3951 contingentia,
1669 3880 2058 3950 providentiae
2097 3880 2313 3939 divinae
2338 3881 2700 3954 subduntur,

264 3952 525 4021 oportet,
553 3955 618 4007 ut
637 3950 892 4021 videtur,
919 3949 1012 4008 vel
1062 3948 1497 4022 providentiam
1543 3962 1665 4007 non
1712 3962 1848 4007 esse
1876 3956 2119 4019 certam,
2148 3953 2241 4009 vel
2271 3953 2474 4009 omnia
2504 3967 2577 4010 ex
2604 3966 2707 4013 ne·

261 4020 548 4079 cessitate
590 4019 958 4092 contingere.
990 4019 1265 4078 Ostendit
1308 4020 1468 4077 enim
1516 4019 1762 4078 Philoso
1805 4020 1926 4079 lius
1966 4020 2032 4078 in
2058 4027 2228 4080 sexto
2254 4021 2496 4092 Metapa.
2529 4022 2698 4096 (text.

260 4102 489 4150 comm.
523 4088 582 4162 7)
606 4089 770 4163 quod
791 4091 846 4147 si
874 4103 1117 4149 omnem
1158 4088 1435 4149 effectum
1461 4090 1746 4161 ponimus
1818 4090 1996 4149 abere
2023 4092 2285 4173 aliquam
2321 4106 2566 4151 causam
2610 4108 2702 4163 ei·

270 4174 366 4231 se,
398 4166 458 4218 et
485 4159 704 4218 iterum
728 4159 910 4233 quod,
958 4159 1222 4234 qualibet
1265 4173 1450 4219 causa
1476 4174 1583 4231 per
1621 4172 1689 4218 se
1715 4161 1935 4233 posita,
1966 4174 2373 4220 necessarium
2420 4165 2501 4222 sit
2525 4180 2556 4222 e
2607 4179 2704 4223 ec-

264 4238 400 4291 tum
472 4231 597 4301 oni,
625 4236 913 4304 sequetur
943 4230 1103 4303 quod
1134 4230 1340 4289 omnia
1383 4232 1586 4289 futura
1612 4245 1686 4289 ex
1729 4231 2087 4290 necessitate
2125 4233 2419 4292 eveniant.
2449 4235 2510 4293 Si
2540 4234 2700 4294 enim

355 4302 414 4359 'li
461 4307 520 4359 et
547 4299 798 4359 effectus
836 4299 1052 4359 babeat
1075 4315 1319 4360 causam
1363 4315 1470 4373 per
1495 4314 1584 4371 se,
1613 4301 1925 4382 quodlibet
1965 4302 2227 4360 futurum
2273 4306 2385 4363 erit
2418 4305 2703 4363 reducere

261 4316 515 4448 ffiliqu
524 4385 622 4432 am
642 4383 891 4430 causam
912 4377 1264 4442 praesentem
1310 4372 1403 4429 vel
1418 4376 1773 4452 praeteritam
1799 4376 1992 4453 {sicut
2011 4372 2063 4429 si
2080 4381 2380 4446 quaeratur
2403 4375 2475 4434 de
2495 4375 2699 4445 aliquo

267 4449 470 4505 utrum
493 4443 579 4503 sit
619 4440 989 4501 occidendus
1013 4455 1054 4501 a
1084 4441 1441 4512 latronibuS,
1474 4440 1823 4514 huiusmodi
1847 4441 2097 4503 effectus
2135 4446 2404 4517 procedit
2429 4459 2467 4502 a
2490 4454 2698 4511 causa,
