3076 5025
951 455 956 462 .
1018 410 1151 467 ΠΒ.
1191 411 1281 480 IV,
1323 410 1476 467 cAP.
1513 411 1703 469 XVIII.
2466 418 2575 476 525

177 536 362 657 congro.
386 528 497 587 hoc
539 529 976 590 ostendendum
1022 535 1115 588 est
1154 528 1433 602 Spiritum
1463 535 1738 589 sanctum
1783 529 1905 589 n'on
1946 543 2084 591 esse
2114 531 2340 605 aliquid
2369 532 2579 606 hujus·

175 614 262 657 mo
299 615 335 658 1.

237 673 353 728 Non
377 671 760 753 enimtormae
791 671 1187 753 accidentales
1206 671 1440 753 proprie
1460 675 1801 753 operantur,
1829 672 1937 754 sed
1964 673 2410 755 magis-habens
2440 688 2569 745 θεας,

173 740 1303 895 {ttfttdflssssztitsss'tttttti{istst
1331 747 2337 894 {33⁰2isitiir1¹3¹¹53fuits¹sst²²ti
2363 759 2569 896 3333}

174 894 293 941 sum
318 885 404 940 est
425 879 500 954 (c.
533 882 643 956 17).
674 885 806 941 Non
849 885 1030 958 igitur
1057 887 1149 942 est
1175 884 1566 943 {estimandus
1595 884 1845 955 Sp1r1tus
1889 889 2135 942 sanctus
2176 885 2339 943 velut
2365 886 2571 960 aliqua

175 952 527 1011 accidentalis
556 954 839 1025 perfectio
868 955 1108 1014 mentis.

233 1025 368 1091 itm,
394 1024 643 1095 Spiritus
688 1029 954 1094 sanctus,
1000 1031 1067 1084 ut
1112 1037 1185 1083 ex
1229 1025 1548 1097 Scripturis
1595 1023 1900 1095 docemur,
1938 1040 2126 1084 causa
2169 1030 2262 1084 est
2295 1027 2568 1086 omnium

173 1093 570 1165 perfectionum
601 1094 884 1155 humanae
907 1096 1158 1165 mentis;
1189 1077 1333 1154 dicit
1359 1096 1520 1154 enim
1546 1098 1871 1167 Apostolus
1902 1113 1918 1152 ε
1950 1097 2201 1154 Charitas
2234 1100 2334 1153 Dei
2359 1097 2572 1167 diffusa

173 1167 239 1219 est
261 1166 315 1219 in
337 1164 582 1223 cordibus
605 1168 810 1224 nostris
830 1181 933 1238 per
956 1167 1227 1239 Spiritum
1255 1170 1520 1230 sanctum,
1554 1168 1650 1237 qui
1675 1166 1837 1222 datus
1864 1170 1943 1223 est
1968 1167 2125 1223 nobis
2155 1166 2348 1240 (Rom.‚
2379 1181 2442 1236 v,
2473 1169 2568 1241 5);

174 1240 222 1290 et
243 1253 257 1290 :
278 1235 392 1291 Atii
415 1236 632 1306 quidem
654 1253 756 1308 per
782 1237 1052 1308 Spiritum
1076 1238 1244 1292 datur
1267 1252 1438 1294 sermo
1465 1239 1767 1309 sapientiae,
1797 1238 1901 1293 alii
1925 1241 2105 1293 autem
2128 1254 2300 1295 sermo
2325 1241 2571 1296 scientiae

175 1305 435 1361 secumdum
460 1308 706 1365 eumdem
746 1308 1016 1379 Spiritum
1059 1310 1115 1378 (Ι
1136 1308 1281 1372 Gor„
1312 1319 1420 1375 ΧΠ,
1448 1307 1537 1380 8);
1582 1313 1639 1366 et
1677 1307 1766 1366 sic
1814 1307 1885 1365 de
1913 1307 2071 1365 aliiS.
2101 1310 2232 1366 Non
2262 1322 2406 1382 ergo
2436 1309 2571 1380 Spi-

176 1375 303 1433 ritus
329 1382 569 1435 sanctus
598 1381 694 1437 est
731 1377 1120 1437 aestimandus
1157 1378 1330 1451 quasi
1361 1376 1563 1459 aliqua
1606 1376 1989 1437 accidentalis
2028 1379 2310 1450 perfectio
2342 1380 2567 1437 mentis

175 1443 438 1517 humanae,
464 1462 651 1521 quum
681 1450 812 1521 ipse
840 1449 1108 1507 omnium
1136 1448 1482 1520 hujusmodl
1510 1448 1942 1529 perfectionum
1970 1463 2157 1507 causa
2184 1451 2418 1507 existat.

236 1517 387 1583 Quod
413 1523 612 1578 autem
641 1519 707 1577 in
753 1520 998 1578 nomine
1038 1519 1287 1591 Spiritus
1333 1524 1526 1577 sancti
1569 1518 1918 1593 designetur
1959 1519 2222 1577 essentia
2270 1521 2459 1578 Patris
2510 1526 2570 1578 et

182 1583 299 1654 Filii,
326 1592 384 1645 et
411 1588 499 1646 sic
522 1603 558 1647 a
594 1593 810 1648 neutro
849 1590 1242 1662 personaliter
1269 1589 1689 1662 distinguatur,
1719 1595 2014 1663 repugnat
2055 1589 2152 1647 his
2201 1604 2333 1663 quae
2370 1590 2570 1649 divina

181 1655 443 1737 Scriptura
470 1659 541 1717 de
568 1660 791 1732 Spiritu
824 1666 1034 1719 sancto
1062 1659 1325 1718 tradidi-t.

233 1726 433 1786 Dicitur
452 1729 613 1787 enim
644 1729 807 1802 quod
850 1731 1106 1803 Spiritus
1151 1734 1397 1789 sanctus
1422 1746 1458 1786 a
1485 1732 1652 1787 Patre
1683 1730 1930 1801 procedit
1959 1731 2199 1803 (Joann.,
2228 1742 2330 1801 xv,
2360 1733 2477 1805 26),
2510 1737 2573 1790 et

176 1796 539 1879 quodaocipit
565 1815 603 1858 a
630 1801 779 1859 Filio
823 1800 1063 1873 (Joann.,
1093 1814 1220 1870 xvi,
1253 1801 1372 1873 14);
1402 1801 1564 1874 quod
1594 1814 1716 1858 non
1744 1805 1942 1872 potest
1965 1800 2039 1859 de
2078 1800 2275 1882 diriua
2305 1802 2573 1883 essentia

169 1866 412 1941 intelligi,
441 1884 626 1952 quum
659 1871 926 1930 essentia
953 1871 1150 1931 divina
1178 1884 1217 1929 a
1250 1873 1417 1928 Patre
1461 1884 1585 1928 non
1614 1870 1896 1952 procedat
1922 1884 2032 1929 nec
2055 1885 2092 1928 a
2117 1872 2263 1929 Fllto
2288 1872 2566 1944 accipiat.

176 1935 386 2006 Oportet
408 1939 589 2014 igitur
618 1941 814 2000 dicere
840 1942 1001 2015 quod
1027 1941 1278 2024 Spiritus
1307 1946 1554 1999 sanctus
1583 1948 1660 2000 sit
1687 1940 2024 2000 subsistens
2051 1955 2333 2013 persona.

228 2008 362 2072 Item,
391 2023 563 2070 sacra
582 2013 884 2084 Scriptura
929 2012 1243 2070 manifeste
1270 2011 1343 2070 de
1369 2011 1590 2083 Spiritu
1638 2016 1849 2070 sancto
1885 2011 1946 2069 lo
1990 2012 2151 2069 uitur
2175 2016 2456 2086 tanquam
2493 2014 2570 2070 de

175 2088 402 2158 persona
423 2081 625 2141 divina
676 2082 1071 2153 subsistente;
1109 2081 1321 2141 dicitur
1364 2082 1524 2140 enim
1557 2100 1571 2138 ε
1603 2084 1949 2139 Ministranti
1984 2098 2049 2138 us
2091 2084 2205 2139 illis
2242 2085 2468 2140 Domino
2517 2088 2573 2141 et

168 2152 536 2222 jejunantibus,
564 2154 707 2210 dicit
730 2154 846 2211 illis
869 2154 1112 2225 Spiritus
1129 2157 1350 2210 sanctus
1381 2171 1399 2208 ε
1419 2152 1707 2223 Βερνεραεθ
1731 2154 1873 2210 mihi
1895 2153 2125 2210 Saulum
2150 2157 2203 2209 et
2231 2155 2573 2225 Bar-naham,

175 2217 365 2300 itt-opus
389 2223 465 2278 ad
484 2224 631 2294 quod
657 2228 932 2295 assumpsi
971 2239 1056 2281 eos
1084 2224 1233 2296 (Act.
1271 2228 1469 2296 apost„
1507 2235 1638 2292 xm,
1678 2223 1767 2296 2);
1798 2229 1858 2281 et
1884 2223 2041 2281 infra
2070 2242 2086 2281 ε
2114 2227 2188 2280 Et
2212 2227 2237 2279 i
2275 2227 2327 2281 si
2350 2225 2573 2296 quidem

175 2292 306 2344 mussi
322 2307 356 2346 a
374 2293 586 2362 Spiritu
600 2300 811 2360 sancto,
829 2296 1081 2352 abierunt
1099 2294 1283 2367 (ὦτά,
1310 2293 1398 2365 4);
1424 2297 1485 2351 et
1511 2294 1727 2352 dicitur
1757 2313 1771 2351 ε
1801 2294 2065 2353 Dicunta
2109 2300 2243 2352 osto
2269 2295 2292 2351 i
2321 2312 2337 2351 ε
2374 2298 2570 2352 Visum

176 2361 239 2412 est
257 2358 479 2430 Spiritui
501 2370 694 2423 sancto
718 2370 771 2421 et
810 2366 967 2422 nobis
1005 2366 1149 2421 nihil
1185 2366 1336 2420 ultra
1360 2366 1630 2435 imponere
1655 2365 1804 2420 vobis
1845 2366 2023 2419 oneris
2072 2365 2198 2420 Act.
2229 2369 2428 2434 apost„
2458 2378 2574 2435 xv,

176 2427 268 2498 28),
291 2434 415 2503 etc.;
447 2449 578 2517 quae
603 2436 676 2494 de
705 2436 923 2508 Spiritu
950 2441 1161 2494 sancto
1185 2447 1308 2491 non
1346 2433 1704 2503 dicerentur,
1732 2433 1851 2491 nisi
1881 2439 2043 2492 esset
2066 2433 2405 2493 subsistens
2432 2450 2571 2507 per-

177 2507 321 2558 sona.
347 2503 446 2562 Est
469 2506 653 2580 igitur
680 2506 935 2579 Spiritus
963 2508 1210 2564 sanctus
1245 2502 1586 2564 subsistens
1614 2517 1892 2576 persona.
1953 2574 1965 2585 ·

232 2571 486 2646 Amplius,
517 2591 706 2651 quum
754 2581 925 2635 Pater
965 2582 1026 2634 et
1069 2576 1257 2634 Filius
1305 2575 1430 2634 sint
1469 2588 1744 2646 personae
1799 2573 2199 2633 subsistentes
2247 2579 2305 2632 et
2350 2574 2571 2634 divinae

177 2643 391 2714 naturae,
437 2648 694 2719 Spiritus
735 2653 981 2706 sanctus
1022 2660 1147 2705 non
1189 2652 1723 2704 connumeraretur
1767 2644 2014 2714 eisdem,
2059 2645 2180 2703 nisi
2225 2645 2355 2727 ipse
2404 2651 2572 2704 esset

176 2719 400 2775 persona
438 2719 781 2778 subsistens
827 2718 893 2775 in
937 2717 1138 2776 divina
1182 2721 1414 2775 natura.
1464 2716 1936 2774 connumeratur
1978 2720 2177 2773 autem
2222 2714 2470 2786 eisdem,
2502 2721 2574 2775 ut

175 2785 327 2853 patet,
354 2784 583 2847 dicente
629 2789 886 2847 Domino
936 2787 1248 2859 discipulis
1280 2805 1295 2843 ε
1325 2790 1527 2843 flantes
1569 2801 1694 2856 emo
1720 2788 1898 2842 docete
1941 2801 2117 2842 omnes
2152 2791 2351 2856 flentes,
2385 2788 2570 2858 bapti-

177 2856 330 2909 zantes
354 2871 435 2913 eos
469 2861 532 2915 in
573 2862 789 2916 nomine
812 2862 1022 2929 Patris,
1069 2863 1121 2914 et
1160 2859 1309 2920 Filii,
1356 2863 1408 2913 et
1434 2858 1678 2927 Spiritus
1719 2859 1897 2913 sancti
1923 2856 2163 2929 (March,
2192 2870 2407 2928 xxm,
2444 2857 2567 2929 19);

181 2922 257 2975 et:
283 2923 467 2983 Gratia
491 2933 714 2987 Domini
750 2933 927 2986 nostri
952 2932 1076 2987 Jesu
1102 2929 1325 2997 Christi,
1354 2932 1404 2984 et
1448 2928 1690 2984 charitas
1716 2930 1834 2991 Dei,
1863 2931 1915 2983 et
1955 2930 2365 2984 communicatio
2388 2930 2571 2985 sancti

181 2986 382 3071 Spiritus
408 3002 482 3055 sit
501 3016 624 3057 cum
668 3002 916 3058 omnibus
957 3001 1110 3057 vobis
1137 2998 1217 3072 (II
1235 3000 1536 3069 Gor.‚’1111‚
1571 2998 1690 3070 13);
1716 3004 1815 3055 et:
1848 3001 1978 3054 Tres
2020 3002 2153 3055 sunt
2192 3001 2291 3070 qui
2328 3002 2568 3056 testimo·

183 3070 302 3118 mum
323 3066 456 3126 dant
479 3074 541 3128 in
567 3072 693 3128 coelo
722 3090 739 3127 ε
769 3074 948 3135 Pater,
998 3071 1253 3139 Verbum,
1278 3072 1329 3125 et
1353 3070 1596 3140 Spiritus
1631 3072 1883 3137 sanctus;
1912 3073 1966 3125 et
1994 3068 2055 3124 hi
2078 3073 2186 3125 tres
2215 3086 2382 3126 unum
2406 3074 2561 3129 sunt.

185 3126 225 3198 (Ι
241 3134 436 3217 Ionan„
458 3153 522 3213 V,
548 3142 633 3215 7.)
663 3144 745 3199 Ex
773 3155 893 3214 quo
918 3141 1235 3200 manifeste
1263 3139 1598 3221 ostenditur
1624 3139 1784 3212 quod
1818 3152 1943 3221 non
1969 3139 2169 3198 solum
2196 3141 2279 3221 sit
2302 3154 2568 3212 persona

182 3202 502 3336 ῧυὶῃὲῗθῐευε,
536 3213 699 3272 sicut
741 3215 913 3271 Pater
953 3217 1011 3270 et
1055 3211 1258 3281 Filius,
1306 3209 1414 3269 sed
1468 3216 1646 3269 etiam
1689 3223 1830 3268 cum
1872 3223 1964 3269 eis
2018 3217 2296 3269 essentiae
2342 3211 2563 3268 habeat

216 3285 266 3330 m
373 3294 451 3338 m,

233 3344 425 3427 ?osset
462 3357 661 3413 autem
706 3353 785 3411 ali
828 3353 927 3412 uis
968 3358 1175 3411 contra
1217 3351 1502 3424 praedicta
1538 3350 1911 3420 calumniari,
1958 3349 2167 3409 dicens
2209 3350 2370 3408 aliud
2421 3366 2564 3412 esse

179 3421 417 3482 Spintum
441 3423 544 3482 Dei
569 3430 629 3483 et
655 3424 776 3483 aliu
836 3423 1116 3496 Spiritum
1145 3427 1447 3493 sanctum;
1477 3435 1618 3479 nam
1636 3422 1702 3478 in
1729 3420 2084 3494 quibusdam
2110 3422 2561 3493 praemissarum

179 3489 559 3552 auctoritatum
585 3495 932 3553 nominatur
959 3493 1207 3567 spiritns
1224 3493 1350 3558 Dei,
1378 3492 1440 3550 in
1461 3492 1814 3565 quibusdam
1842 3505 1984 3550 vero
2008 3492 2046 3549 S
2087 3491 2261 3549 iritus
2291 3498 2567 3551 sanctus.
2646 3521 2661 3537 ··

234 3554 333 3616 Sed
363 3564 517 3635 quod
542 3565 700 3624 idem
727 3566 803 3624 sit
820 3565 1069 3638 spiritus
1097 3563 1200 3622 Dei
1227 3569 1287 3621 et
1312 3563 1561 3635 Spiritus
1586 3568 1854 3631 sanctuS‚
1879 3562 2039 3621 mani
2069 3566 2195 3643 este
2224 3562 2571 3621 ostenditur

183 3633 242 3681 ex
265 3630 447 3692 verbis
470 3636 737 3707 Apostoli
765 3637 830 3694 in
855 3636 1051 3708 prima
1076 3634 1151 3695 ad
1171 3633 1533 3703 Corinthios,
1562 3633 1690 3702 ubi,
1719 3647 1903 3706 quum
1930 3636 2319 3713 praemisisset
2348 3651 2365 3686 ε
2393 3634 2567 3713 Nobis

179 3698 405 3757 revelavit
441 3707 582 3764 Deus
621 3722 726 3779 per
762 3708 1031 3778 Spiritum
1072 3710 1337 3774 sanctum,
1379 3704 1454 3762 ad
1496 3704 1680 3776 hujus
1725 3703 2238 3762 confirmationem
2285 3702 2566 3761 inducit:

180 3760 213 3817 S
243 3767 389 3849 irims
410 3779 549 3833 enim
569 3781 755 3835 omnia
795 3779 1090 3839 sentiatur,
1119 3778 1284 3832 etiam
1317 3774 1606 3846 protunda
1645 3775 1748 3831 Dei
1774 3772 1860 3846 (11,
1898 3774 2014 3847 to)·
2059 3779 2118 3830 et
2159 3779 2373 3846 postea
2415 3787 2569 3832 oon·

179 3842 210 3887 c
229 3836 340 3920 ¹¹th
361 3860 375 3898 =
403 3845 488 3902 ita
511 3851 564 3903 et
588 3864 708 3920 quae
734 3849 837 3906 nei
853 3851 982 3905 sunt
1008 3862 1162 3904 nemo
1188 3847 1573 3927 coqnovaflisi
1593 3847 1825 3916 spirim
1848 3847 1968 3902 nei.
1987 3817 2174 3926 (rega,
2199 3842 2323 3924 υ.)
2336 3846 2420 3901 Ex
2439 3857 2565 3918 quo

181 3910 460 3973 manifeste
487 3923 730 3991 apparet
796 3918 917 3977 uod
941 3917 1098 3976 idem
1136 3923 1277 3975 sunt
1303 3916 1557 3988 Sp1r1tus
1588 3921 1835 3975 sanctus
1864 3918 1922 3972 et
1949 3920 2194 3986 Sp1r1tus
2224 3916 2346 3972 Dei.
2670 3965 2676 3971 .

237 3976 373 4063 item,
400 3998 470 4057 ap
513 3994 638 4047 aret
662 4004 738 4047 ex
809 4002 881 4048 oc
902 3987 1064 4062 quod
1108 3986 1400 4047 Dominus
1444 3987 1628 4046 dicit:
1657 3988 1780 4045 Non
1808 3988 1950 4042 enim
1984 3999 2080 4040 vos
2102 3986 2230 4041 estis
2261 3987 2359 4055 qui
2384 3986 2565 4058 loqui-

179 4054 315 4112 ΝΜ,
340 4054 430 4111 sed
461 4001 700 4129 §piritus
739 4061 923 4117 Patris
960 4060 1129 4115 vestri
1155 4060 1253 4129 qui
1286 4058 1530 4128 loquitur
1571 4059 1635 4113 in
1660 4057 1830 4115 vobis.
1880 4055 2120 4128 (natta,
2150 4067 2213 4125 x,
2261 4056 2377 4129 20.)
2407 4057 2567 4116 Loco

184 4121 353 4200 autem
379 4125 626 4189 istorum
659 4129 977 4189 verborum
1019 4131 1251 4187 Marcus
1285 4127 1471 4186 dicit:
1501 4129 1625 4187 Non
1654 4129 1797 4184 enim
1838 4142 1933 4182 vos
1972 4127 2099 4182 estis
2146 4126 2437 4197 loquentes,
2473 4127 2575 4186 sed

179 4178 390 4254 Spa-tm
409 4204 644 4259 sanctus.
675 4201 892 4274 (Mara,
919 4213 1049 4263 xm,
1098 4199 1209 4271 tt.)
1255 4197 1636 4258 Manifestum
1664 4202 1759 4256 est
1798 4197 1981 4271 igitur
2024 4195 2184 4255 idem
2213 4211 2352 4257 esse
2374 4199 2563 4271 Spiri-

187 4253 293 4338 111113
319 4272 577 4329 sanctum
606 4276 663 4330 et
689 4270 963 4345 spiritum
1001 4270 1128 4329 Dei.
1849 4338 1861 4349 ‚
1935 4337 1946 4350 ‚
1991 4337 2004 4349 .
2518 4339 2532 4351 .

212 4324 322 4402 ‚ch
342 4346 495 4409 ergo,
524 4355 708 4414 quum
735 4356 811 4400 ex
849 4340 1180 4416 praemissis
1206 4339 1661 4398 auctoritatibus
1691 4337 2102 4410 multipliciter
2127 4344 2407 4421 appareat
2433 4339 2559 4410 Sp1-

186 4397 340 4456 ntum
365 4415 625 4474 sanctum
651 4426 775 4471 non
804 4425 939 4471 esse
983 4415 1334 4480 creaturam,
1381 4409 1490 4469 sed
1532 4422 1742 4467 verum
1787 4410 1972 4472 Deum
2041 4410 2424 4468 manifestum
2470 4412 2571 4466 est

186 4467 320 4532 quod
344 4485 458 4533 non
483 4482 750 4556 cog-imur
776 4483 973 4541 dicere
1020 4481 1229 4541 eodem
1263 4481 1446 4539 modo
1480 4493 1618 4539 esse
1646 4451 2100 4562 intelligendum
2125 4480 2283 4553 quod
2307 4480 2345 4535 S
2386 4476 2565 4558 iritus

185 4540 401 4602 sanctus
425 4559 648 4613 mentes
676 4558 1022 4614 sanctorum
1041 4552 1285 4625 impleat
1298 4557 1358 4610 et
1384 4563 1494 4612 eos
1519 4551 1813 4610 inhabitet
1839 4555 1999 4610 sicut
2023 4550 2299 4608 diabolus
2324 4561 2360 4604 a
2382 4559 2563 4616 iquos
