3076 5025
1131 288 1264 343 LIB.
1303 289 1393 354 w,
1431 288 1586 344 GAP.
1625 288 1766 344 LIII.
2559 290 2707 378 581.-

236 405 497 477 aliquam
545 407 860 489 utilitatem
903 407 1043 465 inde
1089 408 1565 488 provenientem..
1605 408 1713 466 Sed
1756 422 2149 482 quaecumque
2200 410 2424 469 utilitas
2467 383 2705 484 detur‚‘'

235 491 420 549 quum
473 480 630 535 Deus
677 484 1056 550 omnipotens
1097 484 1198 545 snt,
1235 479 1387 535 hanc
1437 480 1749 536 ulllllatem
1802 480 2128 550 producere
2170 481 2363 552 potuit
2389 482 2520 538 sola
2551 496 2709 545 suae

235 547 562 605 voluntate.
605 550 799 616 Quum
852 549 1033 619 igitur
1074 550 1541 621 unumquodque
1581 548 1707 606 lieri
1751 550 2066 608 conveniat
2103 563 2281 622 quam
2310 551 2695 611 brevissimas

235 622 455 745 potest,
484 618 900 746 nonboportuitt
927 619 1088 691 quod
1120 621 1298 688 Deus,
1319 627 1559 692 propter
1586 620 1931 690 hujusmodi
1972 621 2311 690 utilitatem,
2340 621 2661 681 humanam
2716 684 2719 695 ,

233 701 313 746 na
344 703 509 745 uram
550 702 603 747 st
647 704 664 745 1
695 702 866 746 unire
897 730 912 746 .
2343 698 2347 702 ’

301 759 523 839 ᾼαήιισ.
570 773 755 840 quum
803 762 960 818 Deus
1007 759 1088 818 sit
1113 759 1472 819 universalis
1501 760 1770 819 omnium
1797 775 2004 830 causa,
2034 761 2107 819 ad
2137 761 2450 820 utilitatem
2474 762 2661 821 totius

232 831 651 888 universitatis
697 843 896 888 rerum
938 844 1076 887 eum
1105 830 1400 902 praecipue
1427 830 1736 889 intendere
1757 837 2010 904 oportet.
2045 832 2158 889 Sed
2186 846 2390 892 assum
2436 834 2521 891 tio
2550 834 2662 892 hu-

229 913 426 980 manae
457 905 684 958 naturae
731 899 927 982 solum
958 899 1034 959 ad
1081 901 1394 965 utilitatem
1426 901 1689 960 hominis
1719 904 1995 973 pertinet.
2025 904 2156 960 Non
2184 902 2367 975 igitur
2417 904 2666 962 uitcon·

231 983 487 1028 vemens
517 971 699 1042 quod,
722 984 773 1029 si
803 971 1063 1029 ahenam
1093 977 1367 1031 naturam
1392 973 1552 1030 Deus
1578 985 1888 1032 assumere
1917 972 2209 1043 debuerit,
2239 973 2439 1032 solum
2488 979 2662 1033 natu·

228 1053 360 1101 ram
394 1041 716 1099 humanam
746 1042 1159 1113 assumpserit.

299 1112 579 1182 Amplius,
611 1116 835 1184 quanto
859 1112 1085 1184 aliquid
1114 1116 1206 1172 est
1232 1111 1410 1170 alicui
1439 1113 1636 1186 magis
1679 1113 1898 1184 simile,
1925 1118 2093 1173 tanto
2121 1113 2178 1172 ei
2207 1114 2662 1174 convenientius

230 1182 457 1241 unitur.
503 1184 625 1240 Deo
663 1189 860 1241 autem
908 1182 1167 1242 similior
1207 1187 1267 1241 et
1314 1184 1708 1256 propinquior
1752 1190 1844 1242 est
1893 1184 2168 1257 angelica
2213 1190 2427 1244 natura
2481 1196 2661 1257 quam

230 1252 517 1382 ἷῃυωαηαῑ.
550 1255 679 1334 Non
709 1253 895 1327 igitur
919 1254 1289 1312 conveniens
1320 1253 1433 1311 fuit
1460 1268 1771 1315 assumere
1802 1261 2076 1314 naturam
2101 1255 2447 1327 humanam,
2477 1267 2660 1330 ange·

254 1337 347 1382 lca
368 1336 489 1394 prae
517 1336 791 1383 ermissa.
1585 1378 1589 1382 .

300 1396 460 1463 Item,
513 1393 573 1452 id
669 1393 786 1453 uod
833 1399 928 1454 est
964 1394 1324 1467 principium
1359 1394 1422 1454 in
1469 1396 1717 1454 homine
1740 1399 1834 1454 est
1860 1395 2256 1469 intelligentia
2276 1396 2569 1466 veritatis,
2594 1397 2662 1457 in

236 1478 358 1538 quo
385 1464 623 1523 videtur
693 1465 881 1523 omini
910 1465 1400 1537 impedimentum
1430 1464 1724 1538 praestari,
1752 1465 1807 1525 si
1845 1468 2003 1524 Deus
2034 1467 2354 1525 humanam
2387 1472 2663 1527 naturam

235 1536 597 1607 assumpsit;
643 1534 818 1595 datur
843 1537 1003 1594 enim
1054 1537 1110 1594 ei
1165 1550 1238 1594 ex
1272 1535 1389 1594 hoc
1430 1537 1653 1595 erroris
1681 1536 1944 1605 occasio,
1976 1541 2042 1593 ut
2069 1538 2402 1596 consentiat
2434 1537 2529 1594 his
2555 1537 2661 1610 qui

235 1612 568 1678 posuerunt
590 1608 775 1664 Deum
804 1619 925 1664 non
955 1620 1092 1665 esse
1115 1620 1298 1678 super
1321 1608 1527 1664 omnia
1548 1620 1799 1677 corpora
1827 1606 2168 1666 exaltatum.
2187 1610 2315 1666 Non
2337 1607 2521 1679 igitur
2546 1609 2663 1669 hoc

239 1676 313 1735 ad
340 1677 620 1805 humantae
647 1681 876 1736 naturae
901 1677 1215 1737 utilitatem
1239 1676 1634 1736 conveniebat
1657 1676 1820 1750 quod
1847 1680 2007 1736 Deus
2031 1676 2356 1737 humanam
2385 1683 2659 1739 naturam

233 1760 544 1807 assumere
575 1791 591 1805 .

271 1819 456 1901 Jtem,
491 1817 897 1889 experimento
914 1817 1143 1900 discere
1164 1831 1495 1900 possumus
1521 1817 1684 1890 quod
1712 1819 1874 1878 circa
1898 1818 2374 1878 incarnationem
2398 1820 2504 1877 Dei
2533 1819 2661 1891 plu·

231 1890 370 1947 rimi
415 1901 650 1947 errores
694 1893 838 1947 sunt
873 1894 1080 1946 exorti.
1120 1888 1364 1948 Videtur
1407 1890 1594 1963 igitur
1621 1888 1899 1948 humanae
1927 1889 2109 1948 saluti
2136 1890 2504 1949 conveniens
2535 1902 2661 1950 non

232 1959 427 2019 fuisse
457 1958 618 2032 quod
645 1960 802 2018 Deus
829 1959 1259 2017 incarnaretur.

307 2030 530 2095 Adhuc,
563 2030 718 2087 inter
744 2029 950 2088 omnia
969 2044 1104 2103 quae
1140 2033 1300 2089 Deus
1328 2029 1491 2111 fecit,
1523 2029 1686 2088 istud
1709 2030 1943 2089 videtur
1970 2044 2105 2089 esse
2147 2030 2472 2111 maximum
2500 2030 2662 2103 quod

229 2101 488 2174 ipsemet
515 2112 756 2159 carnem
785 2101 1199 2171 assumpserit.
1227 2103 1310 2159 Ex
1335 2113 1601 2158 maximo
1629 2107 1828 2159 autem
1857 2114 2036 2173 opere
2056 2112 2327 2159 maxima
2354 2101 2529 2159 debet
2559 2116 2660 2161 ex·

233 2171 494 2252 spectari
522 2170 771 2229 utilitas.
810 2170 871 2228 Si
914 2171 1098 2245 igitur
1140 2171 1474 2230 incarnatio
1503 2170 1609 2228 Dei
1640 2171 1715 2230 ad
1741 2173 1997 2230 salutem
2026 2171 2298 2230 omnium
2326 2171 2657 2242 ordinatur.

230 2242 471 2300 videtur
509 2241 698 2300 fuisse
746 2242 1114 2300 conveniens
1163 2242 1324 2315 quod
1352 2242 1482 2315 ipse
1529 2244 1721 2301 totum
1763 2242 2091 2302 humanum
2119 2255 2315 2314 genus
2344 2244 2659 2313 salvasset,

231 2325 419 2386 quum
469 2311 646 2370 etiam
692 2311 958 2370 omnium
1009 2313 1321 2370 hominum
1369 2313 1538 2371 salus
1586 2312 1858 2372 videatur
1894 2325 2032 2372 esse
2056 2316 2404 2383 competens
2436 2312 2660 2374 utilitas

236 2395 358 2456 pro
385 2396 502 2455 qua
529 2387 759 2442 tantum
791 2396 945 2454 opus
972 2381 1104 2440 fleri
1141 2383 1464 2442 debuisset.

305 2455 582 2536 Amplius,
604 2452 658 2511 si
689 2456 846 2512 Deus
870 2457 1110 2526 propter
1131 2454 1384 2511 salutem
1406 2451 1717 2510 hominum
1748 2450 2073 2511 humanam
2094 2456 2368 2510 naturam
2393 2464 2663 2535 assump-

234 2525 339 2593 sit,
368 2525 604 2583 vtdetur
629 2524 816 2583 fuisse
846 2523 1211 2582 conveniens
1231 2528 1296 2581 ut
1321 2523 1452 2593 ejus
1477 2522 1757 2602 divinitas
1782 2521 2133 2603 hominibus
2156 2536 2262 2594 per
2295 2522 2662 2586 sufficientia

234 2595 462 2654 indicia
486 2594 990 2653 manifestaretur.
1022 2595 1145 2652 Hoc
1190 2599 1389 2653 autem
1438 2606 1559 2650 non
1590 2591 1823 2649 videtur
1848 2596 2213 2666 contigtsse;
2252 2605 2391 2650 nam
2419 2607 2524 2664 per
2550 2592 2661 2652 ali·

236 2679 395 2740 quos
425 2666 580 2724 alios
614 2665 913 2735 homines,
944 2664 1080 2723 solo
1125 2663 1350 2723 auxilio
1404 2663 1620 2721 divinae
1646 2662 1907 2732 virtutiS,
1936 2663 2164 2736 absque
2193 2663 2418 2720 unione
2447 2664 2551 2720 Dei
2581 2664 2657 2724 ad

232 2750 445 2796 eorum
489 2742 785 2805 naturam,
813 2735 1198 2793 inveniuntur
1234 2734 1458 2793 similia
1495 2733 1785 2793 miracula
1823 2746 1959 2792 esse
2005 2733 2163 2791 facta
2202 2733 2296 2790 vel
2326 2733 2501 2790 etiam
2534 2746 2658 2795 ma·

227 2808 368 2882 jora
393 2821 573 2880 quam
605 2808 812 2865 fecerit
849 2805 1139 2865 Christus.
1170 2808 1298 2865 Non
1330 2805 1515 2878 igitur
1540 2804 1773 2864 videtur
1798 2805 1903 2863 Dei
1930 2802 2267 2863 incarnatio
2292 2802 2661 2865 sufficienter

235 2884 555 2951 procurata
582 2877 774 2936 fuisse
801 2877 873 2936 ad
903 2877 1226 2936 humanam
1250 2876 1530 2934 salutem.

308 2951 596 3019 Praeterea,
646 2948 701 3006 si
749 2948 864 3006 hoc
903 2948 1309 3005 necessarium
1359 2946 1473 3003 fuit
1508 2946 1788 3004 humanae
1835 2945 2015 3005 saluti
2044 2946 2205 3019 quod
2234 2948 2393 3006 Deus
2419 2959 2659 3008 carnem

233 3025 592 3090 assumeret,
642 3033 827 3092 quum
871 3032 907 3075 a
946 3018 1239 3090 principio
1281 3015 1489 3074 mundi
1538 3015 1820 3075 homines
1857 3016 2100 3088 fuerint,
2146 3017 2380 3086 videtur
2424 3018 2584 3091 quod
2622 3031 2662 3078 a

235 3090 533 3164 principio
562 3089 768 3147 mundi
797 3089 1118 3147 humanam
1141 3092 1410 3145 naturam
1442 3100 1750 3146 assumere
1774 3086 2001 3157 debuit,
2029 3093 2088 3144 et
2108 3100 2227 3145 non
2257 3088 2428 3161 quasi
2458 3088 2518 3146 in
2541 3087 2662 3150 flue

233 3167 609 3288 ²0¹.¹¹90¹'f1¹¹.¹¹3
637 3158 869 3217 videtur
896 3159 1058 3218 enim
1087 3160 1356 3218 omnium
1386 3157 1848 3230 praecedentium
1872 3157 2186 3217 hominum
2217 3161 2384 3217 salus
2417 3164 2660 3232 praeter-

239 3243 432 3290 missa
485 3244 668 3289 uisse.

304 3304 457 3369 Item,
505 3300 628 3373 pari
675 3301 925 3369 ratione,
972 3313 1165 3373 usque
1210 3299 1285 3359 ad
1325 3298 1508 3358 finem
1556 3298 1766 3357 mundi
1794 3298 2102 3357 debuisset
2145 3312 2281 3358 cum
2311 3299 2659 3362 hominihus

236 3372 606 3440 conversari,
642 3376 706 3430 ut
736 3371 1013 3429 homines
1042 3384 1153 3429 sua
1179 3370 1499 3451 praesentia
1526 3370 1788 3427 erudiret
1807 3375 1868 3427 et
1894 3369 2272 3442 gubernaret.
2326 3439 2338 3450 α

306 3443 526 3511 Adhuc,
575 3442 689 3499 hoc
732 3442 990 3499 maxime
1033 3437 1385 3499 hominibus
1431 3441 1575 3498 utile
1604 3446 1699 3498 est
1725 3445 1791 3497 ut
1818 3440 2031 3498 t'uturae
2058 3439 2440 3499 beatitudinis
2482 3440 2661 3501 ineis

237 3526 382 3595 spes
431 3512 728 3570 fundetur.
778 3513 942 3570 Hanc
968 3513 1163 3570 autem
1194 3525 1360 3583 spem
1400 3511 1594 3583 magis
1622 3525 1695 3569 ex
1729 3512 1849 3590 Deo
1877 3509 2185 3568 incarnato
2218 3512 2657 3583 concepissent,

237 3596 295 3643 st
325 3597 565 3641 carnem
596 3583 1004 3656 immortalem,
1023 3586 1082 3640 et
1107 3581 1531 3654 impassibilem
1564 3584 1622 3638 et
1645 3580 1970 3653 gloriosam
1992 3581 2423 3651 assumpsisset
2449 3584 2507 3636 et
2531 3593 2659 3639 om·-

235 3653 420 3712 nibus
447 3653 827 3712 ostendisset.
850 3655 977 3710 Non
1007 3651 1187 3726 igitur
1206 3652 1438 3711 videtur
1463 3651 1652 3711 fuisse
1667 3652 2032 3709 conveniens
2055 3652 2217 3725 quod
2242 3664 2480 3709 carnem
2507 3663 2662 3709 mor·

233 3727 420 3783 talem
450 3729 508 3780 et
538 3724 711 3782 etiam
744 3721 1042 3781 infirmam
1066 3723 1479 3793 assumpserit.

305 3795 582 3865 Amplius,
609 3793 841 3852 videtur
859 3794 1048 3852 fuisse
1067 3794 1451 3860 conveniens,
1469 3792 1545 3852 ad
1570 3791 2003 3852 ostendendum
2023 3791 2183 3866 quod
2207 3791 2414 3850 omnia
2439 3805 2572 3864 quae
2594 3792 2661 3851 in

240 3868 474 3925 mundo
504 3868 646 3922 sunt
671 3864 793 3922 sint
820 3878 858 3924 a
889 3865 1033 3933 Dee,
1076 3864 1237 3938 quod
1265 3864 1393 3934 ipse
1421 3862 1788 3922 abundantia
1819 3876 2013 3922 rerum
2043 3862 2477 3943 mundanarum
2507 3875 2659 3943 usus

238 3935 478 4004 fuisset,
524 3935 584 3993 in
634 3935 853 3992 divitiis
898 3940 958 3993 et
999 3934 1062 3993 in
1109 3934 1385 3993 maximis
1416 3933 1746 3992 honoribus
1790 3933 2034 4002 vivens;
2062 3945 2236 4003 cujus
2263 3936 2559 3991 contraria
2584 3933 2660 3994 de

233 4006 374 4079 ipso
416 4005 716 4078 leguntur,
770 4005 1046 4063 videlicet
1096 4005 1256 4077 quod
1301 4017 1620 4085 pauperem
1645 4007 1704 4060 et
1732 4002 2020 4076 abiectam
2042 4003 2220 4061 vitam
2249 4001 2415 4060 duxit
2438 4007 2499 4059 et
2565 4017 2659 4063 ro-

234 4076 490 4136 brosam
519 4082 773 4134 mortem
802 4075 1108 4156 sustinuit.
1135 4078 1269 4134 Non
1297 4076 1483 4149 igitur
1507 4073 1738 4133 videtur
1764 4088 1902 4133 esse
1925 4075 2292 4133 conveniens
2319 4074 2477 4145 quod
2552 4074 2658 4135 des

232 4148 315 4207 de
349 4150 472 4206 Deo
503 4147 813 4206 incarnato
837 4146 1135 4217 praedicat.

310 4219 600 4283 Praeterea,
649 4231 726 4276 ex
766 4215 882 4274 hoc
930 4216 1090 4289 quod
1125 4216 1256 4289 ipse
1298 4215 1529 4286 abjecta
1556 4228 1774 4288 passus
1801 4218 1914 4284 est,
1943 4214 2075 4287 ejus
2103 4214 2380 4274 divinitas
2404 4215 2658 4272 maxime

233 4288 354 4348 fuit
381 4288 702 4354 occultata,
732 4301 916 4360 quum
938 4292 1135 4346 tamen
1163 4286 1281 4345 hoc
1310 4287 1567 4345 maxime
1596 4285 2000 4343 necessarium
2023 4286 2197 4343 fuerit
2220 4284 2565 4345 hominibus
2593 4289 2659 4340 ut

231 4359 373 4442 ejus
415 4359 779 4417 divinitatem
824 4366 1278 4430 cognoscerent,
1324 4356 1377 4416 si
1421 4356 1551 4429 ipse
1602 4356 1713 4414 suit
1738 4358 1897 4413 Deus
1919 4356 2290 4437 incarnatus,
2320 4360 2451 4417 Non
2478 4355 2657 4430 igitur

228 4430 476 4491 videtur
501 4429 665 4504 quod
690 4427 843 4490 fides
869 4427 1149 4500 praedicat
1169 4427 1448 4490 humanae
1476 4427 1658 4487 saluti
1682 4438 2021 4487 convenire.
