<?xml version="1.0" encoding="UTF-8"?>
<!DOCTYPE html PUBLIC "-//W3C//DTD XHTML 1.0 Transitional//EN"
    "http://www.w3.org/TR/xhtml1/DTD/xhtml1-transitional.dtd">
<html xmlns="http://www.w3.org/1999/xhtml" xml:lang="en" lang="en">
 <head>
  <title>
</title>
<meta http-equiv="Content-Type" content="text/html;charset=utf-8" />
  <meta name='ocr-system' content='tesseract 3.04.00' />
  <meta name='ocr-capabilities' content='ocr_page ocr_carea ocr_par ocr_line ocrx_word'/>
</head>
<body>
  <div class='ocr_page' id='page_1' title='image "./deveritatecatho00rubegoog_0092.png"; bbox 0 0 3076 5025; ppageno 0'>
   <div class='ocr_carea' id='block_1_1' title="bbox 422 255 1902 323">
    <p class='ocr_par' dir='ltr' id='par_1_1' title="bbox 422 255 1902 323">
     <span class='ocr_line' id='line_1_1' title="bbox 422 255 1902 323; baseline -0.001 -10"><span class='ocrx_word' id='word_1_1' title='bbox 422 260 489 313; x_wconf 77' lang='lat'><strong>56</strong></span> <span class='ocrx_word' id='word_1_2' title='bbox 1366 255 1500 313; x_wconf 76' lang='lat' dir='ltr'><strong>Lm.</strong></span> <span class='ocrx_word' id='word_1_3' title='bbox 1538 256 1586 323; x_wconf 87' lang='lat'><strong>1,</strong></span> <span class='ocrx_word' id='word_1_4' title='bbox 1625 256 1777 312; x_wconf 73' lang='lat' dir='ltr'>CAP.</span> <span class='ocrx_word' id='word_1_5' title='bbox 1816 255 1902 311; x_wconf 83' lang='lat' dir='ltr'><strong>Li.</strong></span> 
     </span>
    </p>
   </div>
   <div class='ocr_carea' id='block_1_2' title="bbox 419 375 2850 2902">
    <p class='ocr_par' dir='ltr' id='par_1_2' title="bbox 421 375 2845 646">
     <span class='ocr_line' id='line_1_2' title="bbox 424 375 2841 452; baseline -0.002 -16"><span class='ocrx_word' id='word_1_6' title='bbox 424 378 626 452; x_wconf 87' lang='lat' dir='ltr'><strong>igitur,</strong></span> <span class='ocrx_word' id='word_1_7' title='bbox 657 378 710 437; x_wconf 92' lang='lat' dir='ltr'><strong>si</strong></span> <span class='ocrx_word' id='word_1_8' title='bbox 737 377 1161 451; x_wconf 87' lang='lat' dir='ltr'><strong>cognoscendo</strong></span> <span class='ocrx_word' id='word_1_9' title='bbox 1186 377 1508 435; x_wconf 82' lang='lat' dir='ltr'><strong>essentiam</strong></span> <span class='ocrx_word' id='word_1_10' title='bbox 1544 389 1738 445; x_wconf 89' lang='lat' dir='ltr'><strong>suam,</strong></span> <span class='ocrx_word' id='word_1_11' title='bbox 1782 377 2094 449; x_wconf 79' lang='lat' dir='ltr'>cognoscit</span> <span class='ocrx_word' id='word_1_12' title='bbox 2121 377 2182 435; x_wconf 91' lang='lat' dir='ltr'><strong>in</strong></span> <span class='ocrx_word' id='word_1_13' title='bbox 2211 375 2532 435; x_wconf 87' lang='lat' dir='ltr'><strong>universali</strong></span> <span class='ocrx_word' id='word_1_14' title='bbox 2563 380 2841 433; x_wconf 87' lang='lat' dir='ltr'><strong>naturam</strong></span> 
     </span>
     <span class='ocr_line' id='line_1_3' title="bbox 422 445 2845 526; baseline -0.001 -19"><span class='ocrx_word' id='word_1_15' title='bbox 422 449 600 517; x_wconf 86' lang='lat' dir='ltr'><strong>entis,</strong></span> <span class='ocrx_word' id='word_1_16' title='bbox 631 448 903 522; x_wconf 86' lang='lat' dir='ltr'><strong>sequitur</strong></span> <span class='ocrx_word' id='word_1_17' title='bbox 928 447 1085 521; x_wconf 90' lang='lat' dir='ltr'><strong>quod</strong></span> <span class='ocrx_word' id='word_1_18' title='bbox 1128 451 1460 519; x_wconf 89' lang='lat' dir='ltr'><strong>cognoscat</strong></span> <span class='ocrx_word' id='word_1_19' title='bbox 1500 445 1961 504; x_wconf 81' lang='lat' dir='ltr'><strong>multitudinem.</strong></span> <span class='ocrx_word' id='word_1_20' title='bbox 1990 447 2300 505; x_wconf 79' lang='lat' dir='ltr'><strong>Multitudo</strong></span> <span class='ocrx_word' id='word_1_21' title='bbox 2330 452 2522 504; x_wconf 90' lang='lat' dir='ltr'><strong>autem</strong></span> <span class='ocrx_word' id='word_1_22' title='bbox 2545 448 2690 526; x_wconf 33' lang='lat' dir='ltr'><strong>‚sin-e</strong></span> <span class='ocrx_word' id='word_1_23' title='bbox 2718 445 2845 504; x_wconf 91' lang='lat' dir='ltr'><strong>dis-</strong></span> 
     </span>
     <span class='ocr_line' id='line_1_4' title="bbox 421 515 2843 646; baseline -0.002 -70"><span class='ocrx_word' id='word_1_24' title='bbox 421 518 711 646; x_wconf 50' lang='lat' dir='ltr'><strong>tliiictione</strong></span> <span class='ocrx_word' id='word_1_25' title='bbox 739 517 993 591; x_wconf 78' lang='lat' dir='ltr'><strong>intelligi</strong></span> <span class='ocrx_word' id='word_1_26' title='bbox 1023 530 1144 576; x_wconf 92' lang='lat' dir='ltr'><strong>non</strong></span> <span class='ocrx_word' id='word_1_27' title='bbox 1179 521 1395 588; x_wconf 87' lang='lat' dir='ltr'><strong>potest.</strong></span> <span class='ocrx_word' id='word_1_28' title='bbox 1428 515 1712 588; x_wconf 82' lang='lat' dir='ltr'><strong>intelligit</strong></span> <span class='ocrx_word' id='word_1_29' title='bbox 1738 516 1922 589; x_wconf 89' lang='lat' dir='ltr'><strong>igitur</strong></span> <span class='ocrx_word' id='word_1_30' title='bbox 1948 530 2044 574; x_wconf 91' lang='lat' dir='ltr'><strong>res</strong></span> <span class='ocrx_word' id='word_1_31' title='bbox 2071 522 2246 588; x_wconf 86' lang='lat' dir='ltr'><strong>prout</strong></span> <span class='ocrx_word' id='word_1_32' title='bbox 2271 520 2415 574; x_wconf 84' lang='lat' dir='ltr'><strong>sunt</strong></span> <span class='ocrx_word' id='word_1_33' title='bbox 2440 515 2514 573; x_wconf 89' lang='lat' dir='ltr'><strong>ab</strong></span> <span class='ocrx_word' id='word_1_34' title='bbox 2540 527 2843 573; x_wconf 89' lang='lat' dir='ltr'><strong>invicenm</strong></span> 
     </span>
    </p>

    <p class='ocr_par' dir='ltr' id='par_1_3' title="bbox 422 593 2850 1625">
     <span class='ocr_line' id='line_1_5' title="bbox 461 593 2843 736; baseline -0.002 -20"><span class='ocrx_word' id='word_1_35' title='bbox 461 593 772 729; x_wconf 51' lang='grc' dir='ltr'><strong>ιῗιιξὲῗιῗε,</strong></span> <span class='ocrx_word' id='word_1_36' title='bbox 802 657 1163 732; x_wconf 80' lang='lat' dir='ltr'><strong>quicumque</strong></span> <span class='ocrx_word' id='word_1_37' title='bbox 1189 655 1503 728; x_wconf 79' lang='lat' dir='ltr'><strong>cognoscit</strong></span> <span class='ocrx_word' id='word_1_38' title='bbox 1540 655 1795 726; x_wconf 82' lang='lat' dir='ltr'><strong>perfecte</strong></span> <span class='ocrx_word' id='word_1_39' title='bbox 1822 654 2087 736; x_wconf 80' lang='lat' dir='ltr'><strong>aliquam</strong></span> <span class='ocrx_word' id='word_1_40' title='bbox 2116 660 2387 736; x_wconf 75' lang='lat' dir='ltr'><strong>naturam</strong></span> <span class='ocrx_word' id='word_1_41' title='bbox 2416 653 2843 736; x_wconf 74' lang='lat' dir='ltr'><strong>universalem,</strong></span> 
     </span>
     <span class='ocr_line' id='line_1_6' title="bbox 422 724 2847 870; baseline -0.002 -14"><span class='ocrx_word' id='word_1_42' title='bbox 422 727 1003 870; x_wconf 56' lang='lat' dir='ltr'><strong>iiiissffiitmfflg?</strong></span> <span class='ocrx_word' id='word_1_43' title='bbox 1017 724 2847 867; x_wconf 54' lang='lat' dir='ltr'><strong>rtttp3²ffizzi¹3¹ttptltsst&amp;⁸223·0²3⁰‹l123r22⁰3‚t¹32⁸03332¹335</strong></span> 
     </span>
     <span class='ocr_line' id='line_1_7' title="bbox 424 864 2844 938; baseline -0.002 -12"><span class='ocrx_word' id='word_1_44' title='bbox 424 868 873 926; x_wconf 90' lang='lat' dir='ltr'><strong>constituuntur</strong></span> <span class='ocrx_word' id='word_1_45' title='bbox 913 866 1131 938; x_wconf 70' lang='lat' dir='ltr'><strong>diversi</strong></span> <span class='ocrx_word' id='word_1_46' title='bbox 1181 865 1403 936; x_wconf 90' lang='lat' dir='ltr'><strong>gradus</strong></span> <span class='ocrx_word' id='word_1_47' title='bbox 1449 864 1697 921; x_wconf 91' lang='lat' dir='ltr'><strong>entium.</strong></span> <span class='ocrx_word' id='word_1_48' title='bbox 1742 864 1802 921; x_wconf 89' lang='lat' dir='ltr'><strong>Si</strong></span> <span class='ocrx_word' id='word_1_49' title='bbox 1848 864 2031 936; x_wconf 90' lang='lat' dir='ltr'><strong>igitur</strong></span> <span class='ocrx_word' id='word_1_50' title='bbox 2074 866 2249 933; x_wconf 76' lang='lat' dir='ltr'><strong>Deus,</strong></span> <span class='ocrx_word' id='word_1_51' title='bbox 2280 864 2701 936; x_wconf 86' lang='lat' dir='ltr'><strong>cognoscendo</strong></span> <span class='ocrx_word' id='word_1_52' title='bbox 2747 878 2844 933; x_wconf 81' lang='lat' dir='ltr'><strong>se,</strong></span> 
     </span>
     <span class='ocr_line' id='line_1_8' title="bbox 425 934 2846 1063; baseline -0.002 -66"><span class='ocrx_word' id='word_1_53' title='bbox 425 938 741 1009; x_wconf 76' lang='lat' dir='ltr'><strong>cognoscit</strong></span> <span class='ocrx_word' id='word_1_54' title='bbox 766 942 1039 995; x_wconf 88' lang='lat' dir='ltr'><strong>naturam</strong></span> <span class='ocrx_word' id='word_1_55' title='bbox 1084 934 1479 993; x_wconf 87' lang='lat' dir='ltr'><strong>universalem</strong></span> <span class='ocrx_word' id='word_1_56' title='bbox 1506 934 1685 1004; x_wconf 92' lang='lat' dir='ltr'><strong>entis,</strong></span> <span class='ocrx_word' id='word_1_57' title='bbox 1712 948 1835 992; x_wconf 89' lang='lat' dir='ltr'><strong>non</strong></span> <span class='ocrx_word' id='word_1_58' title='bbox 1864 940 2060 992; x_wconf 88' lang='lat' dir='ltr'><strong>autem</strong></span> <span class='ocrx_word' id='word_1_59' title='bbox 2107 935 2466 1063; x_wconf 53' lang='lat' dir='ltr'><strong>imssersoeoe’</strong></span> <span class='ocrx_word' id='word_1_60' title='bbox 2496 934 2639 1006; x_wconf 89' lang='lat' dir='ltr'><strong>quia</strong></span> <span class='ocrx_word' id='word_1_61' title='bbox 2665 934 2740 992; x_wconf 84' lang='lat' dir='ltr'><strong>ab</strong></span> <span class='ocrx_word' id='word_1_62' title='bbox 2765 948 2846 992; x_wconf 90' lang='lat' dir='ltr'><strong>eo</strong></span> 
     </span>
     <span class='ocr_line' id='line_1_9' title="bbox 426 1004 2848 1086; baseline -0.002 -21"><span class='ocrx_word' id='word_1_63' title='bbox 426 1009 628 1066; x_wconf 90' lang='lat' dir='ltr'><strong>omnis</strong></span> <span class='ocrx_word' id='word_1_64' title='bbox 656 1007 1024 1080; x_wconf 81' lang='lat' dir='ltr'><strong>imperfectio</strong></span> <span class='ocrx_word' id='word_1_65' title='bbox 1052 1005 1229 1077; x_wconf 90' lang='lat' dir='ltr'><strong>longe</strong></span> <span class='ocrx_word' id='word_1_66' title='bbox 1257 1010 1369 1073; x_wconf 91' lang='lat' dir='ltr'><strong>est,</strong></span> <span class='ocrx_word' id='word_1_67' title='bbox 1401 1010 1465 1061; x_wconf 91' lang='lat' dir='ltr'><strong>ut</strong></span> <span class='ocrx_word' id='word_1_68' title='bbox 1509 1018 1691 1076; x_wconf 86' lang='lat' dir='ltr'><strong>supra</strong></span> <span class='ocrx_word' id='word_1_69' title='bbox 1741 1004 1900 1076; x_wconf 89' lang='lat' dir='ltr'><strong>(Cap.</strong></span> <span class='ocrx_word' id='word_1_70' title='bbox 1951 1004 2041 1077; x_wconf 82' lang='lat'><strong>28)</strong></span> <span class='ocrx_word' id='word_1_71' title='bbox 2094 1018 2201 1076; x_wconf 90' lang='lat' dir='ltr'><strong>pro</strong></span> <span class='ocrx_word' id='word_1_72' title='bbox 2243 1009 2401 1062; x_wconf 90' lang='lat' dir='ltr'><strong>atum</strong></span> <span class='ocrx_word' id='word_1_73' title='bbox 2446 1010 2555 1072; x_wconf 87' lang='lat' dir='ltr'><strong>est,</strong></span> <span class='ocrx_word' id='word_1_74' title='bbox 2606 1010 2848 1086; x_wconf 77' lang='lat' dir='ltr'><strong>oportet</strong></span> 
     </span>
     <span class='ocr_line' id='line_1_10' title="bbox 423 1074 2847 1161; baseline -0.002 -26"><span class='ocrx_word' id='word_1_75' title='bbox 423 1078 582 1151; x_wconf 79' lang='lat' dir='ltr'><strong>quod</strong></span> <span class='ocrx_word' id='word_1_76' title='bbox 607 1082 1199 1161; x_wconf 52' lang='lat' dir='ltr'><strong>cognoscatomnee</strong></span> <span class='ocrx_word' id='word_1_77' title='bbox 1245 1074 1467 1149; x_wconf 89' lang='lat' dir='ltr'><strong>gradus</strong></span> <span class='ocrx_word' id='word_1_78' title='bbox 1505 1075 1754 1153; x_wconf 80' lang='lat' dir='ltr'><strong>entium.</strong></span> <span class='ocrx_word' id='word_1_79' title='bbox 1804 1077 1873 1131; x_wconf 87' lang='lat' dir='ltr'><strong>Et</strong></span> <span class='ocrx_word' id='word_1_80' title='bbox 1915 1075 2005 1133; x_wconf 84' lang='lat' dir='ltr'><strong>sic</strong></span> <span class='ocrx_word' id='word_1_81' title='bbox 2048 1076 2229 1135; x_wconf 84' lang='lat' dir='ltr'><strong>rebus</strong></span> <span class='ocrx_word' id='word_1_82' title='bbox 2274 1075 2412 1133; x_wconf 82' lang='lat' dir='ltr'><strong>aliis</strong></span> <span class='ocrx_word' id='word_1_83' title='bbox 2440 1089 2476 1132; x_wconf 87' lang='lat' dir='ltr'><strong>a</strong></span> <span class='ocrx_word' id='word_1_84' title='bbox 2503 1087 2567 1132; x_wconf 90' lang='lat' dir='ltr'><strong>se</strong></span> <span class='ocrx_word' id='word_1_85' title='bbox 2599 1074 2847 1133; x_wconf 86' lang='lat' dir='ltr'><strong>habebit</strong></span> 
     </span>
     <span class='ocr_line' id='line_1_11' title="bbox 422 1152 2844 1300; baseline -0 -26"><span class='ocrx_word' id='word_1_86' title='bbox 422 1152 1174 1300; x_wconf 46' lang='lat' dir='ltr'><strong>prgssgffiaffoqgiffguffigffe</strong></span> <span class='ocrx_word' id='word_1_87' title='bbox 1198 1214 1509 1297; x_wconf 81' lang='lat' dir='ltr'><strong>cognoscit</strong></span> <span class='ocrx_word' id='word_1_88' title='bbox 1553 1215 1809 1296; x_wconf 80' lang='lat' dir='ltr'><strong>perfecte</strong></span> <span class='ocrx_word' id='word_1_89' title='bbox 1852 1214 2100 1288; x_wconf 90' lang='lat' dir='ltr'><strong>aliquid,</strong></span> <span class='ocrx_word' id='word_1_90' title='bbox 2129 1214 2444 1288; x_wconf 79' lang='lat' dir='ltr'><strong>cognoscit</strong></span> <span class='ocrx_word' id='word_1_91' title='bbox 2467 1215 2672 1297; x_wconf 76' lang='lat' dir='ltr'><strong>omnia</strong></span> <span class='ocrx_word' id='word_1_92' title='bbox 2703 1229 2844 1297; x_wconf 61' lang='lat' dir='ltr'><strong>qum</strong></span> 
     </span>
     <span class='ocr_line' id='line_1_12' title="bbox 426 1285 2850 1414; baseline -0.002 -68"><span class='ocrx_word' id='word_1_93' title='bbox 426 1292 651 1346; x_wconf 88' lang='lat' dir='ltr'><strong>suntin</strong></span> <span class='ocrx_word' id='word_1_94' title='bbox 684 1289 811 1346; x_wconf 87' lang='lat' dir='ltr'><strong>illo.</strong></span> <span class='ocrx_word' id='word_1_95' title='bbox 839 1287 949 1346; x_wconf 84' lang='lat' dir='ltr'><strong>Sed</strong></span> <span class='ocrx_word' id='word_1_96' title='bbox 982 1289 1139 1344; x_wconf 87' lang='lat' dir='ltr'><strong>Deus</strong></span> <span class='ocrx_word' id='word_1_97' title='bbox 1167 1299 1239 1343; x_wconf 94' lang='lat' dir='ltr'><strong>co</strong></span> <span class='ocrx_word' id='word_1_98' title='bbox 1284 1291 1479 1343; x_wconf 90' lang='lat' dir='ltr'><strong>noscit</strong></span> <span class='ocrx_word' id='word_1_99' title='bbox 1509 1299 1774 1357; x_wconf 85' lang='lat' dir='ltr'><strong>seipsum</strong></span> <span class='ocrx_word' id='word_1_100' title='bbox 1806 1285 2081 1367; x_wconf 75' lang='lat' dir='ltr'><strong>perfecte,</strong></span> <span class='ocrx_word' id='word_1_101' title='bbox 2111 1298 2255 1414; x_wconf 55' lang='lat' dir='ltr'><strong>ergo</strong></span> <span class='ocrx_word' id='word_1_102' title='bbox 2296 1291 2607 1366; x_wconf 79' lang='lat' dir='ltr'><strong>cognoscit</strong></span> <span class='ocrx_word' id='word_1_103' title='bbox 2634 1299 2850 1343; x_wconf 89' lang='lat' dir='ltr'><strong>omnia</strong></span> 
     </span>
     <span class='ocr_line' id='line_1_13' title="bbox 425 1355 2846 1431; baseline -0.001 -15"><span class='ocrx_word' id='word_1_104' title='bbox 425 1372 555 1431; x_wconf 83' lang='lat' dir='ltr'><strong>quae</strong></span> <span class='ocrx_word' id='word_1_105' title='bbox 585 1362 815 1416; x_wconf 88' lang='lat' dir='ltr'><strong>suntin</strong></span> <span class='ocrx_word' id='word_1_106' title='bbox 852 1357 985 1427; x_wconf 93' lang='lat' dir='ltr'><strong>ipso</strong></span> <span class='ocrx_word' id='word_1_107' title='bbox 1030 1369 1214 1414; x_wconf 90' lang='lat' dir='ltr'><strong>secun</strong></span> <span class='ocrx_word' id='word_1_108' title='bbox 1261 1368 1357 1412; x_wconf 92' lang='lat' dir='ltr'><strong>um</strong></span> <span class='ocrx_word' id='word_1_109' title='bbox 1408 1357 1731 1426; x_wconf 89' lang='lat' dir='ltr'><strong>potentiam</strong></span> <span class='ocrx_word' id='word_1_110' title='bbox 1780 1362 2052 1415; x_wconf 78' lang='lat' dir='ltr'><strong>activam.</strong></span> <span class='ocrx_word' id='word_1_111' title='bbox 2104 1356 2177 1413; x_wconf 89' lang='lat' dir='ltr'><strong>Se</strong></span> <span class='ocrx_word' id='word_1_112' title='bbox 2265 1368 2467 1413; x_wconf 91' lang='lat' dir='ltr'><strong>omnia</strong></span> <span class='ocrx_word' id='word_1_113' title='bbox 2506 1355 2846 1414; x_wconf 88' lang='lat' dir='ltr'><strong>secundum</strong></span> 
     </span>
     <span class='ocr_line' id='line_1_14' title="bbox 426 1424 2846 1505; baseline 0 -21"><span class='ocrx_word' id='word_1_114' title='bbox 426 1428 695 1499; x_wconf 88' lang='lat' dir='ltr'><strong>proprias</strong></span> <span class='ocrx_word' id='word_1_115' title='bbox 742 1426 966 1485; x_wconf 81' lang='lat' dir='ltr'><strong>formas</strong></span> <span class='ocrx_word' id='word_1_116' title='bbox 1013 1431 1155 1483; x_wconf 88' lang='lat' dir='ltr'><strong>sunt</strong></span> <span class='ocrx_word' id='word_1_117' title='bbox 1196 1425 1261 1482; x_wconf 91' lang='lat' dir='ltr'><strong>in</strong></span> <span class='ocrx_word' id='word_1_118' title='bbox 1308 1424 1442 1496; x_wconf 91' lang='lat' dir='ltr'><strong>ipso</strong></span> <span class='ocrx_word' id='word_1_119' title='bbox 1491 1426 1820 1505; x_wconf 78' lang='lat' dir='ltr'><strong>secundum</strong></span> <span class='ocrx_word' id='word_1_120' title='bbox 1869 1426 2192 1497; x_wconf 87' lang='lat' dir='ltr'><strong>potentiam</strong></span> <span class='ocrx_word' id='word_1_121' title='bbox 2245 1427 2517 1494; x_wconf 85' lang='lat' dir='ltr'><strong>activam,</strong></span> <span class='ocrx_word' id='word_1_122' title='bbox 2568 1438 2705 1484; x_wconf 86' lang='lat' dir='ltr'><strong>cum</strong></span> <span class='ocrx_word' id='word_1_123' title='bbox 2760 1426 2846 1484; x_wconf 87' lang='lat' dir='ltr'><strong>sit</strong></span> 
     </span>
     <span class='ocr_line' id='line_1_15' title="bbox 424 1495 2846 1625; baseline -0.001 -70"><span class='ocrx_word' id='word_1_124' title='bbox 424 1500 628 1625; x_wconf 56' lang='lat' dir='ltr'><strong>omni‘isJ</strong></span> <span class='ocrx_word' id='word_1_125' title='bbox 669 1496 836 1623; x_wconf 54' lang='lat' dir='ltr'><strong>entisJ</strong></span> <span class='ocrx_word' id='word_1_126' title='bbox 869 1495 1249 1567; x_wconf 86' lang='lat' dir='ltr'><strong>principium.</strong></span> <span class='ocrx_word' id='word_1_127' title='bbox 1308 1497 1438 1566; x_wconf 88' lang='lat' dir='ltr'><strong>lpse</strong></span> <span class='ocrx_word' id='word_1_128' title='bbox 1489 1495 1674 1567; x_wconf 91' lang='lat' dir='ltr'><strong>igitur</strong></span> <span class='ocrx_word' id='word_1_129' title='bbox 1730 1496 1909 1554; x_wconf 88' lang='lat' dir='ltr'><strong>habet</strong></span> <span class='ocrx_word' id='word_1_130' title='bbox 1954 1496 2361 1569; x_wconf 90' lang='lat' dir='ltr'><strong>cognitionem</strong></span> <span class='ocrx_word' id='word_1_131' title='bbox 2409 1495 2708 1568; x_wconf 80' lang='lat' dir='ltr'><strong>propriam</strong></span> <span class='ocrx_word' id='word_1_132' title='bbox 2763 1496 2846 1554; x_wconf 86' lang='lat' dir='ltr'><strong>de</strong></span> 
     </span>
     <span class='ocr_line' id='line_1_16' title="bbox 423 1578 933 1625; baseline -0.006 0"><span class='ocrx_word' id='word_1_133' title='bbox 423 1580 585 1625; x_wconf 92' lang='lat' dir='ltr'><strong>omni</strong></span> <span class='ocrx_word' id='word_1_134' title='bbox 630 1580 704 1624; x_wconf 91' lang='lat' dir='ltr'><strong>us</strong></span> <span class='ocrx_word' id='word_1_135' title='bbox 734 1580 797 1623; x_wconf 90' lang='lat' dir='ltr'><strong>re</strong></span> <span class='ocrx_word' id='word_1_136' title='bbox 839 1578 933 1624; x_wconf 90' lang='lat' dir='ltr'><strong>us.</strong></span> 
     </span>
    </p>

    <p class='ocr_par' dir='ltr' id='par_1_4' title="bbox 422 1633 2845 2198">
     <span class='ocr_line' id='line_1_17' title="bbox 489 1633 2842 1716; baseline 0.001 -23"><span class='ocrx_word' id='word_1_137' title='bbox 489 1637 709 1700; x_wconf 70' lang='lat' dir='ltr'><strong>Adhuc,</strong></span> <span class='ocrx_word' id='word_1_138' title='bbox 783 1635 1098 1716; x_wconf 88' lang='lat' dir='ltr'><strong>uicumque</strong></span> <span class='ocrx_word' id='word_1_139' title='bbox 1129 1634 1243 1715; x_wconf 74' lang='lat' dir='ltr'><strong>scit</strong></span> <span class='ocrx_word' id='word_1_140' title='bbox 1269 1633 1528 1714; x_wconf 76' lang='lat' dir='ltr'><strong>aliquam</strong></span> <span class='ocrx_word' id='word_1_141' title='bbox 1561 1642 1854 1705; x_wconf 87' lang='lat' dir='ltr'><strong>naturam,</strong></span> <span class='ocrx_word' id='word_1_142' title='bbox 1886 1637 2000 1694; x_wconf 90' lang='lat' dir='ltr'><strong>scit</strong></span> <span class='ocrx_word' id='word_1_143' title='bbox 2020 1650 2096 1693; x_wconf 89' lang='lat' dir='ltr'><strong>an</strong></span> <span class='ocrx_word' id='word_1_144' title='bbox 2116 1635 2221 1693; x_wconf 91' lang='lat' dir='ltr'><strong>illa</strong></span> <span class='ocrx_word' id='word_1_145' title='bbox 2241 1640 2449 1694; x_wconf 88' lang='lat' dir='ltr'><strong>natura</strong></span> <span class='ocrx_word' id='word_1_146' title='bbox 2471 1636 2550 1694; x_wconf 91' lang='lat' dir='ltr'><strong>sit</strong></span> <span class='ocrx_word' id='word_1_147' title='bbox 2568 1649 2842 1695; x_wconf 91' lang='lat' dir='ltr'><strong>commu-</strong></span> 
     </span>
     <span class='ocr_line' id='line_1_18' title="bbox 423 1703 2843 1778; baseline 0 -14"><span class='ocrx_word' id='word_1_148' title='bbox 423 1705 720 1764; x_wconf 83' lang='lat' dir='ltr'><strong>nicabilis.</strong></span> <span class='ocrx_word' id='word_1_149' title='bbox 801 1718 880 1763; x_wconf 95' lang='lat' dir='ltr'><strong>on</strong></span> <span class='ocrx_word' id='word_1_150' title='bbox 924 1718 1080 1762; x_wconf 92' lang='lat' dir='ltr'><strong>enim</strong></span> <span class='ocrx_word' id='word_1_151' title='bbox 1130 1703 1408 1761; x_wconf 85' lang='lat' dir='ltr'><strong>animalis</strong></span> <span class='ocrx_word' id='word_1_152' title='bbox 1454 1710 1725 1762; x_wconf 87' lang='lat' dir='ltr'><strong>naturam</strong></span> <span class='ocrx_word' id='word_1_153' title='bbox 1773 1708 1952 1764; x_wconf 90' lang='lat' dir='ltr'><strong>sciret</strong></span> <span class='ocrx_word' id='word_1_154' title='bbox 1988 1706 2266 1777; x_wconf 82' lang='lat' dir='ltr'><strong>perfecte,</strong></span> <span class='ocrx_word' id='word_1_155' title='bbox 2296 1706 2397 1778; x_wconf 87' lang='lat' dir='ltr'><strong>qui</strong></span> <span class='ocrx_word' id='word_1_156' title='bbox 2424 1707 2682 1764; x_wconf 88' lang='lat' dir='ltr'><strong>nesciret</strong></span> <span class='ocrx_word' id='word_1_157' title='bbox 2704 1720 2843 1765; x_wconf 90' lang='lat' dir='ltr'><strong>eam</strong></span> 
     </span>
     <span class='ocr_line' id='line_1_19' title="bbox 424 1774 2845 1847; baseline 0 -14"><span class='ocrx_word' id='word_1_158' title='bbox 424 1775 698 1847; x_wconf 87' lang='lat' dir='ltr'><strong>pluribus</strong></span> <span class='ocrx_word' id='word_1_159' title='bbox 728 1774 1283 1834; x_wconf 88' lang='lat' dir='ltr'><strong>communicabilem</strong></span> <span class='ocrx_word' id='word_1_160' title='bbox 1314 1787 1469 1831; x_wconf 88' lang='lat' dir='ltr'><strong>esse.</strong></span> <span class='ocrx_word' id='word_1_161' title='bbox 1497 1775 1709 1832; x_wconf 89' lang='lat' dir='ltr'><strong>Divina</strong></span> <span class='ocrx_word' id='word_1_162' title='bbox 1736 1781 1932 1834; x_wconf 87' lang='lat' dir='ltr'><strong>autem</strong></span> <span class='ocrx_word' id='word_1_163' title='bbox 1963 1781 2176 1834; x_wconf 87' lang='lat' dir='ltr'><strong>natura</strong></span> <span class='ocrx_word' id='word_1_164' title='bbox 2197 1776 2715 1836; x_wconf 88' lang='lat' dir='ltr'><strong>communicabilis</strong></span> <span class='ocrx_word' id='word_1_165' title='bbox 2746 1782 2845 1835; x_wconf 87' lang='lat' dir='ltr'><strong>est</strong></span> 
     </span>
     <span class='ocr_line' id='line_1_20' title="bbox 423 1845 2844 1920; baseline 0 -16"><span class='ocrx_word' id='word_1_166' title='bbox 423 1861 529 1918; x_wconf 91' lang='lat' dir='ltr'><strong>per</strong></span> <span class='ocrx_word' id='word_1_167' title='bbox 569 1845 1041 1905; x_wconf 86' lang='lat' dir='ltr'><strong>similitudinem.</strong></span> <span class='ocrx_word' id='word_1_168' title='bbox 1089 1845 1211 1902; x_wconf 93' lang='lat' dir='ltr'><strong>Scit</strong></span> <span class='ocrx_word' id='word_1_169' title='bbox 1261 1859 1325 1901; x_wconf 88' lang='lat' dir='ltr'><strong>er</strong></span> <span class='ocrx_word' id='word_1_170' title='bbox 1366 1858 1403 1901; x_wconf 93' lang='lat' dir='ltr'><strong>o</strong></span> <span class='ocrx_word' id='word_1_171' title='bbox 1453 1847 1611 1908; x_wconf 81' lang='lat' dir='ltr'><strong>neus</strong></span> <span class='ocrx_word' id='word_1_172' title='bbox 1705 1852 1807 1903; x_wconf 91' lang='lat' dir='ltr'><strong>uot</strong></span> <span class='ocrx_word' id='word_1_173' title='bbox 1846 1845 2041 1905; x_wconf 88' lang='lat' dir='ltr'><strong>modis</strong></span> <span class='ocrx_word' id='word_1_174' title='bbox 2102 1846 2233 1918; x_wconf 86' lang='lat' dir='ltr'><strong>ejus</strong></span> <span class='ocrx_word' id='word_1_175' title='bbox 2284 1848 2559 1905; x_wconf 82' lang='lat' dir='ltr'><strong>essentiae</strong></span> <span class='ocrx_word' id='word_1_176' title='bbox 2610 1847 2844 1920; x_wconf 87' lang='lat' dir='ltr'><strong>aliquid</strong></span> 
     </span>
     <span class='ocr_line' id='line_1_21' title="bbox 424 1861 2841 1997; baseline -0 -21"><span class='ocrx_word' id='word_1_177' title='bbox 424 1916 795 1997; x_wconf 37' lang='lat' dir='ltr'><strong>simile-esse</strong></span> <span class='ocrx_word' id='word_1_178' title='bbox 819 1920 1031 1996; x_wconf 82' lang='lat' dir='ltr'><strong>potest.</strong></span> <span class='ocrx_word' id='word_1_179' title='bbox 1063 1913 1173 1997; x_wconf 80' lang='lat' dir='ltr'><strong>Sed</strong></span> <span class='ocrx_word' id='word_1_180' title='bbox 1217 1929 1288 1970; x_wconf 82' lang='lat' dir='ltr'><strong>ex</strong></span> <span class='ocrx_word' id='word_1_181' title='bbox 1338 1928 1439 1995; x_wconf 38' lang='lat' dir='ltr'><strong>‚oc</strong></span> <span class='ocrx_word' id='word_1_182' title='bbox 1487 1920 1628 1972; x_wconf 91' lang='lat' dir='ltr'><strong>sunt</strong></span> <span class='ocrx_word' id='word_1_183' title='bbox 1662 1861 2037 1997; x_wconf 50' lang='lat' dir='ltr'><strong>diversitates</strong></span> <span class='ocrx_word' id='word_1_184' title='bbox 2067 1916 2410 1985; x_wconf 81' lang='lat' dir='ltr'><strong>formarum,</strong></span> <span class='ocrx_word' id='word_1_185' title='bbox 2443 1918 2542 1990; x_wconf 88' lang='lat' dir='ltr'><strong>qui</strong></span> <span class='ocrx_word' id='word_1_186' title='bbox 2573 1917 2841 1975; x_wconf 85' lang='lat' dir='ltr'><strong>divinam</strong></span> 
     </span>
     <span class='ocr_line' id='line_1_22' title="bbox 424 1985 2841 2058; baseline 0 -14"><span class='ocrx_word' id='word_1_187' title='bbox 424 1991 745 2045; x_wconf 77' lang='lat' dir='ltr'><strong>essentiam</strong></span> <span class='ocrx_word' id='word_1_188' title='bbox 778 1999 876 2044; x_wconf 85' lang='lat' dir='ltr'><strong>res</strong></span> <span class='ocrx_word' id='word_1_189' title='bbox 905 1985 1301 2043; x_wconf 86' lang='lat' dir='ltr'><strong>diversimode</strong></span> <span class='ocrx_word' id='word_1_190' title='bbox 1332 1989 1660 2042; x_wconf 90' lang='lat' dir='ltr'><strong>imitantur.</strong></span> <span class='ocrx_word' id='word_1_191' title='bbox 1707 1986 1869 2044; x_wconf 90' lang='lat' dir='ltr'><strong>Unde</strong></span> <span class='ocrx_word' id='word_1_192' title='bbox 1916 1986 2320 2058; x_wconf 83' lang='lat' dir='ltr'><strong>Philosophus</strong></span> <span class='ocrx_word' id='word_1_193' title='bbox 2365 1988 2616 2045; x_wconf 86' lang='lat' dir='ltr'><strong>formam</strong></span> <span class='ocrx_word' id='word_1_194' title='bbox 2663 1994 2841 2045; x_wconf 86' lang='lat' dir='ltr'><strong>natu-</strong></span> 
     </span>
     <span class='ocr_line' id='line_1_23' title="bbox 422 2054 2838 2136; baseline 0 -22"><span class='ocrx_word' id='word_1_195' title='bbox 422 2056 606 2114; x_wconf 89' lang='lat' dir='ltr'><strong>ralem</strong></span> <span class='ocrx_word' id='word_1_196' title='bbox 635 2056 899 2114; x_wconf 90' lang='lat' dir='ltr'><strong>divinum</strong></span> <span class='ocrx_word' id='word_1_197' title='bbox 946 2054 1242 2136; x_wconf 83' lang='lat' dir='ltr'><strong>quoddam</strong></span> <span class='ocrx_word' id='word_1_198' title='bbox 1269 2055 1557 2134; x_wconf 41' lang='lat' dir='ltr'><strong>‚nominat</strong></span> <span class='ocrx_word' id='word_1_199' title='bbox 1601 2055 1880 2128; x_wconf 68' lang='lat' dir='ltr'><strong>(puysie,</strong></span> <span class='ocrx_word' id='word_1_200' title='bbox 1907 2071 1949 2125; x_wconf 91' lang='lat'><strong>1,</strong></span> <span class='ocrx_word' id='word_1_201' title='bbox 1979 2062 2118 2114; x_wconf 81' lang='lat' dir='ltr'><strong>text.</strong></span> <span class='ocrx_word' id='word_1_202' title='bbox 2150 2069 2364 2114; x_wconf 91' lang='lat' dir='ltr'><strong>comm.</strong></span> <span class='ocrx_word' id='word_1_203' title='bbox 2400 2057 2507 2130; x_wconf 83' lang='lat' dir='ltr'><strong>to).</strong></span> <span class='ocrx_word' id='word_1_204' title='bbox 2538 2061 2695 2116; x_wconf 89' lang='lat' dir='ltr'><strong>Deus</strong></span> <span class='ocrx_word' id='word_1_205' title='bbox 2719 2058 2838 2130; x_wconf 89' lang='lat' dir='ltr'><strong>igi-</strong></span> 
     </span>
     <span class='ocr_line' id='line_1_24' title="bbox 425 2125 2387 2198; baseline 0.001 -15"><span class='ocrx_word' id='word_1_206' title='bbox 425 2132 521 2184; x_wconf 90' lang='lat' dir='ltr'><strong>tur</strong></span> <span class='ocrx_word' id='word_1_207' title='bbox 547 2127 620 2184; x_wconf 90' lang='lat' dir='ltr'><strong>de</strong></span> <span class='ocrx_word' id='word_1_208' title='bbox 650 2125 827 2184; x_wconf 87' lang='lat' dir='ltr'><strong>rebus</strong></span> <span class='ocrx_word' id='word_1_209' title='bbox 854 2125 1033 2183; x_wconf 88' lang='lat' dir='ltr'><strong>habet</strong></span> <span class='ocrx_word' id='word_1_210' title='bbox 1059 2130 1463 2196; x_wconf 90' lang='lat' dir='ltr'><strong>cognitionem</strong></span> <span class='ocrx_word' id='word_1_211' title='bbox 1488 2126 1820 2183; x_wconf 90' lang='lat' dir='ltr'><strong>secundum</strong></span> <span class='ocrx_word' id='word_1_212' title='bbox 1846 2127 2116 2198; x_wconf 88' lang='lat' dir='ltr'><strong>proprias</strong></span> <span class='ocrx_word' id='word_1_213' title='bbox 2141 2127 2387 2185; x_wconf 83' lang='lat' dir='ltr'><strong>formas.</strong></span> 
     </span>
    </p>

    <p class='ocr_par' dir='ltr' id='par_1_5' title="bbox 421 2195 2840 2618">
     <span class='ocr_line' id='line_1_25' title="bbox 491 2195 2840 2269; baseline 0.001 -16"><span class='ocrx_word' id='word_1_214' title='bbox 491 2199 776 2265; x_wconf 66' lang='lat' dir='ltr'><strong>Praeterea,</strong></span> <span class='ocrx_word' id='word_1_215' title='bbox 799 2196 955 2265; x_wconf 90' lang='lat' dir='ltr'><strong>apud</strong></span> <span class='ocrx_word' id='word_1_216' title='bbox 976 2195 1250 2252; x_wconf 89' lang='lat' dir='ltr'><strong>homines</strong></span> <span class='ocrx_word' id='word_1_217' title='bbox 1275 2199 1332 2251; x_wconf 89' lang='lat' dir='ltr'><strong>et</strong></span> <span class='ocrx_word' id='word_1_218' title='bbox 1348 2195 1500 2252; x_wconf 87' lang='lat' dir='ltr'><strong>alios</strong></span> <span class='ocrx_word' id='word_1_219' title='bbox 1526 2202 1986 2267; x_wconf 86' lang='lat' dir='ltr'><strong>cognoscentes,</strong></span> <span class='ocrx_word' id='word_1_220' title='bbox 2008 2196 2258 2254; x_wconf 86' lang='lat' dir='ltr'><strong>liabetur</strong></span> <span class='ocrx_word' id='word_1_221' title='bbox 2277 2197 2544 2269; x_wconf 87' lang='lat' dir='ltr'><strong>cognitio</strong></span> <span class='ocrx_word' id='word_1_222' title='bbox 2562 2197 2635 2255; x_wconf 91' lang='lat' dir='ltr'><strong>de</strong></span> <span class='ocrx_word' id='word_1_223' title='bbox 2655 2196 2840 2256; x_wconf 84' lang='lat' dir='ltr'><strong>rebus</strong></span> 
     </span>
     <span class='ocr_line' id='line_1_26' title="bbox 423 2264 2836 2340; baseline 0 -17"><span class='ocrx_word' id='word_1_224' title='bbox 423 2270 600 2338; x_wconf 86' lang='lat' dir='ltr'><strong>prout</strong></span> <span class='ocrx_word' id='word_1_225' title='bbox 624 2267 689 2323; x_wconf 92' lang='lat' dir='ltr'><strong>in</strong></span> <span class='ocrx_word' id='word_1_226' title='bbox 718 2280 830 2324; x_wconf 86' lang='lat' dir='ltr'><strong>sua</strong></span> <span class='ocrx_word' id='word_1_227' title='bbox 857 2264 1234 2323; x_wconf 87' lang='lat' dir='ltr'><strong>multitudine</strong></span> <span class='ocrx_word' id='word_1_228' title='bbox 1264 2264 1618 2322; x_wconf 87' lang='lat' dir='ltr'><strong>abinvicem</strong></span> <span class='ocrx_word' id='word_1_229' title='bbox 1648 2272 1790 2322; x_wconf 90' lang='lat' dir='ltr'><strong>sunt</strong></span> <span class='ocrx_word' id='word_1_230' title='bbox 1819 2267 2137 2325; x_wconf 81' lang='lat' dir='ltr'><strong>distinctae.</strong></span> <span class='ocrx_word' id='word_1_231' title='bbox 2167 2267 2228 2324; x_wconf 88' lang='lat' dir='ltr'><strong>Si</strong></span> <span class='ocrx_word' id='word_1_232' title='bbox 2261 2267 2443 2340; x_wconf 89' lang='lat' dir='ltr'><strong>igitur</strong></span> <span class='ocrx_word' id='word_1_233' title='bbox 2469 2270 2626 2326; x_wconf 88' lang='lat' dir='ltr'><strong>Deus</strong></span> <span class='ocrx_word' id='word_1_234' title='bbox 2653 2269 2836 2326; x_wconf 85' lang='lat' dir='ltr'><strong>resin</strong></span> 
     </span>
     <span class='ocr_line' id='line_1_27' title="bbox 423 2334 2840 2408; baseline 0.001 -14"><span class='ocrx_word' id='word_1_235' title='bbox 423 2350 537 2394; x_wconf 86' lang='lat' dir='ltr'><strong>sua</strong></span> <span class='ocrx_word' id='word_1_236' title='bbox 587 2335 970 2394; x_wconf 88' lang='lat' dir='ltr'><strong>distinctione</strong></span> <span class='ocrx_word' id='word_1_237' title='bbox 1014 2347 1135 2392; x_wconf 91' lang='lat' dir='ltr'><strong>non</strong></span> <span class='ocrx_word' id='word_1_238' title='bbox 1178 2334 1508 2406; x_wconf 85' lang='lat' dir='ltr'><strong>cognoscit,</strong></span> <span class='ocrx_word' id='word_1_239' title='bbox 1573 2337 1844 2407; x_wconf 89' lang='lat' dir='ltr'><strong>sequitur</strong></span> <span class='ocrx_word' id='word_1_240' title='bbox 1894 2351 2027 2395; x_wconf 93' lang='lat' dir='ltr'><strong>eum</strong></span> <span class='ocrx_word' id='word_1_241' title='bbox 2084 2336 2644 2408; x_wconf 87' lang='lat' dir='ltr'><strong>insipientissimum</strong></span> <span class='ocrx_word' id='word_1_242' title='bbox 2697 2351 2840 2397; x_wconf 86' lang='lat' dir='ltr'><strong>esse</strong></span> 
     </span>
     <span class='ocr_line' id='line_1_28' title="bbox 422 2403 2838 2486; baseline 0.001 -23"><span class='ocrx_word' id='word_1_243' title='bbox 422 2405 749 2464; x_wconf 88' lang='lat' dir='ltr'><strong>secundum</strong></span> <span class='ocrx_word' id='word_1_244' title='bbox 781 2405 919 2463; x_wconf 80' lang='lat' dir='ltr'><strong>illos</strong></span> <span class='ocrx_word' id='word_1_245' title='bbox 947 2419 1048 2478; x_wconf 88' lang='lat' dir='ltr'><strong>qui</strong></span> <span class='ocrx_word' id='word_1_246' title='bbox 1076 2403 1376 2485; x_wconf 82' lang='lat' dir='ltr'><strong>ponebant</strong></span> <span class='ocrx_word' id='word_1_247' title='bbox 1402 2406 1597 2486; x_wconf 42' lang='lat' dir='ltr'><strong>Deum·</strong></span> <span class='ocrx_word' id='word_1_248' title='bbox 1618 2419 1740 2463; x_wconf 92' lang='lat' dir='ltr'><strong>non</strong></span> <span class='ocrx_word' id='word_1_249' title='bbox 1770 2419 1842 2464; x_wconf 93' lang='lat' dir='ltr'><strong>co</strong></span> <span class='ocrx_word' id='word_1_250' title='bbox 1888 2419 2136 2465; x_wconf 90' lang='lat' dir='ltr'><strong>noscere</strong></span> <span class='ocrx_word' id='word_1_251' title='bbox 2170 2407 2386 2476; x_wconf 90' lang='lat' dir='ltr'><strong>lucem,</strong></span> <span class='ocrx_word' id='word_1_252' title='bbox 2413 2422 2589 2480; x_wconf 86' lang='lat' dir='ltr'><strong>quam</strong></span> <span class='ocrx_word' id='word_1_253' title='bbox 2619 2421 2838 2467; x_wconf 88' lang='lat' dir='ltr'><strong>omnes</strong></span> 
     </span>
     <span class='ocr_line' id='line_1_29' title="bbox 421 2475 2836 2558; baseline 0.001 -24"><span class='ocrx_word' id='word_1_254' title='bbox 421 2480 832 2558; x_wconf 80' lang='lat' dir='ltr'><strong>cognoscunt:</strong></span> <span class='ocrx_word' id='word_1_255' title='bbox 858 2475 1016 2548; x_wconf 87' lang='lat' dir='ltr'><strong>quod</strong></span> <span class='ocrx_word' id='word_1_256' title='bbox 1036 2487 1143 2547; x_wconf 88' lang='lat' dir='ltr'><strong>pro</strong></span> <span class='ocrx_word' id='word_1_257' title='bbox 1159 2480 1601 2534; x_wconf 87' lang='lat' dir='ltr'><strong>inconvenienti</strong></span> <span class='ocrx_word' id='word_1_258' title='bbox 1621 2475 1801 2535; x_wconf 88' lang='lat' dir='ltr'><strong>habet</strong></span> <span class='ocrx_word' id='word_1_259' title='bbox 1817 2480 1858 2535; x_wconf 88' lang='lat' dir='ltr'>P</span> <span class='ocrx_word' id='word_1_260' title='bbox 1905 2478 2218 2551; x_wconf 85' lang='lat' dir='ltr'><strong>ilosophus</strong></span> <span class='ocrx_word' id='word_1_261' title='bbox 2236 2477 2300 2535; x_wconf 92' lang='lat' dir='ltr'><strong>in</strong></span> <span class='ocrx_word' id='word_1_262' title='bbox 2316 2478 2508 2550; x_wconf 91' lang='lat' dir='ltr'><strong>primo</strong></span> <span class='ocrx_word' id='word_1_263' title='bbox 2525 2481 2603 2536; x_wconf 87' lang='lat' dir='ltr'><strong>De</strong></span> <span class='ocrx_word' id='word_1_264' title='bbox 2621 2481 2836 2544; x_wconf 81' lang='lat' dir='ltr'><strong>anima,</strong></span> 
     </span>
     <span class='ocr_line' id='line_1_30' title="bbox 422 2545 1589 2618; baseline -0.001 -14"><span class='ocrx_word' id='word_1_265' title='bbox 422 2552 565 2604; x_wconf 92' lang='lat' dir='ltr'><strong>etin</strong></span> <span class='ocrx_word' id='word_1_266' title='bbox 592 2550 767 2604; x_wconf 87' lang='lat' dir='ltr'><strong>tertio</strong></span> <span class='ocrx_word' id='word_1_267' title='bbox 793 2547 1030 2616; x_wconf 63' lang='lat' dir='ltr'><strong>Metapa.</strong></span> <span class='ocrx_word' id='word_1_268' title='bbox 1061 2546 1199 2613; x_wconf 83' lang='lat' dir='ltr'><strong>(tex.</strong></span> <span class='ocrx_word' id='word_1_269' title='bbox 1228 2559 1446 2603; x_wconf 90' lang='lat' dir='ltr'><strong>comm.</strong></span> <span class='ocrx_word' id='word_1_270' title='bbox 1479 2545 1589 2618; x_wconf 76' lang='lat'>¹5.)</span> 
     </span>
    </p>

    <p class='ocr_par' dir='ltr' id='par_1_6' title="bbox 419 2616 2840 2902">
     <span class='ocr_line' id='line_1_31' title="bbox 492 2616 2840 2693; baseline 0.003 -20"><span class='ocrx_word' id='word_1_271' title='bbox 492 2617 615 2674; x_wconf 81' lang='lat' dir='ltr'><strong>Hoc</strong></span> <span class='ocrx_word' id='word_1_272' title='bbox 642 2616 818 2673; x_wconf 88' lang='lat' dir='ltr'><strong>etiam</strong></span> <span class='ocrx_word' id='word_1_273' title='bbox 847 2616 1193 2673; x_wconf 85' lang='lat' dir='ltr'><strong>auctoritate</strong></span> <span class='ocrx_word' id='word_1_274' title='bbox 1235 2616 1548 2686; x_wconf 80' lang='lat' dir='ltr'><strong>Scripturae</strong></span> <span class='ocrx_word' id='word_1_275' title='bbox 1590 2617 1894 2676; x_wconf 83' lang='lat' dir='ltr'><strong>canonicae</strong></span> <span class='ocrx_word' id='word_1_276' title='bbox 1940 2618 2279 2678; x_wconf 88' lang='lat' dir='ltr'><strong>edocemur.</strong></span> <span class='ocrx_word' id='word_1_277' title='bbox 2323 2619 2548 2677; x_wconf 89' lang='lat' dir='ltr'><strong>Dicitur</strong></span> <span class='ocrx_word' id='word_1_278' title='bbox 2575 2632 2840 2693; x_wconf 84' lang='lat' dir='ltr'><strong>namque</strong></span> 
     </span>
     <span class='ocr_line' id='line_1_32' title="bbox 422 2686 2835 2760; baseline 0.002 -17"><span class='ocrx_word' id='word_1_279' title='bbox 422 2687 588 2754; x_wconf 69' lang='lat' dir='ltr'><strong>Gen„</strong></span> <span class='ocrx_word' id='word_1_280' title='bbox 616 2699 661 2755; x_wconf 87' lang='lat'><strong>1,</strong></span> <span class='ocrx_word' id='word_1_281' title='bbox 689 2690 750 2744; x_wconf 78' lang='lat'><strong>31</strong></span> <span class='ocrx_word' id='word_1_282' title='bbox 781 2704 796 2743; x_wconf 81' lang='lat' dir='ltr'><strong><em>z</em></strong></span> <span class='ocrx_word' id='word_1_283' title='bbox 831 2686 987 2745; x_wconf 77' lang='lat' dir='ltr'><strong>Vidit</strong></span> <span class='ocrx_word' id='word_1_284' title='bbox 1011 2689 1151 2743; x_wconf 79' lang='lat' dir='ltr'><strong>Deus</strong></span> <span class='ocrx_word' id='word_1_285' title='bbox 1178 2690 1371 2742; x_wconf 80' lang='lat' dir='ltr'><strong>cuncta</strong></span> <span class='ocrx_word' id='word_1_286' title='bbox 1433 2703 1513 2743; x_wconf 83' lang='lat' dir='ltr'><strong>uae</strong></span> <span class='ocrx_word' id='word_1_287' title='bbox 1538 2689 1760 2755; x_wconf 75' lang='lat' dir='ltr'><strong>fecerat,</strong></span> <span class='ocrx_word' id='word_1_288' title='bbox 1792 2692 1844 2743; x_wconf 80' lang='lat' dir='ltr'><strong>et</strong></span> <span class='ocrx_word' id='word_1_289' title='bbox 1869 2693 2024 2745; x_wconf 73' lang='lat' dir='ltr'><strong>eram</strong></span> <span class='ocrx_word' id='word_1_290' title='bbox 2063 2690 2224 2746; x_wconf 83' lang='lat' dir='ltr'><strong>valde</strong></span> <span class='ocrx_word' id='word_1_291' title='bbox 2261 2690 2432 2756; x_wconf 75' lang='lat' dir='ltr'><strong>bona3</strong></span> <span class='ocrx_word' id='word_1_292' title='bbox 2461 2696 2521 2747; x_wconf 86' lang='lat' dir='ltr'><strong>et</strong></span> <span class='ocrx_word' id='word_1_293' title='bbox 2548 2690 2713 2759; x_wconf 68' lang='lat' dir='ltr'><strong>Eeb„</strong></span> <span class='ocrx_word' id='word_1_294' title='bbox 2742 2703 2835 2760; x_wconf 78' lang='lat' dir='ltr'><strong>lv,</strong></span> 
     </span>
     <span class='ocr_line' id='line_1_33' title="bbox 422 2757 2840 2835; baseline 0.002 -23"><span class='ocrx_word' id='word_1_295' title='bbox 422 2760 525 2813; x_wconf 75' lang='lat'><strong>13:</strong></span> <span class='ocrx_word' id='word_1_296' title='bbox 555 2758 678 2815; x_wconf 81' lang='lat' dir='ltr'><strong>Non</strong></span> <span class='ocrx_word' id='word_1_297' title='bbox 702 2760 780 2812; x_wconf 75' lang='lat' dir='ltr'><strong>est</strong></span> <span class='ocrx_word' id='word_1_298' title='bbox 806 2757 922 2812; x_wconf 80' lang='lat' dir='ltr'><strong>ulla</strong></span> <span class='ocrx_word' id='word_1_299' title='bbox 948 2760 1199 2813; x_wconf 74' lang='lat' dir='ltr'><strong>creatura</strong></span> <span class='ocrx_word' id='word_1_300' title='bbox 1242 2758 1412 2812; x_wconf 80' lang='lat' dir='ltr'><strong>invisi</strong></span> <span class='ocrx_word' id='word_1_301' title='bbox 1446 2759 1536 2813; x_wconf 79' lang='lat' dir='ltr'><strong>ilis</strong></span> <span class='ocrx_word' id='word_1_302' title='bbox 1589 2760 1653 2814; x_wconf 81' lang='lat' dir='ltr'><strong>in</strong></span> <span class='ocrx_word' id='word_1_303' title='bbox 1696 2763 1979 2829; x_wconf 78' lang='lat' dir='ltr'><strong>conspectu</strong></span> <span class='ocrx_word' id='word_1_304' title='bbox 2023 2759 2141 2831; x_wconf 72' lang='lat' dir='ltr'><strong>ejus</strong></span> <span class='ocrx_word' id='word_1_305' title='bbox 2162 2778 2181 2816; x_wconf 73' lang='grc' dir='ltr'><strong><em>ε</em></strong></span> <span class='ocrx_word' id='word_1_306' title='bbox 2211 2762 2394 2819; x_wconf 77' lang='lat' dir='ltr'><strong>omnia</strong></span> <span class='ocrx_word' id='word_1_307' title='bbox 2432 2758 2650 2835; x_wconf 73' lang='lat' dir='ltr'><strong>(atatem)</strong></span> <span class='ocrx_word' id='word_1_308' title='bbox 2681 2760 2840 2819; x_wconf 76' lang='lat' dir='ltr'><strong>mida</strong></span> 
     </span>
     <span class='ocr_line' id='line_1_34' title="bbox 419 2826 1976 2902; baseline 0.003 -21"><span class='ocrx_word' id='word_1_309' title='bbox 419 2830 473 2882; x_wconf 80' lang='lat' dir='ltr'><strong>et</strong></span> <span class='ocrx_word' id='word_1_310' title='bbox 497 2830 689 2896; x_wconf 80' lang='lat' dir='ltr'><strong>aperta</strong></span> <span class='ocrx_word' id='word_1_311' title='bbox 715 2829 844 2882; x_wconf 75' lang='lat' dir='ltr'><strong>sunt</strong></span> <span class='ocrx_word' id='word_1_312' title='bbox 868 2827 1036 2882; x_wconf 72' lang='lat' dir='ltr'><strong>oculis</strong></span> <span class='ocrx_word' id='word_1_313' title='bbox 1062 2826 1199 2896; x_wconf 75' lang='lat' dir='ltr'><strong>eju-⁴3.</strong></span> <span class='ocrx_word' id='word_1_314' title='bbox 1235 2826 1279 2899; x_wconf 91' lang='lat' dir='ltr'><strong>(l</strong></span> <span class='ocrx_word' id='word_1_315' title='bbox 1309 2832 1482 2897; x_wconf 68' lang='lat' dir='ltr'><strong>part„</strong></span> <span class='ocrx_word' id='word_1_316' title='bbox 1511 2842 1574 2900; x_wconf 86' lang='lat' dir='ltr'><strong>q.</strong></span> <span class='ocrx_word' id='word_1_317' title='bbox 1600 2840 1731 2898; x_wconf 72' lang='grc' dir='ltr'><strong>ΧΠ,</strong></span> <span class='ocrx_word' id='word_1_318' title='bbox 1761 2835 1871 2886; x_wconf 88' lang='lat' dir='ltr'><strong>art.</strong></span> <span class='ocrx_word' id='word_1_319' title='bbox 1898 2828 1976 2902; x_wconf 85' lang='grc'><strong>6.)</strong></span> 
     </span>
    </p>
   </div>
   <div class='ocr_carea' id='block_1_3' title="bbox 1429 3029 1818 3096">
    <p class='ocr_par' dir='ltr' id='par_1_7' title="bbox 1429 3029 1818 3096">
     <span class='ocr_line' id='line_1_35' title="bbox 1429 3029 1818 3096; baseline 0.005 -2"><span class='ocrx_word' id='word_1_320' title='bbox 1429 3029 1682 3095; x_wconf 83' lang='lat' dir='ltr'>CAPUT</span> <span class='ocrx_word' id='word_1_321' title='bbox 1719 3031 1818 3096; x_wconf 91' lang='lat' dir='ltr'><strong>LI.</strong></span> 
     </span>
    </p>
   </div>
   <div class='ocr_carea' id='block_1_4' title="bbox 603 3203 2642 3327">
    <p class='ocr_par' dir='ltr' id='par_1_8' title="bbox 603 3203 2642 3327">
     <span class='ocr_line' id='line_1_36' title="bbox 603 3203 2642 3261; baseline 0.004 -9"><span class='ocrx_word' id='word_1_322' title='bbox 603 3203 892 3252; x_wconf 75' lang='lat' dir='ltr'>RATIONES</span> <span class='ocrx_word' id='word_1_323' title='bbox 925 3203 1007 3250; x_wconf 77' lang='lat' dir='ltr'><strong>An</strong></span> <span class='ocrx_word' id='word_1_324' title='bbox 1042 3205 1446 3260; x_wconf 63' lang='lat' dir='ltr'><strong>monimntum</strong></span> <span class='ocrx_word' id='word_1_325' title='bbox 1480 3208 1769 3261; x_wconf 64' lang='lat' dir='ltr'><strong>omnnia</strong></span> <span class='ocrx_word' id='word_1_326' title='bbox 1801 3209 2132 3258; x_wconf 63' lang='lat' dir='ltr'><strong>maruno</strong></span> <span class='ocrx_word' id='word_1_327' title='bbox 2168 3210 2642 3261; x_wconf 65' lang='lat' dir='ltr'><strong>mummolini!</strong></span> 
     </span>
     <span class='ocr_line' id='line_1_37' title="bbox 730 3277 2274 3327; baseline 0.01 -15"><span class='ocrx_word' id='word_1_328' title='bbox 730 3305 739 3312; x_wconf 86' lang='lat'><strong>.</strong></span> <span class='ocrx_word' id='word_1_329' title='bbox 1201 3277 1293 3322; x_wconf 70' lang='lat' dir='ltr'><strong>sn*</strong></span> <span class='ocrx_word' id='word_1_330' title='bbox 1324 3277 1389 3322; x_wconf 83' lang='lat' dir='ltr'><strong>IN</strong></span> <span class='ocrx_word' id='word_1_331' title='bbox 1424 3278 1776 3325; x_wconf 65' lang='lat' dir='ltr'><strong>mamurii</strong></span> <span class='ocrx_word' id='word_1_332' title='bbox 1808 3280 2034 3327; x_wconf 65' lang='lat' dir='ltr'><strong>nmmo·</strong></span> <span class='ocrx_word' id='word_1_333' title='bbox 2271 3281 2274 3286; x_wconf 83' lang='grc'><strong><em>’</em></strong></span> 
     </span>
    </p>
   </div>
   <div class='ocr_carea' id='block_1_5' title="bbox 402 3436 2879 4430">
    <p class='ocr_par' dir='ltr' id='par_1_9' title="bbox 415 3436 2828 3585">
     <span class='ocr_line' id='line_1_38' title="bbox 420 3436 2828 3521; baseline 0.004 -24"><span class='ocrx_word' id='word_1_334' title='bbox 420 3510 433 3521; x_wconf 42' lang='grc'>,</span> <span class='ocrx_word' id='word_1_335' title='bbox 482 3437 616 3508; x_wconf 85' lang='lat' dir='ltr'><strong>Sed,</strong></span> <span class='ocrx_word' id='word_1_336' title='bbox 646 3451 727 3520; x_wconf 76' lang='lat'><em>¹¹0.</em></span> <span class='ocrx_word' id='word_1_337' title='bbox 755 3436 1072 3519; x_wconf 78' lang='lat' dir='ltr'><strong>multitudo</strong></span> <span class='ocrx_word' id='word_1_338' title='bbox 1100 3438 1536 3499; x_wconf 85' lang='lat' dir='ltr'><strong>intellectorum</strong></span> <span class='ocrx_word' id='word_1_339' title='bbox 1562 3444 1626 3500; x_wconf 92' lang='lat' dir='ltr'><strong>in</strong></span> <span class='ocrx_word' id='word_1_340' title='bbox 1652 3443 2018 3503; x_wconf 88' lang='lat' dir='ltr'><strong>intellectum</strong></span> <span class='ocrx_word' id='word_1_341' title='bbox 2039 3445 2308 3504; x_wconf 90' lang='lat' dir='ltr'><strong>divinum</strong></span> <span class='ocrx_word' id='word_1_342' title='bbox 2327 3445 2828 3519; x_wconf 88' lang='lat' dir='ltr'><strong>compositionem</strong></span> 
     </span>
     <span class='ocr_line' id='line_1_39' title="bbox 415 3508 2524 3585; baseline 0.003 -18"><span class='ocrx_word' id='word_1_343' title='bbox 415 3508 679 3577; x_wconf 88' lang='lat' dir='ltr'><strong>inducat,</strong></span> <span class='ocrx_word' id='word_1_344' title='bbox 710 3508 1159 3580; x_wconf 88' lang='lat' dir='ltr'><strong>investigandus</strong></span> <span class='ocrx_word' id='word_1_345' title='bbox 1189 3515 1280 3568; x_wconf 87' lang='lat' dir='ltr'><strong>cst</strong></span> <span class='ocrx_word' id='word_1_346' title='bbox 1306 3512 1521 3571; x_wconf 90' lang='lat' dir='ltr'><strong>modus</strong></span> <span class='ocrx_word' id='word_1_347' title='bbox 1549 3526 1670 3585; x_wconf 87' lang='lat' dir='ltr'><strong>quo</strong></span> <span class='ocrx_word' id='word_1_348' title='bbox 1701 3514 1820 3572; x_wconf 89' lang='lat' dir='ltr'><strong>ista</strong></span> <span class='ocrx_word' id='word_1_349' title='bbox 1846 3515 2147 3574; x_wconf 88' lang='lat' dir='ltr'><strong>intellecta</strong></span> <span class='ocrx_word' id='word_1_350' title='bbox 2170 3517 2293 3575; x_wconf 88' lang='lat' dir='ltr'><strong>sint</strong></span> <span class='ocrx_word' id='word_1_351' title='bbox 2316 3517 2524 3574; x_wconf 88' lang='lat' dir='ltr'><strong>multa.</strong></span> 
     </span>
    </p>

    <p class='ocr_par' dir='ltr' id='par_1_10' title="bbox 411 3578 2832 4006">
     <span class='ocr_line' id='line_1_40' title="bbox 484 3578 2830 3663; baseline 0.004 -27"><span class='ocrx_word' id='word_1_352' title='bbox 484 3581 614 3637; x_wconf 88' lang='lat' dir='ltr'><strong>Non</strong></span> <span class='ocrx_word' id='word_1_353' title='bbox 643 3586 840 3636; x_wconf 86' lang='lat' dir='ltr'><strong>autem</strong></span> <span class='ocrx_word' id='word_1_354' title='bbox 881 3578 1368 3662; x_wconf 39' lang='lat' dir='ltr'><strong>hii-iomultitudo</strong></span> <span class='ocrx_word' id='word_1_355' title='bbox 1409 3582 1498 3640; x_wconf 92' lang='lat' dir='ltr'><strong>sic</strong></span> <span class='ocrx_word' id='word_1_356' title='bbox 1541 3583 1792 3656; x_wconf 89' lang='lat' dir='ltr'><strong>intelligi</strong></span> <span class='ocrx_word' id='word_1_357' title='bbox 1832 3590 2049 3663; x_wconf 87' lang='lat' dir='ltr'><strong>potest,</strong></span> <span class='ocrx_word' id='word_1_358' title='bbox 2122 3587 2252 3645; x_wconf 91' lang='lat' dir='ltr'><strong>uasi</strong></span> <span class='ocrx_word' id='word_1_359' title='bbox 2292 3588 2481 3645; x_wconf 88' lang='lat' dir='ltr'><strong>multa</strong></span> <span class='ocrx_word' id='word_1_360' title='bbox 2526 3586 2830 3646; x_wconf 86' lang='lat' dir='ltr'><strong>intellecta</strong></span> 
     </span>
     <span class='ocr_line' id='line_1_41' title="bbox 413 3648 2828 3730; baseline 0.004 -23"><span class='ocrx_word' id='word_1_361' title='bbox 413 3649 673 3708; x_wconf 82' lang='lat' dir='ltr'><strong>habeant</strong></span> <span class='ocrx_word' id='word_1_362' title='bbox 718 3661 852 3707; x_wconf 89' lang='lat' dir='ltr'><strong>esse</strong></span> <span class='ocrx_word' id='word_1_363' title='bbox 897 3648 1240 3730; x_wconf 72' lang='lat' dir='ltr'><strong>distinctum</strong></span> <span class='ocrx_word' id='word_1_364' title='bbox 1282 3665 1345 3708; x_wconf 94' lang='lat' dir='ltr'><strong>in</strong></span> <span class='ocrx_word' id='word_1_365' title='bbox 1396 3654 1537 3711; x_wconf 88' lang='lat' dir='ltr'><strong>Deo.</strong></span> <span class='ocrx_word' id='word_1_366' title='bbox 1587 3655 1708 3711; x_wconf 90' lang='lat' dir='ltr'><strong>Ista</strong></span> <span class='ocrx_word' id='word_1_367' title='bbox 1748 3667 1906 3712; x_wconf 90' lang='lat' dir='ltr'><strong>enim</strong></span> <span class='ocrx_word' id='word_1_368' title='bbox 1947 3655 2089 3713; x_wconf 87' lang='lat' dir='ltr'><strong>intel</strong></span> <span class='ocrx_word' id='word_1_369' title='bbox 2118 3662 2248 3714; x_wconf 91' lang='lat' dir='ltr'><strong>ecta</strong></span> <span class='ocrx_word' id='word_1_370' title='bbox 2288 3662 2390 3714; x_wconf 86' lang='lat' dir='ltr'><strong>aut</strong></span> <span class='ocrx_word' id='word_1_371' title='bbox 2439 3663 2643 3715; x_wconf 89' lang='lat' dir='ltr'><strong>essent</strong></span> <span class='ocrx_word' id='word_1_372' title='bbox 2668 3657 2828 3716; x_wconf 92' lang='lat' dir='ltr'><strong>idem</strong></span> 
     </span>
     <span class='ocr_line' id='line_1_42' title="bbox 413 3718 2825 3799; baseline 0.004 -23"><span class='ocrx_word' id='word_1_373' title='bbox 413 3718 573 3792; x_wconf 91' lang='lat' dir='ltr'><strong>quod</strong></span> <span class='ocrx_word' id='word_1_374' title='bbox 602 3719 866 3776; x_wconf 90' lang='lat' dir='ltr'><strong>essentia</strong></span> <span class='ocrx_word' id='word_1_375' title='bbox 893 3718 1113 3788; x_wconf 91' lang='lat' dir='ltr'><strong>divina,</strong></span> <span class='ocrx_word' id='word_1_376' title='bbox 1141 3720 1314 3779; x_wconf 83' lang='lat' dir='ltr'><strong>etsie</strong></span> <span class='ocrx_word' id='word_1_377' title='bbox 1343 3721 1405 3778; x_wconf 96' lang='lat' dir='ltr'><strong>in</strong></span> <span class='ocrx_word' id='word_1_378' title='bbox 1430 3723 1695 3781; x_wconf 90' lang='lat' dir='ltr'><strong>essentia</strong></span> <span class='ocrx_word' id='word_1_379' title='bbox 1720 3725 1824 3781; x_wconf 89' lang='lat' dir='ltr'><strong>Dei</strong></span> <span class='ocrx_word' id='word_1_380' title='bbox 1850 3731 2132 3796; x_wconf 90' lang='lat' dir='ltr'><strong>poneretu</strong></span> <span class='ocrx_word' id='word_1_381' title='bbox 2195 3726 2395 3799; x_wconf 89' lang='lat' dir='ltr'><strong>aliqua</strong></span> <span class='ocrx_word' id='word_1_382' title='bbox 2419 3727 2825 3797; x_wconf 85' lang='lat' dir='ltr'><strong>multitudino,</strong></span> 
     </span>
     <span class='ocr_line' id='line_1_43' title="bbox 413 3787 2832 3874; baseline 0.004 -29"><span class='ocrx_word' id='word_1_383' title='bbox 413 3787 572 3863; x_wconf 83' lang='lat' dir='ltr'><strong>quqd</strong></span> <span class='ocrx_word' id='word_1_384' title='bbox 600 3800 782 3868; x_wconf 81' lang='lat' dir='ltr'><strong>supra</strong></span> <span class='ocrx_word' id='word_1_385' title='bbox 807 3787 957 3869; x_wconf 76' lang='lat' dir='ltr'><strong>(cap.</strong></span> <span class='ocrx_word' id='word_1_386' title='bbox 1003 3787 1542 3872; x_wconf 44' lang='lat' dir='ltr'><strong>3¹)‚multipliciter</strong></span> <span class='ocrx_word' id='word_1_387' title='bbox 1586 3798 1680 3874; x_wconf 73' lang='lat' dir='ltr'><strong>est</strong></span> <span class='ocrx_word' id='word_1_388' title='bbox 1717 3802 2048 3854; x_wconf 85' lang='lat' dir='ltr'><strong>remotum:</strong></span> <span class='ocrx_word' id='word_1_389' title='bbox 2077 3811 2150 3855; x_wconf 88' lang='lat' dir='ltr'><strong>au</strong></span> <span class='ocrx_word' id='word_1_390' title='bbox 2215 3803 2419 3855; x_wconf 88' lang='lat' dir='ltr'><strong>essent</strong></span> <span class='ocrx_word' id='word_1_391' title='bbox 2447 3796 2832 3869; x_wconf 87' lang='lat' dir='ltr'><strong>superaddita</strong></span> 
     </span>
     <span class='ocr_line' id='line_1_44' title="bbox 414 3856 2827 3942; baseline 0.003 -23"><span class='ocrx_word' id='word_1_392' title='bbox 414 3861 691 3937; x_wconf 70' lang='lat' dir='ltr'><strong>essentiae</strong></span> <span class='ocrx_word' id='word_1_393' title='bbox 713 3856 954 3937; x_wconf 67' lang='lat' dir='ltr'><strong>divinae,</strong></span> <span class='ocrx_word' id='word_1_394' title='bbox 984 3862 1044 3916; x_wconf 90' lang='lat' dir='ltr'><strong>et</strong></span> <span class='ocrx_word' id='word_1_395' title='bbox 1070 3871 1158 3916; x_wconf 91' lang='lat' dir='ltr'><strong>sic</strong></span> <span class='ocrx_word' id='word_1_396' title='bbox 1186 3867 1349 3918; x_wconf 88' lang='lat' dir='ltr'><strong>esset</strong></span> <span class='ocrx_word' id='word_1_397' title='bbox 1372 3875 1438 3918; x_wconf 90' lang='lat' dir='ltr'><strong>in</strong></span> <span class='ocrx_word' id='word_1_398' title='bbox 1456 3863 1579 3920; x_wconf 85' lang='lat' dir='ltr'><strong>Deo</strong></span> <span class='ocrx_word' id='word_1_399' title='bbox 1598 3863 1840 3936; x_wconf 86' lang='lat' dir='ltr'><strong>aliquod</strong></span> <span class='ocrx_word' id='word_1_400' title='bbox 1859 3866 2159 3934; x_wconf 86' lang='lat' dir='ltr'><strong>accidens,</strong></span> <span class='ocrx_word' id='word_1_401' title='bbox 2176 3866 2335 3940; x_wconf 89' lang='lat' dir='ltr'><strong>quod</strong></span> <span class='ocrx_word' id='word_1_402' title='bbox 2363 3880 2548 3939; x_wconf 88' lang='lat' dir='ltr'><strong>supra</strong></span> <span class='ocrx_word' id='word_1_403' title='bbox 2563 3867 2718 3942; x_wconf 85' lang='lat' dir='ltr'><strong>(cap.</strong></span> <span class='ocrx_word' id='word_1_404' title='bbox 2735 3867 2827 3940; x_wconf 75' lang='lat'><strong>³8)</strong></span> 
     </span>
     <span class='ocr_line' id='line_1_45' title="bbox 411 3924 1371 4006; baseline 0.002 -19"><span class='ocrx_word' id='word_1_405' title='bbox 411 3924 788 4006; x_wconf 81' lang='lat' dir='ltr'><strong>impossihile</strong></span> <span class='ocrx_word' id='word_1_406' title='bbox 815 3940 950 3985; x_wconf 88' lang='lat' dir='ltr'><strong>esse</strong></span> <span class='ocrx_word' id='word_1_407' title='bbox 977 3928 1371 3989; x_wconf 75' lang='lat' dir='ltr'><strong>ostendimus·</strong></span> 
     </span>
    </p>

    <p class='ocr_par' dir='ltr' id='par_1_11' title="bbox 402 3999 2879 4288">
     <span class='ocr_line' id='line_1_46' title="bbox 477 3999 2832 4084; baseline 0.007 -32"><span class='ocrx_word' id='word_1_408' title='bbox 477 4002 598 4053; x_wconf 76' lang='lat' dir='ltr'><strong>Nec</strong></span> <span class='ocrx_word' id='word_1_409' title='bbox 626 4000 839 4054; x_wconf 88' lang='lat' dir='ltr'><strong>iterum</strong></span> <span class='ocrx_word' id='word_1_410' title='bbox 867 4002 1062 4078; x_wconf 75' lang='lat' dir='ltr'><strong>potest</strong></span> <span class='ocrx_word' id='word_1_411' title='bbox 1084 3999 1227 4082; x_wconf 84' lang='lat' dir='ltr'><strong>poni</strong></span> <span class='ocrx_word' id='word_1_412' title='bbox 1257 4000 1601 4084; x_wconf 74' lang='lat' dir='ltr'><strong>hujusmodi</strong></span> <span class='ocrx_word' id='word_1_413' title='bbox 1632 4003 1856 4063; x_wconf 80' lang='lat' dir='ltr'><strong>formas</strong></span> <span class='ocrx_word' id='word_1_414' title='bbox 1891 4005 2300 4079; x_wconf 84' lang='lat' dir='ltr'><strong>intelligibiles</strong></span> <span class='ocrx_word' id='word_1_415' title='bbox 2322 4021 2429 4079; x_wconf 90' lang='lat' dir='ltr'><strong>per</strong></span> <span class='ocrx_word' id='word_1_416' title='bbox 2454 4021 2522 4066; x_wconf 90' lang='lat' dir='ltr'><strong>se</strong></span> <span class='ocrx_word' id='word_1_417' title='bbox 2546 4008 2832 4078; x_wconf 81' lang='lat' dir='ltr'><strong>existere,-</strong></span> 
     </span>
     <span class='ocr_line' id='line_1_47' title="bbox 415 4064 2827 4149; baseline 0.007 -29"><span class='ocrx_word' id='word_1_418' title='bbox 415 4065 571 4146; x_wconf 76' lang='lat' dir='ltr'><strong>quod</strong></span> <span class='ocrx_word' id='word_1_419' title='bbox 601 4064 768 4123; x_wconf 87' lang='lat' dir='ltr'><strong>Plato</strong></span> <span class='ocrx_word' id='word_1_420' title='bbox 834 4066 1073 4127; x_wconf 83' lang='lat' dir='ltr'><strong>raedicta</strong></span> <span class='ocrx_word' id='word_1_421' title='bbox 1098 4078 1582 4131; x_wconf 87' lang='lat' dir='ltr'><strong>inconvenientia</strong></span> <span class='ocrx_word' id='word_1_422' title='bbox 1600 4074 1815 4144; x_wconf 88' lang='lat' dir='ltr'><strong>vitans,</strong></span> <span class='ocrx_word' id='word_1_423' title='bbox 1837 4074 2071 4133; x_wconf 85' lang='lat' dir='ltr'><strong>videtur</strong></span> <span class='ocrx_word' id='word_1_424' title='bbox 2085 4077 2367 4149; x_wconf 85' lang='lat' dir='ltr'><strong>posuisse</strong></span> <span class='ocrx_word' id='word_1_425' title='bbox 2391 4077 2827 4138; x_wconf 89' lang='lat' dir='ltr'><strong>introducendo</strong></span> 
     </span>
     <span class='ocr_line' id='line_1_48' title="bbox 410 4136 2824 4220; baseline 0.007 -30"><span class='ocrx_word' id='word_1_426' title='bbox 410 4138 582 4195; x_wconf 72' lang='lat' dir='ltr'><strong>ideas.</strong></span> <span class='ocrx_word' id='word_1_427' title='bbox 611 4136 764 4215; x_wconf 79' lang='lat' dir='ltr'><strong>Nam</strong></span> <span class='ocrx_word' id='word_1_428' title='bbox 813 4149 994 4195; x_wconf 82' lang='lat' dir='ltr'><strong>ormae</strong></span> <span class='ocrx_word' id='word_1_429' title='bbox 1032 4154 1228 4199; x_wconf 78' lang='lat' dir='ltr'><strong>rei-um</strong></span> <span class='ocrx_word' id='word_1_430' title='bbox 1275 4143 1637 4203; x_wconf 87' lang='lat' dir='ltr'><strong>naturalium</strong></span> <span class='ocrx_word' id='word_1_431' title='bbox 1665 4146 1796 4203; x_wconf 90' lang='lat' dir='ltr'><strong>sine</strong></span> <span class='ocrx_word' id='word_1_432' title='bbox 1825 4146 2073 4205; x_wconf 87' lang='lat' dir='ltr'><strong>materia</strong></span> <span class='ocrx_word' id='word_1_433' title='bbox 2112 4147 2368 4208; x_wconf 83' lang='lat' dir='ltr'><strong>existere</strong></span> <span class='ocrx_word' id='word_1_434' title='bbox 2395 4161 2519 4207; x_wconf 92' lang='lat' dir='ltr'><strong>non</strong></span> <span class='ocrx_word' id='word_1_435' title='bbox 2543 4156 2824 4220; x_wconf 87' lang='lat' dir='ltr'><strong>possunt,</strong></span> 
     </span>
     <span class='ocr_line' id='line_1_49' title="bbox 402 4210 2879 4288; baseline 0.008 -27"><span class='ocrx_word' id='word_1_436' title='bbox 402 4218 540 4262; x_wconf 90' lang='lat' dir='ltr'><strong>cum</strong></span> <span class='ocrx_word' id='word_1_437' title='bbox 570 4218 684 4262; x_wconf 90' lang='lat' dir='ltr'><strong>nec</strong></span> <span class='ocrx_word' id='word_1_438' title='bbox 713 4218 846 4286; x_wconf 72' lang='lat' dir='ltr'><strong>sine</strong></span> <span class='ocrx_word' id='word_1_439' title='bbox 875 4210 1123 4288; x_wconf 81' lang='lat' dir='ltr'><strong>materia</strong></span> <span class='ocrx_word' id='word_1_440' title='bbox 1150 4211 1582 4284; x_wconf 89' lang='lat' dir='ltr'><strong>intelligantur.</strong></span> <span class='ocrx_word' id='word_1_441' title='bbox 2871 4254 2879 4261; x_wconf 97' lang='lat'>-</span> 
     </span>
    </p>

    <p class='ocr_par' dir='ltr' id='par_1_12' title="bbox 413 4273 2830 4430">
     <span class='ocr_line' id='line_1_50' title="bbox 441 4273 2830 4359; baseline 0.005 -24"><span class='ocrx_word' id='word_1_442' title='bbox 441 4343 452 4353; x_wconf 51' lang='lat'><em>‚</em></span> <span class='ocrx_word' id='word_1_443' title='bbox 482 4273 651 4348; x_wconf 84' lang='lat' dir='ltr'><strong>Quod</strong></span> <span class='ocrx_word' id='word_1_444' title='bbox 682 4280 857 4358; x_wconf 77' lang='lat' dir='ltr'><strong>etiam</strong></span> <span class='ocrx_word' id='word_1_445' title='bbox 887 4290 941 4359; x_wconf 77' lang='lat' dir='ltr'><strong>si</strong></span> <span class='ocrx_word' id='word_1_446' title='bbox 969 4287 1306 4352; x_wconf 90' lang='lat' dir='ltr'><strong>poneretur,</strong></span> <span class='ocrx_word' id='word_1_447' title='bbox 1338 4295 1448 4342; x_wconf 92' lang='lat' dir='ltr'><strong>nec</strong></span> <span class='ocrx_word' id='word_1_448' title='bbox 1476 4282 1593 4342; x_wconf 88' lang='lat' dir='ltr'><strong>hoc</strong></span> <span class='ocrx_word' id='word_1_449' title='bbox 1616 4284 1916 4345; x_wconf 84' lang='lat' dir='ltr'><strong>sufficeret</strong></span> <span class='ocrx_word' id='word_1_450' title='bbox 1941 4286 2017 4345; x_wconf 90' lang='lat' dir='ltr'><strong>ad</strong></span> <span class='ocrx_word' id='word_1_451' title='bbox 2064 4288 2404 4359; x_wconf 87' lang='lat' dir='ltr'><strong>ponendum</strong></span> <span class='ocrx_word' id='word_1_452' title='bbox 2437 4290 2623 4347; x_wconf 90' lang='lat' dir='ltr'><strong>Deum</strong></span> <span class='ocrx_word' id='word_1_453' title='bbox 2653 4289 2830 4348; x_wconf 87' lang='lat' dir='ltr'><strong>intel-</strong></span> 
     </span>
     <span class='ocr_line' id='line_1_51' title="bbox 413 4344 2825 4430; baseline 0.009 -29"><span class='ocrx_word' id='word_1_454' title='bbox 413 4344 601 4419; x_wconf 87' lang='lat' dir='ltr'><strong>ligere</strong></span> <span class='ocrx_word' id='word_1_455' title='bbox 623 4344 1085 4425; x_wconf 82' lang='lat' dir='ltr'><strong>multitudinem.</strong></span> <span class='ocrx_word' id='word_1_456' title='bbox 1110 4352 1258 4412; x_wconf 83' lang='lat' dir='ltr'><strong>Nam</strong></span> <span class='ocrx_word' id='word_1_457' title='bbox 1285 4366 1422 4415; x_wconf 90' lang='lat' dir='ltr'><strong>cum</strong></span> <span class='ocrx_word' id='word_1_458' title='bbox 1451 4352 1657 4416; x_wconf 78' lang='lat' dir='ltr'><strong>formae</strong></span> <span class='ocrx_word' id='word_1_459' title='bbox 1683 4357 1977 4430; x_wconf 83' lang='lat' dir='ltr'><strong>praedictae</strong></span> <span class='ocrx_word' id='word_1_460' title='bbox 2004 4357 2129 4420; x_wconf 86' lang='lat' dir='ltr'><strong>sint</strong></span> <span class='ocrx_word' id='word_1_461' title='bbox 2160 4364 2324 4421; x_wconf 84' lang='lat' dir='ltr'><strong>extra</strong></span> <span class='ocrx_word' id='word_1_462' title='bbox 2348 4358 2452 4421; x_wconf 87' lang='lat' dir='ltr'><strong>Dei</strong></span> <span class='ocrx_word' id='word_1_463' title='bbox 2493 4359 2825 4423; x_wconf 82' lang='lat' dir='ltr'><strong>essentiam</strong></span> 
     </span>
    </p>
   </div>
  </div>
 </body>
</html>
