3076 5025
514 279 622 336 280
1420 277 1556 333 Ltss.
1597 277 1695 345 111,
1735 277 1889 332 CAP.
1922 276 2060 333 xxi.

514 398 779 472 perfecta
831 398 1072 457 bonitas
1122 397 1378 458 alicu'us
1435 405 1725 457 ereaturae
1787 398 2073 469 majorem
2144 397 2646 469 multiplicitatem
2709 414 2741 456 r
2815 400 2954 459 uirit

514 474 742 543 quanto
772 470 967 543 magis
985 483 1034 532 ,a
1059 469 1252 541 prima
1320 468 1545 530 onitate
1571 468 1805 526 distans
1834 469 2168 536 invenitur3
2200 468 2254 526 si
2275 481 2416 526 vero
2434 467 2761 549 perfectam
2821 471 2951 529 oni·

515 546 695 600 tatem
736 553 860 598 non
889 540 1080 613 possit
1110 540 1420 611 attingere,
1448 538 1857 610 imperfectam
1884 538 2163 597 retinebit
2188 539 2253 596 in
2280 552 2512 610 paucis.
2563 541 2628 596 Et
2673 539 2810 598 inde
2858 547 2951 599 est

514 611 702 685 quod,
731 611 871 670 licet
896 611 1154 683 primum
1186 615 1245 668 et
1264 623 1567 668 summum
1590 609 1817 668 bonum
1840 608 2185 667 sitomnino
2206 609 2461 680 simplex
2483 607 2945 686 substantiaeque

516 682 571 739 ei
643 682 953 754 ropinquae
982 682 1047 737 in
1074 681 1339 739 bonitate
1369 680 1494 738 sint
1519 680 1743 752 pariter
1769 685 1828 738 et
1856 685 2145 752 quantum
2167 680 2239 738 ad
2259 680 2708 751 simplieitatem
2722 681 2939 751 vicinae,

514 695 738 811 inffmae
767 757 967 810 tamen
998 751 1350 809 substantiae
1379 751 1770 832 inveniuntur
1797 750 2589 831 simpliciore8„quibusdam
2632 752 2940 824 superiori-

514 823 632 882 bus
658 823 768 888 eis,
801 823 957 880 sicut
989 822 1284 879 elementa
1312 821 1677 882 animalibus
1704 827 1762 879 et
1790 821 2162 890 hominibus,
2196 834 2340 894 quia
2366 834 2490 879 non
2524 826 2785 894 possunt
2827 836 2947 894 per·

514 894 748 966 tingere
779 893 853 951 ad
890 891 1318 964 perfectionem
1359 891 1729 964 cognitionis
1776 898 1833 949 et
1880 890 2222 950 intellectus
2270 906 2450 966 quam
2502 898 2948 965 consequuntur

516 963 805 1022 animalia
834 969 893 1022 et
921 963 1219 1022 homines.
1251 963 1629 1022 Manifestum
1661 967 1754 1021 est
1780 976 1924 1035 ergo
1955 976 2027 1020 ex
2054 960 2231 1020 dietis
2260 963 2443 1035 quod,
2474 962 2618 1020 lieet
2654 965 2833 1032 Deus,
2857 976 2947 1022 se—

515 1034 782 1092 cundum
809 1047 987 1094 suum
1015 1033 1267 1105 simplex
1299 1048 1455 1104 esse,
1487 1034 1810 1106 perfectam
1842 1039 1900 1090 et
1928 1038 2113 1092 totam
2143 1046 2315 1091 suam
2343 1034 2676 1092 bonitatem
2724 1033 2951 1103 habeat,

441 1165 468 1178 ,
517 1110 806 1164 creaturae
837 1110 1036 1162 tamen
1066 1106 1138 1163 ad
1168 1105 1599 1175 perfectionem
1625 1118 1751 1163 suae
1779 1103 2070 1162 bonitatis
2096 1117 2220 1162 non
2246 1105 2441 1176 pertin
2488 1109 2598 1162 unt
2622 1118 2740 1178 per
2765 1103 2954 1164 solnm

515 1189 697 1234 suum
728 1187 885 1245 esse,
916 1174 1020 1234 sed
1053 1189 1160 1247 per
1185 1176 1377 1249 plura.
1409 1176 1596 1245 Unde,
1629 1175 1770 1234 lieet
1833 1175 2074 1232 uaelibet
2100 1187 2304 1233 earum
2332 1175 2412 1233 sit
2497 1187 2616 1232 ona
2660 1175 2729 1233 in
2776 1189 2954 1248 quan-

513 1251 642 1306 tum
674 1251 785 1314 est,
816 1259 936 1304 non
969 1252 1170 1304 tamen
1197 1252 1395 1319 potest
1421 1246 1775 1318 simpliciter
1842 1259 1960 1303 ona
1985 1245 2126 1315 diei,
2156 1246 2209 1304 si
2258 1245 2397 1304 aliis
2452 1250 2651 1304 careat
2707 1260 2839 1327 quae
2886 1245 2956 1305 ad

515 1317 714 1389 ipsius
742 1317 1073 1375 bonitatem
1102 1318 1517 1398 requiruntur3
1550 1316 1710 1376 sicut
1738 1317 1919 1376 homo
1948 1315 2073 1388 qui,
2094 1316 2311 1374 virtute
2331 1315 2648 1389 spoliatus,
2681 1316 2847 1375 vitiis
2871 1321 2961 1375 est

516 1387 828 1460 subjectus
860 1388 1078 1446 dicitur
1101 1386 1341 1461 quidem
1371 1388 1571 1446 bonus
1600 1388 1932 1446 secundum
1962 1386 2129 1459 quid,
2160 1386 2393 1446 scilicet
2433 1387 2494 1444 in
2544 1394 2845 1460 quantum
2875 1394 2962 1446 est

515 1471 629 1517 ens
660 1459 810 1516 etin
839 1463 1130 1531 quantum
1159 1463 1253 1516 est
1282 1458 1483 1525 bomo,
1515 1471 1639 1515 non
1689 1463 1891 1516 tamen
1933 1457 2134 1517 bonus
2177 1457 2548 1530 simpliciter,
2602 1458 2720 1516 sed
2773 1459 2960 1531 magis

412 1551 420 1566 ‚
514 1530 737 1588 malus.
769 1532 902 1586 Non
955 1527 1142 1601 igitur
1195 1527 1439 1587 cuilibet
1466 1535 1871 1586 ereaturarum
1902 1528 2061 1587 idem
2105 1533 2197 1586 est
2246 1541 2382 1586 esse
2438 1533 2499 1587 et
2550 1527 2789 1587 bonum
2832 1541 2961 1587 esse

516 1599 892 1680 simpliciter,
921 1599 1061 1657 lieet
1077 1597 1359 1671 quaelibet
1387 1613 1593 1657 earum
1619 1598 1783 1658 bona
1809 1599 1889 1658 sit
1916 1599 1980 1657 in
2010 1603 2299 1673 quantum
2328 1605 2449 1668 est;
2480 1601 2602 1657 Deo
2629 1613 2786 1658 vero
2830 1599 2964 1662 sim·

512 1669 754 1743 pliciter
781 1670 940 1728 idem
996 1674 1089 1728 est
1140 1681 1274 1728 esse
1305 1676 1363 1727 et
1390 1681 1525 1750 esse
1549 1669 1775 1728 bonum
1806 1669 2179 1741 simpliciter.
2211 1670 2271 1730 Si
2301 1675 2499 1728 autem
2550 1683 2648 1728 res
2685 1667 2963 1744 quaelibet

513 1740 710 1799 tendit
735 1741 799 1798 in
841 1740 1057 1798 divinae
1093 1739 1381 1798 bonitatis
1432 1740 1892 1800 similitudinem
1920 1741 2078 1799 sicut
2126 1740 2192 1799 in
2240 1739 2421 1800 finem
2452 1759 2470 1796 ε
2501 1739 2730 1800 divinae
2765 1745 2957 1800 autem

511 1810 770 1870 bonitati
802 1810 1173 1869 assimilatur
1199 1810 1427 1883 aliquid
1454 1816 1740 1893 quantum
1773 1812 1848 1871 ad
1865 1811 2068 1870 omnia
2086 1823 2219 1884 quae
2240 1810 2314 1869 ad
2330 1812 2631 1884 propriam
2658 1811 2961 1883 pertinent

511 1880 881 1949 bonitatem3
915 1881 1153 1940 bonitas
1179 1887 1375 1939 autem
1403 1896 1487 1939 rei
1519 1896 1640 1940 non
1688 1883 1887 1940 solum
1934 1883 1997 1939 in
2032 1895 2169 1939 esse
2220 1895 2333 1940 suo
2385 1882 2696 1953 consistit,
2753 1881 2864 1941 sed
2901 1883 2956 1939 in

439 2021 446 2028 ‚
515 1951 803 2012 omnibus
828 1951 965 2010 aliis
994 1965 1125 2025 quae
1155 1951 1230 2008 ad
1260 1965 1431 2009 suam
1460 1952 1887 2024 perfectionem
1917 1952 2320 2025 requiruntur,
2369 1958 2437 2010 ut
2481 1958 2805 2012 ostensum
2852 1957 2953 2019 est,

515 2022 905 2082 manifestum
958 2028 1051 2080 est
1138 2021 1257 2079 uod
1305 2036 1402 2080 res
1448 2023 1760 2082 ordinatur
1786 2024 1850 2082 in
1880 2025 2067 2080 Deum
2093 2022 2253 2081 sicut
2276 2024 2340 2081 in
2369 2022 2573 2093 finem,
2602 2037 2737 2082 non
2768 2023 2953 2082 solum

515 2093 852 2153 secundum
880 2106 1017 2152 esse
1048 2106 1121 2151 su
1166 2092 1466 2163 stantiale,
1497 2094 1605 2151 sed
1630 2094 1806 2152 etiam
1838 2093 2173 2152 secundum
2191 2108 2266 2152 ea
2291 2108 2423 2166 quae
2440 2094 2495 2152 ei
2526 2093 2821 2154 accidunt
2840 2107 2956 2167 per·
3064 2155 3065 2160 ,

516 2163 772 2221 tinentia
800 2161 876 2222 ad
903 2164 1332 2236 perfectionem
1362 2163 1577 2235 ipsius,
1609 2169 1668 2221 et
1695 2164 1875 2222 etiam
1921 2163 2257 2223 secundum
2302 2164 2608 2238 propriam
2663 2165 2953 2238 operatio·

441 2283 449 2314 5
515 2246 680 2307 nem,
711 2248 846 2308 quae
875 2234 1055 2293 etiam
1080 2235 1339 2307 pertinet
1365 2233 1440 2292 ad
1467 2233 1896 2306 perfectionem
1923 2235 2035 2293 rei.
3064 2257 3065 2260 ¹

1515 2456 1773 2525 CAPUT
1809 2457 1972 2523 XXI.

697 2638 852 2693 QUOD
887 2638 998 2685 ltus
1031 2638 1370 2686 nimbum·
1401 2638 1744 2685 assumam
1776 2638 1895 2686 mto
1929 2638 1995 2685 m
2029 2638 2338 2693 11013.οΠοΒ
2375 2639 2527 2687 sum
2560 2639 2792 2688 cam.

590 2804 674 2861 Ex
697 2802 796 2861 his
824 2807 1023 2860 autem
1054 2807 1295 2874 apparet
1322 2803 1483 2875 quod
1511 2816 1611 2861 res
1639 2801 1958 2861 intendunt
1986 2802 2249 2865 divinam
2289 2802 2751 2865 similitudinem
2780 2803 2951 2862 etiam

515 2872 580 2933 in
612 2874 728 2932 hoc
755 2871 916 2946 quod
945 2877 1089 2931 sunt
1115 2887 1314 2932 causae
1342 2871 1619 2931 aliorum.

587 2942 798 3001 Tendit
828 2943 987 3000 enim
1013 2944 1078 3000 in
1109 2942 1370 3000 divinam
1403 2943 1861 3002 similitudinem
1876 2958 1975 3003 res
1991 2948 2188 3003 creata
2206 2959 2313 3017 per
2332 2958 2505 3005 suam
2522 2945 2947 3028 operationem.
3060 2996 3061 3007 ,

517 3016 630 3072 Per
658 3027 829 3073 suam
857 3019 1053 3071 autem
1084 3014 1491 3084 operationem
1522 3028 1645 3071 una
1668 3027 1766 3073 res
1785 3014 1851 3073 fit
1878 3028 2065 3075 causa
2080 3014 2350 3076 alterius.
2384 3018 2535 3089 Ergo
2555 3029 2620 3074 in
2637 3016 2758 3075 hoc
2777 3016 2949 3075 etiam

515 3097 614 3143 res
646 3084 967 3142 intendunt
994 3083 1253 3141 divinam
1286 3084 1744 3143 similitudinem
1775 3091 1841 3143 ut
1868 3085 1993 3144 sint
2019 3084 2156 3145 aliis
2185 3098 2407 3145 causae.

439 3154 445 3163 ’
586 3156 805 3217 Adhuc,
844 3166 943 3210 res
971 3153 1289 3211 intendunt
1315 3154 1380 3211 in,
1408 3154 1671 3215 divinam
1702 3156 2179 3226 similitudinem,
2210 3157 2272 3214 in
2364 3162 2611 3215 uantum
2657 3158 2822 3218 Deus
2864 3159 2952 3214 est

437 3286 444 3295 ,
485 3224 736 3295 -bonuS,
764 3229 1034 3295 utsupra
1063 3223 1282 3282 dictum
1313 3231 1406 3284 est
1435 3225 1509 3299 (c.
1543 3226 1657 3300 20).
1685 3229 1768 3284 Ex
1794 3226 2061 3285 bonitate
2088 3231 2284 3286 autem
2376 3228 2430 3287 ei
2478 3231 2570 3286 est
2613 3226 2779 3299 quod
2818 3224 2949 3289 aliis

515 3310 653 3378 esse
682 3294 974 3377 largituri
995 3296 1464 3378 unumquodque
1492 3298 1654 3355 enim
1684 3297 1808 3425 affin
1850 3299 1913 3355 in
1952 3303 2239 3371 quantum
2281 3304 2377 3356 est
2419 3303 2556 3357 actu
2600 3298 2945 3369 perfectum.

514 3365 869 3427 Desiderant
890 3369 1078 3438 igitur
1102 3366 1463 3441 generaliter
1486 3368 1679 3426 resin
1769 3378 1842 3426 oc
1870 3370 1994 3426 Deo
2048 3367 2374 3427 assimilari
2421 3373 2489 3426 ut
2527 3367 2654 3427 sint
2697 3367 2944 3426 aliorum

513 3451 861 3571 caaff'lius,
900 3506 1049 3566 ordo
1077 3506 1152 3564 ad
1178 3507 1405 3567 bonum
1424 3506 1571 3566 boni
1598 3507 1892 3567 rationem
1921 3508 2120 3577 habet,
2147 3515 2213 3568 ut
2240 3524 2316 3568 ex
2356 3508 2536 3568 dietis
2587 3507 2665 3583 (c.
2709 3506 2802 3581 20)
2856 3511 2946 3566 est
3058 3500 3059 3503 ’

511 3576 676 3638 mani
701 3582 922 3637 estum.
952 3578 1428 3650 Unumquodque
1455 3583 1654 3637 autem
1683 3593 1789 3651 per
1815 3580 1932 3638 hoc
1958 3580 2121 3653 quod
2143 3585 2233 3640 est
2250 3593 2437 3639 causa
2454 3575 2944 3641 alteriusorffina-

512 3655 611 3709 tur
638 3649 713 3710 ad
731 3649 989 3719 bonum;
1019 3648 1244 3707 bonum
1278 3654 1475 3707 autem
1506 3650 1706 3708 solum
1731 3663 1838 3722 per
1864 3663 1930 3708 se
1953 3651 2343 3724 cognoscitur
2370 3655 2430 3709 et
2469 3654 2791 3721 causatur;
2827 3656 2941 3705 ma·

513 3721 639 3780 lum
671 3726 870 3780 autem
896 3732 1005 3792 per
1037 3718 1317 3778 accidens
1345 3724 1599 3789 tantum,
1631 3725 1696 3778 ut
1721 3726 2036 3780 ostensum
2065 3728 2158 3781 est
2207 3737 2262 3780 c.
2288 3721 2400 3793 14).
2421 3723 2569 3780 Esse
2593 3720 2779 3796 igitur
2803 3718 2938 3799 alio·

512 3806 645 3850 rum
669 3804 854 3850 causa
882 3795 975 3848 est
1002 3790 1246 3848 bonum.
1279 3790 1619 3849 Secundum
1640 3796 1837 3853 autem
1868 3790 2175 3864 quodlibet
2235 3805 2420 3851 onum
2441 3792 2517 3851 ad
2544 3788 2706 3865 quod
2736 3787 2933 3853 tendit.

511 3862 741 3937 aliquid
770 3861 1026 3927 intendit
1043 3860 1303 3919 divinam
1318 3860 1989 3941 similitudinem,quum
2010 3862 2321 3943 quodlibet
2337 3863 2566 3922 bonum
2580 3868 2838 3935 creatum
2860 3857 2935 3916 sit

512 3946 587 3990 ex
612 3932 1065 4006 participatione
1096 3931 1310 3990 divinae
1341 3931 1651 3990 bonitatis·
1682 3931 2001 3991 Intendunt
2020 3932 2207 4006 igitur
2233 3946 2332 3992 res
2362 3932 2626 3992 divinam
2666 3928 2927 3999 similitu·

513 4002 716 4062 dinem
744 4006 807 4062 in
838 4004 952 4062 hoc
979 4002 1140 4077 quod
1165 4002 1287 4060 sint
1310 4001 1568 4060 aliorum
1596 4015 1816 4061 causae.

581 4076 736 4145 Item,
768 4074 1037 4148 ejusdem
1066 4073 1320 4133 rationis
1353 4079 1446 4131 est
1513 4072 1633 4131 uod
1660 4071 1910 4132 effectus
1937 4072 2143 4132 tendat
2181 4072 2734 4135 in‘similitudinem
2764 4078 2925 4141 agen·

509 4142 593 4201 tis
624 4150 684 4202 et
702 4146 859 4218 quod
890 4158 1078 4218 agens
1106 4142 1404 4203 assimilet
1430 4143 1482 4202 si
1526 4144 1549 4202 i
1579 4141 1878 4202 effectum.
1913 4144 2125 4202 'rendit
2164 4143 2353 4226 igitur
2389 4143 2643 4204 effectus
2662 4145 2725 4203 in
2756 4140 2924 4223 finem

509 4212 577 4271 in
606 4228 782 4288 quem
813 4215 1091 4289 dirigitur
1108 4215 1181 4273 ab
1201 4221 1436 4287 agente.
1459 4220 1659 4297 Agens
1680 4221 1877 4273 autem
1898 4214 2158 4296 intendit
2177 4215 2295 4283 sibi
2320 4214 2659 4275 assimilare
2678 4219 2927 4342 genens.

512 4295 637 4342 non
667 4283 864 4342 solum
928 4291 1172 4344 uantum
1203 4284 1277 4344 ad
1301 4298 1437 4345 esse
1465 4285 1682 4357 ipsius,
1714 4285 1819 4344 sed
1851 4290 2030 4343 etiam
2069 4291 2359 4359 quantum
2389 4284 2466 4344 ad
2492 4299 2677 4345 causa
2727 4287 2928 4347 tatemz

512 4352 854 4435 sicutenim
884 4369 920 4412 a
987 4361 1199 4427 agente
1227 4356 1621 4419 conferuntur
1646 4354 1884 4415 effectui
1912 4355 2169 4419 naturali
2198 4355 2495 4439 principia
2520 4368 2629 4427 per
2641 4349 2930 4428 quazsub·

510 4424 694 4495 sistit,
723 4429 810 4482 ita
835 4424 1132 4498 principia
1159 4441 1267 4499 per
1293 4440 1426 4502 quae
1454 4428 1708 4487 aliorum
1740 4426 1819 4486 sit
1848 4438 2062 4500 causa3
2104 4426 2264 4488 sicut
2302 4439 2463 4488 enim
2504 4425 2748 4497 animal,
2793 4420 2929 4483 dum
