<?xml version="1.0" encoding="UTF-8"?>
<!DOCTYPE html PUBLIC "-//W3C//DTD XHTML 1.0 Transitional//EN"
    "http://www.w3.org/TR/xhtml1/DTD/xhtml1-transitional.dtd">
<html xmlns="http://www.w3.org/1999/xhtml" xml:lang="en" lang="en">
 <head>
  <title>
</title>
<meta http-equiv="Content-Type" content="text/html;charset=utf-8" />
  <meta name='ocr-system' content='tesseract 3.04.00' />
  <meta name='ocr-capabilities' content='ocr_page ocr_carea ocr_par ocr_line ocrx_word'/>
</head>
<body>
  <div class='ocr_page' id='page_1' title='image "./deveritatecatho00rubegoog_0501.png"; bbox 0 0 3076 5025; ppageno 0'>
   <div class='ocr_carea' id='block_1_1' title="bbox 970 299 2569 366">
    <p class='ocr_par' dir='ltr' id='par_1_1' title="bbox 970 299 2569 366">
     <span class='ocr_line' id='line_1_1' title="bbox 970 299 2569 366; baseline 0.004 -8"><span class='ocrx_word' id='word_1_1' title='bbox 970 299 1108 358; x_wconf 73' lang='lat' dir='ltr'>Lm.</span> <span class='ocrx_word' id='word_1_2' title='bbox 1143 300 1242 366; x_wconf 81' lang='grc' dir='ltr'>ΠΙ,</span> <span class='ocrx_word' id='word_1_3' title='bbox 1281 299 1434 358; x_wconf 73' lang='lat' dir='ltr'>CAP.</span> <span class='ocrx_word' id='word_1_4' title='bbox 1471 299 1742 359; x_wconf 66' lang='lat' dir='ltr'>exunt.</span> <span class='ocrx_word' id='word_1_5' title='bbox 2462 308 2569 364; x_wconf 62' lang='grc' dir='ltr'>ΜΠ</span> 
     </span>
    </p>
   </div>
   <div class='ocr_carea' id='block_1_2' title="bbox 144 421 2576 1764">
    <p class='ocr_par' dir='ltr' id='par_1_2' title="bbox 147 421 2571 635">
     <span class='ocr_line' id='line_1_2' title="bbox 148 421 2571 502; baseline 0.001 -19"><span class='ocrx_word' id='word_1_6' title='bbox 148 435 268 483; x_wconf 87' lang='lat' dir='ltr'>non</span> <span class='ocrx_word' id='word_1_7' title='bbox 299 421 556 480; x_wconf 82' lang='lat' dir='ltr'>habeant</span> <span class='ocrx_word' id='word_1_8' title='bbox 583 425 856 494; x_wconf 86' lang='lat' dir='ltr'>respectu</span> <span class='ocrx_word' id='word_1_9' title='bbox 893 421 1551 502; x_wconf 61' lang='lat' dir='ltr'>ultimaeperfectionis,</span> <span class='ocrx_word' id='word_1_10' title='bbox 1580 435 1713 495; x_wconf 84' lang='lat' dir='ltr'>quae</span> <span class='ocrx_word' id='word_1_11' title='bbox 1742 425 1837 482; x_wconf 79' lang='lat' dir='ltr'>est</span> <span class='ocrx_word' id='word_1_12' title='bbox 1860 421 2103 494; x_wconf 79' lang='lat' dir='ltr'>adeptio</span> <span class='ocrx_word' id='word_1_13' title='bbox 2139 422 2340 482; x_wconf 76' lang='lat' dir='ltr'>finalis</span> <span class='ocrx_word' id='word_1_14' title='bbox 2387 423 2571 486; x_wconf 80' lang='lat' dir='ltr'>beati-</span> 
     </span>
     <span class='ocr_line' id='line_1_3' title="bbox 147 493 2571 565; baseline 0.001 -13"><span class='ocrx_word' id='word_1_15' title='bbox 147 494 402 562; x_wconf 81' lang='lat' dir='ltr'>tudinis,</span> <span class='ocrx_word' id='word_1_16' title='bbox 432 493 547 550; x_wconf 86' lang='lat' dir='ltr'>nisi</span> <span class='ocrx_word' id='word_1_17' title='bbox 575 508 678 564; x_wconf 91' lang='lat' dir='ltr'>per</span> <span class='ocrx_word' id='word_1_18' title='bbox 703 494 981 550; x_wconf 78' lang='lat' dir='ltr'>virtutem</span> <span class='ocrx_word' id='word_1_19' title='bbox 1012 493 1294 550; x_wconf 78' lang='lat' dir='ltr'>divinam.</span> <span class='ocrx_word' id='word_1_20' title='bbox 1323 493 1558 564; x_wconf 77' lang='lat' dir='ltr'>indiget</span> <span class='ocrx_word' id='word_1_21' title='bbox 1583 493 1768 565; x_wconf 80' lang='lat' dir='ltr'>igitur</span> <span class='ocrx_word' id='word_1_22' title='bbox 1792 494 2105 552; x_wconf 80' lang='lat' dir='ltr'>rationalis</span> <span class='ocrx_word' id='word_1_23' title='bbox 2123 501 2340 553; x_wconf 84' lang='lat' dir='ltr'>natura</span> <span class='ocrx_word' id='word_1_24' title='bbox 2362 495 2571 555; x_wconf 74' lang='lat' dir='ltr'>divino</span> 
     </span>
     <span class='ocr_line' id='line_1_4' title="bbox 151 562 1544 635; baseline -0.004 -10"><span class='ocrx_word' id='word_1_25' title='bbox 151 564 379 626; x_wconf 79' lang='lat' dir='ltr'>auxilio</span> <span class='ocrx_word' id='word_1_26' title='bbox 408 565 484 621; x_wconf 81' lang='lat' dir='ltr'>ad</span> <span class='ocrx_word' id='word_1_27' title='bbox 515 563 1007 635; x_wconf 80' lang='lat' dir='ltr'>consequendum</span> <span class='ocrx_word' id='word_1_28' title='bbox 1036 563 1310 620; x_wconf 88' lang='lat' dir='ltr'>ultimum</span> <span class='ocrx_word' id='word_1_29' title='bbox 1341 562 1544 621; x_wconf 87' lang='lat' dir='ltr'>finem.</span> 
     </span>
    </p>

    <p class='ocr_par' dir='ltr' id='par_1_3' title="bbox 144 633 2571 1329">
     <span class='ocr_line' id='line_1_5' title="bbox 217 633 2569 715; baseline 0 -21"><span class='ocrx_word' id='word_1_30' title='bbox 217 638 502 696; x_wconf 74' lang='lat' dir='ltr'>Praeterea,</span> <span class='ocrx_word' id='word_1_31' title='bbox 535 634 764 691; x_wconf 87' lang='lat' dir='ltr'>homini</span> <span class='ocrx_word' id='word_1_32' title='bbox 795 640 940 692; x_wconf 88' lang='lat' dir='ltr'>sunt</span> <span class='ocrx_word' id='word_1_33' title='bbox 965 634 1390 713; x_wconf 83' lang='lat' dir='ltr'>impedimenta</span> <span class='ocrx_word' id='word_1_34' title='bbox 1415 633 1672 704; x_wconf 86' lang='lat' dir='ltr'>plurima</span> <span class='ocrx_word' id='word_1_35' title='bbox 1695 633 2083 715; x_wconf 80' lang='lat' dir='ltr'>perveniendi</span> <span class='ocrx_word' id='word_1_36' title='bbox 2111 634 2189 693; x_wconf 88' lang='lat' dir='ltr'>ad</span> <span class='ocrx_word' id='word_1_37' title='bbox 2218 633 2423 694; x_wconf 80' lang='lat' dir='ltr'>finem.</span> <span class='ocrx_word' id='word_1_38' title='bbox 2453 640 2569 696; x_wconf 84' lang='lat' dir='ltr'>Im-</span> 
     </span>
     <span class='ocr_line' id='line_1_6' title="bbox 147 702 2570 782; baseline 0.001 -18"><span class='ocrx_word' id='word_1_39' title='bbox 147 705 385 782; x_wconf 89' lang='lat' dir='ltr'>peditur</span> <span class='ocrx_word' id='word_1_40' title='bbox 413 705 571 761; x_wconf 90' lang='lat' dir='ltr'>enirn</span> <span class='ocrx_word' id='word_1_41' title='bbox 603 705 903 762; x_wconf 87' lang='lat' dir='ltr'>debilitate</span> <span class='ocrx_word' id='word_1_42' title='bbox 948 705 1222 772; x_wconf 77' lang='lat' dir='ltr'>rationis,</span> <span class='ocrx_word' id='word_1_43' title='bbox 1249 718 1381 776; x_wconf 85' lang='lat' dir='ltr'>quae</span> <span class='ocrx_word' id='word_1_44' title='bbox 1428 703 1502 761; x_wconf 89' lang='lat' dir='ltr'>de</span> <span class='ocrx_word' id='word_1_45' title='bbox 1548 702 1708 762; x_wconf 81' lang='lat' dir='ltr'>facili</span> <span class='ocrx_word' id='word_1_46' title='bbox 1754 705 2011 763; x_wconf 76' lang='lat' dir='ltr'><strong>trahitur</strong></span> <span class='ocrx_word' id='word_1_47' title='bbox 2058 705 2122 762; x_wconf 81' lang='lat' dir='ltr'>in</span> <span class='ocrx_word' id='word_1_48' title='bbox 2167 720 2430 764; x_wconf 83' lang='lat' dir='ltr'>errorem</span> <span class='ocrx_word' id='word_1_49' title='bbox 2462 721 2570 779; x_wconf 85' lang='lat' dir='ltr'>per</span> 
     </span>
     <span class='ocr_line' id='line_1_7' title="bbox 147 773 2571 859; baseline 0 -23"><span class='ocrx_word' id='word_1_50' title='bbox 147 790 324 856; x_wconf 75' lang='lat' dir='ltr'>quem</span> <span class='ocrx_word' id='word_1_51' title='bbox 352 782 576 855; x_wconf 68' lang='lat' dir='ltr'>arecta</span> <span class='ocrx_word' id='word_1_52' title='bbox 601 777 712 856; x_wconf 42' lang='lat' dir='ltr'>via·</span> <span class='ocrx_word' id='word_1_53' title='bbox 740 775 1121 855; x_wconf 79' lang='lat' dir='ltr'>perveniendi</span> <span class='ocrx_word' id='word_1_54' title='bbox 1173 774 1238 832; x_wconf 89' lang='lat' dir='ltr'>in</span> <span class='ocrx_word' id='word_1_55' title='bbox 1280 773 1460 832; x_wconf 84' lang='lat' dir='ltr'>finem</span> <span class='ocrx_word' id='word_1_56' title='bbox 1490 774 2226 856; x_wconf 30' lang='lat' dir='ltr'>‚excluditurglmpeditur</span> <span class='ocrx_word' id='word_1_57' title='bbox 2269 777 2453 859; x_wconf 73' lang='lat' dir='ltr'>etiam</span> <span class='ocrx_word' id='word_1_58' title='bbox 2495 792 2571 837; x_wconf 83' lang='lat' dir='ltr'>ex</span> 
     </span>
     <span class='ocr_line' id='line_1_8' title="bbox 144 843 2570 1000; baseline 0.001 -24"><span class='ocrx_word' id='word_1_59' title='bbox 144 846 751 999; x_wconf 45' lang='lat' dir='ltr'>Pmfferlt‘ssibttffifii?</span> <span class='ocrx_word' id='word_1_60' title='bbox 772 843 2570 1000; x_wconf 50' lang='lat' dir='ltr'>{33⁸1}ssEssaesstgxssaffiissffifflss&#39;ssit,‘lsszbg‘iissssffifflssfflssftii</span> 
     </span>
     <span class='ocr_line' id='line_1_9' title="bbox 149 985 2564 1067; baseline 0 -21"><span class='ocrx_word' id='word_1_61' title='bbox 149 988 332 1046; x_wconf 72' lang='lat' dir='ltr'>distat</span> <span class='ocrx_word' id='word_1_62' title='bbox 348 1005 369 1067; x_wconf 41' lang='grc' dir='ltr'>ς,</span> <span class='ocrx_word' id='word_1_63' title='bbox 394 987 520 1044; x_wconf 81' lang='lat' dir='ltr'>haec</span> <span class='ocrx_word' id='word_1_64' title='bbox 547 1001 710 1067; x_wconf 83' lang='lat' dir='ltr'>emm</span> <span class='ocrx_word' id='word_1_65' title='bbox 733 987 889 1044; x_wconf 78' lang='lat' dir='ltr'>infra</span> <span class='ocrx_word' id='word_1_66' title='bbox 918 987 1224 1044; x_wconf 81' lang='lat' dir='ltr'>hominem</span> <span class='ocrx_word' id='word_1_67' title='bbox 1267 993 1430 1066; x_wconf 79' lang='lat' dir='ltr'>sunt,</span> <span class='ocrx_word' id='word_1_68' title='bbox 1473 985 1617 1067; x_wconf 34' lang='lat' dir='ltr'>fini-s</span> <span class='ocrx_word' id='word_1_69' title='bbox 1663 991 1864 1046; x_wconf 85' lang='lat' dir='ltr'>autem</span> <span class='ocrx_word' id='word_1_70' title='bbox 1909 999 2186 1066; x_wconf 70' lang='lat' dir='ltr'>superior</span> <span class='ocrx_word' id='word_1_71' title='bbox 2228 1001 2301 1047; x_wconf 90' lang='lat' dir='ltr'>eo</span> <span class='ocrx_word' id='word_1_72' title='bbox 2341 990 2564 1047; x_wconf 79' lang='lat' dir='ltr'>existit.</span> 
     </span>
     <span class='ocr_line' id='line_1_10' title="bbox 150 1056 2570 1137; baseline 0 -20"><span class='ocrx_word' id='word_1_73' title='bbox 150 1058 473 1128; x_wconf 76' lang='lat' dir='ltr'>impeditur</span> <span class='ocrx_word' id='word_1_74' title='bbox 500 1063 676 1116; x_wconf 82' lang='lat' dir='ltr'>etiam</span> <span class='ocrx_word' id='word_1_75' title='bbox 707 1057 1055 1128; x_wconf 82' lang='lat' dir='ltr'>plerumque</span> <span class='ocrx_word' id='word_1_76' title='bbox 1082 1070 1353 1137; x_wconf 79' lang='lat' dir='ltr'>corporis</span> <span class='ocrx_word' id='word_1_77' title='bbox 1399 1056 1711 1115; x_wconf 79' lang='lat' dir='ltr'>infimitate</span> <span class='ocrx_word' id='word_1_78' title='bbox 1752 1058 1830 1117; x_wconf 85' lang='lat' dir='ltr'>ab</span> <span class='ocrx_word' id='word_1_79' title='bbox 1872 1063 2223 1115; x_wconf 75' lang='lat' dir='ltr'>executione</span> <span class='ocrx_word' id='word_1_80' title='bbox 2268 1058 2570 1118; x_wconf 76' lang='lat' dir='ltr'>virtuoso-</span> 
     </span>
     <span class='ocr_line' id='line_1_11' title="bbox 149 1126 2571 1202; baseline 0.001 -16"><span class='ocrx_word' id='word_1_81' title='bbox 149 1143 282 1186; x_wconf 85' lang='lat' dir='ltr'>rum</span> <span class='ocrx_word' id='word_1_82' title='bbox 338 1137 601 1198; x_wconf 84' lang='lat' dir='ltr'>actuum,</span> <span class='ocrx_word' id='word_1_83' title='bbox 655 1128 874 1200; x_wconf 88' lang='lat' dir='ltr'>quibus</span> <span class='ocrx_word' id='word_1_84' title='bbox 921 1126 995 1184; x_wconf 90' lang='lat' dir='ltr'>ad</span> <span class='ocrx_word' id='word_1_85' title='bbox 1048 1127 1476 1185; x_wconf 81' lang='lat' dir='ltr'>beatitudinem</span> <span class='ocrx_word' id='word_1_86' title='bbox 1529 1127 1812 1186; x_wconf 81' lang='lat' dir='ltr'><strong>tenditur.</strong></span> <span class='ocrx_word' id='word_1_87' title='bbox 1864 1126 2101 1199; x_wconf 80' lang='lat' dir='ltr'>indiget</span> <span class='ocrx_word' id='word_1_88' title='bbox 2130 1128 2315 1202; x_wconf 84' lang='lat' dir='ltr'>igitur</span> <span class='ocrx_word' id='word_1_89' title='bbox 2344 1131 2571 1189; x_wconf 77' lang='lat' dir='ltr'>auxilio</span> 
     </span>
     <span class='ocr_line' id='line_1_12' title="bbox 151 1197 2568 1329; baseline 0.001 -73"><span class='ocrx_word' id='word_1_90' title='bbox 151 1198 591 1329; x_wconf 45' lang='lat' dir='ltr'>gignothomo</span> <span class='ocrx_word' id='word_1_91' title='bbox 632 1211 708 1256; x_wconf 91' lang='lat' dir='ltr'>ne</span> <span class='ocrx_word' id='word_1_92' title='bbox 749 1212 856 1270; x_wconf 88' lang='lat' dir='ltr'>per</span> <span class='ocrx_word' id='word_1_93' title='bbox 902 1197 1246 1271; x_wconf 85' lang='lat' dir='ltr'>hujusmodi</span> <span class='ocrx_word' id='word_1_94' title='bbox 1293 1197 1721 1269; x_wconf 87' lang='lat' dir='ltr'>impedimenta</span> <span class='ocrx_word' id='word_1_95' title='bbox 1763 1198 2025 1257; x_wconf 88' lang='lat' dir='ltr'>totaliter</span> <span class='ocrx_word' id='word_1_96' title='bbox 2067 1198 2143 1257; x_wconf 85' lang='lat' dir='ltr'>ab</span> <span class='ocrx_word' id='word_1_97' title='bbox 2191 1198 2405 1258; x_wconf 88' lang='lat' dir='ltr'>ultimo</span> <span class='ocrx_word' id='word_1_98' title='bbox 2447 1199 2568 1258; x_wconf 86' lang='lat' dir='ltr'>fine</span> 
     </span>
    </p>

    <p class='ocr_par' dir='ltr' id='par_1_4' title="bbox 193 1283 408 1327">
     <span class='ocr_line' id='line_1_13' title="bbox 193 1283 408 1327; baseline -0.009 0"><span class='ocrx_word' id='word_1_99' title='bbox 193 1283 225 1327; x_wconf 90' lang='lat' dir='ltr'>e</span> <span class='ocrx_word' id='word_1_100' title='bbox 272 1283 361 1326; x_wconf 81' lang='lat' dir='ltr'>cia</span> <span class='ocrx_word' id='word_1_101' title='bbox 392 1310 408 1326; x_wconf 92' lang='lat'><strong>.</strong></span> 
     </span>
    </p>

    <p class='ocr_par' dir='ltr' id='par_1_5' title="bbox 151 1329 2573 1553">
     <span class='ocr_line' id='line_1_14' title="bbox 223 1329 2573 1411; baseline -0 -14"><span class='ocrx_word' id='word_1_102' title='bbox 223 1340 371 1397; x_wconf 77' lang='lat' dir='ltr'>Hinc</span> <span class='ocrx_word' id='word_1_103' title='bbox 401 1341 492 1395; x_wconf 81' lang='lat' dir='ltr'>est</span> <span class='ocrx_word' id='word_1_104' title='bbox 520 1339 679 1411; x_wconf 87' lang='lat' dir='ltr'>quod</span> <span class='ocrx_word' id='word_1_105' title='bbox 705 1338 923 1397; x_wconf 84' lang='lat' dir='ltr'>dicitur</span> <span class='ocrx_word' id='word_1_106' title='bbox 952 1356 967 1396; x_wconf 92' lang='lat'><strong>:</strong></span> <span class='ocrx_word' id='word_1_107' title='bbox 995 1329 1161 1398; x_wconf 81' lang='lat' dir='ltr'>Nemo</span> <span class='ocrx_word' id='word_1_108' title='bbox 1179 1343 1358 1409; x_wconf 77' lang='lat' dir='ltr'>potest</span> <span class='ocrx_word' id='word_1_109' title='bbox 1382 1341 1567 1395; x_wconf 73' lang='lat' dir='ltr'>venire</span> <span class='ocrx_word' id='word_1_110' title='bbox 1588 1340 1665 1395; x_wconf 80' lang='lat' dir='ltr'>ad</span> <span class='ocrx_word' id='word_1_111' title='bbox 1683 1354 1786 1403; x_wconf 84' lang='lat' dir='ltr'>me,</span> <span class='ocrx_word' id='word_1_112' title='bbox 1828 1340 1942 1395; x_wconf 80' lang='lat' dir='ltr'>nisi</span> <span class='ocrx_word' id='word_1_113' title='bbox 1966 1340 2131 1396; x_wconf 78' lang='lat' dir='ltr'>Pater</span> <span class='ocrx_word' id='word_1_114' title='bbox 2170 1342 2272 1411; x_wconf 79' lang='lat' dir='ltr'>qui</span> <span class='ocrx_word' id='word_1_115' title='bbox 2309 1341 2460 1396; x_wconf 80' lang='lat' dir='ltr'><strong><em>misit</em></strong></span> <span class='ocrx_word' id='word_1_116' title='bbox 2488 1356 2573 1400; x_wconf 86' lang='lat' dir='ltr'>me</span> 
     </span>
     <span class='ocr_line' id='line_1_15' title="bbox 151 1410 2573 1481; baseline 0 -15"><span class='ocrx_word' id='word_1_117' title='bbox 151 1410 824 1479; x_wconf 65' lang='lat' dir='ltr'>traxeritillum(10ann.,</span> <span class='ocrx_word' id='word_1_118' title='bbox 852 1423 939 1477; x_wconf 80' lang='lat' dir='ltr'>vl,</span> <span class='ocrx_word' id='word_1_119' title='bbox 966 1410 1059 1481; x_wconf 73' lang='lat'>44)</span> <span class='ocrx_word' id='word_1_120' title='bbox 1086 1427 1103 1480; x_wconf 72' lang='grc' dir='ltr'><strong>ς</strong></span> <span class='ocrx_word' id='word_1_121' title='bbox 1135 1414 1193 1466; x_wconf 86' lang='lat' dir='ltr'>et</span> <span class='ocrx_word' id='word_1_122' title='bbox 1223 1427 1239 1466; x_wconf 78' lang='lat' dir='ltr'><strong><em>z</em></strong></span> <span class='ocrx_word' id='word_1_123' title='bbox 1273 1411 1427 1467; x_wconf 80' lang='lat' dir='ltr'><strong><em>Sicut</em></strong></span> <span class='ocrx_word' id='word_1_124' title='bbox 1467 1411 1678 1480; x_wconf 80' lang='lat' dir='ltr'>palmes</span> <span class='ocrx_word' id='word_1_125' title='bbox 1718 1425 1831 1465; x_wconf 83' lang='lat' dir='ltr'>non</span> <span class='ocrx_word' id='word_1_126' title='bbox 1864 1413 2042 1480; x_wconf 75' lang='lat' dir='ltr'>potest</span> <span class='ocrx_word' id='word_1_127' title='bbox 2070 1411 2218 1478; x_wconf 75' lang='lat' dir='ltr'>terre</span> <span class='ocrx_word' id='word_1_128' title='bbox 2262 1411 2506 1478; x_wconf 77' lang='lat' dir='ltr'>fructum</span> <span class='ocrx_word' id='word_1_129' title='bbox 2535 1426 2573 1467; x_wconf 86' lang='grc' dir='ltr'><strong><em>α</em></strong></span> 
     </span>
     <span class='ocr_line' id='line_1_16' title="bbox 151 1479 2570 1553; baseline 0 -15"><span class='ocrx_word' id='word_1_130' title='bbox 151 1483 452 1549; x_wconf 71' lang='lat' dir='ltr'>sernetipso,</span> <span class='ocrx_word' id='word_1_131' title='bbox 473 1482 588 1536; x_wconf 79' lang='lat' dir='ltr'>nisi</span> <span class='ocrx_word' id='word_1_132' title='bbox 603 1483 868 1537; x_wconf 78' lang='lat' dir='ltr'>manserit</span> <span class='ocrx_word' id='word_1_133' title='bbox 883 1483 945 1536; x_wconf 75' lang='lat' dir='ltr'>in</span> <span class='ocrx_word' id='word_1_134' title='bbox 960 1483 1092 1548; x_wconf 81' lang='lat' dir='ltr'>vite,</span> <span class='ocrx_word' id='word_1_135' title='bbox 1110 1482 1190 1535; x_wconf 79' lang='lat' dir='ltr'>sic</span> <span class='ocrx_word' id='word_1_136' title='bbox 1204 1495 1428 1542; x_wconf 78' lang='lat' dir='ltr'>necvos,</span> <span class='ocrx_word' id='word_1_137' title='bbox 1444 1483 1559 1535; x_wconf 74' lang='lat' dir='ltr'>nisi</span> <span class='ocrx_word' id='word_1_138' title='bbox 1573 1482 1635 1535; x_wconf 75' lang='lat' dir='ltr'>in</span> <span class='ocrx_word' id='word_1_139' title='bbox 1657 1495 1742 1535; x_wconf 80' lang='lat' dir='ltr'>me</span> <span class='ocrx_word' id='word_1_140' title='bbox 1761 1483 2092 1538; x_wconf 77' lang='lat' dir='ltr'><strong><em>manseritis.</em></strong></span> <span class='ocrx_word' id='word_1_141' title='bbox 2112 1479 2356 1552; x_wconf 64' lang='lat' dir='ltr'>(Iocum,</span> <span class='ocrx_word' id='word_1_142' title='bbox 2372 1493 2475 1551; x_wconf 83' lang='lat' dir='ltr'>xv,</span> <span class='ocrx_word' id='word_1_143' title='bbox 2492 1481 2570 1553; x_wconf 73' lang='lat'>4.)</span> 
     </span>
    </p>

    <p class='ocr_par' dir='ltr' id='par_1_6' title="bbox 149 1550 2576 1764">
     <span class='ocr_line' id='line_1_17' title="bbox 227 1550 2576 1631; baseline 0.001 -24"><span class='ocrx_word' id='word_1_144' title='bbox 227 1552 337 1607; x_wconf 88' lang='lat' dir='ltr'>Per</span> <span class='ocrx_word' id='word_1_145' title='bbox 360 1551 471 1607; x_wconf 88' lang='lat' dir='ltr'>hoc</span> <span class='ocrx_word' id='word_1_146' title='bbox 499 1556 697 1608; x_wconf 85' lang='lat' dir='ltr'>autem</span> <span class='ocrx_word' id='word_1_147' title='bbox 725 1550 1061 1609; x_wconf 81' lang='lat' dir='ltr'>excluditur</span> <span class='ocrx_word' id='word_1_148' title='bbox 1086 1564 1252 1607; x_wconf 89' lang='lat' dir='ltr'>error</span> <span class='ocrx_word' id='word_1_149' title='bbox 1298 1550 1779 1622; x_wconf 80' lang='lat' dir='ltr'>pelagianorum,</span> <span class='ocrx_word' id='word_1_150' title='bbox 1807 1550 1910 1631; x_wconf 89' lang='lat' dir='ltr'>qui</span> <span class='ocrx_word' id='word_1_151' title='bbox 1948 1550 2224 1609; x_wconf 77' lang='lat' dir='ltr'>dixerunt</span> <span class='ocrx_word' id='word_1_152' title='bbox 2268 1551 2428 1622; x_wconf 84' lang='lat' dir='ltr'>quod</span> <span class='ocrx_word' id='word_1_153' title='bbox 2469 1563 2576 1621; x_wconf 79' lang='lat' dir='ltr'>per</span> 
     </span>
     <span class='ocr_line' id='line_1_18' title="bbox 151 1620 2572 1762; baseline 0.001 -83"><span class='ocrx_word' id='word_1_154' title='bbox 151 1620 647 1762; x_wconf 51' lang='lat' dir='ltr'>mlumassbssffm</span> <span class='ocrx_word' id='word_1_155' title='bbox 688 1621 1000 1681; x_wconf 80' lang='lat' dir='ltr'>arbitrium</span> <span class='ocrx_word' id='word_1_156' title='bbox 1045 1620 1230 1680; x_wconf 85' lang='lat' dir='ltr'>homo</span> <span class='ocrx_word' id='word_1_157' title='bbox 1273 1625 1505 1695; x_wconf 81' lang='lat' dir='ltr'>poterat</span> <span class='ocrx_word' id='word_1_158' title='bbox 1546 1620 1653 1678; x_wconf 85' lang='lat' dir='ltr'>nei</span> <span class='ocrx_word' id='word_1_159' title='bbox 1696 1620 1951 1693; x_wconf 78' lang='lat' dir='ltr'>gloriam</span> <span class='ocrx_word' id='word_1_160' title='bbox 1999 1622 2365 1693; x_wconf 82' lang='lat' dir='ltr'>promereri.</span> <span class='ocrx_word' id='word_1_161' title='bbox 2422 1623 2572 1694; x_wconf 61' lang='lat'>(141,</span> 
     </span>
     <span class='ocr_line' id='line_1_19' title="bbox 149 1703 537 1764; baseline -0.005 -15"><span class='ocrx_word' id='word_1_162' title='bbox 149 1705 212 1764; x_wconf 71' lang='lat' dir='ltr'>q·</span> <span class='ocrx_word' id='word_1_163' title='bbox 240 1703 332 1760; x_wconf 66' lang='lat' dir='ltr'>m,</span> <span class='ocrx_word' id='word_1_164' title='bbox 447 1730 462 1747; x_wconf 73' lang='lat'>0</span> <span class='ocrx_word' id='word_1_165' title='bbox 522 1732 537 1747; x_wconf 77' lang='grc' dir='ltr'><strong>ο</strong></span> 
     </span>
    </p>
   </div>
   <div class='ocr_carea' id='block_1_3' title="bbox 1065 1872 1671 1941">
    <p class='ocr_par' dir='ltr' id='par_1_7' title="bbox 1065 1872 1671 1941">
     <span class='ocr_line' id='line_1_20' title="bbox 1065 1872 1671 1941; baseline 0 -2"><span class='ocrx_word' id='word_1_166' title='bbox 1065 1872 1323 1941; x_wconf 77' lang='lat' dir='ltr'>CAPUT</span> <span class='ocrx_word' id='word_1_167' title='bbox 1359 1873 1671 1940; x_wconf 69' lang='lat' dir='ltr'>cxzvm.</span> 
     </span>
    </p>
   </div>
   <div class='ocr_carea' id='block_1_4' title="bbox 223 2043 2500 2100">
    <p class='ocr_par' dir='ltr' id='par_1_8' title="bbox 223 2043 2500 2100">
     <span class='ocr_line' id='line_1_21' title="bbox 223 2043 2500 2100; baseline 0.001 -7"><span class='ocrx_word' id='word_1_168' title='bbox 223 2044 375 2100; x_wconf 78' lang='lat' dir='ltr'>QUOD</span> <span class='ocrx_word' id='word_1_169' title='bbox 420 2045 535 2092; x_wconf 69' lang='lat' dir='ltr'>PER</span> <span class='ocrx_word' id='word_1_170' title='bbox 569 2044 857 2093; x_wconf 73' lang='lat' dir='ltr'>Anxmtm</span> <span class='ocrx_word' id='word_1_171' title='bbox 905 2045 1123 2093; x_wconf 68' lang='lat' dir='ltr'>mvum</span> <span class='ocrx_word' id='word_1_172' title='bbox 1159 2044 1392 2092; x_wconf 66' lang='lat' dir='ltr'>ultum</span> <span class='ocrx_word' id='word_1_173' title='bbox 1428 2044 1591 2092; x_wconf 69' lang='lat' dir='ltr'>HOMO</span> <span class='ocrx_word' id='word_1_174' title='bbox 1634 2043 1755 2091; x_wconf 69' lang='lat' dir='ltr'>NON</span> <span class='ocrx_word' id='word_1_175' title='bbox 1783 2045 2035 2094; x_wconf 66' lang='lat' dir='ltr'>commi</span> <span class='ocrx_word' id='word_1_176' title='bbox 2072 2047 2155 2094; x_wconf 75' lang='lat' dir='ltr'>Al)</span> <span class='ocrx_word' id='word_1_177' title='bbox 2181 2046 2500 2097; x_wconf 61' lang='lat' dir='ltr'>mmmm.</span> 
     </span>
    </p>
   </div>
   <div class='ocr_carea' id='block_1_5' title="bbox 151 2194 2577 2340">
    <p class='ocr_par' dir='ltr' id='par_1_9' title="bbox 151 2194 2577 2340">
     <span class='ocr_line' id='line_1_22' title="bbox 223 2194 2575 2275; baseline 0.001 -17"><span class='ocrx_word' id='word_1_178' title='bbox 223 2202 436 2258; x_wconf 82' lang='lat' dir='ltr'>Posset</span> <span class='ocrx_word' id='word_1_179' title='bbox 465 2203 664 2257; x_wconf 86' lang='lat' dir='ltr'>autem</span> <span class='ocrx_word' id='word_1_180' title='bbox 690 2198 878 2256; x_wconf 87' lang='lat' dir='ltr'>videri</span> <span class='ocrx_word' id='word_1_181' title='bbox 907 2197 1088 2257; x_wconf 83' lang='lat' dir='ltr'>alicui</span> <span class='ocrx_word' id='word_1_182' title='bbox 1112 2195 1270 2270; x_wconf 85' lang='lat' dir='ltr'>quod</span> <span class='ocrx_word' id='word_1_183' title='bbox 1299 2209 1408 2268; x_wconf 88' lang='lat' dir='ltr'>per</span> <span class='ocrx_word' id='word_1_184' title='bbox 1447 2194 1720 2256; x_wconf 83' lang='lat' dir='ltr'>divinum</span> <span class='ocrx_word' id='word_1_185' title='bbox 1766 2197 2059 2258; x_wconf 85' lang='lat' dir='ltr'>auxilium</span> <span class='ocrx_word' id='word_1_186' title='bbox 2095 2201 2303 2275; x_wconf 87' lang='lat' dir='ltr'>aliqua</span> <span class='ocrx_word' id='word_1_187' title='bbox 2341 2201 2575 2262; x_wconf 76' lang='lat' dir='ltr'><strong>coactio</strong></span> 
     </span>
     <span class='ocr_line' id='line_1_23' title="bbox 151 2267 2577 2340; baseline 0.001 -12"><span class='ocrx_word' id='word_1_188' title='bbox 151 2270 384 2328; x_wconf 85' lang='lat' dir='ltr'>homini</span> <span class='ocrx_word' id='word_1_189' title='bbox 414 2270 705 2326; x_wconf 79' lang='lat' dir='ltr'>inferatur</span> <span class='ocrx_word' id='word_1_190' title='bbox 730 2270 802 2327; x_wconf 86' lang='lat' dir='ltr'>ad</span> <span class='ocrx_word' id='word_1_191' title='bbox 827 2269 979 2326; x_wconf 86' lang='lat' dir='ltr'>hene</span> <span class='ocrx_word' id='word_1_192' title='bbox 1010 2268 1330 2340; x_wconf 78' lang='lat' dir='ltr'>agendum,</span> <span class='ocrx_word' id='word_1_193' title='bbox 1356 2281 1431 2324; x_wconf 79' lang='lat' dir='ltr'>ex</span> <span class='ocrx_word' id='word_1_194' title='bbox 1460 2267 1576 2326; x_wconf 82' lang='lat' dir='ltr'>hoc</span> <span class='ocrx_word' id='word_1_195' title='bbox 1601 2267 1762 2340; x_wconf 85' lang='lat' dir='ltr'>quod</span> <span class='ocrx_word' id='word_1_196' title='bbox 1792 2269 2014 2327; x_wconf 87' lang='lat' dir='ltr'>dictum</span> <span class='ocrx_word' id='word_1_197' title='bbox 2056 2277 2153 2329; x_wconf 61' lang='lat' dir='ltr'>est,</span> <span class='ocrx_word' id='word_1_198' title='bbox 2180 2290 2194 2329; x_wconf 76' lang='grc' dir='ltr'><strong><em>ε</em></strong></span> <span class='ocrx_word' id='word_1_199' title='bbox 2226 2275 2393 2330; x_wconf 83' lang='lat' dir='ltr'>Nemo</span> <span class='ocrx_word' id='word_1_200' title='bbox 2427 2275 2577 2331; x_wconf 76' lang='lat' dir='ltr'>venit</span> 
     </span>
    </p>
   </div>
   <div class='ocr_carea' id='block_1_6' title="bbox 56 2340 2572 2413">
    <p class='ocr_par' dir='ltr' id='par_1_10' title="bbox 56 2340 2572 2413">
     <span class='ocr_line' id='line_1_24' title="bbox 56 2340 2572 2413; baseline 0.001 -16"><span class='ocrx_word' id='word_1_201' title='bbox 56 2345 60 2350; x_wconf 83' lang='lat'>&#39;</span> <span class='ocrx_word' id='word_1_202' title='bbox 150 2342 228 2397; x_wconf 79' lang='lat' dir='ltr'>ad</span> <span class='ocrx_word' id='word_1_203' title='bbox 258 2356 364 2407; x_wconf 85' lang='lat' dir='ltr'>me,</span> <span class='ocrx_word' id='word_1_204' title='bbox 389 2342 502 2395; x_wconf 76' lang='lat' dir='ltr'>nisi</span> <span class='ocrx_word' id='word_1_205' title='bbox 528 2342 693 2395; x_wconf 74' lang='lat' dir='ltr'>Pater</span> <span class='ocrx_word' id='word_1_206' title='bbox 732 2341 830 2410; x_wconf 79' lang='lat' dir='ltr'>qui</span> <span class='ocrx_word' id='word_1_207' title='bbox 852 2341 1004 2395; x_wconf 78' lang='lat' dir='ltr'>misit</span> <span class='ocrx_word' id='word_1_208' title='bbox 1030 2354 1114 2395; x_wconf 78' lang='lat' dir='ltr'>me</span> <span class='ocrx_word' id='word_1_209' title='bbox 1140 2340 1377 2394; x_wconf 72' lang='lat' dir='ltr'>traxerit</span> <span class='ocrx_word' id='word_1_210' title='bbox 1415 2354 1553 2402; x_wconf 79' lang='lat' dir='ltr'>eum,</span> <span class='ocrx_word' id='word_1_211' title='bbox 1584 2344 1645 2395; x_wconf 87' lang='lat' dir='ltr'>et</span> <span class='ocrx_word' id='word_1_212' title='bbox 1680 2353 1754 2396; x_wconf 82' lang='lat' dir='ltr'>ex</span> <span class='ocrx_word' id='word_1_213' title='bbox 1783 2340 1896 2396; x_wconf 79' lang='lat' dir='ltr'>hoc</span> <span class='ocrx_word' id='word_1_214' title='bbox 1935 2342 2097 2413; x_wconf 86' lang='lat' dir='ltr'>quod</span> <span class='ocrx_word' id='word_1_215' title='bbox 2142 2341 2364 2400; x_wconf 89' lang='lat' dir='ltr'>dicitur</span> <span class='ocrx_word' id='word_1_216' title='bbox 2394 2360 2409 2399; x_wconf 91' lang='lat'>:</span> <span class='ocrx_word' id='word_1_217' title='bbox 2440 2344 2572 2410; x_wconf 79' lang='lat' dir='ltr'>Qui·</span> 
     </span>
    </p>
   </div>
   <div class='ocr_carea' id='block_1_7' title="bbox 148 2409 2579 3471">
    <p class='ocr_par' dir='ltr' id='par_1_11' title="bbox 148 2409 2572 2610">
     <span class='ocr_line' id='line_1_25' title="bbox 149 2409 2569 2480; baseline 0.001 -12"><span class='ocrx_word' id='word_1_218' title='bbox 149 2426 379 2480; x_wconf 77' lang='lat' dir='ltr'>cumque</span> <span class='ocrx_word' id='word_1_219' title='bbox 402 2413 608 2480; x_wconf 76' lang='lat' dir='ltr'>spiritu</span> <span class='ocrx_word' id='word_1_220' title='bbox 630 2412 731 2466; x_wconf 76' lang='lat' dir='ltr'>Dei</span> <span class='ocrx_word' id='word_1_221' title='bbox 753 2414 1014 2479; x_wconf 73' lang='lat' dir='ltr'>equatur,</span> <span class='ocrx_word' id='word_1_222' title='bbox 1049 2412 1096 2464; x_wconf 77' lang='lat' dir='ltr'>ii</span> <span class='ocrx_word' id='word_1_223' title='bbox 1135 2415 1276 2466; x_wconf 81' lang='lat' dir='ltr'>sunt</span> <span class='ocrx_word' id='word_1_224' title='bbox 1301 2409 1407 2477; x_wconf 71' lang='lat' dir='ltr'>filii</span> <span class='ocrx_word' id='word_1_225' title='bbox 1432 2411 1565 2474; x_wconf 57' lang='lat' dir='ltr'>liei,-</span> <span class='ocrx_word' id='word_1_226' title='bbox 1600 2414 1660 2465; x_wconf 83' lang='lat' dir='ltr'>et</span> <span class='ocrx_word' id='word_1_227' title='bbox 1689 2427 1703 2465; x_wconf 91' lang='lat'>:</span> <span class='ocrx_word' id='word_1_228' title='bbox 1732 2409 1983 2466; x_wconf 74' lang='lat' dir='ltr'>Charitas</span> <span class='ocrx_word' id='word_1_229' title='bbox 2030 2412 2237 2467; x_wconf 74' lang='lat' dir='ltr'>Christi</span> <span class='ocrx_word' id='word_1_230' title='bbox 2272 2416 2429 2480; x_wconf 80' lang='lat' dir='ltr'>ur9et</span> <span class='ocrx_word' id='word_1_231' title='bbox 2453 2427 2569 2470; x_wconf 72' lang='lat' dir='ltr'>nos,</span> 
     </span>
     <span class='ocr_line' id='line_1_26' title="bbox 149 2479 2572 2552; baseline 0.001 -13"><span class='ocrx_word' id='word_1_232' title='bbox 149 2481 234 2552; x_wconf 87' lang='grc' dir='ltr'>(Π</span> <span class='ocrx_word' id='word_1_233' title='bbox 255 2482 403 2549; x_wconf 62' lang='lat' dir='ltr'>Gon,</span> <span class='ocrx_word' id='word_1_234' title='bbox 425 2493 488 2550; x_wconf 82' lang='lat' dir='ltr'>v,</span> <span class='ocrx_word' id='word_1_235' title='bbox 521 2481 639 2552; x_wconf 66' lang='lat'>14);</span> <span class='ocrx_word' id='word_1_236' title='bbox 664 2480 818 2538; x_wconf 86' lang='lat' dir='ltr'>trahi</span> <span class='ocrx_word' id='word_1_237' title='bbox 856 2480 1018 2539; x_wconf 89' lang='lat' dir='ltr'>enim</span> <span class='ocrx_word' id='word_1_238' title='bbox 1057 2483 1117 2538; x_wconf 88' lang='lat' dir='ltr'>et</span> <span class='ocrx_word' id='word_1_239' title='bbox 1150 2479 1248 2552; x_wconf 85' lang='lat' dir='ltr'>agi</span> <span class='ocrx_word' id='word_1_240' title='bbox 1288 2484 1349 2536; x_wconf 88' lang='lat' dir='ltr'>et</span> <span class='ocrx_word' id='word_1_241' title='bbox 1369 2479 1572 2550; x_wconf 84' lang='lat' dir='ltr'>urgeri</span> <span class='ocrx_word' id='word_1_242' title='bbox 1607 2479 1979 2539; x_wconf 77' lang='lat' dir='ltr'>coactionem</span> <span class='ocrx_word' id='word_1_243' title='bbox 2021 2481 2343 2552; x_wconf 79' lang='lat' dir='ltr'>importare</span> <span class='ocrx_word' id='word_1_244' title='bbox 2365 2482 2572 2541; x_wconf 77' lang='lat' dir='ltr'>viden·</span> 
     </span>
     <span class='ocr_line' id='line_1_27' title="bbox 148 2550 1939 2610; baseline 0.001 -2"><span class='ocrx_word' id='word_1_245' title='bbox 148 2561 270 2610; x_wconf 84' lang='lat' dir='ltr'>tur.</span> <span class='ocrx_word' id='word_1_246' title='bbox 302 2554 423 2608; x_wconf 86' lang='lat' dir='ltr'>Hoc</span> <span class='ocrx_word' id='word_1_247' title='bbox 453 2556 655 2609; x_wconf 87' lang='lat' dir='ltr'>autem</span> <span class='ocrx_word' id='word_1_248' title='bbox 683 2564 805 2609; x_wconf 91' lang='lat' dir='ltr'>non</span> <span class='ocrx_word' id='word_1_249' title='bbox 836 2563 972 2608; x_wconf 86' lang='lat' dir='ltr'>esse</span> <span class='ocrx_word' id='word_1_250' title='bbox 998 2563 1203 2608; x_wconf 85' lang='lat' dir='ltr'>verum</span> <span class='ocrx_word' id='word_1_251' title='bbox 1233 2550 1547 2608; x_wconf 80' lang='lat' dir='ltr'>manifeste</span> <span class='ocrx_word' id='word_1_252' title='bbox 1578 2550 1939 2609; x_wconf 85' lang='lat' dir='ltr'>ostenditur.</span> 
     </span>
    </p>

    <p class='ocr_par' dir='ltr' id='par_1_12' title="bbox 150 2619 2577 2982">
     <span class='ocr_line' id='line_1_28' title="bbox 227 2619 2570 2700; baseline 0 -19"><span class='ocrx_word' id='word_1_253' title='bbox 227 2623 442 2681; x_wconf 86' lang='lat' dir='ltr'>Divina</span> <span class='ocrx_word' id='word_1_254' title='bbox 469 2622 626 2679; x_wconf 87' lang='lat' dir='ltr'>enim</span> <span class='ocrx_word' id='word_1_255' title='bbox 665 2621 1037 2692; x_wconf 82' lang='lat' dir='ltr'>providentia</span> <span class='ocrx_word' id='word_1_256' title='bbox 1079 2619 1260 2678; x_wconf 87' lang='lat' dir='ltr'>rebus</span> <span class='ocrx_word' id='word_1_257' title='bbox 1306 2620 1587 2677; x_wconf 87' lang='lat' dir='ltr'>omnibus</span> <span class='ocrx_word' id='word_1_258' title='bbox 1633 2620 1905 2700; x_wconf 75' lang='lat' dir='ltr'>providet</span> <span class='ocrx_word' id='word_1_259' title='bbox 1953 2623 2285 2682; x_wconf 87' lang='lat' dir='ltr'>secundum</span> <span class='ocrx_word' id='word_1_260' title='bbox 2323 2623 2570 2682; x_wconf 89' lang='lat' dir='ltr'>modum</span> 
     </span>
     <span class='ocr_line' id='line_1_29' title="bbox 152 2690 2574 2762; baseline 0.002 -12"><span class='ocrx_word' id='word_1_261' title='bbox 152 2707 386 2759; x_wconf 91' lang='lat' dir='ltr'>earum,</span> <span class='ocrx_word' id='word_1_262' title='bbox 414 2696 482 2750; x_wconf 89' lang='lat' dir='ltr'>ut</span> <span class='ocrx_word' id='word_1_263' title='bbox 509 2705 694 2762; x_wconf 84' lang='lat' dir='ltr'>supra</span> <span class='ocrx_word' id='word_1_264' title='bbox 717 2698 1028 2750; x_wconf 86' lang='lat' dir='ltr'>ostensum</span> <span class='ocrx_word' id='word_1_265' title='bbox 1057 2696 1167 2748; x_wconf 86' lang='lat' dir='ltr'>est.</span> <span class='ocrx_word' id='word_1_266' title='bbox 1198 2693 1299 2748; x_wconf 85' lang='lat' dir='ltr'>Est</span> <span class='ocrx_word' id='word_1_267' title='bbox 1344 2696 1541 2747; x_wconf 87' lang='lat' dir='ltr'>autem</span> <span class='ocrx_word' id='word_1_268' title='bbox 1580 2703 1887 2762; x_wconf 81' lang='lat' dir='ltr'>proprium</span> <span class='ocrx_word' id='word_1_269' title='bbox 1932 2691 2164 2749; x_wconf 86' lang='lat' dir='ltr'>homini</span> <span class='ocrx_word' id='word_1_270' title='bbox 2207 2690 2268 2751; x_wconf 77' lang='lat' dir='ltr'>et</span> <span class='ocrx_word' id='word_1_271' title='bbox 2294 2696 2456 2752; x_wconf 90' lang='lat' dir='ltr'>omni</span> <span class='ocrx_word' id='word_1_272' title='bbox 2481 2710 2574 2754; x_wconf 77' lang='lat' dir='ltr'>ra·</span> 
     </span>
     <span class='ocr_line' id='line_1_30' title="bbox 153 2761 2577 2840; baseline 0.001 -20"><span class='ocrx_word' id='word_1_273' title='bbox 153 2764 674 2821; x_wconf 85' lang='lat' dir='ltr'>tionalicreaturae</span> <span class='ocrx_word' id='word_1_274' title='bbox 704 2762 865 2835; x_wconf 88' lang='lat' dir='ltr'>quod</span> <span class='ocrx_word' id='word_1_275' title='bbox 889 2761 1218 2820; x_wconf 82' lang='lat' dir='ltr'>voluntarie</span> <span class='ocrx_word' id='word_1_276' title='bbox 1248 2765 1387 2832; x_wconf 85' lang='lat' dir='ltr'>agat</span> <span class='ocrx_word' id='word_1_277' title='bbox 1422 2766 1484 2817; x_wconf 90' lang='lat' dir='ltr'>et</span> <span class='ocrx_word' id='word_1_278' title='bbox 1525 2761 1676 2840; x_wconf 36' lang='lat' dir='ltr'>suis·</span> <span class='ocrx_word' id='word_1_279' title='bbox 1703 2761 1938 2819; x_wconf 81' lang='lat' dir='ltr'>actibus</span> <span class='ocrx_word' id='word_1_280' title='bbox 1982 2763 2342 2832; x_wconf 84' lang='lat' dir='ltr'>dominetur,</span> <span class='ocrx_word' id='word_1_281' title='bbox 2393 2769 2457 2823; x_wconf 90' lang='lat' dir='ltr'>ut</span> <span class='ocrx_word' id='word_1_282' title='bbox 2501 2779 2577 2823; x_wconf 83' lang='lat' dir='ltr'>ex</span> 
     </span>
     <span class='ocr_line' id='line_1_31' title="bbox 150 2831 2575 2905; baseline 0 -12"><span class='ocrx_word' id='word_1_283' title='bbox 150 2833 513 2905; x_wconf 82' lang='lat' dir='ltr'>supradictis</span> <span class='ocrx_word' id='word_1_284' title='bbox 543 2837 736 2903; x_wconf 79' lang='lat' dir='ltr'>patet3</span> <span class='ocrx_word' id='word_1_285' title='bbox 765 2833 907 2890; x_wconf 88' lang='lat' dir='ltr'>huic</span> <span class='ocrx_word' id='word_1_286' title='bbox 934 2838 1133 2889; x_wconf 85' lang='lat' dir='ltr'>autem</span> <span class='ocrx_word' id='word_1_287' title='bbox 1161 2831 1392 2889; x_wconf 84' lang='lat' dir='ltr'>coactio</span> <span class='ocrx_word' id='word_1_288' title='bbox 1422 2836 1836 2889; x_wconf 79' lang='lat' dir='ltr'>contrariatur.</span> <span class='ocrx_word' id='word_1_289' title='bbox 1865 2834 1997 2891; x_wconf 86' lang='lat' dir='ltr'>Non</span> <span class='ocrx_word' id='word_1_290' title='bbox 2032 2833 2218 2905; x_wconf 79' lang='lat' dir='ltr'>igitur</span> <span class='ocrx_word' id='word_1_291' title='bbox 2261 2836 2418 2893; x_wconf 85' lang='lat' dir='ltr'>Deus</span> <span class='ocrx_word' id='word_1_292' title='bbox 2460 2848 2575 2895; x_wconf 75' lang='lat' dir='ltr'>suo</span> 
     </span>
     <span class='ocr_line' id='line_1_32' title="bbox 151 2901 1544 2982; baseline -0.005 -18"><span class='ocrx_word' id='word_1_293' title='bbox 151 2904 380 2964; x_wconf 79' lang='lat' dir='ltr'>auxilio</span> <span class='ocrx_word' id='word_1_294' title='bbox 408 2904 709 2961; x_wconf 88' lang='lat' dir='ltr'>hominem</span> <span class='ocrx_word' id='word_1_295' title='bbox 738 2903 901 2975; x_wconf 82' lang='lat' dir='ltr'>cogit</span> <span class='ocrx_word' id='word_1_296' title='bbox 927 2903 1004 2961; x_wconf 84' lang='lat' dir='ltr'>ad</span> <span class='ocrx_word' id='word_1_297' title='bbox 1029 2907 1186 2961; x_wconf 85' lang='lat' dir='ltr'>recte</span> <span class='ocrx_word' id='word_1_298' title='bbox 1224 2901 1544 2982; x_wconf 78' lang='lat' dir='ltr'>agendum.</span> 
     </span>
    </p>

    <p class='ocr_par' dir='ltr' id='par_1_13' title="bbox 149 2972 2579 3471">
     <span class='ocr_line' id='line_1_33' title="bbox 221 2972 2574 3046; baseline 0 -14"><span class='ocrx_word' id='word_1_299' title='bbox 221 2974 441 3043; x_wconf 75' lang='lat' dir='ltr'>Adhuc,</span> <span class='ocrx_word' id='word_1_300' title='bbox 491 2973 758 3031; x_wconf 84' lang='lat' dir='ltr'>divinum</span> <span class='ocrx_word' id='word_1_301' title='bbox 795 2973 1082 3032; x_wconf 83' lang='lat' dir='ltr'>auxilium</span> <span class='ocrx_word' id='word_1_302' title='bbox 1131 2973 1219 3031; x_wconf 90' lang='lat' dir='ltr'>sic</span> <span class='ocrx_word' id='word_1_303' title='bbox 1263 2972 1619 3045; x_wconf 77' lang='lat' dir='ltr'>intelligitur</span> <span class='ocrx_word' id='word_1_304' title='bbox 1666 2972 1741 3031; x_wconf 88' lang='lat' dir='ltr'>ad</span> <span class='ocrx_word' id='word_1_305' title='bbox 1789 2972 1943 3032; x_wconf 83' lang='lat' dir='ltr'>bene</span> <span class='ocrx_word' id='word_1_306' title='bbox 1986 2974 2285 3046; x_wconf 82' lang='lat' dir='ltr'>agendum</span> <span class='ocrx_word' id='word_1_307' title='bbox 2342 2974 2574 3034; x_wconf 85' lang='lat' dir='ltr'>homini</span> 
     </span>
     <span class='ocr_line' id='line_1_34' title="bbox 153 3044 2579 3119; baseline 0 -14"><span class='ocrx_word' id='word_1_308' title='bbox 153 3044 426 3105; x_wconf 82' lang='lat' dir='ltr'>adhiberi</span> <span class='ocrx_word' id='word_1_309' title='bbox 457 3045 615 3117; x_wconf 82' lang='lat' dir='ltr'>quod</span> <span class='ocrx_word' id='word_1_310' title='bbox 644 3045 709 3102; x_wconf 89' lang='lat' dir='ltr'>in</span> <span class='ocrx_word' id='word_1_311' title='bbox 738 3045 914 3102; x_wconf 85' lang='lat' dir='ltr'>nohis</span> <span class='ocrx_word' id='word_1_312' title='bbox 935 3050 1141 3102; x_wconf 88' lang='lat' dir='ltr'>nostra</span> <span class='ocrx_word' id='word_1_313' title='bbox 1157 3057 1338 3114; x_wconf 87' lang='lat' dir='ltr'>opera</span> <span class='ocrx_word' id='word_1_314' title='bbox 1358 3049 1636 3114; x_wconf 84' lang='lat' dir='ltr'>operatur</span> <span class='ocrx_word' id='word_1_315' title='bbox 1673 3045 1832 3102; x_wconf 84' lang='lat' dir='ltr'>sicut</span> <span class='ocrx_word' id='word_1_316' title='bbox 1876 3058 2061 3103; x_wconf 85' lang='lat' dir='ltr'>causa</span> <span class='ocrx_word' id='word_1_317' title='bbox 2082 3047 2274 3116; x_wconf 89' lang='lat' dir='ltr'>prima</span> <span class='ocrx_word' id='word_1_318' title='bbox 2296 3052 2579 3119; x_wconf 83' lang='lat' dir='ltr'>operatur</span> 
     </span>
     <span class='ocr_line' id='line_1_35' title="bbox 150 3114 2573 3188; baseline 0 -13"><span class='ocrx_word' id='word_1_319' title='bbox 150 3116 538 3188; x_wconf 84' lang='lat' dir='ltr'>operationes</span> <span class='ocrx_word' id='word_1_320' title='bbox 568 3129 882 3174; x_wconf 90' lang='lat' dir='ltr'>causarum</span> <span class='ocrx_word' id='word_1_321' title='bbox 919 3114 1339 3177; x_wconf 83' lang='lat' dir='ltr'>secundarum,</span> <span class='ocrx_word' id='word_1_322' title='bbox 1377 3120 1435 3171; x_wconf 92' lang='lat' dir='ltr'>et</span> <span class='ocrx_word' id='word_1_323' title='bbox 1460 3127 1648 3187; x_wconf 83' lang='lat' dir='ltr'>agens</span> <span class='ocrx_word' id='word_1_324' title='bbox 1678 3114 2004 3187; x_wconf 87' lang='lat' dir='ltr'>principale</span> <span class='ocrx_word' id='word_1_325' title='bbox 2060 3123 2338 3187; x_wconf 87' lang='lat' dir='ltr'>operatur</span> <span class='ocrx_word' id='word_1_326' title='bbox 2389 3118 2573 3175; x_wconf 84' lang='lat' dir='ltr'>actio·</span> 
     </span>
     <span class='ocr_line' id='line_1_36' title="bbox 151 3185 2573 3257; baseline -0 -12"><span class='ocrx_word' id='word_1_327' title='bbox 151 3200 298 3245; x_wconf 80' lang='lat' dir='ltr'>nem</span> <span class='ocrx_word' id='word_1_328' title='bbox 338 3186 746 3254; x_wconf 85' lang='lat' dir='ltr'>instrumenti;</span> <span class='ocrx_word' id='word_1_329' title='bbox 790 3186 948 3245; x_wconf 87' lang='lat' dir='ltr'>unde</span> <span class='ocrx_word' id='word_1_330' title='bbox 996 3185 1240 3243; x_wconf 86' lang='lat' dir='ltr'>dicitur:</span> <span class='ocrx_word' id='word_1_331' title='bbox 1288 3187 1485 3241; x_wconf 81' lang='lat' dir='ltr'>Omnia</span> <span class='ocrx_word' id='word_1_332' title='bbox 1522 3200 1689 3255; x_wconf 80' lang='lat' dir='ltr'>opera</span> <span class='ocrx_word' id='word_1_333' title='bbox 1725 3190 1916 3242; x_wconf 80' lang='lat' dir='ltr'>nostra</span> <span class='ocrx_word' id='word_1_334' title='bbox 1953 3191 2206 3257; x_wconf 73' lang='lat' dir='ltr'>operatus</span> <span class='ocrx_word' id='word_1_335' title='bbox 2233 3203 2287 3244; x_wconf 78' lang='lat' dir='ltr'>es</span> <span class='ocrx_word' id='word_1_336' title='bbox 2313 3188 2375 3243; x_wconf 78' lang='lat' dir='ltr'>in</span> <span class='ocrx_word' id='word_1_337' title='bbox 2395 3189 2573 3251; x_wconf 76' lang='lat' dir='ltr'>nobis,</span> 
     </span>
     <span class='ocr_line' id='line_1_37' title="bbox 149 3255 2575 3328; baseline 0 -12"><span class='ocrx_word' id='word_1_338' title='bbox 149 3258 403 3316; x_wconf 57' lang='lat' dir='ltr'>Bonane.</span> <span class='ocrx_word' id='word_1_339' title='bbox 439 3256 614 3328; x_wconf 83' lang='lat' dir='ltr'>(Isai.,</span> <span class='ocrx_word' id='word_1_340' title='bbox 648 3269 815 3327; x_wconf 60' lang='lat' dir='ltr'>xxm,</span> <span class='ocrx_word' id='word_1_341' title='bbox 848 3255 960 3327; x_wconf 81' lang='lat'><strong>12.)</strong></span> <span class='ocrx_word' id='word_1_342' title='bbox 990 3257 1182 3314; x_wconf 83' lang='lat' dir='ltr'>Causa</span> <span class='ocrx_word' id='word_1_343' title='bbox 1208 3260 1405 3313; x_wconf 85' lang='lat' dir='ltr'>autem</span> <span class='ocrx_word' id='word_1_344' title='bbox 1451 3256 1647 3326; x_wconf 90' lang='lat' dir='ltr'>prima</span> <span class='ocrx_word' id='word_1_345' title='bbox 1673 3261 1883 3314; x_wconf 85' lang='lat' dir='ltr'>causat</span> <span class='ocrx_word' id='word_1_346' title='bbox 1922 3258 2332 3327; x_wconf 83' lang='lat' dir='ltr'>operationem</span> <span class='ocrx_word' id='word_1_347' title='bbox 2375 3270 2575 3317; x_wconf 80' lang='lat' dir='ltr'>causae</span> 
     </span>
     <span class='ocr_line' id='line_1_38' title="bbox 151 3326 2577 3398; baseline 0 -10"><span class='ocrx_word' id='word_1_348' title='bbox 151 3327 438 3388; x_wconf 72' lang='lat' dir='ltr'>secundae</span> <span class='ocrx_word' id='word_1_349' title='bbox 469 3328 799 3385; x_wconf 85' lang='lat' dir='ltr'>secundum</span> <span class='ocrx_word' id='word_1_350' title='bbox 832 3327 1072 3385; x_wconf 88' lang='lat' dir='ltr'>modum</span> <span class='ocrx_word' id='word_1_351' title='bbox 1104 3326 1317 3396; x_wconf 81' lang='lat' dir='ltr'>ipsius,</span> <span class='ocrx_word' id='word_1_352' title='bbox 1349 3328 1501 3398; x_wconf 84' lang='lat' dir='ltr'>Ergo</span> <span class='ocrx_word' id='word_1_353' title='bbox 1532 3331 1593 3384; x_wconf 90' lang='lat' dir='ltr'>et</span> <span class='ocrx_word' id='word_1_354' title='bbox 1621 3329 1778 3385; x_wconf 83' lang='lat' dir='ltr'>Deus</span> <span class='ocrx_word' id='word_1_355' title='bbox 1812 3331 2020 3384; x_wconf 87' lang='lat' dir='ltr'>causat</span> <span class='ocrx_word' id='word_1_356' title='bbox 2043 3327 2109 3386; x_wconf 90' lang='lat' dir='ltr'>in</span> <span class='ocrx_word' id='word_1_357' title='bbox 2147 3328 2326 3387; x_wconf 87' lang='lat' dir='ltr'>nohis</span> <span class='ocrx_word' id='word_1_358' title='bbox 2368 3335 2577 3388; x_wconf 80' lang='lat' dir='ltr'>nostra</span> 
     </span>
     <span class='ocr_line' id='line_1_39' title="bbox 150 3396 2576 3471; baseline 0 -13"><span class='ocrx_word' id='word_1_359' title='bbox 150 3412 344 3471; x_wconf 89' lang='lat' dir='ltr'>opera</span> <span class='ocrx_word' id='word_1_360' title='bbox 389 3398 717 3456; x_wconf 88' lang='lat' dir='ltr'>secundum</span> <span class='ocrx_word' id='word_1_361' title='bbox 761 3397 1006 3455; x_wconf 85' lang='lat' dir='ltr'>modum</span> <span class='ocrx_word' id='word_1_362' title='bbox 1043 3402 1335 3466; x_wconf 88' lang='lat' dir='ltr'>nostrum,</span> <span class='ocrx_word' id='word_1_363' title='bbox 1367 3398 1470 3469; x_wconf 84' lang='lat' dir='ltr'>qui</span> <span class='ocrx_word' id='word_1_364' title='bbox 1515 3402 1610 3455; x_wconf 88' lang='lat' dir='ltr'>est</span> <span class='ocrx_word' id='word_1_365' title='bbox 1652 3403 1719 3455; x_wconf 90' lang='lat' dir='ltr'>ut</span> <span class='ocrx_word' id='word_1_366' title='bbox 1759 3396 2093 3456; x_wconf 74' lang='lat' dir='ltr'>voluntarie</span> <span class='ocrx_word' id='word_1_367' title='bbox 2120 3404 2180 3456; x_wconf 89' lang='lat' dir='ltr'>et</span> <span class='ocrx_word' id='word_1_368' title='bbox 2218 3412 2342 3456; x_wconf 89' lang='lat' dir='ltr'>non</span> <span class='ocrx_word' id='word_1_369' title='bbox 2371 3404 2576 3458; x_wconf 82' lang='lat' dir='ltr'>coacte</span> 
     </span>
    </p>
   </div>
   <div class='ocr_carea' id='block_1_8' title="bbox 56 3466 2439 3543">
    <p class='ocr_par' dir='ltr' id='par_1_14' title="bbox 56 3466 2439 3543">
     <span class='ocr_line' id='line_1_40' title="bbox 56 3466 2439 3543; baseline -0.002 -13"><span class='ocrx_word' id='word_1_370' title='bbox 56 3492 63 3511; x_wconf 83' lang='lat'><strong>·</strong></span> <span class='ocrx_word' id='word_1_371' title='bbox 150 3482 433 3543; x_wconf 75' lang='lat' dir='ltr'>agamus,</span> <span class='ocrx_word' id='word_1_372' title='bbox 462 3473 590 3528; x_wconf 85' lang='lat' dir='ltr'>Non</span> <span class='ocrx_word' id='word_1_373' title='bbox 619 3469 806 3540; x_wconf 83' lang='lat' dir='ltr'>igitur</span> <span class='ocrx_word' id='word_1_374' title='bbox 831 3468 1033 3526; x_wconf 91' lang='lat' dir='ltr'>divino</span> <span class='ocrx_word' id='word_1_375' title='bbox 1058 3466 1284 3525; x_wconf 84' lang='lat' dir='ltr'>auxilio</span> <span class='ocrx_word' id='word_1_376' title='bbox 1313 3467 1533 3539; x_wconf 84' lang='lat' dir='ltr'>aliquis</span> <span class='ocrx_word' id='word_1_377' title='bbox 1568 3469 1804 3539; x_wconf 80' lang='lat' dir='ltr'>cogitur</span> <span class='ocrx_word' id='word_1_378' title='bbox 1831 3467 1908 3526; x_wconf 89' lang='lat' dir='ltr'>ad</span> <span class='ocrx_word' id='word_1_379' title='bbox 1932 3474 2090 3526; x_wconf 88' lang='lat' dir='ltr'>recte</span> <span class='ocrx_word' id='word_1_380' title='bbox 2119 3469 2439 3540; x_wconf 81' lang='lat' dir='ltr'>agendum.</span> 
     </span>
    </p>
   </div>
   <div class='ocr_carea' id='block_1_9' title="bbox 137 3537 2587 4532">
    <p class='ocr_par' dir='ltr' id='par_1_15' title="bbox 141 3537 2581 4107">
     <span class='ocr_line' id='line_1_41' title="bbox 223 3537 2577 3611; baseline 0 -13"><span class='ocrx_word' id='word_1_381' title='bbox 223 3542 500 3610; x_wconf 76' lang='lat' dir='ltr'>Amplius,</span> <span class='ocrx_word' id='word_1_382' title='bbox 531 3539 713 3597; x_wconf 88' lang='lat' dir='ltr'>homo</span> <span class='ocrx_word' id='word_1_383' title='bbox 736 3553 842 3610; x_wconf 87' lang='lat' dir='ltr'>per</span> <span class='ocrx_word' id='word_1_384' title='bbox 867 3540 1233 3596; x_wconf 78' lang='lat' dir='ltr'>voluntatem</span> <span class='ocrx_word' id='word_1_385' title='bbox 1261 3538 1573 3595; x_wconf 87' lang='lat' dir='ltr'>ordinatur</span> <span class='ocrx_word' id='word_1_386' title='bbox 1601 3538 1662 3594; x_wconf 88' lang='lat' dir='ltr'>in</span> <span class='ocrx_word' id='word_1_387' title='bbox 1694 3537 1905 3608; x_wconf 79' lang='lat' dir='ltr'>finem3</span> <span class='ocrx_word' id='word_1_388' title='bbox 1935 3538 2232 3611; x_wconf 71' lang='lat' dir='ltr'>obiectum</span> <span class='ocrx_word' id='word_1_389' title='bbox 2281 3541 2440 3597; x_wconf 90' lang='lat' dir='ltr'>enim</span> <span class='ocrx_word' id='word_1_390' title='bbox 2470 3552 2577 3599; x_wconf 81' lang='lat' dir='ltr'>vo·</span> 
     </span>
     <span class='ocr_line' id='line_1_42' title="bbox 146 3608 2579 3688; baseline -0.001 -17"><span class='ocrx_word' id='word_1_391' title='bbox 146 3611 405 3671; x_wconf 81' lang='lat' dir='ltr'>luntatis</span> <span class='ocrx_word' id='word_1_392' title='bbox 436 3616 530 3669; x_wconf 88' lang='lat' dir='ltr'>est</span> <span class='ocrx_word' id='word_1_393' title='bbox 552 3611 776 3669; x_wconf 88' lang='lat' dir='ltr'>bonum</span> <span class='ocrx_word' id='word_1_394' title='bbox 816 3616 874 3668; x_wconf 85' lang='lat' dir='ltr'>et</span> <span class='ocrx_word' id='word_1_395' title='bbox 898 3609 1057 3667; x_wconf 82' lang='lat' dir='ltr'>finis.</span> <span class='ocrx_word' id='word_1_396' title='bbox 1085 3609 1386 3666; x_wconf 82' lang='lat' dir='ltr'>Auxilium</span> <span class='ocrx_word' id='word_1_397' title='bbox 1415 3615 1615 3688; x_wconf 81' lang='lat' dir='ltr'>autem</span> <span class='ocrx_word' id='word_1_398' title='bbox 1644 3608 1908 3667; x_wconf 83' lang='lat' dir='ltr'>divinum</span> <span class='ocrx_word' id='word_1_399' title='bbox 1940 3610 2119 3668; x_wconf 88' lang='lat' dir='ltr'>nobis</span> <span class='ocrx_word' id='word_1_400' title='bbox 2147 3610 2222 3667; x_wconf 90' lang='lat' dir='ltr'>ad</span> <span class='ocrx_word' id='word_1_401' title='bbox 2274 3610 2389 3669; x_wconf 87' lang='lat' dir='ltr'>hoc</span> <span class='ocrx_word' id='word_1_402' title='bbox 2427 3624 2579 3683; x_wconf 59' lang='lat' dir='ltr'>prce·</span> 
     </span>
     <span class='ocr_line' id='line_1_43' title="bbox 144 3680 2581 3753; baseline -0 -13"><span class='ocrx_word' id='word_1_403' title='bbox 144 3682 327 3753; x_wconf 85' lang='lat' dir='ltr'>cipue</span> <span class='ocrx_word' id='word_1_404' title='bbox 356 3681 717 3752; x_wconf 83' lang='lat' dir='ltr'>impenditur</span> <span class='ocrx_word' id='word_1_405' title='bbox 744 3685 809 3738; x_wconf 85' lang='lat' dir='ltr'>ut</span> <span class='ocrx_word' id='word_1_406' title='bbox 837 3693 1277 3751; x_wconf 83' lang='lat' dir='ltr'>consequamur</span> <span class='ocrx_word' id='word_1_407' title='bbox 1301 3680 1503 3737; x_wconf 82' lang='lat' dir='ltr'>tinem.</span> <span class='ocrx_word' id='word_1_408' title='bbox 1537 3681 1675 3750; x_wconf 70' lang='lat' dir='ltr'>Ejus</span> <span class='ocrx_word' id='word_1_409' title='bbox 1717 3694 1860 3751; x_wconf 82' lang='lat' dir='ltr'>ergo</span> <span class='ocrx_word' id='word_1_410' title='bbox 1907 3681 2195 3738; x_wconf 83' lang='lat' dir='ltr'>auxilium</span> <span class='ocrx_word' id='word_1_411' title='bbox 2225 3694 2346 3740; x_wconf 91' lang='lat' dir='ltr'>non</span> <span class='ocrx_word' id='word_1_412' title='bbox 2379 3682 2581 3739; x_wconf 80' lang='lat' dir='ltr'>exclu-</span> 
     </span>
     <span class='ocr_line' id='line_1_44' title="bbox 146 3749 2577 3821; baseline -0.002 -9"><span class='ocrx_word' id='word_1_413' title='bbox 146 3752 241 3812; x_wconf 88' lang='lat' dir='ltr'>dit</span> <span class='ocrx_word' id='word_1_414' title='bbox 267 3766 305 3810; x_wconf 85' lang='lat' dir='ltr'>a</span> <span class='ocrx_word' id='word_1_415' title='bbox 329 3753 504 3811; x_wconf 88' lang='lat' dir='ltr'>nobis</span> <span class='ocrx_word' id='word_1_416' title='bbox 533 3758 728 3810; x_wconf 88' lang='lat' dir='ltr'>actum</span> <span class='ocrx_word' id='word_1_417' title='bbox 761 3751 1104 3818; x_wconf 87' lang='lat' dir='ltr'>voluntatis,</span> <span class='ocrx_word' id='word_1_418' title='bbox 1135 3750 1242 3808; x_wconf 89' lang='lat' dir='ltr'>sed</span> <span class='ocrx_word' id='word_1_419' title='bbox 1274 3750 1469 3821; x_wconf 90' lang='lat' dir='ltr'>ipsum</span> <span class='ocrx_word' id='word_1_420' title='bbox 1501 3749 1798 3821; x_wconf 77' lang='lat' dir='ltr'>praecipue</span> <span class='ocrx_word' id='word_1_421' title='bbox 1826 3750 1892 3806; x_wconf 90' lang='lat' dir='ltr'>in</span> <span class='ocrx_word' id='word_1_422' title='bbox 1921 3751 2098 3808; x_wconf 89' lang='lat' dir='ltr'>nobis</span> <span class='ocrx_word' id='word_1_423' title='bbox 2124 3753 2294 3819; x_wconf 78' lang='lat' dir='ltr'>facit3</span> <span class='ocrx_word' id='word_1_424' title='bbox 2325 3753 2483 3808; x_wconf 90' lang='lat' dir='ltr'>unde</span> <span class='ocrx_word' id='word_1_425' title='bbox 2518 3755 2577 3808; x_wconf 90' lang='lat' dir='ltr'>et</span> 
     </span>
     <span class='ocr_line' id='line_1_45' title="bbox 143 3821 2577 3895; baseline -0.004 -10"><span class='ocrx_word' id='word_1_426' title='bbox 143 3825 477 3895; x_wconf 71' lang='lat' dir='ltr'>Apostolus</span> <span class='ocrx_word' id='word_1_427' title='bbox 503 3822 648 3880; x_wconf 85' lang='lat' dir='ltr'>dicit</span> <span class='ocrx_word' id='word_1_428' title='bbox 681 3840 697 3880; x_wconf 76' lang='lat' dir='ltr'><strong><em>z</em></strong></span> <span class='ocrx_word' id='word_1_429' title='bbox 726 3824 874 3880; x_wconf 74' lang='lat' dir='ltr'>Deua</span> <span class='ocrx_word' id='word_1_430' title='bbox 904 3826 984 3878; x_wconf 81' lang='lat' dir='ltr'>est</span> <span class='ocrx_word' id='word_1_431' title='bbox 1009 3823 1108 3892; x_wconf 78' lang='lat' dir='ltr'>qui</span> <span class='ocrx_word' id='word_1_432' title='bbox 1132 3826 1386 3892; x_wconf 81' lang='lat' dir='ltr'>operatur</span> <span class='ocrx_word' id='word_1_433' title='bbox 1410 3823 1473 3876; x_wconf 81' lang='lat' dir='ltr'>in</span> <span class='ocrx_word' id='word_1_434' title='bbox 1497 3822 1649 3876; x_wconf 80' lang='lat' dir='ltr'>vobis</span> <span class='ocrx_word' id='word_1_435' title='bbox 1677 3826 1731 3875; x_wconf 82' lang='lat' dir='ltr'>et</span> <span class='ocrx_word' id='word_1_436' title='bbox 1762 3821 1897 3877; x_wconf 79' lang='lat' dir='ltr'>velle</span> <span class='ocrx_word' id='word_1_437' title='bbox 1943 3825 1996 3877; x_wconf 79' lang='lat' dir='ltr'>et</span> <span class='ocrx_word' id='word_1_438' title='bbox 2015 3825 2270 3893; x_wconf 70' lang='lat' dir='ltr'>perficere</span> <span class='ocrx_word' id='word_1_439' title='bbox 2306 3837 2412 3891; x_wconf 81' lang='lat' dir='ltr'>pro</span> <span class='ocrx_word' id='word_1_440' title='bbox 2437 3822 2577 3875; x_wconf 80' lang='lat' dir='ltr'>bona</span> 
     </span>
     <span class='ocr_line' id='line_1_46' title="bbox 141 3891 2579 3965; baseline -0.002 -13"><span class='ocrx_word' id='word_1_441' title='bbox 141 3895 446 3952; x_wconf 67' lang='lat' dir='ltr'>voluntate.</span> <span class='ocrx_word' id='word_1_442' title='bbox 473 3894 665 3964; x_wconf 58' lang='lat' dir='ltr'>(Phia,</span> <span class='ocrx_word' id='word_1_443' title='bbox 691 3906 764 3962; x_wconf 77' lang='grc' dir='ltr'>ιι,</span> <span class='ocrx_word' id='word_1_444' title='bbox 807 3892 918 3965; x_wconf 78' lang='lat'><strong>¹3.)</strong></span> <span class='ocrx_word' id='word_1_445' title='bbox 951 3893 1188 3950; x_wconf 83' lang='lat' dir='ltr'>coactio</span> <span class='ocrx_word' id='word_1_446' title='bbox 1231 3898 1430 3949; x_wconf 80' lang='lat' dir='ltr'>autem</span> <span class='ocrx_word' id='word_1_447' title='bbox 1475 3891 1737 3949; x_wconf 84' lang='lat' dir='ltr'>excludit</span> <span class='ocrx_word' id='word_1_448' title='bbox 1788 3892 1857 3949; x_wconf 90' lang='lat' dir='ltr'>in</span> <span class='ocrx_word' id='word_1_449' title='bbox 1899 3892 2078 3950; x_wconf 87' lang='lat' dir='ltr'>nobis</span> <span class='ocrx_word' id='word_1_450' title='bbox 2122 3898 2317 3949; x_wconf 88' lang='lat' dir='ltr'>actum</span> <span class='ocrx_word' id='word_1_451' title='bbox 2362 3891 2579 3947; x_wconf 84' lang='lat' dir='ltr'>volun-</span> 
     </span>
     <span class='ocr_line' id='line_1_47' title="bbox 142 3962 2581 4037; baseline -0.003 -13"><span class='ocrx_word' id='word_1_452' title='bbox 142 3966 320 4032; x_wconf 83' lang='lat' dir='ltr'>tatis;</span> <span class='ocrx_word' id='word_1_453' title='bbox 353 3970 557 4023; x_wconf 88' lang='lat' dir='ltr'>coacte</span> <span class='ocrx_word' id='word_1_454' title='bbox 586 3964 746 4022; x_wconf 89' lang='lat' dir='ltr'>euim</span> <span class='ocrx_word' id='word_1_455' title='bbox 773 3965 1011 4037; x_wconf 82' lang='lat' dir='ltr'>agimus</span> <span class='ocrx_word' id='word_1_456' title='bbox 1040 3964 1211 4034; x_wconf 83' lang='lat' dir='ltr'>cujus</span> <span class='ocrx_word' id='word_1_457' title='bbox 1239 3962 1605 4020; x_wconf 85' lang='lat' dir='ltr'>contrarium</span> <span class='ocrx_word' id='word_1_458' title='bbox 1630 3962 1930 4021; x_wconf 74' lang='lat' dir='ltr'>volumus.</span> <span class='ocrx_word' id='word_1_459' title='bbox 1955 3964 2089 4022; x_wconf 80' lang='lat' dir='ltr'>Non</span> <span class='ocrx_word' id='word_1_460' title='bbox 2116 3974 2261 4034; x_wconf 77' lang='lat' dir='ltr'>ergo</span> <span class='ocrx_word' id='word_1_461' title='bbox 2282 3963 2439 4020; x_wconf 86' lang='lat' dir='ltr'>Deus</span> <span class='ocrx_word' id='word_1_462' title='bbox 2461 3972 2581 4019; x_wconf 88' lang='lat' dir='ltr'>suo</span> 
     </span>
     <span class='ocr_line' id='line_1_48' title="bbox 143 4034 1340 4107; baseline 0.002 -12"><span class='ocrx_word' id='word_1_463' title='bbox 143 4036 519 4097; x_wconf 80' lang='lat' dir='ltr'>auxilionos</span> <span class='ocrx_word' id='word_1_464' title='bbox 547 4037 707 4107; x_wconf 80' lang='lat' dir='ltr'>cogit</span> <span class='ocrx_word' id='word_1_465' title='bbox 737 4035 811 4093; x_wconf 88' lang='lat' dir='ltr'>ad</span> <span class='ocrx_word' id='word_1_466' title='bbox 835 4040 994 4093; x_wconf 82' lang='lat' dir='ltr'>recte</span> <span class='ocrx_word' id='word_1_467' title='bbox 1022 4048 1056 4092; x_wconf 88' lang='lat' dir='ltr'>a</span> <span class='ocrx_word' id='word_1_468' title='bbox 1101 4034 1340 4097; x_wconf 71' lang='lat' dir='ltr'>endum,</span> 
     </span>
    </p>

    <p class='ocr_par' dir='ltr' id='par_1_16' title="bbox 137 4101 2587 4445">
     <span class='ocr_line' id='line_1_49' title="bbox 213 4101 2581 4185; baseline -0.001 -21"><span class='ocrx_word' id='word_1_469' title='bbox 213 4108 375 4168; x_wconf 82' lang='lat' dir='ltr'>Item.</span> <span class='ocrx_word' id='word_1_470' title='bbox 410 4106 590 4163; x_wconf 87' lang='lat' dir='ltr'>homo</span> <span class='ocrx_word' id='word_1_471' title='bbox 622 4106 885 4174; x_wconf 84' lang='lat' dir='ltr'>pervenit</span> <span class='ocrx_word' id='word_1_472' title='bbox 914 4106 986 4164; x_wconf 87' lang='lat' dir='ltr'>ad</span> <span class='ocrx_word' id='word_1_473' title='bbox 1020 4119 1058 4161; x_wconf 91' lang='lat' dir='ltr'>u</span> <span class='ocrx_word' id='word_1_474' title='bbox 1089 4107 1294 4161; x_wconf 89' lang='lat' dir='ltr'>timum</span> <span class='ocrx_word' id='word_1_475' title='bbox 1325 4116 1501 4162; x_wconf 88' lang='lat' dir='ltr'>suum</span> <span class='ocrx_word' id='word_1_476' title='bbox 1531 4103 1713 4163; x_wconf 84' lang='lat' dir='ltr'>finem</span> <span class='ocrx_word' id='word_1_477' title='bbox 1740 4118 1849 4177; x_wconf 89' lang='lat' dir='ltr'>per</span> <span class='ocrx_word' id='word_1_478' title='bbox 1873 4109 2045 4185; x_wconf 71' lang='lat' dir='ltr'>actus</span> <span class='ocrx_word' id='word_1_479' title='bbox 2083 4102 2402 4172; x_wconf 76' lang='lat' dir='ltr'>virtutum3</span> <span class='ocrx_word' id='word_1_480' title='bbox 2434 4101 2581 4162; x_wconf 70' lang='lat' dir='ltr'>feli·</span> 
     </span>
     <span class='ocr_line' id='line_1_50' title="bbox 140 4175 2573 4247; baseline -0.001 -10"><span class='ocrx_word' id='word_1_481' title='bbox 140 4176 304 4237; x_wconf 84' lang='lat' dir='ltr'>citas</span> <span class='ocrx_word' id='word_1_482' title='bbox 335 4177 498 4233; x_wconf 87' lang='lat' dir='ltr'>enim</span> <span class='ocrx_word' id='word_1_483' title='bbox 530 4175 767 4234; x_wconf 76' lang='lat' dir='ltr'>virtutis</span> <span class='ocrx_word' id='word_1_484' title='bbox 797 4176 1108 4247; x_wconf 76' lang='lat' dir='ltr'>praemium</span> <span class='ocrx_word' id='word_1_485' title='bbox 1137 4176 1396 4246; x_wconf 84' lang='lat' dir='ltr'>ponitur.</span> <span class='ocrx_word' id='word_1_486' title='bbox 1426 4180 1611 4233; x_wconf 81' lang='lat' dir='ltr'>Actus</span> <span class='ocrx_word' id='word_1_487' title='bbox 1633 4181 1832 4233; x_wconf 86' lang='lat' dir='ltr'>autem</span> <span class='ocrx_word' id='word_1_488' title='bbox 1858 4180 2048 4233; x_wconf 80' lang='lat' dir='ltr'>coacti</span> <span class='ocrx_word' id='word_1_489' title='bbox 2078 4187 2203 4231; x_wconf 92' lang='lat' dir='ltr'>non</span> <span class='ocrx_word' id='word_1_490' title='bbox 2230 4180 2375 4230; x_wconf 86' lang='lat' dir='ltr'>sunt</span> <span class='ocrx_word' id='word_1_491' title='bbox 2403 4179 2573 4234; x_wconf 80' lang='lat' dir='ltr'>actus</span> 
     </span>
     <span class='ocr_line' id='line_1_51' title="bbox 137 4245 2587 4317; baseline -0 -14"><span class='ocrx_word' id='word_1_492' title='bbox 137 4248 478 4315; x_wconf 77' lang='lat' dir='ltr'>virtutum3</span> <span class='ocrx_word' id='word_1_493' title='bbox 530 4259 670 4303; x_wconf 88' lang='lat' dir='ltr'>nam</span> <span class='ocrx_word' id='word_1_494' title='bbox 717 4246 783 4303; x_wconf 87' lang='lat' dir='ltr'>in</span> <span class='ocrx_word' id='word_1_495' title='bbox 828 4247 1040 4303; x_wconf 77' lang='lat' dir='ltr'>virtute</span> <span class='ocrx_word' id='word_1_496' title='bbox 1084 4246 1448 4317; x_wconf 71' lang='lat' dir='ltr'>praecipuum</span> <span class='ocrx_word' id='word_1_497' title='bbox 1490 4251 1586 4303; x_wconf 87' lang='lat' dir='ltr'>est</span> <span class='ocrx_word' id='word_1_498' title='bbox 1625 4246 1859 4315; x_wconf 83' lang='lat' dir='ltr'>electio,</span> <span class='ocrx_word' id='word_1_499' title='bbox 1888 4258 2021 4317; x_wconf 82' lang='lat' dir='ltr'>quae</span> <span class='ocrx_word' id='word_1_500' title='bbox 2057 4245 2191 4303; x_wconf 81' lang='lat' dir='ltr'>siue</span> <span class='ocrx_word' id='word_1_501' title='bbox 2235 4245 2587 4303; x_wconf 79' lang='lat' dir='ltr'>voluntario</span> 
     </span>
     <span class='ocr_line' id='line_1_52' title="bbox 142 4315 2577 4445; baseline -0.003 -66"><span class='ocrx_word' id='word_1_502' title='bbox 142 4331 287 4400; x_wconf 76' lang='lat' dir='ltr'>esse</span> <span class='ocrx_word' id='word_1_503' title='bbox 318 4330 442 4376; x_wconf 86' lang='lat' dir='ltr'>non</span> <span class='ocrx_word' id='word_1_504' title='bbox 513 4321 702 4443; x_wconf 57' lang='grc' dir='ltr'>οεοῗὲ,</span> <span class='ocrx_word' id='word_1_505' title='bbox 723 4315 820 4375; x_wconf 86' lang='lat' dir='ltr'>eui</span> <span class='ocrx_word' id='word_1_506' title='bbox 844 4316 1172 4445; x_wconf 56' lang='grc' dir='ltr'>νὲοῑεαωω</span> <span class='ocrx_word' id='word_1_507' title='bbox 1199 4316 1565 4375; x_wconf 82' lang='lat' dir='ltr'>contrarium</span> <span class='ocrx_word' id='word_1_508' title='bbox 1592 4322 1702 4376; x_wconf 84' lang='lat' dir='ltr'>est.</span> <span class='ocrx_word' id='word_1_509' title='bbox 1733 4319 1863 4375; x_wconf 80' lang='lat' dir='ltr'>Non</span> <span class='ocrx_word' id='word_1_510' title='bbox 1880 4316 2067 4389; x_wconf 78' lang='lat' dir='ltr'>igitur</span> <span class='ocrx_word' id='word_1_511' title='bbox 2083 4315 2373 4375; x_wconf 80' lang='lat' dir='ltr'>divinitus</span> <span class='ocrx_word' id='word_1_512' title='bbox 2392 4316 2577 4374; x_wconf 85' lang='lat' dir='ltr'>homo</span> 
     </span>
    </p>

    <p class='ocr_par' dir='ltr' id='par_1_17' title="bbox 294 4394 2575 4532">
     <span class='ocr_line' id='line_1_53' title="bbox 294 4394 1033 4447; baseline 0.001 -2"><span class='ocrx_word' id='word_1_513' title='bbox 294 4394 392 4447; x_wconf 91' lang='lat' dir='ltr'>tur</span> <span class='ocrx_word' id='word_1_514' title='bbox 419 4403 454 4447; x_wconf 89' lang='lat' dir='ltr'>a</span> <span class='ocrx_word' id='word_1_515' title='bbox 526 4401 625 4444; x_wconf 88' lang='lat' dir='ltr'>rec</span> <span class='ocrx_word' id='word_1_516' title='bbox 793 4400 866 4444; x_wconf 89' lang='lat' dir='ltr'>en</span> <span class='ocrx_word' id='word_1_517' title='bbox 913 4401 1033 4446; x_wconf 89' lang='lat' dir='ltr'>um.</span> 
     </span>
     <span class='ocr_line' id='line_1_54' title="bbox 298 4401 2575 4532; baseline -0.005 -12"><span class='ocrx_word' id='word_1_518' title='bbox 298 4464 518 4531; x_wconf 76' lang='lat' dir='ltr'>aeterea,</span> <span class='ocrx_word' id='word_1_519' title='bbox 549 4473 623 4519; x_wconf 87' lang='lat' dir='ltr'>ea</span> <span class='ocrx_word' id='word_1_520' title='bbox 648 4401 792 4532; x_wconf 45' lang='lat' dir='ltr'>qu}</span> <span class='ocrx_word' id='word_1_521' title='bbox 817 4464 959 4519; x_wconf 75' lang='lat' dir='ltr'>sunt</span> <span class='ocrx_word' id='word_1_522' title='bbox 1000 4458 1303 4520; x_wconf 64' lang='lat' dir='ltr'>ad2finem</span> <span class='ocrx_word' id='word_1_523' title='bbox 1339 4457 1559 4518; x_wconf 81' lang='lat' dir='ltr'>dehent</span> <span class='ocrx_word' id='word_1_524' title='bbox 1580 4469 1719 4518; x_wconf 85' lang='lat' dir='ltr'>esse</span> <span class='ocrx_word' id='word_1_525' title='bbox 1761 4455 1871 4518; x_wconf 83' lang='lat' dir='ltr'>fini</span> <span class='ocrx_word' id='word_1_526' title='bbox 1912 4456 2380 4531; x_wconf 84' lang='lat' dir='ltr'>proportionata.</span> <span class='ocrx_word' id='word_1_527' title='bbox 2409 4451 2575 4512; x_wconf 76' lang='lat' dir='ltr'>Finis</span> 
     </span>
    </p>
   </div>
  </div>
 </body>
</html>
