3076 5025
515 301 620 357 soe
1440 297 1576 353 me.
1619 297 1705 358 vt,
1746 297 1897 352 CAP.
1934 296 2000 374 x,

513 420 715 484 Filius,
744 419 852 477 etsi
883 420 1157 492 personis
1187 419 1643 492 distinguantur,
1670 424 1814 477 sunt
1840 424 2039 477 tamen
2056 431 2213 476 unus
2233 419 2392 475 Deus
2420 422 2480 476 et
2506 430 2681 499 unam
2708 418 2911 478 babent

517 490 836 548 essentiam
865 503 976 548 seu
1012 496 1304 548 naturam.
1345 489 1494 557 Quia
1540 504 1677 546 vero
1728 503 1765 547 a
1804 495 2207 547 creaturarum
2248 493 2460 546 natura
2496 487 2612 545 hoc
2641 489 2908 548 invenitur

513 560 683 617 valde
714 565 1005 618 remotum
1035 566 1100 618 ut
1127 560 1325 632 aliqua
1354 560 1473 617 duo
1503 565 1813 631 supposito
1843 559 2282 633 distinguantur
2313 563 2370 616 et
2396 563 2595 615 tamen
2624 572 2818 615 eorum
2842 558 2911 617 sit

507 644 637 689 una
671 631 959 709 essentia,
1003 630 1267 687 bumana
1310 631 1481 698 ratio,
1517 645 1593 686 ex
1639 635 2039 688 creaturarum
2076 627 2534 710 proprietatibus
2584 628 2909 700 procedens,

514 700 899 770 multiplicem
929 701 992 757 in
1019 700 1134 757 boc
1163 706 1392 758 secreto
1420 700 1628 757 divinae
1648 700 2056 772 generationis
2076 702 2296 770 patitur
2323 697 2746 756 difficultatem.

585 772 754 837 Nam,
784 784 966 842 quum
1009 769 1315 851 generatio
1361 770 1536 828 nobis
1579 776 1721 828 nota
1766 771 2010 827 mutatio
2059 769 2329 840 quaedam
2368 768 2466 836 sit,
2498 769 2595 825 cui
2619 767 2910 848 opponitur

515 839 836 921 corruptio,
863 839 1097 897 difficile
1127 839 1355 897 videtur
1402 841 1463 897 in
1491 842 1615 898 Deo
1660 840 2104 912 generationem
2130 852 2373 908 ponere,
2404 838 2507 911 qui
2538 844 2630 896 est
2663 845 2909 896 immuta-

512 909 1168 1038 biltisi‘mcorruptibilis
1213 913 1273 967 et
1317 915 1598 980 aeternus,
1632 915 1699 967 ut
1736 924 1812 967 ex
1876 909 2285 981 superioribus
2311 909 2371 980 (1.
2416 922 2461 978 1,
2499 922 2634 980 cap.
2668 911 2733 966 13
2759 913 2815 965 et
2839 908 2910 979 ¹5)

558 995 594 1038 a
618 996 648 1036 e

513 993 555 1053 p
584 1051 858 1121 Amplius,
895 1049 949 1108 si
1016 1049 1278 1108 eneratio
1308 1049 1554 1108 mutatio
1584 1054 1694 1119 est,
1724 1054 1957 1120 oportet
1982 1063 2161 1107 omne
2188 1048 2348 1121 quod
2377 1052 2697 1121 generatur
2738 1053 2909 1105 muta-

507 1118 633 1178 bile
658 1133 814 1179 esse.
837 1121 967 1189 Quo
1037 1127 1231 1178 autem
1253 1125 1517 1177 mutatur
1545 1120 1663 1177 exit
1692 1119 1763 1176 de
1793 1119 2056 1190 potentia
2082 1120 2147 1177 in
2185 1123 2381 1176 actum
2406 1136 2423 1185 3
2451 1131 2589 1175 nam
2621 1124 2814 1175 motus
2831 1123 2906 1175 est

517 1194 687 1248 actus
733 1189 1043 1248 existentis
1093 1190 1157 1246 in
1203 1190 1467 1260 potentia
1511 1190 1841 1248 secundum
1884 1189 2044 1261 quod
2068 1188 2430 1260 hujusmodi.
2456 1188 2518 1246 Si
2543 1187 2730 1260 igitur
2751 1187 2907 1246 Filius

515 1260 620 1317 Dei
645 1263 735 1318 est
757 1261 1015 1333 genitus,
1059 1260 1289 1317 videtur
1328 1258 1487 1328 quod
1527 1272 1721 1332 neque
1752 1265 2011 1317 aeternus
2036 1260 2136 1328 sit,
2167 1262 2449 1330 tanquam
2477 1257 2550 1315 de
2576 1258 2837 1328 potentia
2859 1257 2907 1336 in

518 1334 713 1388 actum
756 1331 978 1399 exiens,
1010 1343 1200 1401 neque
1238 1343 1412 1388 verus
1438 1332 1618 1399 Deus,
1640 1343 1714 1387 ex
1740 1342 1859 1403 quo
1881 1342 2002 1386 non
2028 1331 2118 1386 est
2146 1334 2315 1387 actus
2343 1341 2550 1399 purus,
2580 1327 2693 1386 sed
2715 1325 2907 1401 aliquid

515 1400 963 1471 potentialitatis
993 1399 1240 1457 habens.

587 1470 806 1539 Adhuc,
833 1470 1093 1543 genitum
1125 1474 1395 1527 naturam
1415 1469 1627 1540 accipit
1650 1483 1688 1526 a
1710 1473 2051 1540 generante.
2087 1469 2148 1528 Si
2173 1482 2316 1542 ergo
2356 1467 2542 1526 Filius
2573 1469 2813 1541 genitus
2835 1471 2905 1526 esi

516 1553 554 1597 a
579 1543 703 1597 Deo
737 1543 923 1608 Patre,
953 1543 1183 1607 oportet
1207 1538 1367 1612 quod
1391 1545 1665 1596 naturam
1774 1552 1870 1597 am
1900 1540 2078 1597 babet
2100 1554 2137 1596 a
2161 1542 2331 1597 Patre
2346 1539 2668 1610 acceperit.
2690 1541 2817 1595 Non
2836 1540 2905 1596 est

513 1617 717 1668 autem
739 1610 1027 1680 possibile
1098 1609 1213 1667 uod
1241 1609 1532 1680 acceperit
1560 1622 1595 1666 a
1623 1611 1703 1666 Pa
1729 1623 1791 1667 re
1816 1608 1994 1667 aliam
2018 1614 2291 1667 naturam
2320 1622 2569 1666 numero
2615 1623 2797 1681 quam
2827 1609 2905 1665 Pa·

511 1683 607 1737 ter
633 1680 813 1738 habet
839 1685 897 1737 et
923 1680 1060 1738 simi
1088 1694 1178 1737 em
1207 1679 1428 1751 specie,
1459 1679 1615 1737 sicut
1644 1678 1705 1734 fit
1735 1679 1798 1736 in
1824 1679 2314 1753 generationibus
2342 1678 2638 1747 univociS,
2662 1682 2732 1737 ut
2756 1689 2901 1750 quum

509 1747 699 1807 homo
733 1753 980 1823 generat
1006 1750 1307 1806 hominem
1340 1755 1397 1806 et
1423 1749 1583 1821 ignis
1612 1749 1629 1805 i
1718 1763 1851 1818 em3
1883 1764 2063 1821 supra
2108 1750 2267 1807 enim
2296 1753 2608 1807 ostensum
2667 1753 2761 1806 est
2798 1747 2897 1819 (1.1,

517 1833 578 1898 e.⁸
603 1824 694 1889 42,
727 1827 784 1876 et
831 1820 987 1890 l.1v,
1018 1832 1073 1876 c.
1105 1820 1158 1890 9)
1189 1819 1347 1891 quod
1395 1820 1645 1900 impossi
1690 1820 1768 1877 ile
1815 1825 1907 1877 est
1951 1834 2085 1877 esse
2127 1820 2330 1890 plures
2373 1831 2625 1876 numero
2666 1818 2896 1877 deitates.

508 1887 756 1946 videtur
800 1889 978 1946 etiam
1022 1901 1156 1946 esse
1186 1889 1553 1958 impossibile
1584 1890 1743 1962 quod
1772 1890 2056 1961 receperit
2080 1889 2346 1948 eamdem
2377 1895 2655 1948 naturam
2690 1900 2899 1946 numero

515 1972 693 2031 quam
740 1961 909 2016 Pater
959 1959 1150 2028 babet,
1200 1959 1358 2031 quia,
1390 1959 1442 2016 si
1476 1960 1697 2030 recepit
1719 1966 1944 2031 partem
1975 1960 2127 2032 eJ'uS‚
2164 1961 2433 2032 sequitur
2476 1958 2742 2017 divinam
2768 1964 2904 2015 natu·

509 2041 641 2086 ram
675 2041 810 2086 esse
849 2028 1234 2096 divisibilem3
1273 2029 1327 2086 si
1370 2035 1568 2085 autem
1594 2034 1798 2099 totam,
1824 2030 2054 2087 videtur
2082 2030 2253 2102 sequi
2275 2029 2435 2102 quod
2462 2035 2684 2086 natura
2717 2028 2904 2094 divina.

517 2097 570 2156 si
596 2098 674 2156 sit
701 2102 822 2156 tota
841 2098 1146 2155 transfusa
1169 2099 1232 2156 in
1261 2097 1495 2169 Filium,
1518 2099 1752 2157 desinat
1770 2113 1903 2157 esse
1928 2100 1990 2156 in
2010 2103 2201 2169 Patre,
2222 2104 2280 2157 et
2299 2100 2384 2157 sic
2405 2102 2577 2157 Pater
2592 2098 2905 2173 generando

518 2168 930 2238 corrumpitur.
963 2170 1042 2225 Ne
1090 2182 1161 2225 ue
1208 2167 1419 2225 iterum
1472 2172 1669 2249 potest
1697 2170 1811 2227 dici
1836 2170 1998 2241 quod
2020 2175 2234 2227 natura
2260 2169 2457 2227 divina
2525 2183 2593 2226 er
2618 2167 2905 2249 qnamdam

515 2238 1011 2296 exuberantiame
1083 2241 1185 2295 uat
1219 2253 1257 2296 a
1283 2241 1451 2295 Patre
1478 2252 1540 2295 1n
1573 2239 1798 2301 Filium,
1832 2239 1989 2296 sicut
2015 2254 2171 2312 aqua
2199 2240 2380 2298 fontis
2410 2254 2441 2296 e
2516 2239 2603 2295 uit
2626 2253 2693 2295 in
2726 2239 2905 2304 rivum,

515 2313 575 2365 et
607 2308 740 2366 fons
770 2322 890 2365 non
920 2314 1269 2378 evacuatum
1300 2309 1438 2380 quia
1466 2314 1678 2366 natura
1701 2309 1900 2366 divina
1924 2310 2083 2367 sicut
2108 2324 2231 2374 non
2262 2315 2460 2381 potest
2489 2309 2700 2375 dividi,
2731 2309 2803 2365 ita
2817 2319 2905 2363 nec

517 2379 745 2450 augeri.
775 2379 1016 2436 Videtur
1036 2391 1179 2450 ergo
1205 2378 1495 2450 reliquum
1519 2392 1657 2436 esse
1678 2380 1839 2451 quod
1872 2379 2053 2437 Filius
2084 2387 2354 2437 naturam
2383 2394 2418 2437 a
2447 2382 2617 2436 Patre
2642 2376 2908 2456 acceperit

515 2462 640 2506 non
671 2448 937 2506 eamdem
991 2462 1238 2506 numero
1267 2462 1375 2505 nec
1414 2448 1608 2520 specie
1638 2463 1814 2522 quam
1849 2451 2019 2506 Pater
2049 2450 2246 2512 babet,
2278 2449 2384 2508 sed
2411 2449 2659 2506 omnino
2692 2449 2905 2506 alterins

511 2520 788 2646 generi&
817 2519 975 2577 sicut
1002 2518 1212 2577 accidit
1242 2519 1302 2575 in
1335 2520 1718 2592 generatione
1747 2520 2068 2592 aequivoca,
2103 2527 2165 2578 ut
2198 2535 2380 2592 quum
2411 2520 2703 2577 animalia
2729 2534 2796 2577 ex
2818 2531 2905 2589 pu·

572 2589 862 2647 efactione
909 2595 1049 2647 nata
1075 2589 1285 2645 virtute
1307 2589 1457 2647 solis
1486 2596 1864 2662 generantur,
1894 2590 1969 2647 ad
1993 2591 2164 2648 cu'us
2189 2590 2447 2662 speciem
2466 2603 2590 2647 non
2612 2590 2903 2661 attingunt.

513 2658 796 2730 Sequitur
841 2673 984 2732 ergo
1023 2659 1184 2733 quod
1214 2660 1318 2716 Dei
1349 2660 1538 2718 Filius
1566 2674 1756 2732 neque
1806 2674 1981 2718 verus
2010 2662 2073 2718 Fi
2098 2661 2195 2719 ius
2224 2661 2323 2731 sit,
2355 2674 2534 2732 quum
2565 2672 2695 2716 non
2721 2658 2903 2715 habeat

509 2730 776 2855 τεξοοίεω
819 2730 1036 2800 PatriS,
1093 2743 1287 2803 neque
1333 2743 1511 2786 verus
1569 2732 1724 2789 Deus
1750 2773 1765 2800 ‚
1818 2744 2001 2804 quum
2052 2743 2175 2790 non
2226 2731 2471 2803 recipiat
2519 2728 2785 2787 divinam
2822 2739 2900 2784 na-

585 2813 732 2855 ram.

585 2871 736 2932 Item,
767 2870 823 2927 si
849 2870 1031 2928 Filius
1057 2869 1262 2940 recipit
1289 2874 1562 2928 naturam
1592 2885 1628 2928 a
1645 2872 1767 2928 Deo
1793 2873 1979 2934 Patre,
2013 2875 2243 2941 oportet
2271 2871 2429 2951 quod
2456 2871 2521 2927 in
2562 2883 2637 2927 eo
2661 2867 2823 2947 aliud·
2842 2865 2898 2923 sit

513 2939 807 3010 recipiens
835 2944 894 2996 et
917 2939 1075 2997 eliud
1107 2945 1318 2996 natura
1337 2945 1599 3010 recept-‘223
1629 2940 1777 2997 nihil
1798 2941 1957 2997 enim
1979 2941 2183 3011 recipit
2208 2953 2507 3011 seipsum3
2536 2940 2727 2998 Filius
2752 2940 2899 3013 igitur

509 3020 635 3066 non
669 3015 760 3066 est
787 3022 900 3067 sua
930 3010 1193 3067 essentia
1220 3009 1310 3065 vel
1343 3014 1582 3080 natura;
1616 3024 1739 3067 non
1763 3014 1860 3068 est
1882 3011 2061 3083 igitur
2084 3024 2262 3067 verus
2295 3013 2470 3068 Deus.

582 3081 866 3142 Praeterea.
899 3080 954 3137 si
981 3079 1160 3137 Filius
1201 3079 1301 3135 Dei
1343 3093 1464 3138 non
1494 3083 1587 3138 est
1633 3080 1791 3138 aliud
1819 3094 1996 3153 quam
2042 3080 2303 3139 essentia
2342 3080 2561 3148 divina,
2611 3092 2794 3152 quum
2832 3086 2898 3134 es·

511 3148 708 3208 sentia
734 3148 935 3206 divina
961 3150 1044 3206 sit
1065 3149 1424 3220 subsistens,
1461 3154 1526 3207 ut
1564 3151 1875 3221 probatum
1910 3155 2003 3208 est
2030 3150 2092 3223 (l.
2124 3165 2167 3217 1,
2197 3165 2252 3208 c.
2299 3151 2388 3222 22)
2421 3150 2682 3222 (constat
2734 3154 2895 3205 autem

509 3219 674 3348 guod
703 3219 879 3276 etiam
905 3222 1074 3278 Pater
1095 3226 1187 3278 est
1222 3219 1354 3289 ipsa
1379 3222 1642 3278 essentia
1672 3221 1912 3293 divina),
1943 3221 2173 3278 videtur
2204 3221 2348 3277 relin
2398 3221 2456 3276 ui
2485 3221 2646 3292 quod
2678 3221 2835 3277 Pater
2855 3217 2897 3271 et

511 3321 516 3324 ·
561 3288 696 3346 ilius
726 3290 1081 3346 conveniant
1105 3290 1170 3346 in
1199 3291 1404 3348 eadem
1433 3305 1494 3347 re
1527 3291 1908 3348 subsistente.
1941 3293 2056 3348 Res
2081 3294 2276 3349 autem
2307 3305 2337 3350 s
2425 3292 2649 3348 sistens
2676 3291 2738 3345 in
2765 3284 2897 3345 intel-

509 3357 869 3417 lectualibus
920 3360 1145 3418 natuiis
1194 3363 1438 3418 vocatur
1489 3375 1769 3432 persona.
1802 3362 2078 3434 Sequitur
2122 3374 2285 3441 erg0‚
2333 3360 2389 3417 si
2431 3361 2620 3418 Filius
2667 3362 2759 3417 est
2794 3358 2898 3427 ipsa

509 3428 717 3487 divina
741 3431 1025 3492 essentia,
1052 3430 1210 3502 quod
1258 3432 1434 3488 Pater
1459 3434 1518 3488 et
1561 3431 1745 3489 Filius
1787 3430 2145 3489 conveniant
2186 3444 2249 3487 in
2294 3443 2575 3501 persona.
2625 3429 2685 3486 Si
2731 3435 2895 3485 autem

507 3499 700 3557 Pilius
727 3514 849 3557 non
879 3504 971 3558 est
998 3502 1128 3571 ipsa
1151 3499 1350 3558 divina
1373 3502 1658 3570 essentia,
1690 3515 1809 3558 non
1833 3505 1923 3559 est
1950 3514 2125 3559 verus
2150 3503 2339 3567 Deus;
2369 3500 2485 3558 hoc
2514 3500 2675 3556 enim
2707 3498 2775 3556 de
2802 3498 2896 3552 Deo

555 3569 824 3627 robatum
854 3576 943 3627 est
976 3570 1037 3640 (l.
1082 3583 1121 3638 1,
1154 3585 1204 3628 c.
1245 3570 1360 3642 2¹).
1401 3571 1645 3628 Videtur
1687 3570 1868 3644 igitur
1894 3570 2050 3643 quod
2090 3571 2184 3627 vel
2233 3570 2414 3628 Filius
2459 3582 2580 3627 non
2626 3569 2705 3626 sit
2746 3575 2894 3622 verus

508 3652 692 3767 lieus,
727 3647 791 3695 ut
817 3640 1049 3766 digebat
1073 3641 1266 3709 Arius,
1293 3640 1387 3698 vel
1412 3654 1533 3698 non
1574 3641 1651 3699 sit
1697 3644 1853 3699 alius
1899 3640 2293 3713 personaliter
2319 3655 2356 3698 a
2392 3642 2584 3708 Patre,
2620 3644 2691 3696 ut
2733 3632 2895 3694 Sabel-

564 3724 632 3767 us
663 3723 865 3766 assere
909 3717 986 3767 at.

582 3780 796 3846 Adhuc,
831 3779 976 3837 illud
1001 3780 1159 3853 qnod
1183 3785 1279 3839 est
1303 3781 1658 3852 principium
1680 3780 2168 3838 individuationis
2222 3781 2287 3837 in
2318 3793 2681 3853 unoquoque
2708 3779 2895 3854 impos·

514 3849 689 3907 sibile
718 3855 809 3908 est
834 3844 1033 3908 inesse
1062 3850 1229 3907 alteri
1269 3851 1427 3932 quod
1474 3852 1784 3932 supposito
1819 3851 2220 3923 distinguatur
2244 3850 2320 3907 ab
2349 3863 2451 3918 eo·‚
2480 3848 2640 3920 quod
2668 3848 2822 3905 enim
2847 3854 2893 3900 m

397 3970 401 3974 .
512 3919 718 3977 multis
749 3926 840 3977 est
869 3933 987 3977 non
1017 3924 1109 3977 est
1131 3920 1611 3979 individuatioms
1639 3920 2007 3991 principium.
2034 3923 2169 3991 Ipsa
2189 3924 2384 3977 autem
2409 3919 2671 3977 essentia
2698 3918 2795 3974 Dei
2824 3915 2894 3971 est

511 4002 618 4060 per
645 4003 822 4061 quam
850 3992 1004 4047 Deus
1031 3990 1457 4060 individue-itum
1490 4005 1610 4049 non
1634 3992 1792 4049 enim
1816 3990 2077 4049 essentia
2095 3992 2198 4047 Dei
2226 3994 2318 4047 est
2344 3990 2537 4047 forma
2565 3989 2627 4045 in
2653 3993 2890 4049 materia,

510 4062 578 4116 ut
602 4074 704 4129 per
733 4061 1034 4117 materiam
1067 4060 1419 4118 individuari
1449 4068 1684 4132 posset3
1719 4073 1837 4119 non
1868 4066 1959 4117 est
1987 4060 2167 4132 igitur
2196 4059 2353 4116 aliud
2383 4061 2444 4116 in
2471 4061 2593 4117 Deo
2621 4061 2784 4115 Patre
2809 4063 2891 4132 pgr

513 4129 672 4200 quod
701 4130 1104 4188 individuetur
1127 4144 1304 4202 quam
1333 4145 1445 4189 sna
1489 4130 1769 4189 essentia.
1802 4130 1941 4202 Ejus
1972 4129 1991 4186 i
2041 4131 2157 4187 itur
2187 4129 2446 4187 essentia
2492 4130 2552 4185 in
2595 4127 2758 4184 nullo
2794 4124 2889 4180 allo

511 4200 826 4268 supposito
856 4214 989 4258 esse
1017 4205 1228 4271 potest.
1260 4207 1371 4257 Aut
1402 4201 1584 4274 igitur
1624 4214 1745 4259 non
1777 4206 1865 4257 est
1895 4200 1958 4255 in
2048 4199 2167 4262 'lio,
2218 4203 2273 4255 et
2308 4200 2396 4255 sic
2440 4197 2625 4255 Filius
2678 4208 2797 4252 non
2819 4193 2891 4248 est

508 4279 688 4347 verus
715 4270 891 4331 Deus,
921 4270 1249 4329 secundum
1271 4271 1500 4339 Arium3
1533 4276 1635 4328 aut
1664 4271 1847 4329 Filius
1870 4283 1990 4326 non
2021 4275 2112 4326 est
2133 4268 2287 4326 alius
2315 4268 2628 4340 supposito
2658 4280 2695 4323 a
2722 4267 2886 4323 Patre,

506 4339 571 4394 ct
598 4348 689 4393 sic
715 4344 807 4394 est
834 4340 1039 4396 eadem
1070 4353 1326 4410 persona
1353 4342 1679 4412 utriusque,
1711 4340 2041 4397 secundnm
2068 4338 2411 4397 Sabeliium.

577 4407 854 4476 Amplius,
883 4410 937 4466 si
984 4412 1155 4465 Pater
1184 4414 1243 4465 et
1281 4410 1466 4467 Fiiius
1509 4416 1656 4467 sunt
1682 4410 1802 4467 duo
1842 4409 2156 4481 supposita
2200 4408 2327 4465 sive
2368 4407 2500 4464 duae
2543 4414 2804 4476 personat
2834 4403 2884 4454 et
