3076 5025
336 234 447 290 258
1277 233 1411 290 LIB.
1454 233 1551 295 111,
1592 232 1744 288 CAP.
1783 233 1830 290 1.

1018 604 1435 687 LIBER
1525 605 2094 690 TERTIUS

1393 1076 1649 1141 CAPUT
1675 1076 1726 1142 1.

1211 1247 1541 1294 PROOEMIUM
1560 1249 1642 1294 An
1671 1247 2022 1302 SEQUBNTIA.

415 1416 560 1471 Deus
586 1426 818 1481 maanus
840 1413 1120 1483 Dominus,
1150 1414 1204 1468 et
1229 1415 1345 1469 Rea·
1363 1428 1596 1482 maanus
1620 1429 1786 1484 super
1812 1429 1990 1470 omnes
2016 1413 2162 1471 deos.
2180 1413 2448 1481 Quoniam
2472 1429 2583 1471 non
2609 1416 2790 1485 repel-

343 1485 422 1543 let
443 1486 705 1541 Dominus
720 1482 930 1553 plebem
956 1498 1131 1546 suam,
1164 1485 1299 1552 quia
1320 1486 1381 1539 in
1404 1499 1575 1539 manu
1600 1484 1719 1554 ejus
1743 1489 1871 1541 sunt
1907 1499 2088 1541 omnes
2113 1487 2247 1555 fines
2265 1488 2424 1542 terrae
2454 1488 2508 1541 et
2529 1485 2790 1542 altitudi-

343 1571 443 1613 nes
469 1555 734 1610 montium
776 1555 894 1623 ipse
946 1556 1228 1624 conspicit.
1282 1553 1551 1622 Quoniam
1594 1556 1768 1625 ipsius
1817 1559 1901 1612 est
1944 1570 2114 1618 mare,
2169 1558 2362 1626 etipse
2386 1558 2522 1624 fecit
2540 1556 2705 1627 illud,
2732 1559 2792 1614 et

343 1629 549 1684 siccam
573 1638 767 1680 manus
786 1623 904 1694 ejus
924 1624 1302 1691 formaverunt
1324 1622 1494 1697 (Psal.
1526 1636 1690 1694 xclv,
1722 1625 1859 1695 3-5).

420 1699 619 1753 Unum
638 1707 773 1752 esse
837 1693 1055 1751 timum
1086 1693 1335 1763 entium,
1362 1693 1549 1753 totius
1573 1708 1709 1753 esse
1726 1695 2154 1766 perfectionem
2171 1695 2411 1767 plenam
2431 1696 2784 1768 possidens,

346 1766 514 1841 quod
551 1767 738 1823 Deum
827 1763 1066 1834 mimae,
1106 1769 1419 1824 ostensum
1470 1770 1563 1823 est
1614 1766 1893 1837 superius
1921 1765 1983 1837 (l.
2018 1778 2064 1836 1,
2086 1779 2138 1824 c.
2175 1769 2238 1823 13
2267 1808 2283 1836 ‚
2328 1766 2490 1839 quod
2534 1780 2607 1825 ex
2653 1780 2789 1827 suae

344 1835 741 1912 perfectionis
793 1834 1160 1893 abundantia
1211 1835 1494 1894 omnibus
1551 1835 1983 1895 exsistentibus
2039 1849 2177 1895 esse
2252 1837 2499 1909 argitur,
2530 1841 2597 1896 ut
2655 1851 2788 1898 non

347 1908 550 1967 solum
577 1905 838 1979 primum
865 1904 1113 1988 entium,
1140 1904 1263 1988 sed·
1275 1910 1332 1963 et
1357 1906 1615 1988 primum
1646 1906 2008 1979 principium
2035 1906 2306 1965 omnium
2340 1920 2477 1966 esse
2504 1921 2638 1967 com
2684 1921 2790 1968 ro-

345 1978 543 2038 betur.
572 1980 719 2036 Esse
765 1980 962 2034 autem
1006 1975 1145 2034 alus
1189 1975 1399 2034 tribuit
1429 1989 1555 2034 non
1603 1977 1963 2035 necessitate
2008 1981 2257 2047 naturae,
2302 1977 2411 2036 sed
2444 1991 2632 2037 secun
2680 1991 2788 2041 um

346 2064 478 2107 suae
503 2045 814 2106 arbitrium
841 2046 1188 2116 voluntatis,
1219 2051 1288 2103 ut
1319 2061 1395 2105 ex
1420 2047 1835 2119 superioribus
1866 2047 1930 2120 (l.
1960 2061 2028 2117 11,
2058 2062 2112 2105 c.
2141 2046 2233 2120 23)
2258 2053 2348 2107 est
2366 2048 2781 2109 manifestum.

348 2121 516 2178 Unde
563 2130 944 2190 consequens
989 2122 1102 2198 est·
1126 2123 1195 2175 ut
1239 2116 1530 2175 factorum
1576 2131 1824 2176 suorum
1853 2118 1937 2177 sit
1979 2117 2301 2188 dominus;
2331 2133 2472 2179 nam
2496 2132 2682 2202 super
2708 2134 2789 2182 ea

346 2205 485 2264 quae
537 2194 760 2248 nostrae
813 2187 1106 2245 voluntati
1162 2186 1517 2246 subdundur
1549 2187 1951 2247 dominamur.
2006 2189 2132 2247 Hoc
2182 2194 2382 2247 autem
2439 2190 2785 2251 dominium

347 2274 534 2332 super
562 2273 657 2318 res
686 2273 723 2316 a
750 2272 816 2316 se
842 2257 1163 2330 productas
1190 2258 1518 2330 perfectum
1541 2258 1739 2328 habet,
1765 2264 1969 2331 utpote
1998 2260 2101 2332 qui
2121 2259 2197 2317 ad
2224 2273 2328 2319 eas
2357 2260 2783 2331 producendas

345 2344 476 2391 non
522 2328 837 2388 exterioris
887 2327 1122 2402 agentis
1176 2328 1544 2387 adminiculo
1600 2330 1724 2387 indi
1771 2336 1830 2388 et
1886 2344 1999 2388 neo
2046 2330 2309 2389 materiae
2362 2330 2783 2404 fundamento,

347 2415 537 2476 quum
566 2401 647 2459 sit
675 2400 860 2458 totius
889 2412 1025 2457 esse
1055 2399 1414 2458 universalis
1440 2397 1704 2458 effector.
1822 2414 1954 2459 rum
1984 2405 2182 2459 autem
2205 2415 2339 2474 quae
2365 2416 2473 2474 per
2497 2402 2781 2463 volunta-

345 2478 467 2532 tem
500 2472 911 2546 producuntur
956 2470 1192 2552 agentis
1239 2470 1710 2554 unumquodque
1764 2470 1839 2530 ab
1890 2476 2102 2545 agente
2156 2472 2223 2530 in
2276 2470 2459 2532 finem
2511 2472 2781 2548 aliquem

347 2545 700 2613 ordinatur;
729 2541 953 2601 bonum
979 2555 1137 2599 emm
1161 2548 1220 2599 et
1245 2540 1386 2600 finis
1426 2546 1519 2601 est
1545 2542 1840 2616 objectum
1879 2542 2187 2614 proprium
2216 2543 2583 2615 voluntatis;
2616 2545 2782 2606 unde

346 2627 602 2674 necesse
630 2618 724 2672 est
751 2618 817 2670 ut
881 2626 973 2670 uae
1002 2627 1078 2670 ex
1102 2612 1412 2672 voluntate
1438 2612 1769 2684 procedunt
1796 2612 1872 2672 ad
1899 2611 2081 2680 finem
2107 2613 2368 2687 aliquem
2398 2614 2778 2676 ordinentur.

348 2686 556 2744 Finem
583 2690 781 2743 autem
813 2698 850 2740 u
878 2683 1088 2742 timum
1113 2697 1485 2765 unaquaeque
1515 2697 1614 2743 res
1654 2698 1761 2755 per
1805 2697 1977 2742 suam
2021 2685 2413 2757 consequitur
2451 2686 2780 2760 actionem,

345 2770 530 2884 guam
584 2760 817 2827 oportet
843 2753 1022 2826 dirigi
1074 2753 1148 2812 ab
1202 2767 1275 2812 eo
1305 2769 1407 2827 qm
1456 2754 1752 2835 principia
1802 2754 1984 2812 rebus
2011 2754 2174 2813 dedit
2216 2768 2324 2827 per
2375 2769 2510 2829 quae
2564 2763 2779 2830 agunt.

402 2840 607 2886 ecesse
633 2831 727 2884 est
751 2824 936 2898 igitur
956 2828 1023 2880 ut
1046 2826 1225 2894 DeuS,
1255 2825 1358 2896 qui
1384 2829 1479 2883 est
1503 2839 1568 2905 ῃ]
1600 2839 1666 2883 se
1695 2824 2045 2884 naturaliter
2076 2824 2376 2897 perfectus
2404 2832 2464 2883 et
2490 2828 2779 2888 omnibus

348 2896 589 2955 entibus
618 2911 689 2952 ex
719 2909 831 2953 sua
899 2898 1150 2952 otestate
1192 2908 1328 2953 esse
1378 2895 1467 2953 lar
1510 2900 1631 2953 1tur
1698 2896 1969 2954 omnium
2011 2896 2239 2954 entium
2287 2902 2484 2956 rector
2526 2898 2780 2969 existat,

348 2981 387 3025 a
413 2967 584 3023 nullo
613 2965 818 3039 utique
843 2908 1142 3045 ‹fireetus3
1174 2978 1285 3024 nec
1314 2970 1409 3024 est
1493 2965 1617 3038 iqui
1689 2966 1848 3039 quod
1870 2965 1944 3025 ab
1962 2965 2093 3038 ejus
2120 2967 2414 3040 regimine
2433 2974 2778 3039 excusetur,

348 3037 511 3098 sicut
537 3049 647 3093 nec
673 3041 765 3094 est
805 3032 1031 3108 ahquid
1069 3034 1230 3108 quod
1274 3034 1348 3093 ab
1394 3035 1530 3107 ipso
1578 3049 1714 3094 esse
1763 3050 1885 3094 non
1918 3036 2222 3095 sortiatur.
2254 3039 2358 3095 Est
2383 3038 2568 3112 igitur
2616 3039 2783 3098 sicut

389 3107 649 3165 erfectus
676 3106 741 3163 in
791 3104 1050 3187 essendo
1078 3109 1136 3163 et
1190 3105 1517 3175 causando,
1559 3106 1644 3165 ita
1681 3108 1860 3164 etiam
1918 3112 1977 3165 et
2021 3107 2088 3165 in
2129 3107 2396 3189 regendo
2449 3081 2773 3180 perfectus.

402 3178 539 3237 u‘us
568 3191 708 3236 vero
737 3177 1051 3249 regim1ms
1078 3174 1326 3236 effectus
1354 3176 1420 3235 in
1449 3175 1705 3236 diversis
1734 3182 1978 3250 apparet
2005 3177 2409 3236 diversimode
2438 3179 2774 3238 secundum

344 3249 407 3309 di
458 3249 745 3307 erentiam
774 3253 1143 3306 naturarum.

420 3319 703 3390 Quaedam
758 3332 1016 3400 namque
1045 3317 1136 3376 sie
1164 3329 1201 3374 a
1227 3319 1355 3401 Deo
1402 3318 1693 3401 producta
1719 3323 1861 3378 sunt
1913 3324 1998 3384 ut,
2041 3317 2413 3378 intellectum
2468 3318 2773 3390 habentia,

345 3391 480 3464 eJus
509 3389 966 3449 similitudinem
995 3392 1207 3462 gerant
1232 3393 1292 3446 et
1338 3404 1460 3447 ima
1504 3404 1664 3448 inem
1707 3392 2134 3463 repraesentent
2159 3408 2175 3460 ;
2200 3390 2361 3448 unde
2389 3393 2449 3448 et
2487 3389 2623 3463 ipsa
2650 3402 2773 3449 uon

346 3461 548 3520 solum
579 3465 721 3520 sunt
747 3460 993 3533 directa,
1022 3459 1127 3518 sed
1157 3463 1215 3516 et
1241 3460 1445 3532 seipsa
1509 3460 1790 3534 irigentia
1818 3459 2149 3520 seeundum
2184 3460 2473 3588 ‘proprias
2500 3461 2776 3520 actiones

344 3532 412 3591 in
441 3531 705 3590 debitum
734 3530 911 3589 finem
937 3548 953 3601 3
984 3544 1138 3604 quae,
1168 3529 1222 3588 si
1253 3530 1317 3588 in
1347 3543 1458 3591 sua
1503 3532 1830 3590 directione
1876 3530 2155 3604 regimini
2226 3531 2387 3589 ivino
2417 3530 2771 3601 subdantur,

344 3602 423 3661 ad
452 3603 727 3661 ultimum
755 3602 934 3660 finem
959 3601 1450 3675 consequendum
1474 3617 1548 3660 ex
1575 3600 1778 3660 divino
1799 3601 2091 3675 regimine
2119 3599 2551 3674 admittuntur;
2579 3599 2772 3675 repel-

341 3672 551 3732 luntur
577 3678 797 3742 autem,
827 3673 879 3731 si
906 3685 1083 3733 secus
1113 3672 1177 3730 in
1207 3685 1321 3730 sua
1347 3671 1676 3732 directione
1705 3671 2132 3745 processerint.

414 3744 545 3803 Alia
572 3757 735 3810 vero,
765 3744 1071 3802 intellectu
1102 3743 1389 3814 carentia,
1415 3743 1503 3802 sei
1549 3757 1616 3802 sa
1639 3744 1704 3801 in
1733 3757 1913 3802 suum
1942 3741 2127 3801 finem
2166 3754 2291 3800 non
2328 3740 2616 3815 dirigunt,
2664 3740 2776 3801 sed

264 3850 273 3856 -
342 3812 420 3872 ab
466 3814 587 3873 alio
629 3816 1010 3897 diriguntur3
1053 3826 1309 3887 quorum
1361 3828 1493 3887 quae
1537 3827 1654 3883 am,
1702 3811 2180 3897 incorruptibilia
2223 3812 2540 3871 existentia
2617 3813 2776 3872 sicut

340 3883 412 3941 in
439 3898 574 3965 esse
604 3885 862 3944 naturali
887 3891 1010 3958 patr
1041 3897 1165 3942 non
1191 3890 1449 3967 possunt
1489 3885 1806 3953 defectum,
1837 3885 2011 3943 itam
2042 3883 2302 3955 propriis
2329 3855 2673 3965 actionibus
2698 3882 2772 3942 ab

341 3953 555 4014 ordine
585 3955 648 4013 in
676 3955 857 4013 finem
887 3957 977 4014 eis
1006 3959 1405 4027 praesututum
1435 3968 1815 4028 nequaquam
1846 3955 2201 4019 exorbitanti
2233 3953 2340 4013 sed
2360 3951 2777 4013 indeficienter

341 4023 625 4097 regimini
657 4027 832 4098 primi
863 4025 1130 4109 regentis
1161 4024 1534 4095 subduntur-3
1564 4025 1722 4084 sicut
1745 4031 1889 4084 sunt
1915 4037 2171 4098 corpora
2195 4024 2487 4094 coelestia,
2514 4036 2771 4098 quorum

340 4098 545 4154 motus
574 4109 810 4169 semper
837 4096 1217 4156 uniformiter
1239 4096 1592 4167 procedunt.

410 4164 543 4224 Alia
588 4180 749 4236 vero,
797 4166 1212 4240 corruptibilia
1256 4166 1595 4234 existentia,
1637 4166 1931 4224 naturalis
1976 4178 2115 4224 esse
2157 4164 2278 4238 pati
2316 4168 2578 4238 possunt
2612 4163 2773 4224 defe-

340 4240 527 4305 ctum,
554 4236 657 4308 qui
688 4241 888 4295 tamen
957 4254 1022 4296 er
1065 4236 1313 4296 alterius
1338 4237 1671 4310 profectum
1720 4236 2090 4308 completum
2120 4249 2282 4306 nam,
2313 4249 2438 4294 uno
2466 4247 2644 4294 corru
2687 4239 2769 4307 to,

341 4305 507 4366 aliud
537 4313 879 4379 generatur.
974 4314 997 4365 t
1034 4307 1311 4367 similiter
1356 4308 1421 4365 in
1471 4307 1812 4365 actionibus
1865 4306 2124 4379 propriis
2150 4321 2187 4365 a
2239 4305 2499 4364 naturali
2560 4320 2632 4363 or
2672 4306 2773 4362 ine

339 4377 666 4448 deficiunt3
695 4376 797 4451 qui
842 4381 1041 4437 tamen
1079 4378 1349 4438 defectus
1386 4391 1493 4450 per
1527 4378 1771 4452 aliquod
1796 4378 2025 4437 bonum
2053 4376 2193 4436 inde
2216 4376 2577 4450 proveniens
2606 4388 2767 4435 com·
