3076 5025
433 316 507 372 ³2
1334 308 1467 366 Lm.
1504 308 1553 378 Ι,
1591 308 1746 365 ΟΑΡ.
1782 308 1956 364 xxvi.

698 371 717 399 ἱ

439 434 583 511 quia
603 434 664 491 in
695 432 810 491 hoc
840 430 1045 490 omnia
1069 429 1453 490 conveniunt.
1486 429 1547 487 Si
1581 443 1725 501 ergo
1752 442 1846 487 res
1875 426 2158 487 differunt
2183 427 2257 487 ad
2287 428 2563 498 invicem,
2627 433 2868 501 oportet

439 504 598 578 quod
620 502 711 561 vel
744 504 939 573 ipsum
970 515 1105 560 esse
1134 499 1509 573 specificetur
1534 514 1640 571 per
1661 501 1893 572 aliquas
1923 497 2291 557 differentias
2310 500 2563 566 additas,
2589 499 2672 557 ita
2698 500 2870 581 quod

439 576 620 634 rebus
649 573 901 631 diversis
921 573 1002 631 sit
1028 572 1329 630 diversum
1357 585 1493 628 esse
1523 570 1853 629 secundum
1884 570 2182 651 speciem3
2226 571 2319 626 vel
2349 571 2505 643 quod
2558 584 2653 628 res
2683 569 2867 627 diffe-

440 651 574 704 rant
604 659 708 715 per
734 644 867 709 hoc,
899 642 1058 716 quod
1087 643 1283 713 ipsum
1315 656 1450 700 esse
1481 641 1733 699 diversis
1748 647 1977 698 naturis
1998 640 2328 698 secundum
2358 640 2619 712 speciem
2649 654 2872 698 conve·

442 717 550 774 nit.
585 715 695 772 Sed
729 715 981 785 primum
1012 714 1223 771 horum
1247 718 1339 769 est
1371 712 1766 784 impossibile,
1796 712 1935 784 quia
1959 712 2081 769 enti
2112 724 2235 768 505
2267 717 2463 783 potest
2503 710 2628 768 fieri
2656 711 2872 784 aliqua

442 785 670 844 additio
699 784 1030 842 secundum
1056 784 1298 841 modum
1331 797 1450 856 quo
1477 781 1815 840 differentia
1842 782 2078 840 additur
2142 782 2329 852 eneri,
2372 787 2438 839 ut
2489 782 2712 839 dictum
2771 787 2873 839 est

442 855 518 929 (c.
549 855 661 926 25).
693 855 1065 926 Relinquitur
1091 867 1235 927 ergo
1260 854 1416 926 quod
1469 867 1565 911 res
1591 858 1828 925 propter
1858 853 1972 910 hoc
1999 852 2058 910 di
2108 858 2296 920 erant,
2327 852 2486 924 quod
2519 853 2741 910 habent
2771 851 2871 911 di-

442 939 649 983 versas
690 933 954 991 naturas,
1006 925 1226 998 quibus
1273 923 1600 996 acquiritur
1639 937 1773 982 esse
1816 923 2231 981 diversimode.
2283 924 2429 981 Esse
2474 929 2672 980 autem
2714 922 2873 980 divi-

442 1010 585 1054 num
613 1010 731 1053 non
754 993 992 1053 advenit
1017 995 1119 1053 alii
1150 1000 1395 1063 naturae,
1427 995 1532 1053 sed
1563 1001 1656 1052 est
1684 995 1815 1076 ipsa
1843 998 2053 1052 natura
2081 1007 2189 1052 555
2219 993 2482 1051 essentia
2527 993 2752 1062 divina,
2800 998 2876 1051 ut

444 1073 757 1126 ostensum
787 1072 879 1123 est
907 1065 981 1148 (o.
1010 1066 1125 1136 22).
1155 1066 1215 1122 Si
1246 1066 1429 1137 igitur
1456 1079 1592 1124 esse
1612 1065 1877 1122 divinum
1908 1068 2073 1123 esset
2098 1064 2347 1122 formale
2378 1077 2515 1122 esse
2564 1063 2870 1134 omnium,

445 1143 743 1209 oporteret
770 1150 970 1193 omnia
1001 1135 1352 1206 simpliciter
1371 1149 1507 1194 esse
1530 1149 1735 1193 unum.

513 1209 789 1277 Amplius,
824 1206 1009 1277 princi
1057 1207 1180 1264 ium
1211 1207 1560 1264 naturaliter
1587 1207 1753 1277 prius
1782 1210 1875 1264 est
1898 1219 1970 1264 eo
1999 1206 2172 1279 cujus
2188 1210 2279 1264 est
2297 1205 2692 1277 principium:
2726 1216 2875 1263 esse

444 1284 642 1335 autem
674 1278 735 1333 in
774 1277 992 1349 quibus
1036 1291 1131 1335 am
1161 1277 1339 1334 rebus
1371 1277 1548 1334 habet
1576 1276 1798 1349 aliquid
1829 1276 2001 1349 quasi
2033 1277 2410 1348 principium.
2461 1278 2673 1333 Forma
2700 1275 2870 1335 enim

445 1347 664 1406 dicitur
691 1361 826 1405 esse
858 1348 1213 1419 principium
1239 1348 1500 1416 essendi,
1532 1353 1591 1404 et
1619 1347 1895 1405 similiter
1924 1361 2109 1419 agens
2140 1347 2299 1421 quod
2329 1346 2471 1404 facit
2497 1345 2700 1419 aliqua
2726 1359 2871 1404 esse

443 1424 603 1476 actu.
628 1417 686 1476 Si
711 1417 896 1498 igitur
924 1431 1058 1475 esse
1086 1417 1349 1475 divinum
1382 1418 1463 1475 sit
1487 1431 1624 1475 esse
1679 1416 2153 1490 uniuscujusque
2201 1417 2308 1486 rei,
2370 1422 2656 1490 sequetur
2700 1415 2869 1488 quod

445 1490 625 1555 Deus,
656 1502 756 1560 qut
776 1492 868 1545 est
895 1501 1072 1546 suum
1103 1501 1259 1556 esse,
1290 1488 1503 1544 habeat
1529 1487 1791 1559 aliquam
1821 1502 2063 1546 causam
2086 1494 2179 1556 3et
2207 1487 2297 1546 sic
2321 1500 2444 1546 505
2472 1489 2870 1546 erit-necesse

448 1572 583 1618 esse
653 1572 717 1614 er
752 1571 857 1626 se;
889 1557 1063 1629 cuius
1092 1559 1456 1614 contrarium
1490 1572 1674 1628 supra
1704 1557 1778 1629 (c.
1814 1557 1900 1630 15)
1930 1565 2240 1616 ostensum
2271 1563 2382 1616 est.

515 1572 733 1708 Αάῗαᾳ,
762 1629 921 1700 quod
951 1633 1044 1685 est
1078 1641 1394 1685 commune
1416 1629 1619 1685 multis
1647 1641 1767 1685 non
1798 1634 1892 1685 est
1930 1628 2006 1687 ali
2054 1629 2153 1686 uid
2211 1634 2420 1700 praeter
2463 1628 2690 1698 multa,
2739 1627 2868 1687 nisi

444 1699 581 1756 sola
600 1703 864 1764 ratione3
894 1698 1051 1756 sicut
1079 1699 1299 1756 animal
1330 1712 1450 1756 non
1481 1705 1573 1758 est
1601 1698 1761 1757 aliud
1791 1704 2003 1769 praeter
2072 1706 2329 1756 ocratem
2362 1705 2422 1757 et
2468 1699 2772 1757 Platonem
2798 1702 2865 1757 et

449 1769 569 1826 alia
596 1768 897 1837 animalia,
931 1770 1049 1827 nisi
1080 1769 1382 1826 intellectu
1413 1771 1512 1841 qui
1545 1769 1932 1841 apprehendit
1960 1770 2209 1827 sormam
2258 1769 2537 1827 animalis
2565 1767 2868 1840 exspolia·

447 1843 569 1896 tam
594 1839 668 1896 ab
689 1839 969 1897 omnibus
999 1839 1510 1898 individuantibus
1533 1845 1592 1897 et
1620 1839 2104 1910 specificantibus
2132 1858 2147 1909 ;
2181 1841 2361 1898 110510
2390 1839 2552 1896 enim
2584 1847 2676 1898 est
2744 1838 2869 1898 uod

446 1920 584 1966 vere
602 1914 691 1966 est
720 1910 1138 1979 anima13alias
1168 1917 1513 1983 sequeretur
1543 1910 1722 1982 quod,
1752 1909 1812 1967 in
1837 1911 2076 1968 Socrate
2106 1916 2161 1967 et
2180 1911 2445 1977 Platone,
2472 1916 2675 1968 essent
2693 1925 2731 1983 p
2757 1923 2870 1970 ura

445 1979 770 2037 animalia:
801 1981 1022 2039 animal
1048 1981 1278 2039 scilicet
1303 1983 1497 2052 ipsum
1530 1994 1868 2049 commune,
1900 1986 1956 2038 et
1997 1982 2174 2039 homo
2220 1980 2580 2049 communis,
2633 1987 2694 2037 et
2734 1981 2870 2052 ipse

449 2050 637 2108 Plato.
668 2051 848 2132 Multo
876 2065 1021 2122 ergo
1049 2052 1251 2110 minus
1279 2057 1338 2108 et
1365 2053 1563 2122 ipsum
1588 2065 1723 2109 esse
1758 2065 2074 2125 commune
2104 2057 2198 2109 est
2218 2052 2439 2124 aliquid
2482 2056 2691 2121 praeter
2734 2063 2869 2110 om·

448 2133 559 2177 nes
589 2133 684 2178 res
715 2128 1094 2190 exsistenteS,
1122 2122 1239 2179 nisi
1272 2122 1332 2177 in
1363 2122 1668 2179 intellectu
1700 2123 1918 2180 solum.
1948 2122 2007 2180 Si
2038 2122 2221 2194 igitur
2251 2125 2409 2180 Deus
2437 2122 2517 2178 sit
2545 2135 2871 2181 commune

450 2204 606 2259 5555,
640 2193 795 2249 Deus
826 2205 944 2249 505
977 2193 1090 2249 erit
1116 2192 1316 2264 aliqua
1344 2207 1439 2250 res
1469 2193 1788 2260 exsistens,
1820 2193 1940 2250 nisi
1972 2207 2104 2264 quae
2128 2195 2206 2250 sit
2257 2192 2321 2249 in
2372 2192 2678 2250 intellectu
2733 2198 2868 2250 tan·

448 2264 596 2341 tum.
620 2263 938 2319 ostensum
970 2268 1280 2321 astantem
1309 2275 1490 2334 supra
1521 2263 1597 2335 (c.
1623 2262 1707 2335 13)
1737 2266 1919 2320 Deum
1947 2276 2083 2321 esse
2119 2261 2346 2336 aliquid
2385 2275 2506 2320 non
2543 2263 2744 2320 solum
2801 2262 2870 2322 itt

449 2330 774 2398 intellectu,
806 2332 1004 2412 sedin
1029 2347 1228 2391 rerum
1259 2339 1489 2391 natura.
1522 2336 1653 2391 Non
1682 2338 1774 2391 est
1820 2333 2004 2406 igitur
2049 2335 2206 2392 Deus
2258 2333 2455 2406 ipsum
2503 2346 2640 2391 esse
2695 2346 2864 2391 com·

448 2413 631 2459 mune
656 2416 947 2460 omnium.
1805 2428 1815 2439 ·

518 2473 670 2543 Itan,
719 2473 1046 2544 generatio,
1087 2488 1283 2546 perse
1308 2475 1630 2548 loquendo,
1661 2479 1753 2533 est
1783 2473 1877 2532 via
1907 2474 1969 2534 in
2008 2488 2163 2545 esse,
2203 2479 2263 2532 et
2314 2474 2617 2546 corruptio
2666 2474 2765 2533 via
2803 2473 2869 2534 in

448 2555 570 2623 non
605 2557 758 2623 esse.
789 2547 916 2602 Non
959 2546 1119 2602 enim
1166 2547 1573 2618 generationis
1621 2546 1912 2604 terminus
1960 2551 2052 2603 est
2097 2546 2306 2609 forma,
2356 2550 2416 2603 et
2460 2546 2868 2617 corruptionis

449 2619 723 2685 priuatto,
755 2615 872 2673 nisi
902 2616 1042 2688 quia
1073 2615 1263 2674 forma
1292 2617 1431 2674 facit
1461 2631 1616 2686 esse,
1648 2623 1706 2673 et
1732 2616 1982 2688 privatio
2012 2629 2131 2673 non
2164 2630 2319 2675 esse.
2351 2618 2497 2675 Dato
2524 2616 2683 2674 enim
2707 2617 2868 2689 quod

448 2682 651 2755 aliqua
679 2685 868 2742 forma
897 2699 1019 2743 505
1049 2685 1266 2744 faceret
1293 2701 1449 2756 esse,
1481 2701 1600 2745 non
1632 2686 1926 2745 diceretur
1948 2687 2220 2760 generari
2247 2686 2304 2744 id
2337 2687 2496 2759 quod
2537 2687 2718 2744 talem
2749 2687 2868 2746 for·

447 2764 604 2812 mam
634 2756 946 2827 acciperet.
977 2756 1036 2814 Si
1068 2756 1251 2829 igitur
1279 2760 1434 2815 Deus
1464 2758 1543 2816 sit
1583 2758 1850 2815 omnium
1883 2771 2079 2815 rerum
2105 2771 2241 2815 esse
2287 2758 2557 2828 formale,
2584 2763 2872 2832 sequetur

449 2825 608 2896 quod
631 2827 711 2884 sit
741 2828 1031 2885 terminus
1060 2828 1502 2898 generationis;
1531 2828 1691 2900 quod
1720 2833 1813 2886 est
1840 2829 2078 2899 falsum,
2109 2842 2294 2901 quum
2319 2829 2448 2900 ipse
2476 2829 2556 2886 sit
2582 2836 2868 2902 aeternuS,

446 2900 721 2965 utsupra
751 2896 826 2968 (c.
860 2898 946 2969 ¹5)
977 2904 1287 2955 ostensum
1318 2903 1429 2956 est.

515 2966 802 3028 Praeterea.
832 2973 1114 3038 sequetur
1140 2967 1300 3040 quod
1328 2982 1462 3026 esse
1492 2968 1813 3041 cujuslibet
1844 2969 1929 3026 rei
1955 2968 2135 3028 fuerit
2160 2968 2232 3028 ab
2257 2975 2499 3028 aeterno.
2531 2971 2657 3027 Non
2679 2969 2869 3040 igitur

447 3041 645 3104 potest
671 3049 805 3093 esse
833 3040 1139 3106 generatio
1172 3039 1261 3094 vel
1293 3039 1630 3109 corruptio;
1656 3041 1708 3097 si
1756 3040 1917 3097 enim
1950 3040 2031 3096 sit
2058 3041 2385 3111 generatim
2418 3045 2641 3111 oportet
2690 3038 2857 3109 quod

344 3135 350 3150 -
449 3116 584 3162 5555
612 3108 1030 3175 praeexsistens
1060 3108 1239 3165 alicui
1287 3108 1371 3166 rei
1428 3109 1501 3166 de
1543 3122 1699 3167 novo
1742 3110 2100 3183 acquiratur.
2143 3115 2255 3167 Aut
2303 3125 2367 3167 er
2410 3124 2447 3168 0
2478 3107 2650 3168 alicui
2688 3108 2863 3180 prius

448 3175 758 3254 exsistenti
788 3183 891 3233 aut
912 3177 1080 3236 nullo
1108 3178 1287 3236 modo
1320 3179 1483 3249 prius
1512 3180 1820 3238 exsistenti
1855 3181 2029 3238 z-Si
2045 3181 2236 3251 primo
2249 3194 2346 3238 mo
2391 3193 2649 3254 o‚quum
2669 3190 2864 3237 unum

446 3250 529 3302 stt
552 3258 687 3303 esse
713 3246 982 3305 omnium
1009 3249 1447 3318 exsistentium,
1478 3251 1810 3309 secundum
1838 3251 2198 3331 positionem
2217 3252 2576 3322 praedictam,
2595 3248 2866 3321 sequitur

447 3315 608 3387 quod
646 3330 763 3379 res,
791 3332 924 3390 quae
965 3320 1238 3390 generari
1279 3319 1516 3388 dicitur,
1567 3335 1688 3378 non
1736 3322 1989 3393 accipiat
2027 3334 2243 3379 novum
2287 3336 2443 3392 esse,
2489 3320 2595 3379 sed
2642 3333 2868 3378 novum

446 3386 692 3444 modum
721 3388 992 3456 essendi;
1028 3390 1185 3461 quod
1218 3403 1337 3447 non
1380 3391 1517 3448 facit
1548 3392 2014 3464 generationem,
2045 3392 2152 3450 sed
2200 3392 2634 3449 alterationem.
2681 3420 2753 3433 -
2803 3389 2868 3450 si

446 3462 644 3514 autem
679 3459 843 3516 55110
874 3459 1051 3539 modo
1077 3461 1244 3531 prius
1289 3462 1634 3529 exsistebat,
1666 3469 1949 3535 sequetur
1992 3463 2153 3534 quod
2198 3462 2299 3520 fiat
2327 3478 2400 3519 ex
2441 3463 2673 3528 nihilo;
2705 3460 2868 3535 quod

446 3532 538 3584 est
566 3535 771 3586 contra
800 3537 1091 3587 rationem
1121 3533 1549 3602 generationis.
1585 3536 1600 3589 1
1649 3533 1766 3589 itur
1797 3534 1921 3591 haec
1966 3534 2188 3604 positio
2229 3533 2478 3592 omnino
2527 3533 2866 3605 generatio·

444 3607 582 3654 nem
615 3603 674 3655 et
700 3601 1142 3670 corruptionem
1169 3601 1456 3671 destruit;
1488 3610 1548 3659 et
1577 3603 1593 3658 i
1640 3617 1711 3660 eo
1743 3608 1900 3674 patet
1924 3618 2054 3661 eam
2087 3617 2222 3662 5555
2265 3604 2723 3674 impossibilem.

516 3670 683 3726 11555
738 3672 915 3728 etiam
967 3685 1227 3729 errorem
1277 3685 1446 3730 sacra
1498 3674 1778 3730 Doctrina
1831 3674 2090 3744 repellit,
2139 3675 2280 3731 dum
2327 3672 2645 3732 confitetur
2694 3677 2869 3730 Deum

441 3741 706 3794 eaecelsum
733 3745 785 3796 et
809 3743 1091 3806 elevatum,
1118 3748 1184 3799 ut
1205 3744 1422 3800 dicitur
1444 3744 1578 3807 Isa„
1602 3755 1688 3805 vl.
1722 3749 1743 3799 1
1770 3761 1784 3812 ;
1816 3750 1873 3800 et
1896 3759 2032 3802 eum
2051 3760 2215 3816 super
2241 3748 2427 3801 omnia
2451 3760 2580 3807 esse,
2605 3749 2665 3801 ut
2683 3746 2863 3808 Rom„

441 3812 606 3935 315.
639 3810 906 3869 habetur.
937 3813 1188 3894 sienim
1217 3819 1311 3871 est
1337 3827 1471 3872 esse
1503 3814 1797 3882 omnium,
1823 3819 1967 3873 tunc
1998 3821 2089 3873 est
2136 3815 2362 3889 aliquid
2402 3816 2697 3885 omnium,
2738 3826 2869 3873 non

483 3890 520 3934 u
549 3892 641 3934 em
672 3892 1093 3950 superomnia.

454 4017 468 4031 ⁶
516 3947 583 4003 Hi
629 3951 804 4005 etiam
853 3960 1118 4011 errantes
1166 3953 1371 4011 eadem
1418 3954 1714 4011 sententia
1732 3956 2281 4027 propelluntur-qua
2300 3960 2359 4012 et
2385 3954 2737 4023 idololatrae,
2758 3953 2871 4027 qui

441 4021 939 4077 mcommunicabile
973 4039 1183 4093 nomen,
1223 4024 1456 4081 scilicet
1495 4026 1620 4094 Dei,
1652 4025 1834 4096 lignis
1875 4031 1934 4082 et
1973 4025 2270 4096 lapidibus
2316 4025 2750 4097 imposuerunt,
2799 4029 2872 4083 ut

443 4085 695 4144 hahetur
720 4090 876 4169 Sap„
906 4104 1030 4161 xiv,
1060 4099 1151 4152 21.
1180 4094 1237 4152 Si
1273 4095 1431 4151 enim
1462 4096 1620 4152 Deus
1647 4102 1737 4152 est
1766 4110 1901 4154 esse
1935 4097 2226 4164 omnium,
2256 4108 2382 4153 505
2409 4097 2605 4169 magis
2629 4095 2868 4154 dicetur

440 4168 576 4214 vere
608 4176 621 4238 ς
655 4161 826 4230 Lapis
854 4166 947 4219 est
973 4177 1103 4231 555,
1133 4179 1311 4236 quam
1344 4182 1358 4220 1
1395 4166 1567 4236 Lapis
1595 4172 1687 4222 est
1715 4168 1892 4224 Deus,

513 4229 661 4307 Huic
690 4238 885 4287 autem
916 4235 1097 4289 errori
1129 4241 1385 4306 quatuor
1413 4242 1555 4292 sunt
1582 4250 1713 4308 quae
1746 4237 2017 4292 videntur
2037 4236 2390 4306 praestitisse
2430 4237 2787 4295 fomentum.

511 4300 769 4380 primum
803 4306 894 4358 est
920 4304 1307 4382 quarumdam
1336 4308 1753 4364 auctoritatum
1790 4306 2123 4364 intellectus
2171 4321 2503 4378 perversus
2558 4307 2869 4366 tnvenitur

439 4380 600 4448 55151
631 4384 666 4450 a
695 4372 981 4452 Dionysio
1010 4373 1230 4432 dictum
1263 4376 1426 4445 (Coet.
1460 4376 1629 4445 hier„
1662 4392 1712 4434 c.
1744 4376 1800 4449 4)
1832 4394 1845 4432 :
1886 4396 1915 4427 «ι
1936 4378 2078 4434 Esse
2107 4378 2373 4435 omnium
2392 4384 2485 4436 est
2502 4377 2865 4448 supersubs-

436 4440 705 4499 tantialts
735 4442 1017 4501 divinitas
1046 4462 1100 4501 ».
1135 4447 1219 4503 Ex
1245 4459 1364 4519 quo
1405 4446 1741 4520 intelligere
1791 4447 2128 4520 voluerunt,
2172 4448 2372 4522 ipsum
2416 4460 2551 4510 esse
2598 4447 2858 4507 formale
