3076 5025
1089 385 1226 445 Lm.
1262 386 1338 457 11,
1376 385 1530 443 CAP.
1563 386 1725 445 XCII.
2499 394 2603 448 245

163 514 398 568 naturai
426 520 606 581 quam
660 507 781 565 illae
827 522 960 580 quae
1001 513 1145 567 sunt
1196 508 1450 580 proximi
1509 508 1662 567 fines
1711 512 1982 568 motuum
2036 510 2411 583 coelestium;
2445 513 2606 572 sicut

160 580 570 638 instrumenta
619 578 956 637 artificialia
983 584 1124 638 sunt
1162 585 1401 660 propter
1445 580 1722 637 homines
1764 581 1866 653 qui
1910 594 2014 652 per
2048 596 2120 639 ea
2165 590 2508 653 operantur,
2544 588 2605 641 et

159 649 322 709 nihil
351 649 626 722 prohibet
652 662 788 707 esse
826 648 982 708 alios
1024 649 1305 708 homines
1348 650 1449 723 qui
1488 664 1596 721 per
1640 650 2041 709 instrumenta
2082 652 2427 724 huiusmodi
2477 667 2604 713 non

160 724 490 793 operantur
516 718 876 788 immediate,
908 719 1015 778 sed
1046 720 1341 790 imperant
1390 720 1797 791 operantibus,
1829 724 1898 778 Et
1923 721 2059 780 ideo
2091 723 2220 793 ipse
2247 723 2600 784 Aristoteles

159 790 323 850 lianc
348 790 643 847 rationem
665 802 788 847 non
811 788 1043 848 inducit
1069 791 1242 863 quasi
1271 792 1696 859 necessariam,
1728 790 1833 849 sed
1872 797 2155 864 tanquam
2186 794 2555 864 probabilem
2581 813 2599 865 ;

162 861 311 919 dicit
337 861 498 918 enim
528 860 690 932 (text.
723 873 943 918 comm.
966 860 1056 933 48)
1089 879 1103 917 z
1135 861 1313 928 Quare
1359 866 1411 916 et
1446 862 1783 917 substantias
1806 864 1862 917 et
1890 865 2175 933 principia
2201 866 2499 920 immobilia
2553 869 2606 922 et

158 931 512 989 insensibilia
533 931 862 987 rationabile
887 934 968 987 est
993 934 1073 986 tot
1087 934 1390 998 aestimare3
1417 932 1563 1002 qaod
1587 934 1662 988 sit
1678 933 2040 989 necessarium
2062 938 2260 1001 autem,
2290 935 2605 992 dimittatur

156 1002 487 1070 tortioribus
518 1001 714 1057 dicere.
750 1003 952 1060 Restat
980 1000 1166 1073 igitur
1187 1000 1625 1059 ostendendum
1654 1001 1816 1075 quod
1845 1008 1988 1061 sunt
2012 1003 2202 1061 multo
2232 1004 2434 1075 plures
2467 1006 2603 1064 sub·

161 1071 405 1131 stantiae
432 1070 873 1130 intellectuales
899 1085 939 1129 a
964 1071 1318 1143 corporibus
1346 1077 1635 1144 separatae
1672 1086 1852 1145 quam
1896 1073 2021 1132 sint
2063 1080 2262 1133 motus
2300 1077 2598 1134 coelestes,

231 1142 600 1200 Substantiae
645 1141 808 1200 enim
855 1141 1290 1202 intellectuales
1337 1143 1670 1201 secundum
1712 1156 1890 1201 suum
1934 1157 2129 1216 genus
2173 1140 2605 1204 transcendunt

160 1225 404 1271 omnem
431 1218 708 1270 naturam
745 1225 1092 1284 corpoream
1116 1229 1131 1282 3
1161 1219 1396 1285 oportet
1415 1213 1601 1285 igitur
1627 1213 1896 1285 accipere
1924 1212 2179 1286 gradum
2209 1215 2274 1272 in
2302 1216 2605 1287 praedictis

163 1282 547 1352 substantiiS,
602 1282 935 1341 secundum
986 1283 1379 1342 elevationem
1424 1297 1630 1343 earum
1681 1298 1865 1356 supra
1913 1297 2260 1357 corpoream
2305 1290 2601 1346 naturam.

161 1355 316 1413 Sunt
342 1359 543 1411 autem
574 1354 846 1426 quaedam
895 1353 1333 1412 intellectuales
1381 1354 1734 1413 substantiae
1761 1355 2002 1414 elevatae
2041 1370 2222 1427 supra
2253 1369 2603 1428 corpoream

163 1423 593 1494 substantiam,
634 1424 967 1483 secundum
992 1424 1091 1483 sui
1115 1426 1354 1497 generis
1379 1430 1652 1484 naturam
1683 1430 1912 1484 tantum
1960 1440 2095 1499 quae
2119 1432 2312 1485 tamen
2345 1428 2607 1500 corpori-

161 1494 283 1554 bus
304 1495 602 1575 uniuntur
627 1495 951 1576 utformae,
975 1500 1043 1553 ut
1062 1509 1143 1576 ex
1185 1495 1515 1567 premissis
1547 1495 1620 1568 (c.
1650 1498 1719 1553 68
1758 1501 1817 1554 et
1848 1467 1943 1568 705
1966 1502 2127 1568 patet
2148 1514 2163 1566 3
2187 1502 2266 1560 et,
2299 1498 2441 1572 quia
2469 1511 2606 1558 esse

165 1565 645 1624 substantiarum
689 1565 1182 1625 intellectualium
1228 1566 1559 1624 secundum
1587 1579 1766 1625 suum
1792 1580 1987 1639 genus
2018 1566 2245 1625 nullam
2276 1581 2313 1626 a
2355 1581 2608 1641 corpore

165 1635 631 1707 dependentiam
669 1635 868 1705 habet,
900 1641 966 1693 ut
993 1649 1176 1707 supra
1200 1635 1276 1709 (c.
1309 1637 1400 1707 9¹)
1428 1637 1744 1707 probatum
1772 1642 1885 1707 est,
1931 1638 2233 1695 invenitur
2264 1637 2441 1697 altior
2468 1653 2605 1711 gra·

167 1706 286 1765 dus
312 1706 607 1765 dictarum
639 1706 1134 1775 substantiarum,
1160 1720 1318 1788 quae,
1340 1707 1454 1765 etsi
1475 1720 1596 1765 non
1620 1708 1905 1765 uniantur
1923 1708 2275 1779 corporibus
2294 1714 2359 1767 ut
2377 1710 2604 1781 sormae,

166 1783 316 1836 sunt
341 1782 547 1835 tamen
576 1777 801 1848 proprii
830 1781 1096 1836 motores
1124 1776 1464 1857 aliquorum
1499 1790 1819 1859 corporum
1850 1777 2397 1839 determinatorum.
2428 1780 2606 1838 Simi-

166 1846 306 1906 liter
340 1852 543 1906 autem
590 1853 805 1906 natura
835 1846 1200 1906 substantiae
1245 1847 1668 1907 intellectualis
1710 1861 1834 1906 non
1877 1847 2170 1920 dependet
2212 1863 2249 1908 a
2280 1850 2602 1921 movendo,

166 1930 355 1999 quum
385 1931 626 1975 movere
655 1919 739 1975 sit
764 1931 1144 1991 consequens
1165 1917 1238 1976 ad
1260 1918 1651 1990 principalem
1671 1932 1878 1977 eorum
1910 1920 2340 1990 operationem,
2403 1935 2491 1979 uae
2513 1926 2608 1980 est

165 1987 531 2069 intelligere.
561 1988 685 2045 Erit
712 1988 897 2062 igitur
933 1993 993 2046 et
1018 1989 1239 2070 aliquis
1267 1989 1490 2061 gradus
1519 1989 1698 2070 altior
1723 1988 2192 2050 substantiarum
2230 1936 2605 2051 inteflectua·

161 2055 337 2128 lium,
367 2072 669 2187 iituaebnon
713 2062 857 2116 sunt
896 2071 1122 2131 proprii
1149 2064 1413 2117 motores
1455 2059 1794 2133 aliquorum
1823 2073 2165 2132 corporum,
2200 2061 2309 2120 scd
2339 2062 2607 2134 superio·

163 2140 266 2189 res
284 2143 386 2188 mo
413 2143 503 2187 ori
550 2143 643 2188 ue.

236 2200 517 2271 Amplius,
549 2201 707 2258 sicut
733 2214 921 2270 agens
946 2215 1053 2273 per
1079 2205 1352 2259 naturam
1386 2200 1509 2274 agit
1535 2216 1643 2274 per
1666 2215 1840 2260 suam
1869 2202 2122 2261 formam
2142 2204 2495 2274 naturalem,
2522 2205 2609 2264 ita

165 2282 356 2343 agens
384 2285 492 2342 per
539 2270 906 2329 intellectum
952 2270 1077 2352 agit
1118 2285 1222 2342 per
1266 2272 1518 2330 formam
1566 2272 1930 2342 intellectuS,
1972 2279 2040 2331 ut
2078 2280 2238 2345 patet
2268 2275 2331 2331 in
2357 2275 2452 2333 his
2497 2275 2606 2348 qui

166 2345 358 2414 agunt
383 2354 490 2412 per
538 2347 746 2400 artem.
798 2342 964 2401 Sicut
987 2341 1170 2414 igitur
1223 2355 1580 2423 agensper·
1624 2349 1899 2402 naturam
1942 2348 2036 2402 est
2083 2344 2623 2425 proportionatum.

163 2411 439 2483 patienti,
469 2412 701 2469 ratione
759 2424 885 2471 suae
933 2412 1138 2470 formae
1192 2412 1505 2481 naturalis,
1565 2417 1649 2470 ita
1684 2427 1872 2485 agens
1926 2427 2032 2485 per
2084 2415 2454 2472 intellectum
2513 2420 2608 2474 est

164 2482 685 2611 proportionatum
715 2481 961 2565 patienti
987 2488 1043 2565 et
1074 2482 1252 2554 tacte,
1273 2497 1379 2555 per
1398 2482 1653 2565 formam
1676 2483 2039 2566 intellectus·
2068 2488 2135 2541 ut
2150 2484 2379 2543 scilicet
2403 2484 2607 2567 hujus·

166 2565 272 2611 mo
314 2558 444 2611 isit
489 2553 683 2612 forma
724 2553 1086 2612 intellectiva
1111 2568 1244 2626 quae
1288 2559 1484 2626 possit
1528 2553 1735 2612 induci
1777 2569 1884 2626 per
1927 2559 2223 2612 actionem
2272 2561 2507 2627 agentis
2535 2568 2604 2615 in

166 2624 481 2681 materiam
527 2623 933 2696 recipientem.
979 2625 1025 2682 Ο
1069 2628 1222 2681 ortet
1257 2623 1441 2705 igitur
1468 2624 1745 2696 proprios
1782 2630 2046 2683 motores
2075 2624 2331 2694 orbium,
2371 2626 2472 2698 qui
2500 2641 2606 2698 per

166 2692 541 2752 intellectum
565 2700 824 2764 movent,
855 2695 907 2752 si
939 2693 1003 2752 in
1076 2707 1148 2752 oc
1193 2694 1540 2765 opinionem
1579 2694 1917 2753 Aristotelis
1962 2695 2265 2753 sustinere
2294 2697 2598 2767 volumuS,

164 2764 325 2822 tales
363 2765 795 2838 intelligentias
822 2764 1044 2823 habere
1072 2763 1282 2837 quales
1308 2769 1453 2823 sunt
1490 2764 1878 2836 explicabiles
1904 2778 2010 2837 per
2036 2771 2257 2825 motus.
2279 2766 2516 2824 orbium
2545 2772 2607 2825 et

165 2834 578 2916 producibiles
623 2837 686 2894 in
737 2834 918 2894 rebus
950 2834 1382 2893 materialibus.
1414 2834 1527 2893 Sed
1568 2848 1752 2907 supra
1778 2834 2123 2908 hujusmodi
2170 2837 2602 2909 conceptiones

166 2905 583 2979 intelligibiles
611 2911 702 2964 est
730 2906 997 2977 accipere
1026 2906 1261 2978 aliquas
1284 2904 1753 2964 universaliores
1775 2923 1792 2975 ;
1813 2906 2153 2965 intellectus
2181 2907 2341 2964 enim
2371 2908 2606 2966 univer·

166 2975 366 3035 salius
389 2976 780 3049 apprehendit
823 2977 1048 3035 formas
1092 2989 1292 3035 rerum
1320 2990 1498 3049 quam
1548 2977 1630 3034 sit
1674 2989 1810 3035 esse
1838 2990 2044 3036 earum
2093 2977 2158 3035 in
2187 2978 2406 3048 rebus;
2439 2978 2605 3040 unde

167 3045 445 3128 vid-emus
473 3047 633 3120 quod
654 3048 1053 3106 universalior
1075 3051 1167 3106 est
1190 3046 1384 3128 forma
1403 3047 1743 3106 intellectus
1763 3047 2111 3130 speculativi
2132 3062 2309 3121 quam
2330 3051 2603 3121 practici,

168 3120 236 3176 et
258 3122 415 3174 inter
437 3123 597 3177 artes
623 3119 917 3190 practicas
944 3117 1346 3177 universalior
1386 3123 1478 3176 est
1507 3123 1821 3189 conceptio
1864 3125 2011 3177 artis
2047 3121 2398 3191 imperantis
2422 3134 2605 3193 quam

170 3190 576 3261 exsequentis.
623 3190 864 3261 Oportet
904 3194 1103 3247 autem
1149 3188 1621 3247 substantiarum
1656 3189 2147 3248 intellectualium
2174 3190 2396 3263 gradus
2448 3191 2608 3249 acci·

166 3270 314 3386 gere
337 3260 668 3317 secundum
711 3259 961 3332 gradum
1004 3259 1428 3318 intellectualis
1474 3272 1512 3317 o
1558 3259 1847 3319 erationis
1916 3274 2007 3318 uae
2051 3267 2148 3319 est
2186 3261 2276 3318 eis
2322 3261 2596 3332 propria.

213 3333 323 3385 unt
341 3328 526 3410 igitur
553 3329 767 3402 aliquae
794 3330 1144 3411 substantiae
1186 3329 1529 3411 intellectua
1556 3343 1623 3388 es
1667 3343 1855 3402 supra
1881 3345 1902 3387 i
1929 3330 2023 3389 las
2043 3345 2177 3404 quae
2198 3337 2341 3390 sunt
2380 3331 2604 3404 proprii

172 3400 2012 3553 etmilicia&rrggtgffigeagieffiiggligrpiigeptrpiffin‚id-quod·onst
2036 3471 2101 3530 in
2127 3471 2309 3553 rebus
2335 3472 2603 3552 nobilius

171 3539 421 3599 excedat
446 3547 774 3613 quantitate
829 3541 921 3599 vel
958 3554 1210 3601 numero
1265 3540 1631 3614 ignobiliora
1656 3559 1673 3611 ;
1702 3541 2068 3614 ignobiliora
2112 3556 2277 3600 enim
2329 3544 2606 3603 videntur

171 3622 312 3669 esse
338 3617 578 3682 propter
619 3610 1147 3681 nobiliora;unde
1192 3617 1423 3684 oportet
1469 3611 1631 3685 quod
1686 3611 1983 3671 nobiliora
2027 3613 2201 3685 quasi
2253 3620 2493 3685 propter
2536 3627 2607 3673 se

171 3680 527 3740 exsistentia
557 3681 1028 3753 multiplicentur
1096 3688 1342 3740 uantum
1385 3682 1676 3754 possibile
1721 3687 1851 3752 est;
1882 3687 1943 3741 et
1967 3681 2103 3741 ideo
2135 3683 2409 3742 videmus
2443 3683 2606 3756 quod

172 3764 431 3832 corpora
465 3752 961 3824 incorruptibilia,
992 3764 1080 3810 sci
1107 3752 1224 3811 icet
1246 3753 1535 3818 coelestia,
1568 3753 1633 3810 in
1663 3757 1891 3811 tantum
1922 3752 2216 3812 excedunt
2242 3754 2603 3825 corporalia,

171 3820 407 3881 scilicet
433 3822 840 3894 elementaria,
870 3828 937 3881 ut
961 3822 1290 3896 haec-quasi
1320 3836 1442 3881 non
1465 3823 1723 3882 habeant
1751 3823 2077 3882 notabilem
2115 3826 2507 3897 quantitatem
2537 3826 2603 3883 in

172 3894 620 3964 comparatione
651 3893 724 3952 ad
749 3893 871 3953 illa.
903 3893 1069 3952 Sicut
1092 3898 1290 3952 autem
1319 3894 1589 3952 coelestia
1614 3907 1868 3967 corpora
1891 3893 2167 3968 digniora
2187 3900 2329 3953 sunt
2345 3896 2604 3954 elemen-

172 3962 427 4034 taribus,
459 3969 525 4022 ut
565 3964 1043 4037 incorruptibilia
1086 3964 1596 4035 corruptibilibuS,
1639 3965 1725 4025 ita
1768 3965 2120 4024 substantiis
2168 3965 2605 4026 intellectuales

171 4034 459 4093 omnibus
503 4036 892 4106 corporibus,
938 4040 1006 4094 ut
1050 4034 1358 4094 immobile
1402 4041 1461 4093 et
1503 4035 1894 4094 immateriale
1926 4035 2133 4094 mobili
2180 4041 2238 4093 et
2287 4036 2602 4095 materiali.

176 4105 484 4164 Excedunt
510 4106 693 4179 igitur
739 4106 803 4163 in
832 4119 1083 4164 numero
1128 4105 1560 4164 intellectuales
1601 4106 1951 4165 substantiis
2005 4112 2289 4177 separatae
2334 4107 2605 4166 omnium

173 4185 379 4235 rerum
425 4175 826 4234 materialium
869 4176 1335 4235 multitudinem.
1365 4179 1495 4234 Non
1523 4176 1709 4249 igitur
1735 4176 2320 4250 comprehenduntur
2352 4191 2605 4238 numero

184 4245 526 4306 coelestium
557 4252 850 4304 motuum.
937 4285 944 4290 -

249 4316 405 4382 Item,
439 4317 674 4388 species
702 4329 899 4375 rerum
922 4317 1319 4377 materialium
1350 4331 1473 4376 non
1503 4318 1979 4391 multiplicantur
1997 4333 2103 4390 per
2128 4319 2432 4379 materiam
2450 4365 2465 4391 ,
2498 4320 2604 4379 sed

168 4399 285 4459 per
307 4388 584 4446 formam.
610 4388 836 4446 Formae
864 4393 1062 4446 autem
1088 4404 1221 4461 quae
1250 4395 1390 4448 sunt
1417 4394 1583 4447 extra
1605 4390 1914 4448 materiam
1944 4390 2164 4449 habent
2191 4406 2326 4450 esse
2350 4392 2606 4462 comple-

168 4457 300 4516 tius
323 4463 384 4519 et
410 4457 815 4518 universalius
843 4471 1020 4533 quani
1044 4458 1249 4518 formae
1294 4475 1426 4534 quae
1469 4465 1612 4519 sunt
1654 4460 1720 4517 in
1763 4461 2041 4531 materia;
2088 4475 2228 4520 nam
2278 4463 2483 4519 sormae
2536 4460 2603 4515 in

171 4528 433 4592 materia
463 4529 837 4604 recipiuntur
862 4530 1194 4594 secundum
1224 4532 1489 4593 materiae
1516 4531 1928 4606 capacitatem.
1958 4534 2092 4593 Non
2118 4533 2394 4592 videntur
2420 4530 2603 4601 igitur
