<?xml version="1.0" encoding="UTF-8"?>
<!DOCTYPE html PUBLIC "-//W3C//DTD XHTML 1.0 Transitional//EN"
    "http://www.w3.org/TR/xhtml1/DTD/xhtml1-transitional.dtd">
<html xmlns="http://www.w3.org/1999/xhtml" xml:lang="en" lang="en">
 <head>
  <title>
</title>
<meta http-equiv="Content-Type" content="text/html;charset=utf-8" />
  <meta name='ocr-system' content='tesseract 3.04.00' />
  <meta name='ocr-capabilities' content='ocr_page ocr_carea ocr_par ocr_line ocrx_word'/>
</head>
<body>
  <div class='ocr_page' id='page_1' title='image "./deveritatecatho00rubegoog_0645.png"; bbox 0 0 3076 5025; ppageno 0'>
   <div class='ocr_carea' id='block_1_1' title="bbox 1069 266 2619 333">
    <p class='ocr_par' dir='ltr' id='par_1_1' title="bbox 1069 266 2619 333">
     <span class='ocr_line' id='line_1_1' title="bbox 1069 266 2619 333; baseline 0.005 -10"><span class='ocrx_word' id='word_1_1' title='bbox 1069 266 1202 323; x_wconf 76' lang='grc' dir='ltr'><strong>ΠΒ.</strong></span> <span class='ocrx_word' id='word_1_2' title='bbox 1242 267 1331 333; x_wconf 80' lang='lat' dir='ltr'><strong>IV,</strong></span> <span class='ocrx_word' id='word_1_3' title='bbox 1372 268 1524 325; x_wconf 77' lang='lat' dir='ltr'>CAP.</span> <span class='ocrx_word' id='word_1_4' title='bbox 1564 268 1756 327; x_wconf 84' lang='lat' dir='ltr'>LXXV.</span> <span class='ocrx_word' id='word_1_5' title='bbox 2513 276 2619 333; x_wconf 71' lang='lat' dir='ltr'><strong>eta</strong></span> 
     </span>
    </p>
   </div>
   <div class='ocr_carea' id='block_1_2' title="bbox 203 387 2619 3130">
    <p class='ocr_par' dir='ltr' id='par_1_2' title="bbox 211 387 2619 1373">
     <span class='ocr_line' id='line_1_2' title="bbox 219 387 2617 471; baseline 0.002 -23"><span class='ocrx_word' id='word_1_6' title='bbox 219 391 346 448; x_wconf 83' lang='lat' dir='ltr'><strong>dam</strong></span> <span class='ocrx_word' id='word_1_7' title='bbox 372 387 755 446; x_wconf 80' lang='lat' dir='ltr'><strong>sensibilibus</strong></span> <span class='ocrx_word' id='word_1_8' title='bbox 786 387 977 462; x_wconf 82' lang='lat' dir='ltr'><strong>signis</strong></span> <span class='ocrx_word' id='word_1_9' title='bbox 1003 389 1330 460; x_wconf 79' lang='lat' dir='ltr'>explentur,</span> <span class='ocrx_word' id='word_1_10' title='bbox 1359 395 1420 446; x_wconf 90' lang='lat' dir='ltr'><strong>ut</strong></span> <span class='ocrx_word' id='word_1_11' title='bbox 1444 404 1516 447; x_wconf 82' lang='lat' dir='ltr'><strong>ex</strong></span> <span class='ocrx_word' id='word_1_12' title='bbox 1544 389 1902 460; x_wconf 86' lang='lat' dir='ltr'><strong>supradictis</strong></span> <span class='ocrx_word' id='word_1_13' title='bbox 1931 390 2080 462; x_wconf 88' lang='lat' dir='ltr'><strong>(cap.</strong></span> <span class='ocrx_word' id='word_1_14' title='bbox 2107 391 2196 471; x_wconf 65' lang='lat'><strong>58)</strong></span> <span class='ocrx_word' id='word_1_15' title='bbox 2226 398 2404 463; x_wconf 71' lang='lat' dir='ltr'><strong>patet,</strong></span> <span class='ocrx_word' id='word_1_16' title='bbox 2446 408 2617 463; x_wconf 89' lang='lat' dir='ltr'><strong>opor-</strong></span> 
     </span>
     <span class='ocr_line' id='line_1_3' title="bbox 220 458 2617 536; baseline 0.003 -19"><span class='ocrx_word' id='word_1_17' title='bbox 220 460 326 517; x_wconf 84' lang='lat' dir='ltr'><strong>tuit</strong></span> <span class='ocrx_word' id='word_1_18' title='bbox 348 459 517 515; x_wconf 90' lang='lat' dir='ltr'><strong>etiam</strong></span> <span class='ocrx_word' id='word_1_19' title='bbox 547 458 704 530; x_wconf 87' lang='lat' dir='ltr'><strong>quod</strong></span> <span class='ocrx_word' id='word_1_20' title='bbox 729 459 853 516; x_wconf 84' lang='lat' dir='ltr'><strong>baec</strong></span> <span class='ocrx_word' id='word_1_21' title='bbox 880 458 1204 531; x_wconf 88' lang='lat' dir='ltr'><strong>spiritualis</strong></span> <span class='ocrx_word' id='word_1_22' title='bbox 1230 465 1492 530; x_wconf 83' lang='lat' dir='ltr'><strong>potestas</strong></span> <span class='ocrx_word' id='word_1_23' title='bbox 1512 460 1627 518; x_wconf 89' lang='lat' dir='ltr'><strong>sub</strong></span> <span class='ocrx_word' id='word_1_24' title='bbox 1646 460 2002 531; x_wconf 88' lang='lat' dir='ltr'><strong>quibusdam</strong></span> <span class='ocrx_word' id='word_1_25' title='bbox 2020 463 2403 521; x_wconf 80' lang='lat' dir='ltr'><strong>sensibilibus</strong></span> <span class='ocrx_word' id='word_1_26' title='bbox 2425 465 2617 536; x_wconf 84' lang='lat' dir='ltr'><strong>signis</strong></span> 
     </span>
     <span class='ocr_line' id='line_1_4' title="bbox 217 528 2615 610; baseline 0.003 -24"><span class='ocrx_word' id='word_1_27' title='bbox 217 528 550 586; x_wconf 89' lang='lat' dir='ltr'><strong>hominibus</strong></span> <span class='ocrx_word' id='word_1_28' title='bbox 580 528 923 586; x_wconf 84' lang='lat' dir='ltr'><strong>traderetur.</strong></span> <span class='ocrx_word' id='word_1_29' title='bbox 957 529 1143 600; x_wconf 84' lang='lat' dir='ltr'><strong>Hujus</strong></span> <span class='ocrx_word' id='word_1_30' title='bbox 1174 536 1369 587; x_wconf 90' lang='lat' dir='ltr'><strong>autem</strong></span> <span class='ocrx_word' id='word_1_31' title='bbox 1402 535 1541 587; x_wconf 89' lang='lat' dir='ltr'><strong>sunt</strong></span> <span class='ocrx_word' id='word_1_32' title='bbox 1575 534 1749 610; x_wconf 78' lang='lat' dir='ltr'><strong>certae</strong></span> <span class='ocrx_word' id='word_1_33' title='bbox 1794 531 2000 588; x_wconf 84' lang='lat' dir='ltr'><strong>sormae</strong></span> <span class='ocrx_word' id='word_1_34' title='bbox 2043 533 2376 592; x_wconf 83' lang='lat' dir='ltr'><strong>verborum.</strong></span> <span class='ocrx_word' id='word_1_35' title='bbox 2425 535 2615 592; x_wconf 88' lang='lat' dir='ltr'><strong>deter-</strong></span> 
     </span>
     <span class='ocr_line' id='line_1_5' title="bbox 219 598 2614 673; baseline 0.003 -16"><span class='ocrx_word' id='word_1_36' title='bbox 219 598 414 657; x_wconf 86' lang='lat' dir='ltr'><strong>minati</strong></span> <span class='ocrx_word' id='word_1_37' title='bbox 460 602 647 666; x_wconf 61' lang='lat' dir='ltr'><strong>actm,</strong></span> <span class='ocrx_word' id='word_1_38' title='bbox 696 605 833 669; x_wconf 90' lang='lat' dir='ltr'><strong>puta</strong></span> <span class='ocrx_word' id='word_1_39' title='bbox 879 599 1183 669; x_wconf 81' lang='lat' dir='ltr'>impositio</span> <span class='ocrx_word' id='word_1_40' title='bbox 1236 613 1544 668; x_wconf 84' lang='lat' dir='ltr'><strong>manuum,</strong></span> <span class='ocrx_word' id='word_1_41' title='bbox 1595 601 1885 673; x_wconf 68' lang='lat' dir='ltr'><strong>injunctio</strong></span> <span class='ocrx_word' id='word_1_42' title='bbox 1927 607 1986 658; x_wconf 93' lang='lat' dir='ltr'><strong>et</strong></span> <span class='ocrx_word' id='word_1_43' title='bbox 2030 604 2322 672; x_wconf 88' lang='lat' dir='ltr'><strong>porrectio</strong></span> <span class='ocrx_word' id='word_1_44' title='bbox 2362 604 2491 660; x_wconf 79' lang='lat' dir='ltr'><strong>libi-i</strong></span> <span class='ocrx_word' id='word_1_45' title='bbox 2524 605 2614 665; x_wconf 86' lang='lat' dir='ltr'><strong>vel</strong></span> 
     </span>
     <span class='ocr_line' id='line_1_6' title="bbox 216 668 2618 743; baseline 0.002 -16"><span class='ocrx_word' id='word_1_46' title='bbox 216 668 426 737; x_wconf 78' lang='lat' dir='ltr'><strong>caliciS‚</strong></span> <span class='ocrx_word' id='word_1_47' title='bbox 456 676 557 726; x_wconf 88' lang='lat' dir='ltr'><strong>aut</strong></span> <span class='ocrx_word' id='word_1_48' title='bbox 584 668 838 740; x_wconf 84' lang='lat' dir='ltr'><strong>alicujus</strong></span> <span class='ocrx_word' id='word_1_49' title='bbox 869 670 1232 742; x_wconf 84' lang='lat' dir='ltr'><strong>hujusmodi,</strong></span> <span class='ocrx_word' id='word_1_50' title='bbox 1261 671 1417 741; x_wconf 79' lang='lat' dir='ltr'><strong>quod</strong></span> <span class='ocrx_word' id='word_1_51' title='bbox 1451 670 1522 727; x_wconf 90' lang='lat' dir='ltr'><strong>ad</strong></span> <span class='ocrx_word' id='word_1_52' title='bbox 1543 670 1987 729; x_wconf 79' lang='lat' dir='ltr'><strong>exsecutionem</strong></span> <span class='ocrx_word' id='word_1_53' title='bbox 2010 673 2336 743; x_wconf 79' lang='lat' dir='ltr'><strong>spiritualis</strong></span> <span class='ocrx_word' id='word_1_54' title='bbox 2368 676 2618 743; x_wconf 82' lang='lat' dir='ltr'><strong>pertinet</strong></span> 
     </span>
     <span class='ocr_line' id='line_1_7' title="bbox 214 740 2614 813; baseline 0.003 -17"><span class='ocrx_word' id='word_1_55' title='bbox 214 740 530 811; x_wconf 83' lang='lat' dir='ltr'><strong>potestatis.</strong></span> <span class='ocrx_word' id='word_1_56' title='bbox 562 740 1065 812; x_wconf 83' lang='lat' dir='ltr'><strong>Quandocumque</strong></span> <span class='ocrx_word' id='word_1_57' title='bbox 1090 747 1286 798; x_wconf 87' lang='lat' dir='ltr'><strong>autem</strong></span> <span class='ocrx_word' id='word_1_58' title='bbox 1318 741 1397 798; x_wconf 90' lang='lat' dir='ltr'><strong>ali</strong></span> <span class='ocrx_word' id='word_1_59' title='bbox 1440 741 1538 797; x_wconf 92' lang='lat' dir='ltr'><strong>uid</strong></span> <span class='ocrx_word' id='word_1_60' title='bbox 1581 741 1892 812; x_wconf 80' lang='lat' dir='ltr'><strong>spirituale</strong></span> <span class='ocrx_word' id='word_1_61' title='bbox 1938 742 2053 800; x_wconf 89' lang='lat' dir='ltr'><strong>sub</strong></span> <span class='ocrx_word' id='word_1_62' title='bbox 2102 744 2277 811; x_wconf 73' lang='lat' dir='ltr'><strong>signo</strong></span> <span class='ocrx_word' id='word_1_63' title='bbox 2321 744 2614 813; x_wconf 85' lang='lat' dir='ltr'><strong>corporali</strong></span> 
     </span>
     <span class='ocr_line' id='line_1_8' title="bbox 211 756 2615 889; baseline 0.003 -24"><span class='ocrx_word' id='word_1_64' title='bbox 211 808 475 889; x_wconf 39' lang='lat' dir='ltr'><strong>traditura·</strong></span> <span class='ocrx_word' id='word_1_65' title='bbox 503 809 615 867; x_wconf 86' lang='lat' dir='ltr'><strong>hoc</strong></span> <span class='ocrx_word' id='word_1_66' title='bbox 643 810 861 867; x_wconf 88' lang='lat' dir='ltr'><strong>dicitur</strong></span> <span class='ocrx_word' id='word_1_67' title='bbox 892 817 1351 868; x_wconf 88' lang='lat' dir='ltr'><strong>sacramentum.</strong></span> <span class='ocrx_word' id='word_1_68' title='bbox 1387 756 1764 869; x_wconf 60' lang='lat' dir='ltr'><strong>flanit‘estum</strong></span> <span class='ocrx_word' id='word_1_69' title='bbox 1794 817 1886 869; x_wconf 87' lang='lat' dir='ltr'><strong>est</strong></span> <span class='ocrx_word' id='word_1_70' title='bbox 1912 811 2093 881; x_wconf 82' lang='lat' dir='ltr'><strong>igitur</strong></span> <span class='ocrx_word' id='word_1_71' title='bbox 2122 813 2281 885; x_wconf 92' lang='lat' dir='ltr'><strong>quod</strong></span> <span class='ocrx_word' id='word_1_72' title='bbox 2326 814 2384 870; x_wconf 91' lang='lat' dir='ltr'><strong>in</strong></span> <span class='ocrx_word' id='word_1_73' title='bbox 2431 815 2615 873; x_wconf 85' lang='lat' dir='ltr'><strong>colla-</strong></span> 
     </span>
     <span class='ocr_line' id='line_1_9' title="bbox 213 878 2619 961; baseline 0.003 -26"><span class='ocrx_word' id='word_1_74' title='bbox 213 879 362 936; x_wconf 88' lang='lat' dir='ltr'><strong>tione</strong></span> <span class='ocrx_word' id='word_1_75' title='bbox 390 878 713 950; x_wconf 80' lang='lat' dir='ltr'><strong>spiritualis</strong></span> <span class='ocrx_word' id='word_1_76' title='bbox 744 881 1054 950; x_wconf 88' lang='lat' dir='ltr'><strong>potestatis</strong></span> <span class='ocrx_word' id='word_1_77' title='bbox 1079 881 1377 961; x_wconf 81' lang='lat' dir='ltr'><strong>quoddam</strong></span> <span class='ocrx_word' id='word_1_78' title='bbox 1406 886 1843 939; x_wconf 86' lang='lat' dir='ltr'><strong>sacramentum</strong></span> <span class='ocrx_word' id='word_1_79' title='bbox 1868 888 2186 955; x_wconf 78' lang='lat' dir='ltr'><strong>peragitur,</strong></span> <span class='ocrx_word' id='word_1_80' title='bbox 2212 884 2368 955; x_wconf 91' lang='lat' dir='ltr'><strong>quod</strong></span> <span class='ocrx_word' id='word_1_81' title='bbox 2401 885 2619 942; x_wconf 87' lang='lat' dir='ltr'><strong>dicitur</strong></span> 
     </span>
     <span class='ocr_line' id='line_1_10' title="bbox 216 948 2618 1023; baseline 0.003 -17"><span class='ocrx_word' id='word_1_82' title='bbox 216 948 442 1007; x_wconf 88' lang='lat' dir='ltr'><strong>Ordinis</strong></span> <span class='ocrx_word' id='word_1_83' title='bbox 466 951 1029 1009; x_wconf 81' lang='lat' dir='ltr'><strong>sacramentum.Ad</strong></span> <span class='ocrx_word' id='word_1_84' title='bbox 1057 950 1317 1010; x_wconf 77' lang='lat' dir='ltr'><strong>divinam</strong></span> <span class='ocrx_word' id='word_1_85' title='bbox 1350 959 1546 1010; x_wconf 87' lang='lat' dir='ltr'><strong>autem</strong></span> <span class='ocrx_word' id='word_1_86' title='bbox 1567 951 1975 1010; x_wconf 83' lang='lat' dir='ltr'><strong>liberalitatem</strong></span> <span class='ocrx_word' id='word_1_87' title='bbox 2000 953 2249 1023; x_wconf 84' lang='lat' dir='ltr'><strong>pertinet</strong></span> <span class='ocrx_word' id='word_1_88' title='bbox 2278 959 2339 1010; x_wconf 87' lang='lat' dir='ltr'><strong>ut</strong></span> <span class='ocrx_word' id='word_1_89' title='bbox 2364 956 2456 1012; x_wconf 88' lang='lat' dir='ltr'><strong>cui</strong></span> <span class='ocrx_word' id='word_1_90' title='bbox 2479 969 2618 1013; x_wconf 89' lang='lat' dir='ltr'><strong>con-</strong></span> 
     </span>
     <span class='ocr_line' id='line_1_11' title="bbox 212 1019 2617 1105; baseline 0.003 -29"><span class='ocrx_word' id='word_1_91' title='bbox 212 1019 388 1076; x_wconf 82' lang='lat' dir='ltr'><strong>fertur</strong></span> <span class='ocrx_word' id='word_1_92' title='bbox 411 1024 673 1090; x_wconf 84' lang='lat' dir='ltr'><strong>potestas</strong></span> <span class='ocrx_word' id='word_1_93' title='bbox 700 1021 772 1077; x_wconf 91' lang='lat' dir='ltr'><strong>ad</strong></span> <span class='ocrx_word' id='word_1_94' title='bbox 806 1020 1028 1094; x_wconf 88' lang='lat' dir='ltr'><strong>aliquid</strong></span> <span class='ocrx_word' id='word_1_95' title='bbox 1051 1023 1441 1103; x_wconf 85' lang='lat' dir='ltr'><strong>operandum,</strong></span> <span class='ocrx_word' id='word_1_96' title='bbox 1467 1024 1854 1080; x_wconf 77' lang='lat' dir='ltr'><strong>conterantur</strong></span> <span class='ocrx_word' id='word_1_97' title='bbox 1877 1023 2051 1080; x_wconf 89' lang='lat' dir='ltr'><strong>etiam</strong></span> <span class='ocrx_word' id='word_1_98' title='bbox 2101 1038 2170 1081; x_wconf 89' lang='lat' dir='ltr'><strong>ea</strong></span> <span class='ocrx_word' id='word_1_99' title='bbox 2218 1024 2346 1081; x_wconf 89' lang='lat' dir='ltr'><strong>sine</strong></span> <span class='ocrx_word' id='word_1_100' title='bbox 2397 1025 2617 1105; x_wconf 87' lang='lat' dir='ltr'><strong>quibus</strong></span> 
     </span>
     <span class='ocr_line' id='line_1_12' title="bbox 214 1088 2613 1163; baseline 0.003 -17"><span class='ocrx_word' id='word_1_101' title='bbox 214 1088 541 1161; x_wconf 85' lang='lat' dir='ltr'><strong>hujusmodi</strong></span> <span class='ocrx_word' id='word_1_102' title='bbox 573 1090 837 1162; x_wconf 87' lang='lat' dir='ltr'><strong>operatio</strong></span> <span class='ocrx_word' id='word_1_103' title='bbox 866 1099 1289 1149; x_wconf 77' lang='lat' dir='ltr'><strong>convenienter</strong></span> <span class='ocrx_word' id='word_1_104' title='bbox 1316 1094 1576 1150; x_wconf 83' lang='lat' dir='ltr'><strong>exerceri</strong></span> <span class='ocrx_word' id='word_1_105' title='bbox 1608 1105 1727 1149; x_wconf 93' lang='lat' dir='ltr'><strong>non</strong></span> <span class='ocrx_word' id='word_1_106' title='bbox 1775 1098 1989 1163; x_wconf 85' lang='lat' dir='ltr'><strong>potest.</strong></span> <span class='ocrx_word' id='word_1_107' title='bbox 2019 1093 2465 1152; x_wconf 65' lang='lat' dir='ltr'><strong>administratio</strong></span> <span class='ocrx_word' id='word_1_108' title='bbox 2508 1111 2613 1153; x_wconf 84' lang='lat' dir='ltr'><strong>au-</strong></span> 
     </span>
     <span class='ocr_line' id='line_1_13' title="bbox 213 1160 2619 1234; baseline 0.002 -17"><span class='ocrx_word' id='word_1_109' title='bbox 213 1165 322 1217; x_wconf 88' lang='lat' dir='ltr'><strong>tem</strong></span> <span class='ocrx_word' id='word_1_110' title='bbox 349 1165 875 1231; x_wconf 88' lang='lat' dir='ltr'><strong>sacramentorum,</strong></span> <span class='ocrx_word' id='word_1_111' title='bbox 908 1160 984 1219; x_wconf 87' lang='lat' dir='ltr'><strong>ad</strong></span> <span class='ocrx_word' id='word_1_112' title='bbox 1012 1176 1144 1234; x_wconf 79' lang='lat' dir='ltr'><strong>quae</strong></span> <span class='ocrx_word' id='word_1_113' title='bbox 1173 1163 1480 1221; x_wconf 87' lang='lat' dir='ltr'><strong>ordinatur</strong></span> <span class='ocrx_word' id='word_1_114' title='bbox 1517 1163 1848 1233; x_wconf 84' lang='lat' dir='ltr'><strong>spiritualis</strong></span> <span class='ocrx_word' id='word_1_115' title='bbox 1887 1170 2151 1234; x_wconf 89' lang='lat' dir='ltr'><strong>potestas</strong></span> <span class='ocrx_word' id='word_1_116' title='bbox 2197 1166 2619 1223; x_wconf 85' lang='lat' dir='ltr'><strong>convenienter</strong></span> 
     </span>
     <span class='ocr_line' id='line_1_14' title="bbox 212 1229 2618 1307; baseline 0.004 -22"><span class='ocrx_word' id='word_1_117' title='bbox 212 1241 324 1287; x_wconf 92' lang='lat' dir='ltr'><strong>non</strong></span> <span class='ocrx_word' id='word_1_118' title='bbox 351 1229 414 1286; x_wconf 82' lang='lat' dir='ltr'><strong>iit</strong></span> <span class='ocrx_word' id='word_1_119' title='bbox 450 1231 567 1288; x_wconf 88' lang='lat' dir='ltr'><strong>nisi</strong></span> <span class='ocrx_word' id='word_1_120' title='bbox 588 1231 807 1303; x_wconf 87' lang='lat' dir='ltr'><strong>aliquis</strong></span> <span class='ocrx_word' id='word_1_121' title='bbox 831 1229 904 1288; x_wconf 88' lang='lat' dir='ltr'><strong>ad</strong></span> <span class='ocrx_word' id='word_1_122' title='bbox 924 1231 1040 1290; x_wconf 87' lang='lat' dir='ltr'><strong>boc</strong></span> <span class='ocrx_word' id='word_1_123' title='bbox 1069 1247 1105 1290; x_wconf 90' lang='lat' dir='ltr'><strong>a</strong></span> <span class='ocrx_word' id='word_1_124' title='bbox 1129 1232 1325 1290; x_wconf 83' lang='lat' dir='ltr'><strong>divina</strong></span> <span class='ocrx_word' id='word_1_125' title='bbox 1354 1233 1543 1307; x_wconf 77' lang='lat' dir='ltr'><strong>gratia</strong></span> <span class='ocrx_word' id='word_1_126' title='bbox 1572 1233 1915 1304; x_wconf 84' lang='lat' dir='ltr'><strong>adjuvetur:</strong></span> <span class='ocrx_word' id='word_1_127' title='bbox 1940 1240 1999 1291; x_wconf 91' lang='lat' dir='ltr'><strong>et</strong></span> <span class='ocrx_word' id='word_1_128' title='bbox 2020 1233 2156 1292; x_wconf 91' lang='lat' dir='ltr'><strong>ideo</strong></span> <span class='ocrx_word' id='word_1_129' title='bbox 2187 1234 2249 1291; x_wconf 90' lang='lat' dir='ltr'><strong>iu</strong></span> <span class='ocrx_word' id='word_1_130' title='bbox 2280 1235 2393 1292; x_wconf 85' lang='lat' dir='ltr'><strong>boc</strong></span> <span class='ocrx_word' id='word_1_131' title='bbox 2423 1250 2618 1294; x_wconf 87' lang='lat' dir='ltr'><strong>sacra-</strong></span> 
     </span>
     <span class='ocr_line' id='line_1_15' title="bbox 213 1302 1942 1373; baseline 0.004 -18"><span class='ocrx_word' id='word_1_132' title='bbox 213 1305 399 1357; x_wconf 92' lang='lat' dir='ltr'><strong>mento</strong></span> <span class='ocrx_word' id='word_1_133' title='bbox 423 1302 728 1358; x_wconf 81' lang='lat' dir='ltr'><strong>cont&#39;ertur</strong></span> <span class='ocrx_word' id='word_1_134' title='bbox 752 1302 963 1373; x_wconf 81' lang='lat' dir='ltr'><strong>gratia,</strong></span> <span class='ocrx_word' id='word_1_135' title='bbox 994 1302 1153 1360; x_wconf 90' lang='lat' dir='ltr'><strong>sicut</strong></span> <span class='ocrx_word' id='word_1_136' title='bbox 1177 1309 1235 1361; x_wconf 90' lang='lat' dir='ltr'><strong>et</strong></span> <span class='ocrx_word' id='word_1_137' title='bbox 1264 1304 1323 1360; x_wconf 93' lang='lat' dir='ltr'><strong>in</strong></span> <span class='ocrx_word' id='word_1_138' title='bbox 1355 1304 1490 1362; x_wconf 89' lang='lat' dir='ltr'><strong>aliis</strong></span> <span class='ocrx_word' id='word_1_139' title='bbox 1529 1305 1942 1362; x_wconf 83' lang='lat' dir='ltr'><strong>sacramentis.</strong></span> 
     </span>
    </p>

    <p class='ocr_par' dir='ltr' id='par_1_3' title="bbox 207 1369 2617 2407">
     <span class='ocr_line' id='line_1_16' title="bbox 274 1369 2617 1450; baseline 0.003 -22"><span class='ocrx_word' id='word_1_140' title='bbox 274 1369 415 1450; x_wconf 77' lang='lat' dir='ltr'><strong>Quia</strong></span> <span class='ocrx_word' id='word_1_141' title='bbox 443 1385 582 1429; x_wconf 85' lang='lat' dir='ltr'><strong>vero</strong></span> <span class='ocrx_word' id='word_1_142' title='bbox 610 1376 873 1443; x_wconf 86' lang='lat' dir='ltr'><strong>potestas</strong></span> <span class='ocrx_word' id='word_1_143' title='bbox 906 1372 1143 1431; x_wconf 85' lang='lat' dir='ltr'><strong>Ordinis</strong></span> <span class='ocrx_word' id='word_1_144' title='bbox 1171 1373 1243 1432; x_wconf 88' lang='lat' dir='ltr'><strong>ad</strong></span> <span class='ocrx_word' id='word_1_145' title='bbox 1284 1374 1792 1443; x_wconf 87' lang='lat' dir='ltr'><strong>dispensationem</strong></span> <span class='ocrx_word' id='word_1_146' title='bbox 1821 1380 2327 1433; x_wconf 87' lang='lat' dir='ltr'><strong>sacramentorum</strong></span> <span class='ocrx_word' id='word_1_147' title='bbox 2379 1378 2617 1436; x_wconf 90' lang='lat' dir='ltr'><strong>ordina-</strong></span> 
     </span>
     <span class='ocr_line' id='line_1_17' title="bbox 215 1445 2611 1508; baseline 0.005 -14"><span class='ocrx_word' id='word_1_148' title='bbox 215 1445 316 1508; x_wconf 85' lang='lat' dir='ltr'><strong>tur,</strong></span> <span class='ocrx_word' id='word_1_149' title='bbox 358 1446 510 1498; x_wconf 89' lang='lat' dir='ltr'><strong>mter</strong></span> <span class='ocrx_word' id='word_1_150' title='bbox 540 1446 914 1500; x_wconf 86' lang='lat' dir='ltr'><strong>sacramenta</strong></span> <span class='ocrx_word' id='word_1_151' title='bbox 948 1447 1145 1500; x_wconf 87' lang='lat' dir='ltr'><strong>autem</strong></span> <span class='ocrx_word' id='word_1_152' title='bbox 1198 1445 1642 1501; x_wconf 87' lang='lat' dir='ltr'><strong>nobilissimum</strong></span> <span class='ocrx_word' id='word_1_153' title='bbox 1684 1448 1743 1502; x_wconf 92' lang='lat' dir='ltr'><strong>et</strong></span> <span class='ocrx_word' id='word_1_154' title='bbox 1787 1448 2320 1504; x_wconf 84' lang='lat' dir='ltr'><strong>consummativum</strong></span> <span class='ocrx_word' id='word_1_155' title='bbox 2358 1447 2611 1507; x_wconf 89' lang='lat' dir='ltr'><strong>aliorum</strong></span> 
     </span>
     <span class='ocr_line' id='line_1_18' title="bbox 212 1511 2616 1590; baseline 0.005 -24"><span class='ocrx_word' id='word_1_156' title='bbox 212 1514 293 1567; x_wconf 89' lang='lat' dir='ltr'><strong>est</strong></span> <span class='ocrx_word' id='word_1_157' title='bbox 316 1511 698 1570; x_wconf 85' lang='lat' dir='ltr'><strong>Eucharistiae</strong></span> <span class='ocrx_word' id='word_1_158' title='bbox 726 1518 1185 1583; x_wconf 87' lang='lat' dir='ltr'><strong>sacramentum,</strong></span> <span class='ocrx_word' id='word_1_159' title='bbox 1216 1520 1277 1571; x_wconf 90' lang='lat' dir='ltr'><strong>ut</strong></span> <span class='ocrx_word' id='word_1_160' title='bbox 1307 1529 1378 1571; x_wconf 85' lang='lat' dir='ltr'><strong>ex</strong></span> <span class='ocrx_word' id='word_1_161' title='bbox 1407 1514 1581 1572; x_wconf 88' lang='lat' dir='ltr'><strong>dictis</strong></span> <span class='ocrx_word' id='word_1_162' title='bbox 1608 1514 1758 1586; x_wconf 90' lang='lat' dir='ltr'><strong>(cap.</strong></span> <span class='ocrx_word' id='word_1_163' title='bbox 1798 1516 1887 1587; x_wconf 80' lang='lat'><strong>61)</strong></span> <span class='ocrx_word' id='word_1_164' title='bbox 1930 1523 2107 1586; x_wconf 87' lang='lat' dir='ltr'><strong>patet,</strong></span> <span class='ocrx_word' id='word_1_165' title='bbox 2178 1523 2408 1586; x_wconf 80' lang='lat' dir='ltr'><strong>oportet</strong></span> <span class='ocrx_word' id='word_1_166' title='bbox 2454 1518 2616 1590; x_wconf 87' lang='lat' dir='ltr'><strong>quod</strong></span> 
     </span>
     <span class='ocr_line' id='line_1_19' title="bbox 211 1582 2616 1657; baseline 0.004 -20"><span class='ocrx_word' id='word_1_167' title='bbox 211 1585 458 1650; x_wconf 88' lang='lat' dir='ltr'><strong>potestas</strong></span> <span class='ocrx_word' id='word_1_168' title='bbox 488 1583 732 1640; x_wconf 89' lang='lat' dir='ltr'><strong>Ordinis</strong></span> <span class='ocrx_word' id='word_1_169' title='bbox 760 1582 1169 1641; x_wconf 87' lang='lat' dir='ltr'><strong>consideretur</strong></span> <span class='ocrx_word' id='word_1_170' title='bbox 1194 1585 1484 1655; x_wconf 83' lang='lat' dir='ltr'><strong>praecipue</strong></span> <span class='ocrx_word' id='word_1_171' title='bbox 1512 1585 1844 1643; x_wconf 89' lang='lat' dir='ltr'><strong>secundum</strong></span> <span class='ocrx_word' id='word_1_172' title='bbox 1864 1588 2366 1657; x_wconf 77' lang='lat' dir='ltr'><strong>comparationem</strong></span> <span class='ocrx_word' id='word_1_173' title='bbox 2401 1588 2472 1644; x_wconf 90' lang='lat' dir='ltr'><strong>ad</strong></span> <span class='ocrx_word' id='word_1_174' title='bbox 2503 1589 2616 1647; x_wconf 87' lang='lat' dir='ltr'><strong>boc</strong></span> 
     </span>
     <span class='ocr_line' id='line_1_20' title="bbox 212 1655 2615 1732; baseline 0.004 -25"><span class='ocrx_word' id='word_1_175' title='bbox 212 1658 629 1732; x_wconf 80' lang='lat' dir='ltr'><strong>sacramentum</strong></span> <span class='ocrx_word' id='word_1_176' title='bbox 672 1666 851 1720; x_wconf 80' lang='lat' dir='ltr'><strong>3nam</strong></span> <span class='ocrx_word' id='word_1_177' title='bbox 897 1655 1361 1727; x_wconf 87' lang='lat' dir='ltr'><strong>unumquodque</strong></span> <span class='ocrx_word' id='word_1_178' title='bbox 1391 1656 1810 1713; x_wconf 89' lang='lat' dir='ltr'><strong>denominatur</strong></span> <span class='ocrx_word' id='word_1_179' title='bbox 1858 1670 1894 1714; x_wconf 90' lang='lat' dir='ltr'><strong>a</strong></span> <span class='ocrx_word' id='word_1_180' title='bbox 1937 1655 2075 1713; x_wconf 85' lang='lat' dir='ltr'><strong>fine.</strong></span> <span class='ocrx_word' id='word_1_181' title='bbox 2117 1657 2390 1729; x_wconf 86' lang='lat' dir='ltr'><strong>Ejusdem</strong></span> <span class='ocrx_word' id='word_1_182' title='bbox 2418 1665 2615 1716; x_wconf 89' lang='lat' dir='ltr'><strong>autem</strong></span> 
     </span>
     <span class='ocr_line' id='line_1_21' title="bbox 211 1722 2613 1799; baseline 0.005 -25"><span class='ocrx_word' id='word_1_183' title='bbox 211 1724 427 1781; x_wconf 78' lang='lat' dir='ltr'><strong>vlrtutis</strong></span> <span class='ocrx_word' id='word_1_184' title='bbox 456 1737 591 1780; x_wconf 82' lang='lat' dir='ltr'><strong>esse</strong></span> <span class='ocrx_word' id='word_1_185' title='bbox 624 1722 857 1780; x_wconf 81' lang='lat' dir='ltr'><strong>videtur</strong></span> <span class='ocrx_word' id='word_1_186' title='bbox 883 1724 1143 1796; x_wconf 86' lang='lat' dir='ltr'><strong>aliquam</strong></span> <span class='ocrx_word' id='word_1_187' title='bbox 1175 1726 1595 1795; x_wconf 78' lang='lat' dir='ltr'><strong>perlectionem</strong></span> <span class='ocrx_word' id='word_1_188' title='bbox 1637 1726 1917 1795; x_wconf 86' lang='lat' dir='ltr'><strong>tribuere,</strong></span> <span class='ocrx_word' id='word_1_189' title='bbox 1948 1731 2005 1783; x_wconf 91' lang='lat' dir='ltr'><strong>et</strong></span> <span class='ocrx_word' id='word_1_190' title='bbox 2046 1727 2118 1785; x_wconf 89' lang='lat' dir='ltr'><strong>ad</strong></span> <span class='ocrx_word' id='word_1_191' title='bbox 2173 1729 2613 1799; x_wconf 87' lang='lat' dir='ltr'><strong>susceptionem</strong></span> 
     </span>
     <span class='ocr_line' id='line_1_22' title="bbox 210 1789 2615 1873; baseline 0.005 -28"><span class='ocrx_word' id='word_1_192' title='bbox 210 1789 361 1848; x_wconf 88' lang='lat' dir='ltr'><strong>illius</strong></span> <span class='ocrx_word' id='word_1_193' title='bbox 390 1793 698 1851; x_wconf 84' lang='lat' dir='ltr'><strong>materiam</strong></span> <span class='ocrx_word' id='word_1_194' title='bbox 770 1808 1095 1864; x_wconf 81' lang='lat' dir='ltr'><strong>raeparare;</strong></span> <span class='ocrx_word' id='word_1_195' title='bbox 1126 1795 1281 1853; x_wconf 87' lang='lat' dir='ltr'><strong>sicut</strong></span> <span class='ocrx_word' id='word_1_196' title='bbox 1306 1795 1464 1869; x_wconf 76' lang='lat' dir='ltr'><strong>ignis</strong></span> <span class='ocrx_word' id='word_1_197' title='bbox 1490 1795 1764 1854; x_wconf 85' lang='lat' dir='ltr'><strong>virtutem</strong></span> <span class='ocrx_word' id='word_1_198' title='bbox 1806 1795 1983 1854; x_wconf 87' lang='lat' dir='ltr'><strong>habet</strong></span> <span class='ocrx_word' id='word_1_199' title='bbox 2028 1804 2093 1854; x_wconf 92' lang='lat' dir='ltr'><strong>ut</strong></span> <span class='ocrx_word' id='word_1_200' title='bbox 2141 1798 2615 1873; x_wconf 44' lang='lat' dir='ltr'><strong>formamffsuam</strong></span> 
     </span>
     <span class='ocr_line' id='line_1_23' title="bbox 209 1862 2611 1940; baseline 0.005 -25"><span class='ocrx_word' id='word_1_201' title='bbox 209 1862 571 1921; x_wconf 79' lang='lat' dir='ltr'><strong>transfundat</strong></span> <span class='ocrx_word' id='word_1_202' title='bbox 598 1867 660 1920; x_wconf 90' lang='lat' dir='ltr'><strong>in</strong></span> <span class='ocrx_word' id='word_1_203' title='bbox 695 1878 730 1920; x_wconf 89' lang='lat' dir='ltr'><strong>a</strong></span> <span class='ocrx_word' id='word_1_204' title='bbox 755 1869 967 1931; x_wconf 85' lang='lat' dir='ltr'><strong>terum,</strong></span> <span class='ocrx_word' id='word_1_205' title='bbox 997 1869 1055 1921; x_wconf 89' lang='lat' dir='ltr'><strong>et</strong></span> <span class='ocrx_word' id='word_1_206' title='bbox 1078 1869 1145 1922; x_wconf 91' lang='lat' dir='ltr'><strong>ut</strong></span> <span class='ocrx_word' id='word_1_207' title='bbox 1171 1867 1475 1923; x_wconf 83' lang='lat' dir='ltr'><strong>materiam</strong></span> <span class='ocrx_word' id='word_1_208' title='bbox 1504 1866 1785 1936; x_wconf 87' lang='lat' dir='ltr'><strong>disponat</strong></span> <span class='ocrx_word' id='word_1_209' title='bbox 1810 1867 1884 1923; x_wconf 89' lang='lat' dir='ltr'><strong>ad</strong></span> <span class='ocrx_word' id='word_1_210' title='bbox 1915 1867 2117 1925; x_wconf 80' lang='lat' dir='ltr'><strong>sormae</strong></span> <span class='ocrx_word' id='word_1_211' title='bbox 2148 1868 2611 1940; x_wconf 81' lang='lat' dir='ltr'><strong>susceptionem.</strong></span> 
     </span>
     <span class='ocr_line' id='line_1_24' title="bbox 210 1931 2616 2008; baseline 0.003 -20"><span class='ocrx_word' id='word_1_212' title='bbox 210 1931 385 1997; x_wconf 87' lang='lat' dir='ltr'><strong>Quum</strong></span> <span class='ocrx_word' id='word_1_213' title='bbox 415 1934 594 2005; x_wconf 77' lang='lat' dir='ltr'><strong>igitur</strong></span> <span class='ocrx_word' id='word_1_214' title='bbox 622 1938 892 2006; x_wconf 88' lang='lat' dir='ltr'><strong>potestas</strong></span> <span class='ocrx_word' id='word_1_215' title='bbox 922 1934 1158 1993; x_wconf 87' lang='lat' dir='ltr'><strong>Ordinis</strong></span> <span class='ocrx_word' id='word_1_216' title='bbox 1183 1937 1254 1993; x_wconf 89' lang='lat' dir='ltr'><strong>ad</strong></span> <span class='ocrx_word' id='word_1_217' title='bbox 1299 1935 1414 1993; x_wconf 88' lang='lat' dir='ltr'><strong>hoc</strong></span> <span class='ocrx_word' id='word_1_218' title='bbox 1443 1950 1509 1994; x_wconf 88' lang='lat' dir='ltr'><strong>se</strong></span> <span class='ocrx_word' id='word_1_219' title='bbox 1535 1937 1812 1995; x_wconf 85' lang='lat' dir='ltr'><strong>extendat</strong></span> <span class='ocrx_word' id='word_1_220' title='bbox 1841 1941 1905 1995; x_wconf 91' lang='lat' dir='ltr'><strong>ut</strong></span> <span class='ocrx_word' id='word_1_221' title='bbox 1929 1946 2366 1995; x_wconf 87' lang='lat' dir='ltr'><strong>sacramentum</strong></span> <span class='ocrx_word' id='word_1_222' title='bbox 2408 1951 2616 2008; x_wconf 88' lang='lat' dir='ltr'><strong>corpo-</strong></span> 
     </span>
     <span class='ocr_line' id='line_1_25' title="bbox 207 1999 2617 2079; baseline 0.004 -23"><span class='ocrx_word' id='word_1_223' title='bbox 207 1999 280 2058; x_wconf 85' lang='lat' dir='ltr'><strong>ris</strong></span> <span class='ocrx_word' id='word_1_224' title='bbox 303 2003 510 2062; x_wconf 84' lang='lat' dir='ltr'><strong>Christi</strong></span> <span class='ocrx_word' id='word_1_225' title='bbox 541 2003 825 2062; x_wconf 82' lang='lat' dir='ltr'><strong>conficiat</strong></span> <span class='ocrx_word' id='word_1_226' title='bbox 869 2010 927 2063; x_wconf 92' lang='lat' dir='ltr'><strong>et</strong></span> <span class='ocrx_word' id='word_1_227' title='bbox 963 2004 1240 2064; x_wconf 83' lang='lat' dir='ltr'><strong>fidelibus</strong></span> <span class='ocrx_word' id='word_1_228' title='bbox 1272 2007 1482 2075; x_wconf 86' lang='lat' dir='ltr'><strong>tradat,</strong></span> <span class='ocrx_word' id='word_1_229' title='bbox 1513 2011 1747 2078; x_wconf 88' lang='lat' dir='ltr'><strong>oportet</strong></span> <span class='ocrx_word' id='word_1_230' title='bbox 1780 2007 1938 2079; x_wconf 89' lang='lat' dir='ltr'><strong>quod</strong></span> <span class='ocrx_word' id='word_1_231' title='bbox 1988 2009 2193 2066; x_wconf 89' lang='lat' dir='ltr'><strong>eadem</strong></span> <span class='ocrx_word' id='word_1_232' title='bbox 2238 2015 2500 2079; x_wconf 87' lang='lat' dir='ltr'><strong>potestas</strong></span> <span class='ocrx_word' id='word_1_233' title='bbox 2544 2010 2617 2066; x_wconf 91' lang='lat' dir='ltr'><strong>ad</strong></span> 
     </span>
     <span class='ocr_line' id='line_1_26' title="bbox 210 2069 2616 2150; baseline 0.004 -23"><span class='ocrx_word' id='word_1_234' title='bbox 210 2069 313 2130; x_wconf 87' lang='lat' dir='ltr'><strong>hoc</strong></span> <span class='ocrx_word' id='word_1_235' title='bbox 338 2087 402 2131; x_wconf 88' lang='lat' dir='ltr'><strong>se</strong></span> <span class='ocrx_word' id='word_1_236' title='bbox 430 2076 713 2133; x_wconf 85' lang='lat' dir='ltr'><strong>extendat</strong></span> <span class='ocrx_word' id='word_1_237' title='bbox 736 2075 896 2147; x_wconf 89' lang='lat' dir='ltr'><strong>quod</strong></span> <span class='ocrx_word' id='word_1_238' title='bbox 924 2073 1130 2133; x_wconf 85' lang='lat' dir='ltr'><strong>fideles</strong></span> <span class='ocrx_word' id='word_1_239' title='bbox 1158 2083 1330 2147; x_wconf 88' lang='lat' dir='ltr'><strong>aptos</strong></span> <span class='ocrx_word' id='word_1_240' title='bbox 1368 2077 1593 2141; x_wconf 82' lang='lat' dir='ltr'><strong>reddat,</strong></span> <span class='ocrx_word' id='word_1_241' title='bbox 1624 2081 1682 2134; x_wconf 91' lang='lat' dir='ltr'><strong>et</strong></span> <span class='ocrx_word' id='word_1_242' title='bbox 1727 2091 2029 2150; x_wconf 80' lang='lat' dir='ltr'><strong>congruos</strong></span> <span class='ocrx_word' id='word_1_243' title='bbox 2078 2078 2151 2136; x_wconf 91' lang='lat' dir='ltr'><strong>ad</strong></span> <span class='ocrx_word' id='word_1_244' title='bbox 2198 2078 2378 2149; x_wconf 82' lang='lat' dir='ltr'><strong>hujus</strong></span> <span class='ocrx_word' id='word_1_245' title='bbox 2420 2093 2616 2137; x_wconf 88' lang='lat' dir='ltr'><strong>sacra-</strong></span> 
     </span>
     <span class='ocr_line' id='line_1_27' title="bbox 208 2143 2616 2220; baseline 0.004 -23"><span class='ocrx_word' id='word_1_246' title='bbox 208 2143 373 2200; x_wconf 88' lang='lat' dir='ltr'><strong>menti</strong></span> <span class='ocrx_word' id='word_1_247' title='bbox 407 2145 876 2218; x_wconf 77' lang='lat' dir='ltr'><strong>perceptionem‚</strong></span> <span class='ocrx_word' id='word_1_248' title='bbox 902 2145 1184 2203; x_wconf 85' lang='lat' dir='ltr'><strong>Redditur</strong></span> <span class='ocrx_word' id='word_1_249' title='bbox 1208 2153 1405 2204; x_wconf 91' lang='lat' dir='ltr'><strong>autem</strong></span> <span class='ocrx_word' id='word_1_250' title='bbox 1436 2154 1610 2218; x_wconf 86' lang='lat' dir='ltr'><strong>aptus</strong></span> <span class='ocrx_word' id='word_1_251' title='bbox 1639 2151 1698 2205; x_wconf 88' lang='lat' dir='ltr'><strong>et</strong></span> <span class='ocrx_word' id='word_1_252' title='bbox 1744 2161 2048 2220; x_wconf 79' lang='lat' dir='ltr'><strong>congruus</strong></span> <span class='ocrx_word' id='word_1_253' title='bbox 2090 2148 2284 2206; x_wconf 88' lang='lat' dir='ltr'><strong>fidelis</strong></span> <span class='ocrx_word' id='word_1_254' title='bbox 2336 2148 2405 2206; x_wconf 88' lang='lat' dir='ltr'><strong>ad</strong></span> <span class='ocrx_word' id='word_1_255' title='bbox 2439 2149 2616 2219; x_wconf 83' lang='lat' dir='ltr'><strong>huius</strong></span> 
     </span>
     <span class='ocr_line' id='line_1_28' title="bbox 208 2215 2615 2289; baseline 0.005 -22"><span class='ocrx_word' id='word_1_256' title='bbox 208 2215 545 2272; x_wconf 87' lang='lat' dir='ltr'><strong>sacramenti</strong></span> <span class='ocrx_word' id='word_1_257' title='bbox 573 2216 1017 2287; x_wconf 86' lang='lat' dir='ltr'><strong>perceptionem</strong></span> <span class='ocrx_word' id='word_1_258' title='bbox 1048 2230 1150 2286; x_wconf 91' lang='lat' dir='ltr'><strong>per</strong></span> <span class='ocrx_word' id='word_1_259' title='bbox 1179 2216 1291 2274; x_wconf 88' lang='lat' dir='ltr'><strong>hoc</strong></span> <span class='ocrx_word' id='word_1_260' title='bbox 1319 2217 1479 2289; x_wconf 89' lang='lat' dir='ltr'><strong>quod</strong></span> <span class='ocrx_word' id='word_1_261' title='bbox 1499 2223 1593 2276; x_wconf 90' lang='lat' dir='ltr'><strong>est</strong></span> <span class='ocrx_word' id='word_1_262' title='bbox 1615 2232 1653 2275; x_wconf 87' lang='lat' dir='ltr'><strong>a</strong></span> <span class='ocrx_word' id='word_1_263' title='bbox 1679 2225 1922 2288; x_wconf 88' lang='lat' dir='ltr'><strong>peccato</strong></span> <span class='ocrx_word' id='word_1_264' title='bbox 1952 2218 2238 2276; x_wconf 89' lang='lat' dir='ltr'><strong>immunis</strong></span> <span class='ocrx_word' id='word_1_265' title='bbox 2270 2233 2427 2276; x_wconf 86' lang='lat' dir='ltr'><strong>:non</strong></span> <span class='ocrx_word' id='word_1_266' title='bbox 2459 2219 2615 2279; x_wconf 89' lang='lat' dir='ltr'><strong>enim</strong></span> 
     </span>
     <span class='ocr_line' id='line_1_29' title="bbox 208 2285 2616 2407; baseline 0.003 -68"><span class='ocrx_word' id='word_1_267' title='bbox 208 2288 387 2407; x_wconf 64' lang='lat' dir='ltr'><strong>Botest</strong></span> <span class='ocrx_word' id='word_1_268' title='bbox 418 2285 591 2343; x_wconf 90' lang='lat' dir='ltr'><strong>aliter</strong></span> <span class='ocrx_word' id='word_1_269' title='bbox 619 2286 858 2343; x_wconf 89' lang='lat' dir='ltr'><strong>Christo</strong></span> <span class='ocrx_word' id='word_1_270' title='bbox 888 2287 1273 2357; x_wconf 84' lang='lat' dir='ltr'><strong>spiritualiter</strong></span> <span class='ocrx_word' id='word_1_271' title='bbox 1303 2288 1479 2349; x_wconf 88' lang='lat' dir='ltr'><strong>uniri,</strong></span> <span class='ocrx_word' id='word_1_272' title='bbox 1514 2288 1609 2346; x_wconf 92' lang='lat' dir='ltr'><strong>cui</strong></span> <span class='ocrx_word' id='word_1_273' title='bbox 1660 2290 2167 2346; x_wconf 86' lang='lat' dir='ltr'><strong>sacramentaliter</strong></span> <span class='ocrx_word' id='word_1_274' title='bbox 2212 2290 2616 2359; x_wconf 64' lang='lat' dir='ltr'><strong>conjungitur,</strong></span> 
     </span>
    </p>

    <p class='ocr_par' dir='ltr' id='par_1_4' title="bbox 203 2356 2619 3130">
     <span class='ocr_line' id='line_1_30' title="bbox 245 2356 2617 2437; baseline 0.004 -28"><span class='ocrx_word' id='word_1_275' title='bbox 245 2366 309 2409; x_wconf 91' lang='lat' dir='ltr'><strong>oc</strong></span> <span class='ocrx_word' id='word_1_276' title='bbox 333 2363 772 2413; x_wconf 88' lang='lat' dir='ltr'><strong>sacramentum</strong></span> <span class='ocrx_word' id='word_1_277' title='bbox 812 2356 1211 2427; x_wconf 89' lang='lat' dir='ltr'><strong>percipiendo.</strong></span> <span class='ocrx_word' id='word_1_278' title='bbox 1248 2358 1490 2426; x_wconf 89' lang='lat' dir='ltr'><strong>Oportet</strong></span> <span class='ocrx_word' id='word_1_279' title='bbox 1525 2359 1711 2430; x_wconf 85' lang='lat' dir='ltr'><strong>igitur</strong></span> <span class='ocrx_word' id='word_1_280' title='bbox 1754 2358 1913 2429; x_wconf 88' lang='lat' dir='ltr'><strong>quod</strong></span> <span class='ocrx_word' id='word_1_281' title='bbox 1961 2364 2222 2437; x_wconf 79' lang='lat' dir='ltr'><strong>potestas</strong></span> <span class='ocrx_word' id='word_1_282' title='bbox 2268 2360 2508 2416; x_wconf 88' lang='lat' dir='ltr'><strong>Ordinis</strong></span> <span class='ocrx_word' id='word_1_283' title='bbox 2550 2372 2617 2418; x_wconf 88' lang='lat' dir='ltr'><strong>se</strong></span> 
     </span>
     <span class='ocr_line' id='line_1_31' title="bbox 209 2425 2619 2497; baseline 0.004 -20"><span class='ocrx_word' id='word_1_284' title='bbox 209 2425 467 2484; x_wconf 79' lang='lat' dir='ltr'><strong>extendat</strong></span> <span class='ocrx_word' id='word_1_285' title='bbox 491 2427 565 2485; x_wconf 89' lang='lat' dir='ltr'><strong>ad</strong></span> <span class='ocrx_word' id='word_1_286' title='bbox 600 2426 1021 2483; x_wconf 84' lang='lat' dir='ltr'><strong>remissionem</strong></span> <span class='ocrx_word' id='word_1_287' title='bbox 1054 2433 1426 2496; x_wconf 85' lang='lat' dir='ltr'><strong>peccatorum</strong></span> <span class='ocrx_word' id='word_1_288' title='bbox 1462 2441 1564 2496; x_wconf 91' lang='lat' dir='ltr'><strong>per</strong></span> <span class='ocrx_word' id='word_1_289' title='bbox 1592 2427 2101 2497; x_wconf 77' lang='lat' dir='ltr'><strong>dispensationem</strong></span> <span class='ocrx_word' id='word_1_290' title='bbox 2149 2428 2386 2483; x_wconf 77' lang='lat' dir='ltr'><strong>illorum</strong></span> <span class='ocrx_word' id='word_1_291' title='bbox 2424 2441 2619 2487; x_wconf 89' lang='lat' dir='ltr'><strong>sacra·</strong></span> 
     </span>
     <span class='ocr_line' id='line_1_32' title="bbox 209 2496 2618 2570; baseline 0.003 -20"><span class='ocrx_word' id='word_1_292' title='bbox 209 2501 526 2556; x_wconf 79' lang='lat' dir='ltr'><strong>mentorum</strong></span> <span class='ocrx_word' id='word_1_293' title='bbox 576 2509 714 2570; x_wconf 82' lang='lat' dir='ltr'><strong>quae</strong></span> <span class='ocrx_word' id='word_1_294' title='bbox 759 2496 1109 2554; x_wconf 86' lang='lat' dir='ltr'><strong>ordinantur</strong></span> <span class='ocrx_word' id='word_1_295' title='bbox 1149 2496 1221 2554; x_wconf 87' lang='lat' dir='ltr'><strong>ad</strong></span> <span class='ocrx_word' id='word_1_296' title='bbox 1268 2496 1489 2567; x_wconf 88' lang='lat' dir='ltr'><strong>peccati</strong></span> <span class='ocrx_word' id='word_1_297' title='bbox 1551 2497 1963 2555; x_wconf 88' lang='lat' dir='ltr'><strong>remissionem</strong></span> <span class='ocrx_word' id='word_1_298' title='bbox 2020 2516 2035 2553; x_wconf 91' lang='lat'>:</span> <span class='ocrx_word' id='word_1_299' title='bbox 2088 2497 2422 2567; x_wconf 89' lang='lat' dir='ltr'><strong>cujusmodi</strong></span> <span class='ocrx_word' id='word_1_300' title='bbox 2475 2504 2618 2557; x_wconf 90' lang='lat' dir='ltr'><strong>sunt</strong></span> 
     </span>
     <span class='ocr_line' id='line_1_33' title="bbox 209 2564 2618 2638; baseline 0.004 -20"><span class='ocrx_word' id='word_1_301' title='bbox 209 2564 534 2636; x_wconf 87' lang='lat' dir='ltr'><strong>Baptismus</strong></span> <span class='ocrx_word' id='word_1_302' title='bbox 564 2574 624 2626; x_wconf 91' lang='lat' dir='ltr'><strong>et</strong></span> <span class='ocrx_word' id='word_1_303' title='bbox 654 2567 1032 2635; x_wconf 85' lang='lat' dir='ltr'><strong>Poenitentia‚</strong></span> <span class='ocrx_word' id='word_1_304' title='bbox 1054 2570 1120 2624; x_wconf 92' lang='lat' dir='ltr'><strong>ut</strong></span> <span class='ocrx_word' id='word_1_305' title='bbox 1138 2581 1211 2624; x_wconf 86' lang='lat' dir='ltr'><strong>ex</strong></span> <span class='ocrx_word' id='word_1_306' title='bbox 1236 2568 1410 2625; x_wconf 90' lang='lat' dir='ltr'><strong>dictis</strong></span> <span class='ocrx_word' id='word_1_307' title='bbox 1441 2571 1620 2638; x_wconf 84' lang='lat' dir='ltr'><strong>patet.</strong></span> <span class='ocrx_word' id='word_1_308' title='bbox 1649 2566 1833 2636; x_wconf 89' lang='lat' dir='ltr'><strong>Unde,</strong></span> <span class='ocrx_word' id='word_1_309' title='bbox 1856 2572 1920 2624; x_wconf 90' lang='lat' dir='ltr'><strong>ut</strong></span> <span class='ocrx_word' id='word_1_310' title='bbox 1943 2567 2164 2624; x_wconf 90' lang='lat' dir='ltr'><strong>dictum</strong></span> <span class='ocrx_word' id='word_1_311' title='bbox 2192 2575 2301 2631; x_wconf 84' lang='lat' dir='ltr'><strong>est,</strong></span> <span class='ocrx_word' id='word_1_312' title='bbox 2327 2570 2618 2628; x_wconf 88' lang='lat' dir='ltr'><strong>Dominus</strong></span> 
     </span>
     <span class='ocr_line' id='line_1_34' title="bbox 206 2632 2617 2711; baseline 0.003 -22"><span class='ocrx_word' id='word_1_313' title='bbox 206 2632 524 2708; x_wconf 86' lang='lat' dir='ltr'><strong>discipulis,</strong></span> <span class='ocrx_word' id='word_1_314' title='bbox 558 2637 784 2711; x_wconf 88' lang='lat' dir='ltr'><strong>quibus</strong></span> <span class='ocrx_word' id='word_1_315' title='bbox 806 2637 1108 2694; x_wconf 90' lang='lat' dir='ltr'><strong>commisit</strong></span> <span class='ocrx_word' id='word_1_316' title='bbox 1134 2638 1225 2695; x_wconf 91' lang='lat' dir='ltr'><strong>sui</strong></span> <span class='ocrx_word' id='word_1_317' title='bbox 1252 2638 1522 2708; x_wconf 90' lang='lat' dir='ltr'><strong>corporis</strong></span> <span class='ocrx_word' id='word_1_318' title='bbox 1550 2638 2085 2705; x_wconf 88' lang='lat' dir='ltr'><strong>consecrationem,</strong></span> <span class='ocrx_word' id='word_1_319' title='bbox 2116 2637 2277 2694; x_wconf 90' lang='lat' dir='ltr'><strong>dedit</strong></span> <span class='ocrx_word' id='word_1_320' title='bbox 2301 2641 2477 2696; x_wconf 87' lang='lat' dir='ltr'><strong>etiam</strong></span> <span class='ocrx_word' id='word_1_321' title='bbox 2512 2653 2617 2709; x_wconf 90' lang='lat' dir='ltr'><strong>po-</strong></span> 
     </span>
     <span class='ocr_line' id='line_1_35' title="bbox 203 2706 2612 2780; baseline 0.003 -22"><span class='ocrx_word' id='word_1_322' title='bbox 203 2708 456 2765; x_wconf 86' lang='lat' dir='ltr'><strong>testatem</strong></span> <span class='ocrx_word' id='word_1_323' title='bbox 490 2706 827 2765; x_wconf 87' lang='lat' dir='ltr'><strong>remittendi</strong></span> <span class='ocrx_word' id='word_1_324' title='bbox 851 2713 1127 2778; x_wconf 79' lang='lat' dir='ltr'><strong>peccata3</strong></span> <span class='ocrx_word' id='word_1_325' title='bbox 1159 2722 1289 2779; x_wconf 80' lang='lat' dir='ltr'><strong>quae</strong></span> <span class='ocrx_word' id='word_1_326' title='bbox 1317 2707 1553 2780; x_wconf 89' lang='lat' dir='ltr'><strong>quidem</strong></span> <span class='ocrx_word' id='word_1_327' title='bbox 1585 2710 1848 2779; x_wconf 85' lang='lat' dir='ltr'><strong>potestas</strong></span> <span class='ocrx_word' id='word_1_328' title='bbox 1876 2721 1981 2779; x_wconf 90' lang='lat' dir='ltr'><strong>per</strong></span> <span class='ocrx_word' id='word_1_329' title='bbox 2014 2708 2210 2766; x_wconf 89' lang='lat' dir='ltr'><strong>claves</strong></span> <span class='ocrx_word' id='word_1_330' title='bbox 2241 2709 2612 2780; x_wconf 83' lang='lat' dir='ltr'><strong>intelligitur,</strong></span> 
     </span>
     <span class='ocr_line' id='line_1_36' title="bbox 204 2773 2617 2849; baseline 0.002 -20"><span class='ocrx_word' id='word_1_331' title='bbox 204 2773 267 2830; x_wconf 89' lang='lat' dir='ltr'><strong>de</strong></span> <span class='ocrx_word' id='word_1_332' title='bbox 291 2779 507 2848; x_wconf 87' lang='lat' dir='ltr'><strong>quibus</strong></span> <span class='ocrx_word' id='word_1_333' title='bbox 536 2777 830 2835; x_wconf 88' lang='lat' dir='ltr'><strong>Dominus</strong></span> <span class='ocrx_word' id='word_1_334' title='bbox 860 2780 1051 2845; x_wconf 81' lang='lat' dir='ltr'><strong>Petro,</strong></span> <span class='ocrx_word' id='word_1_335' title='bbox 1079 2779 1304 2847; x_wconf 66' lang='lat' dir='ltr'><strong>Mattb„</strong></span> <span class='ocrx_word' id='word_1_336' title='bbox 1331 2790 1455 2842; x_wconf 76' lang='lat' dir='ltr'><strong>xvi,</strong></span> <span class='ocrx_word' id='word_1_337' title='bbox 1511 2781 1599 2845; x_wconf 81' lang='lat'><strong>19,</strong></span> <span class='ocrx_word' id='word_1_338' title='bbox 1648 2777 1797 2835; x_wconf 85' lang='lat' dir='ltr'><strong>dixit</strong></span> <span class='ocrx_word' id='word_1_339' title='bbox 1845 2795 1860 2835; x_wconf 79' lang='lat' dir='ltr'><strong><em>z</em></strong></span> <span class='ocrx_word' id='word_1_340' title='bbox 1905 2778 2027 2833; x_wconf 80' lang='lat' dir='ltr'><strong>Tibi</strong></span> <span class='ocrx_word' id='word_1_341' title='bbox 2065 2779 2203 2833; x_wconf 83' lang='lat' dir='ltr'><strong>dabo</strong></span> <span class='ocrx_word' id='word_1_342' title='bbox 2249 2781 2425 2835; x_wconf 81' lang='lat' dir='ltr'><strong>claves</strong></span> <span class='ocrx_word' id='word_1_343' title='bbox 2460 2783 2617 2849; x_wconf 70' lang='lat' dir='ltr'><strong>requi</strong></span> 
     </span>
     <span class='ocr_line' id='line_1_37' title="bbox 209 2846 2616 2921; baseline 0.002 -21"><span class='ocrx_word' id='word_1_344' title='bbox 209 2846 459 2903; x_wconf 76' lang='lat' dir='ltr'><strong>calorum.</strong></span> <span class='ocrx_word' id='word_1_345' title='bbox 493 2849 721 2906; x_wconf 83' lang='lat' dir='ltr'><strong>Coelum</strong></span> <span class='ocrx_word' id='word_1_346' title='bbox 753 2849 910 2905; x_wconf 91' lang='lat' dir='ltr'><strong>enim</strong></span> <span class='ocrx_word' id='word_1_347' title='bbox 941 2848 1263 2920; x_wconf 88' lang='lat' dir='ltr'><strong>uuicuique</strong></span> <span class='ocrx_word' id='word_1_348' title='bbox 1308 2847 1606 2906; x_wconf 88' lang='lat' dir='ltr'><strong>clauditur</strong></span> <span class='ocrx_word' id='word_1_349' title='bbox 1640 2853 1700 2905; x_wconf 89' lang='lat' dir='ltr'><strong>et</strong></span> <span class='ocrx_word' id='word_1_350' title='bbox 1726 2847 1985 2918; x_wconf 89' lang='lat' dir='ltr'><strong>aperitur</strong></span> <span class='ocrx_word' id='word_1_351' title='bbox 2009 2862 2113 2919; x_wconf 88' lang='lat' dir='ltr'><strong>per</strong></span> <span class='ocrx_word' id='word_1_352' title='bbox 2159 2848 2271 2905; x_wconf 85' lang='lat' dir='ltr'><strong>boc</strong></span> <span class='ocrx_word' id='word_1_353' title='bbox 2300 2848 2455 2920; x_wconf 89' lang='lat' dir='ltr'><strong>quod</strong></span> <span class='ocrx_word' id='word_1_354' title='bbox 2487 2865 2616 2921; x_wconf 89' lang='lat' dir='ltr'><strong>pec·</strong></span> 
     </span>
     <span class='ocr_line' id='line_1_38' title="bbox 208 2917 2616 2998; baseline 0.002 -27"><span class='ocrx_word' id='word_1_355' title='bbox 208 2920 328 2974; x_wconf 91' lang='lat' dir='ltr'><strong>cato</strong></span> <span class='ocrx_word' id='word_1_356' title='bbox 353 2918 643 2990; x_wconf 85' lang='lat' dir='ltr'><strong>subjacet,</strong></span> <span class='ocrx_word' id='word_1_357' title='bbox 674 2918 767 2975; x_wconf 87' lang='lat' dir='ltr'><strong>vel</strong></span> <span class='ocrx_word' id='word_1_358' title='bbox 796 2933 833 2976; x_wconf 91' lang='lat' dir='ltr'><strong>a</strong></span> <span class='ocrx_word' id='word_1_359' title='bbox 856 2924 1098 2989; x_wconf 90' lang='lat' dir='ltr'><strong>peccato</strong></span> <span class='ocrx_word' id='word_1_360' title='bbox 1117 2924 1434 2998; x_wconf 76' lang='lat' dir='ltr'><strong>purgatur:</strong></span> <span class='ocrx_word' id='word_1_361' title='bbox 1461 2917 1615 2975; x_wconf 87' lang='lat' dir='ltr'><strong>unde</strong></span> <span class='ocrx_word' id='word_1_362' title='bbox 1635 2921 1694 2974; x_wconf 91' lang='lat' dir='ltr'><strong>et</strong></span> <span class='ocrx_word' id='word_1_363' title='bbox 1721 2931 1869 2975; x_wconf 89' lang='lat' dir='ltr'><strong>usus</strong></span> <span class='ocrx_word' id='word_1_364' title='bbox 1897 2918 2104 2976; x_wconf 87' lang='lat' dir='ltr'><strong>harum</strong></span> <span class='ocrx_word' id='word_1_365' title='bbox 2128 2919 2379 2976; x_wconf 87' lang='lat' dir='ltr'><strong>clavium</strong></span> <span class='ocrx_word' id='word_1_366' title='bbox 2403 2919 2616 2977; x_wconf 88' lang='lat' dir='ltr'><strong>dicitur</strong></span> 
     </span>
     <span class='ocr_line' id='line_1_39' title="bbox 208 2987 2615 3116; baseline 0.002 -73"><span class='ocrx_word' id='word_1_367' title='bbox 208 2997 330 3044; x_wconf 85' lang='lat' dir='ltr'><strong>esse</strong></span> <span class='ocrx_word' id='word_1_368' title='bbox 355 2988 568 3116; x_wconf 63' lang='lat' dir='ltr'><strong>ligare,</strong></span> <span class='ocrx_word' id='word_1_369' title='bbox 598 2993 659 3047; x_wconf 87' lang='lat' dir='ltr'><strong>et</strong></span> <span class='ocrx_word' id='word_1_370' title='bbox 702 2990 952 3055; x_wconf 87' lang='lat' dir='ltr'><strong>solvere,</strong></span> <span class='ocrx_word' id='word_1_371' title='bbox 999 2988 1231 3045; x_wconf 78' lang='lat' dir='ltr'><strong>scilicet</strong></span> <span class='ocrx_word' id='word_1_372' title='bbox 1270 3003 1306 3045; x_wconf 89' lang='lat' dir='ltr'><strong>a</strong></span> <span class='ocrx_word' id='word_1_373' title='bbox 1348 2988 1651 3058; x_wconf 86' lang='lat' dir='ltr'><strong>peccatis:</strong></span> <span class='ocrx_word' id='word_1_374' title='bbox 1693 2987 1767 3046; x_wconf 87' lang='lat' dir='ltr'><strong>de</strong></span> <span class='ocrx_word' id='word_1_375' title='bbox 1807 2988 2023 3060; x_wconf 83' lang='lat' dir='ltr'><strong>quihus</strong></span> <span class='ocrx_word' id='word_1_376' title='bbox 2068 2989 2307 3061; x_wconf 86' lang='lat' dir='ltr'><strong>quidem</strong></span> <span class='ocrx_word' id='word_1_377' title='bbox 2348 2990 2615 3047; x_wconf 85' lang='lat' dir='ltr'><strong>clavibus</strong></span> 
     </span>
     <span class='ocr_line' id='line_1_40' title="bbox 205 3057 1501 3130; baseline 0.004 -19"><span class='ocrx_word' id='word_1_378' title='bbox 205 3065 373 3128; x_wconf 83' lang='lat' dir='ltr'><strong>supra</strong></span> <span class='ocrx_word' id='word_1_379' title='bbox 443 3060 631 3117; x_wconf 88' lang='lat' dir='ltr'><strong>ictum</strong></span> <span class='ocrx_word' id='word_1_380' title='bbox 661 3062 772 3117; x_wconf 87' lang='lat' dir='ltr'><strong>est.</strong></span> <span class='ocrx_word' id='word_1_381' title='bbox 804 3059 912 3130; x_wconf 83' lang='lat' dir='ltr'><strong>(IV</strong></span> <span class='ocrx_word' id='word_1_382' title='bbox 931 3059 1105 3128; x_wconf 68' lang='lat' dir='ltr'><strong>sent„</strong></span> <span class='ocrx_word' id='word_1_383' title='bbox 1134 3058 1274 3117; x_wconf 86' lang='lat' dir='ltr'><strong>dist.</strong></span> <span class='ocrx_word' id='word_1_384' title='bbox 1306 3057 1501 3125; x_wconf 79' lang='lat' dir='ltr'><strong>xxiv.)</strong></span> 
     </span>
    </p>
   </div>
   <div class='ocr_carea' id='block_1_3' title="bbox 1160 3277 1682 3343">
    <p class='ocr_par' dir='ltr' id='par_1_5' title="bbox 1160 3277 1682 3343">
     <span class='ocr_line' id='line_1_41' title="bbox 1160 3277 1682 3343; baseline 0.002 -1"><span class='ocrx_word' id='word_1_385' title='bbox 1160 3277 1411 3342; x_wconf 86' lang='lat' dir='ltr'>CAPUT</span> <span class='ocrx_word' id='word_1_386' title='bbox 1452 3278 1682 3343; x_wconf 84' lang='lat' dir='ltr'><strong>Lxxv.</strong></span> 
     </span>
    </p>
   </div>
   <div class='ocr_carea' id='block_1_4' title="bbox 988 3456 1812 3504">
    <p class='ocr_par' dir='ltr' id='par_1_6' title="bbox 988 3456 1812 3504">
     <span class='ocr_line' id='line_1_42' title="bbox 988 3456 1812 3504; baseline -0.001 -1"><span class='ocrx_word' id='word_1_387' title='bbox 988 3457 1064 3503; x_wconf 74' lang='lat' dir='ltr'><strong>DE</strong></span> <span class='ocrx_word' id='word_1_388' title='bbox 1090 3456 1493 3504; x_wconf 71' lang='lat' dir='ltr'><strong>msTchloNn</strong></span> <span class='ocrx_word' id='word_1_389' title='bbox 1529 3456 1812 3503; x_wconf 72' lang='lat' dir='ltr'><strong>(mmmm.</strong></span> 
     </span>
    </p>
   </div>
   <div class='ocr_carea' id='block_1_5' title="bbox 197 3621 2614 4466">
    <p class='ocr_par' dir='ltr' id='par_1_7' title="bbox 197 3621 2614 4466">
     <span class='ocr_line' id='line_1_43' title="bbox 266 3621 2611 3694; baseline 0.001 -14"><span class='ocrx_word' id='word_1_390' title='bbox 266 3621 780 3681; x_wconf 87' lang='lat' dir='ltr'><strong>Considerandum</strong></span> <span class='ocrx_word' id='word_1_391' title='bbox 811 3626 903 3679; x_wconf 92' lang='lat' dir='ltr'><strong>est</strong></span> <span class='ocrx_word' id='word_1_392' title='bbox 948 3627 1145 3680; x_wconf 89' lang='lat' dir='ltr'><strong>autem</strong></span> <span class='ocrx_word' id='word_1_393' title='bbox 1197 3621 1355 3694; x_wconf 90' lang='lat' dir='ltr'><strong>quod</strong></span> <span class='ocrx_word' id='word_1_394' title='bbox 1402 3625 1668 3692; x_wconf 84' lang='lat' dir='ltr'><strong>potestas</strong></span> <span class='ocrx_word' id='word_1_395' title='bbox 1711 3635 1844 3693; x_wconf 79' lang='lat' dir='ltr'><strong>quae</strong></span> <span class='ocrx_word' id='word_1_396' title='bbox 1893 3622 2202 3681; x_wconf 86' lang='lat' dir='ltr'><strong>ordinatur</strong></span> <span class='ocrx_word' id='word_1_397' title='bbox 2237 3622 2309 3679; x_wconf 88' lang='lat' dir='ltr'><strong>ad</strong></span> <span class='ocrx_word' id='word_1_398' title='bbox 2354 3622 2611 3694; x_wconf 79' lang='lat' dir='ltr'><strong>aliquem</strong></span> 
     </span>
     <span class='ocr_line' id='line_1_44' title="bbox 198 3691 2614 3765; baseline 0.002 -18"><span class='ocrx_word' id='word_1_399' title='bbox 198 3693 585 3765; x_wconf 86' lang='lat' dir='ltr'><strong>principalem</strong></span> <span class='ocrx_word' id='word_1_400' title='bbox 634 3691 904 3749; x_wconf 81' lang='lat' dir='ltr'><strong>effectum</strong></span> <span class='ocrx_word' id='word_1_401' title='bbox 948 3695 1085 3748; x_wconf 88' lang='lat' dir='ltr'><strong>nata</strong></span> <span class='ocrx_word' id='word_1_402' title='bbox 1112 3691 1448 3748; x_wconf 89' lang='lat' dir='ltr'><strong>esthabere</strong></span> <span class='ocrx_word' id='word_1_403' title='bbox 1494 3691 1609 3749; x_wconf 89' lang='lat' dir='ltr'><strong>sub</strong></span> <span class='ocrx_word' id='word_1_404' title='bbox 1655 3704 1721 3749; x_wconf 90' lang='lat' dir='ltr'><strong>se</strong></span> <span class='ocrx_word' id='word_1_405' title='bbox 1766 3692 2080 3750; x_wconf 82' lang='lat' dir='ltr'><strong>inferiores</strong></span> <span class='ocrx_word' id='word_1_406' title='bbox 2129 3697 2448 3764; x_wconf 85' lang='lat' dir='ltr'><strong>potestates</strong></span> <span class='ocrx_word' id='word_1_407' title='bbox 2495 3694 2614 3753; x_wconf 87' lang='lat' dir='ltr'><strong>sibi</strong></span> 
     </span>
     <span class='ocr_line' id='line_1_45' title="bbox 199 3758 2612 3835; baseline 0.002 -20"><span class='ocrx_word' id='word_1_408' title='bbox 199 3758 602 3821; x_wconf 83' lang='lat' dir='ltr'><strong>deservientes</strong></span> <span class='ocrx_word' id='word_1_409' title='bbox 635 3781 649 3818; x_wconf 90' lang='lat'>:</span> <span class='ocrx_word' id='word_1_410' title='bbox 683 3762 841 3834; x_wconf 87' lang='lat' dir='ltr'><strong>quod</strong></span> <span class='ocrx_word' id='word_1_411' title='bbox 871 3762 1187 3820; x_wconf 85' lang='lat' dir='ltr'><strong>manifeste</strong></span> <span class='ocrx_word' id='word_1_412' title='bbox 1208 3760 1270 3817; x_wconf 87' lang='lat' dir='ltr'><strong>in</strong></span> <span class='ocrx_word' id='word_1_413' title='bbox 1300 3762 1529 3819; x_wconf 86' lang='lat' dir='ltr'><strong>artibus</strong></span> <span class='ocrx_word' id='word_1_414' title='bbox 1561 3777 1595 3817; x_wconf 87' lang='lat' dir='ltr'><strong>a</strong></span> <span class='ocrx_word' id='word_1_415' title='bbox 1640 3765 1822 3832; x_wconf 88' lang='lat' dir='ltr'><strong>paret.</strong></span> <span class='ocrx_word' id='word_1_416' title='bbox 1850 3763 1970 3819; x_wconf 80' lang='lat' dir='ltr'><strong>Arti</strong></span> <span class='ocrx_word' id='word_1_417' title='bbox 2017 3762 2175 3822; x_wconf 91' lang='lat' dir='ltr'><strong>enim</strong></span> <span class='ocrx_word' id='word_1_418' title='bbox 2205 3777 2336 3835; x_wconf 83' lang='lat' dir='ltr'><strong>quae</strong></span> <span class='ocrx_word' id='word_1_419' title='bbox 2365 3766 2612 3821; x_wconf 76' lang='lat' dir='ltr'><strong>formam</strong></span> 
     </span>
     <span class='ocr_line' id='line_1_46' title="bbox 197 3775 2614 3915; baseline 0.002 -29"><span class='ocrx_word' id='word_1_420' title='bbox 197 3831 560 3891; x_wconf 84' lang='lat' dir='ltr'><strong>artificialem</strong></span> <span class='ocrx_word' id='word_1_421' title='bbox 595 3832 820 3889; x_wconf 88' lang='lat' dir='ltr'><strong>inducit</strong></span> <span class='ocrx_word' id='word_1_422' title='bbox 851 3833 1193 3890; x_wconf 82' lang='lat' dir='ltr'><strong>deserviunt</strong></span> <span class='ocrx_word' id='word_1_423' title='bbox 1228 3838 1385 3888; x_wconf 90' lang='lat' dir='ltr'><strong>artes</strong></span> <span class='ocrx_word' id='word_1_424' title='bbox 1414 3845 1547 3903; x_wconf 86' lang='lat' dir='ltr'><strong>quae</strong></span> <span class='ocrx_word' id='word_1_425' title='bbox 1575 3775 1899 3911; x_wconf 29' lang='lat' dir='ltr'><strong>‹fis-ponunt</strong></span> <span class='ocrx_word' id='word_1_426' title='bbox 1928 3834 2231 3914; x_wconf 78' lang='lat' dir='ltr'><strong>materiam</strong></span> <span class='ocrx_word' id='word_1_427' title='bbox 2248 3851 2265 3915; x_wconf 72' lang='lat'>3</span> <span class='ocrx_word' id='word_1_428' title='bbox 2287 3839 2343 3890; x_wconf 91' lang='lat' dir='ltr'><strong>et</strong></span> <span class='ocrx_word' id='word_1_429' title='bbox 2363 3833 2467 3891; x_wconf 87' lang='lat' dir='ltr'><strong>illa</strong></span> <span class='ocrx_word' id='word_1_430' title='bbox 2482 3847 2614 3906; x_wconf 82' lang='lat' dir='ltr'><strong>quae</strong></span> 
     </span>
     <span class='ocr_line' id='line_1_47' title="bbox 201 3898 2611 3974; baseline 0.003 -19"><span class='ocrx_word' id='word_1_431' title='bbox 201 3898 444 3962; x_wconf 84' lang='lat' dir='ltr'><strong>formam</strong></span> <span class='ocrx_word' id='word_1_432' title='bbox 492 3903 725 3961; x_wconf 91' lang='lat' dir='ltr'><strong>inducit</strong></span> <span class='ocrx_word' id='word_1_433' title='bbox 766 3902 1019 3961; x_wconf 86' lang='lat' dir='ltr'><strong>deservit</strong></span> <span class='ocrx_word' id='word_1_434' title='bbox 1063 3902 1174 3958; x_wconf 87' lang='lat' dir='ltr'><strong>arti</strong></span> <span class='ocrx_word' id='word_1_435' title='bbox 1221 3902 1292 3959; x_wconf 90' lang='lat' dir='ltr'><strong>ad</strong></span> <span class='ocrx_word' id='word_1_436' title='bbox 1323 3915 1497 3974; x_wconf 89' lang='lat' dir='ltr'><strong>quarn</strong></span> <span class='ocrx_word' id='word_1_437' title='bbox 1531 3907 1785 3973; x_wconf 82' lang='lat' dir='ltr'><strong>pertinet</strong></span> <span class='ocrx_word' id='word_1_438' title='bbox 1836 3903 2328 3972; x_wconf 76' lang='lat' dir='ltr'><strong>artificiatifl0183</strong></span> <span class='ocrx_word' id='word_1_439' title='bbox 2379 3908 2436 3959; x_wconf 87' lang='lat' dir='ltr'><strong>et</strong></span> <span class='ocrx_word' id='word_1_440' title='bbox 2466 3908 2611 3962; x_wconf 90' lang='lat' dir='ltr'><strong>ulte·</strong></span> 
     </span>
     <span class='ocr_line' id='line_1_48' title="bbox 200 3969 2614 4046; baseline 0.002 -20"><span class='ocrx_word' id='word_1_441' title='bbox 200 3969 321 4029; x_wconf 88' lang='lat' dir='ltr'><strong>rius</strong></span> <span class='ocrx_word' id='word_1_442' title='bbox 350 3988 483 4046; x_wconf 81' lang='lat' dir='ltr'><strong>quae</strong></span> <span class='ocrx_word' id='word_1_443' title='bbox 515 3973 829 4031; x_wconf 88' lang='lat' dir='ltr'><strong>ordinatur</strong></span> <span class='ocrx_word' id='word_1_444' title='bbox 864 3972 938 4030; x_wconf 90' lang='lat' dir='ltr'><strong>ad</strong></span> <span class='ocrx_word' id='word_1_445' title='bbox 977 3972 1328 4030; x_wconf 87' lang='lat' dir='ltr'><strong>anteriorem</strong></span> <span class='ocrx_word' id='word_1_446' title='bbox 1360 3973 1540 4028; x_wconf 80' lang='lat' dir='ltr'><strong>tinem</strong></span> <span class='ocrx_word' id='word_1_447' title='bbox 1578 3973 1834 4030; x_wconf 85' lang='lat' dir='ltr'><strong>deservit</strong></span> <span class='ocrx_word' id='word_1_448' title='bbox 1883 3973 1970 4029; x_wconf 92' lang='lat' dir='ltr'><strong>illi</strong></span> <span class='ocrx_word' id='word_1_449' title='bbox 2021 3972 2094 4029; x_wconf 90' lang='lat' dir='ltr'><strong>ad</strong></span> <span class='ocrx_word' id='word_1_450' title='bbox 2138 3987 2313 4045; x_wconf 84' lang='lat' dir='ltr'><strong>quam</strong></span> <span class='ocrx_word' id='word_1_451' title='bbox 2401 3976 2614 4032; x_wconf 85' lang='lat' dir='ltr'><strong>ertinet</strong></span> 
     </span>
     <span class='ocr_line' id='line_1_49' title="bbox 197 3988 2612 4125; baseline 0.002 -29"><span class='ocrx_word' id='word_1_452' title='bbox 197 4039 443 4102; x_wconf 86' lang='lat' dir='ltr'><strong>ultimus</strong></span> <span class='ocrx_word' id='word_1_453' title='bbox 474 4043 638 4109; x_wconf 83' lang='lat' dir='ltr'><strong>finis,</strong></span> <span class='ocrx_word' id='word_1_454' title='bbox 681 4044 837 4101; x_wconf 89' lang='lat' dir='ltr'><strong>sicut</strong></span> <span class='ocrx_word' id='word_1_455' title='bbox 864 4056 962 4099; x_wconf 88' lang='lat' dir='ltr'><strong>ars</strong></span> <span class='ocrx_word' id='word_1_456' title='bbox 991 4056 1122 4114; x_wconf 79' lang='lat' dir='ltr'><strong>quae</strong></span> <span class='ocrx_word' id='word_1_457' title='bbox 1175 4043 1349 4123; x_wconf 83' lang='lat' dir='ltr'><strong>caedit</strong></span> <span class='ocrx_word' id='word_1_458' title='bbox 1377 4042 1541 4114; x_wconf 85' lang='lat' dir='ltr'><strong>ligna</strong></span> <span class='ocrx_word' id='word_1_459' title='bbox 1578 4042 1833 4123; x_wconf 79' lang='lat' dir='ltr'><strong>deservit</strong></span> <span class='ocrx_word' id='word_1_460' title='bbox 1860 4042 2240 4124; x_wconf 51' lang='lat' dir='ltr'><strong>navisactirQ</strong></span> <span class='ocrx_word' id='word_1_461' title='bbox 2273 4050 2332 4100; x_wconf 91' lang='lat' dir='ltr'><strong>et</strong></span> <span class='ocrx_word' id='word_1_462' title='bbox 2361 3988 2484 4122; x_wconf 58' lang='lat' dir='ltr'><strong>Erec</strong></span> <span class='ocrx_word' id='word_1_463' title='bbox 2510 4058 2612 4125; x_wconf 81' lang='lat' dir='ltr'><strong>gu-</strong></span> 
     </span>
     <span class='ocr_line' id='line_1_50' title="bbox 198 4106 2608 4186; baseline 0.003 -22"><span class='ocrx_word' id='word_1_464' title='bbox 198 4106 567 4180; x_wconf 61' lang='lat' dir='ltr'><strong>bernatorum</strong></span> <span class='ocrx_word' id='word_1_465' title='bbox 619 4126 748 4185; x_wconf 83' lang='lat' dir='ltr'><strong>quae</strong></span> <span class='ocrx_word' id='word_1_466' title='bbox 794 4115 1001 4170; x_wconf 88' lang='lat' dir='ltr'><strong>iterum</strong></span> <span class='ocrx_word' id='word_1_467' title='bbox 1054 4112 1309 4170; x_wconf 78' lang='lat' dir='ltr'><strong>deservit</strong></span> <span class='ocrx_word' id='word_1_468' title='bbox 1355 4125 1761 4178; x_wconf 82' lang='lat' dir='ltr'><strong>oeconomicae,</strong></span> <span class='ocrx_word' id='word_1_469' title='bbox 1811 4113 1901 4170; x_wconf 87' lang='lat' dir='ltr'><strong>vel</strong></span> <span class='ocrx_word' id='word_1_470' title='bbox 1933 4113 2192 4181; x_wconf 77' lang='lat' dir='ltr'><strong>militari,</strong></span> <span class='ocrx_word' id='word_1_471' title='bbox 2225 4121 2326 4171; x_wconf 88' lang='lat' dir='ltr'><strong>aut</strong></span> <span class='ocrx_word' id='word_1_472' title='bbox 2353 4119 2608 4186; x_wconf 77' lang='lat' dir='ltr'><strong>alicujus</strong></span> 
     </span>
     <span class='ocr_line' id='line_1_51' title="bbox 200 4176 2606 4310; baseline 0.001 -74"><span class='ocrx_word' id='word_1_473' title='bbox 200 4176 557 4252; x_wconf 73' lang='lat' dir='ltr'><strong>huiusmodi,</strong></span> <span class='ocrx_word' id='word_1_474' title='bbox 585 4183 916 4241; x_wconf 90' lang='lat' dir='ltr'><strong>secundum</strong></span> <span class='ocrx_word' id='word_1_475' title='bbox 943 4182 1103 4310; x_wconf 43' lang='lat' dir='ltr'><strong>‘3¹¹⁰ss</strong></span> <span class='ocrx_word' id='word_1_476' title='bbox 1133 4183 1437 4264; x_wconf 74' lang='lat' dir='ltr'><strong>nayigatio</strong></span> <span class='ocrx_word' id='word_1_477' title='bbox 1458 4181 1532 4239; x_wconf 90' lang='lat' dir='ltr'><strong>ad</strong></span> <span class='ocrx_word' id='word_1_478' title='bbox 1572 4182 1837 4263; x_wconf 81' lang='lat' dir='ltr'><strong>diversos</strong></span> <span class='ocrx_word' id='word_1_479' title='bbox 1885 4180 2036 4240; x_wconf 80' lang='lat' dir='ltr'><strong>fines</strong></span> <span class='ocrx_word' id='word_1_480' title='bbox 2085 4182 2368 4266; x_wconf 42' lang='lat' dir='ltr'><strong>ordinari·</strong></span> <span class='ocrx_word' id='word_1_481' title='bbox 2392 4187 2606 4266; x_wconf 82' lang='lat' dir='ltr'><strong>potest.</strong></span> 
     </span>
     <span class='ocr_line' id='line_1_52' title="bbox 199 4249 2613 4326; baseline 0 -18"><span class='ocrx_word' id='word_1_482' title='bbox 199 4249 341 4316; x_wconf 84' lang='lat' dir='ltr'><strong>Quia</strong></span> <span class='ocrx_word' id='word_1_483' title='bbox 366 4255 552 4326; x_wconf 84' lang='lat' dir='ltr'><strong>igitur</strong></span> <span class='ocrx_word' id='word_1_484' title='bbox 579 4256 843 4325; x_wconf 85' lang='lat' dir='ltr'><strong>potestas</strong></span> <span class='ocrx_word' id='word_1_485' title='bbox 871 4254 950 4310; x_wconf 84' lang='lat' dir='ltr'><strong>Or</strong></span> <span class='ocrx_word' id='word_1_486' title='bbox 991 4253 1107 4311; x_wconf 89' lang='lat' dir='ltr'><strong>ims</strong></span> <span class='ocrx_word' id='word_1_487' title='bbox 1136 4253 1531 4323; x_wconf 79' lang='lat' dir='ltr'><strong>principallter</strong></span> <span class='ocrx_word' id='word_1_488' title='bbox 1558 4254 1863 4310; x_wconf 76' lang='lat' dir='ltr'><strong>ordinatur</strong></span> <span class='ocrx_word' id='word_1_489' title='bbox 1890 4253 1963 4310; x_wconf 91' lang='lat' dir='ltr'><strong>ad</strong></span> <span class='ocrx_word' id='word_1_490' title='bbox 1990 4267 2207 4324; x_wconf 88' lang='lat' dir='ltr'><strong>corpus</strong></span> <span class='ocrx_word' id='word_1_491' title='bbox 2229 4256 2450 4312; x_wconf 86' lang='lat' dir='ltr'><strong>·Cbr1su</strong></span> <span class='ocrx_word' id='word_1_492' title='bbox 2474 4266 2613 4311; x_wconf 86' lang='lat' dir='ltr'><strong>cou-</strong></span> 
     </span>
     <span class='ocr_line' id='line_1_53' title="bbox 199 4321 2608 4396; baseline 0.001 -21"><span class='ocrx_word' id='word_1_493' title='bbox 199 4324 552 4381; x_wconf 84' lang='lat' dir='ltr'><strong>secrandum</strong></span> <span class='ocrx_word' id='word_1_494' title='bbox 597 4328 655 4380; x_wconf 89' lang='lat' dir='ltr'><strong>et</strong></span> <span class='ocrx_word' id='word_1_495' title='bbox 693 4322 965 4381; x_wconf 79' lang='lat' dir='ltr'><strong>fidelihus</strong></span> <span class='ocrx_word' id='word_1_496' title='bbox 991 4323 1481 4395; x_wconf 86' lang='lat' dir='ltr'><strong>dispensandum,</strong></span> <span class='ocrx_word' id='word_1_497' title='bbox 1512 4323 1669 4380; x_wconf 90' lang='lat' dir='ltr'><strong>etad</strong></span> <span class='ocrx_word' id='word_1_498' title='bbox 1717 4321 1924 4381; x_wconf 84' lang='lat' dir='ltr'><strong>fideles</strong></span> <span class='ocrx_word' id='word_1_499' title='bbox 1975 4336 2011 4379; x_wconf 87' lang='lat' dir='ltr'><strong>a</strong></span> <span class='ocrx_word' id='word_1_500' title='bbox 2052 4327 2310 4395; x_wconf 88' lang='lat' dir='ltr'><strong>peccatis</strong></span> <span class='ocrx_word' id='word_1_501' title='bbox 2358 4336 2608 4396; x_wconf 81' lang='lat' dir='ltr'><strong>purgan-</strong></span> 
     </span>
     <span class='ocr_line' id='line_1_54' title="bbox 200 4387 2612 4466; baseline 0.001 -20"><span class='ocrx_word' id='word_1_502' title='bbox 200 4387 374 4464; x_wconf 87' lang='lat' dir='ltr'><strong>dum;</strong></span> <span class='ocrx_word' id='word_1_503' title='bbox 408 4398 646 4464; x_wconf 89' lang='lat' dir='ltr'><strong>oportet</strong></span> <span class='ocrx_word' id='word_1_504' title='bbox 672 4407 809 4452; x_wconf 85' lang='lat' dir='ltr'><strong>esse</strong></span> <span class='ocrx_word' id='word_1_505' title='bbox 837 4393 1095 4465; x_wconf 84' lang='lat' dir='ltr'><strong>aliquem</strong></span> <span class='ocrx_word' id='word_1_506' title='bbox 1121 4394 1509 4466; x_wconf 87' lang='lat' dir='ltr'><strong>principalem</strong></span> <span class='ocrx_word' id='word_1_507' title='bbox 1538 4392 1829 4463; x_wconf 88' lang='lat' dir='ltr'><strong>ordinem,</strong></span> <span class='ocrx_word' id='word_1_508' title='bbox 1860 4393 2032 4465; x_wconf 86' lang='lat' dir='ltr'><strong>cujus</strong></span> <span class='ocrx_word' id='word_1_509' title='bbox 2077 4399 2341 4466; x_wconf 83' lang='lat' dir='ltr'><strong>potestas</strong></span> <span class='ocrx_word' id='word_1_510' title='bbox 2372 4393 2447 4452; x_wconf 87' lang='lat' dir='ltr'><strong>ad</strong></span> <span class='ocrx_word' id='word_1_511' title='bbox 2494 4391 2612 4451; x_wconf 89' lang='lat' dir='ltr'><strong>hoc</strong></span> 
     </span>
    </p>
   </div>
  </div>
 </body>
</html>
