3076 5025
1041 323 1173 380 Lib.
1213 324 1305 392 w,
1343 324 1497 381 GAP.
1535 324 1808 382 LXXXIII.
2532 330 2633 381 622

204 442 544 516 generantis
573 443 651 500 sit
678 441 753 501 ad
774 442 1117 512 infinitum;
1154 443 1315 517 quod
1349 450 1443 502 est
1488 443 1887 517 impossibile.
1935 443 1997 504 Si
2042 457 2186 504 vero
2232 458 2359 503 non
2400 458 2641 517 semper

205 514 594 587 generabunt,
625 514 732 572 sed
757 514 830 572 ad
861 514 1103 589 aliquod
1130 514 1587 573 determinatum
1616 523 1873 587 tempuS‚
1902 519 2043 588 post
2089 513 2238 572 illud
2277 515 2462 587 igitur
2491 522 2639 577 tem·

207 597 319 657 pus
341 596 461 664 non
492 585 907 657 generabunt:
937 600 1120 659 quare
1149 590 1209 642 et
1238 600 1274 642 a
1306 586 1601 659 principio
1645 586 1762 645 hoc
1805 586 1893 646 eis
1945 585 2392 644 attribuendum
2441 591 2536 644 est
2575 592 2642 647 ut

207 667 471 713 venereis
500 668 622 711 non
654 659 914 725 utantur,
945 669 1057 714 nec
1083 662 1397 729 generent.

273 725 333 782 Si
367 726 496 796 quis
527 731 724 782 autem
751 726 907 784 dicat
935 725 1094 800 quod
1142 728 1216 808 iu·
1236 727 1690 800 resurgentibus
1722 728 1833 786 erit
1863 738 2018 786 usus
2044 725 2318 785 ciborum
2354 729 2413 785 et
2460 739 2640 786 vene—

208 809 448 853 reorum
480 806 594 853 non
623 802 860 867 propter
880 803 1400 856 conservationem
1421 798 1512 854 vel
1540 812 1577 854 a
1663 804 1929 857 mentum
1954 798 2251 868 corporis,
2283 811 2476 870 neque
2503 810 2643 856 con·

208 865 608 946 servationem
635 867 873 938 speciei.
900 868 992 927 vel
1040 868 1596 937 multiplicationem
1686 869 1977 937 ominum,
2022 868 2129 926 sed
2172 882 2279 939 pro
2323 874 2411 924 ter
2446 869 2642 930 solam

207 935 681 1005 delectationem,
714 951 845 1009 quae
871 937 933 994 in
971 938 1069 996 liis
1095 938 1326 996 actibus
1368 938 1588 1007 existit,
1619 952 1695 996 ne
1717 939 1796 998 ali
1844 953 1916 996 ua
1955 938 2272 996 delectatio
2334 938 2643 999 ominibus

204 1006 270 1087 in
304 1007 1016 1134 naming-remuneratione
1043 1008 1220 1080 desit,
1265 1015 1429 1081 patet
1455 1008 1698 1081 quidem
1724 1023 1826 1068 inu
1854 1008 2135 1080 tipliciter
2183 1009 2310 1067 baec
2356 1008 2643 1068 inconve-

209 1090 353 1135 nien
384 1092 449 1133 er
515 1092 614 1134 ici.

276 1148 480 1207 Primo
505 1145 744 1275 guidem
772 1150 915 1221 quia
939 1151 1063 1209 vita
1088 1150 1531 1222 resurgentium
1562 1151 1893 1210 ordinatior
1914 1150 2029 1209 erit
2048 1165 2231 1224 quam
2260 1149 2384 1207 vita
2411 1154 2639 1231 nostra,

205 1222 485 1300 utsupra
553 1222 731 1276 ictum
758 1223 965 1302 est31n
994 1221 1106 1279 hac
1153 1225 1351 1278 autem
1398 1222 1517 1278 vita
1559 1222 1964 1280 inordinatum
2008 1225 2068 1279 et
2110 1221 2397 1278 vitiosum
2442 1225 2557 1289 est,
2587 1232 2641 1277 si

205 1301 345 1361 quis
370 1289 521 1347 cibis
552 1294 611 1345 et
635 1302 907 1349 venereis
935 1297 1136 1351 utatur
1163 1297 1402 1363 propter
1425 1291 1617 1349 solarii
1648 1292 2127 1359 delectationem,
2161 1299 2221 1349 et
2250 1304 2372 1349 non
2402 1294 2643 1361 propter

203 1360 630 1418 necessitatem
663 1363 1037 1421 sustentandi
1066 1363 1359 1435 corporis,
1387 1362 1480 1419 vel
1514 1362 1705 1433 prolis
1734 1362 2076 1420 educandae.
2109 1365 2175 1419 Et
2222 1361 2338 1419 boc
2379 1362 2642 1419 rationa-

203 1428 454 1499 biliter3
486 1444 624 1488 nam
653 1429 1078 1492 delectationes
1107 1447 1239 1506 quae
1268 1439 1411 1490 sunt
1447 1433 1512 1489 in
1572 1433 1901 1505 praemissis
1929 1433 2275 1491 actionibus
2321 1444 2444 1489 non
2494 1435 2638 1489 suut

201 1498 362 1559 fines
386 1501 718 1581 actionum,
744 1503 850 1561 sed
894 1504 1089 1585 magis
1131 1518 1164 1561 e
1205 1517 1550 1562 converso:
1591 1509 1805 1562 natura
1843 1504 2001 1560 enim
2054 1502 2129 1560 ad
2174 1502 2290 1560 hoc
2342 1501 2643 1559 ordinavit

204 1569 635 1630 delectationes
655 1572 715 1630 in
747 1573 878 1631 istis
906 1574 1161 1643 actibuS,
1183 1587 1258 1632 ne
1286 1574 1573 1632 animalia
1594 1579 1836 1646 propter
1863 1574 2126 1632 laborem
2157 1571 2391 1631 abistis
2411 1572 2641 1631 actibus

205 1643 569 1701 necessariis
597 1649 822 1702 naturae
842 1644 1198 1703 desisterent
1219 1645 1416 1718 ;quod
1433 1644 1829 1719 contingeret,
1858 1644 1978 1702 nisi
2007 1643 2401 1701 delectatione
2429 1655 2642 1713 provo·

203 1718 509 1772 carentur.
542 1715 644 1772 Est
671 1728 814 1789 ergo
840 1716 986 1774 ordo
1015 1721 1413 1787 praeposterus
1449 1721 1505 1772 et
1544 1715 1851 1781 indecens,
1893 1715 1946 1772 si
1994 1714 2375 1786 operationes
2405 1725 2510 1783 pro
2553 1716 2644 1770 ter

205 1784 377 1865 solas
407 1784 836 1865 delectationes
863 1790 1268 1844 exerceantur.
1298 1785 1474 1843 Nullo
1498 1786 1683 1858 igitur
1714 1784 1896 1844 modo
1925 1784 2042 1843 hoc
2068 1785 2136 1842 in
2182 1784 2521 1856 resurgenti
2568 1793 2645 1841 us

207 1861 346 1923 erit,
378 1868 636 1927 quorum
658 1862 780 1913 vita
800 1856 1251 1914 ordinatissima
1283 1856 1545 1928 ponitur.

275 1925 498 1995 Adhuc,
538 1927 662 1982 vita
709 1926 1149 1999 resurgentium
1196 1925 1271 1984 ad
1318 1940 1467 1985 cons
1549 1926 1807 1985 uendam
1846 1925 2169 1998 perfectam
2211 1922 2641 1983 beatitudinem

207 1995 541 2077 ordinatur.
574 1995 841 2055 Perfecta
868 2002 1067 2055 autem
1096 1996 1402 2056 beatitudo
1439 1941 1781 2056 effielicitas
1808 1997 2076 2055 hominis
2104 2010 2226 2053 non
2268 1994 2551 2053 consistit
2577 1994 2643 2052 in

205 2067 708 2125 delectationibus
735 2067 1149 2138 corporalibus
1172 2086 1186 2136 ;
1263 2082 1353 2125 uae
1377 2071 1521 2125 sunt
1543 2067 1972 2126 delectationes
1996 2066 2266 2124 ciborum
2287 2072 2345 2122 et
2362 2075 2643 2122 venereo—

205 2151 363 2218 rum,
393 2142 460 2194 ut
485 2139 548 2193 in
587 2137 761 2196 tertio
807 2137 962 2196 libro
991 2137 1142 2220 (cap.
1170 2142 1236 2195 27
1291 2144 1605 2196 ostensum
1641 2144 1755 2199 est.
1788 2142 1921 2196 Non
1949 2136 2133 2210 igitur
2158 2141 2393 2208 oportet
2419 2146 2641 2206 ponere

206 2221 272 2265 in
290 2209 416 2265 vita
443 2209 882 2279 resurgentium
913 2206 1258 2281 hujusmodi
1284 2209 1712 2267 delectationes
1740 2223 1897 2268 esse.

275 2277 558 2349 Amplius,
590 2285 759 2337 actus
786 2280 1068 2338 virtutum
1122 2279 1476 2337 ordinantur
1503 2280 1579 2337 ad
1614 2279 2041 2345 beatitudinem
2073 2279 2231 2337 sicut
2256 2278 2329 2336 ad
2349 2276 2551 2334 finem.
2580 2275 2643 2334 Si

206 2348 392 2421 igitur
424 2348 487 2406 in
532 2354 689 2406 statu
737 2349 950 2408 suturae
978 2349 1366 2408 beatitudinis
1394 2354 1601 2407 essent
1627 2348 2053 2407 delectationes
2082 2350 2350 2406 ciborum
2382 2353 2441 2403 et
2469 2359 2642 2425 vene-

205 2431 448 2478 reorum
472 2419 646 2491 quasi
675 2419 749 2477 ad
778 2420 1208 2477 beatitudinem
1236 2419 1627 2489 pertinentes,
1657 2432 1724 2475 se
1768 2423 2007 2476 ueretur
2029 2417 2187 2489 quod
2218 2418 2279 2472 in
2309 2417 2642 2472 intentione

206 2503 418 2550 eorum
447 2490 549 2563 qui
578 2489 846 2549 virtuosa
872 2496 1059 2563 agunt
1103 2493 1307 2546 essent
1325 2489 1667 2569 aliqualiter
1686 2486 1757 2548 de
1784 2488 2109 2547 ectationes
2132 2487 2458 2569 praedictoe3
2481 2484 2644 2558 quod

204 2562 505 2620 rationem
530 2562 932 2631 temperantiae
959 2531 1218 2618 excludit
1239 2576 1253 2629 ς
1277 2565 1370 2616 est
1395 2572 1555 2616 enim
1585 2565 1796 2618 contra
1820 2565 2225 2631 temperautlae
2257 2563 2549 2616 rationem
2576 2563 2640 2637 ut

206 2632 430 2705 aliquis
472 2646 508 2689 a
537 2630 1032 2688 delectationibus
1083 2643 1243 2687 nuuc
1283 2628 1582 2688 abstineat
1620 2634 1687 2687 ut
1730 2630 2112 2702 postmodum
2161 2628 2248 2709 eis
2287 2628 2643 2709 frui-magis

204 2702 424 2776 possit.
454 2701 863 2759 Reddereturi
912 2701 1030 2758 itur
1071 2700 1272 2758 omnis
1314 2700 1562 2758 castitas
1589 2699 1911 2772 impudica,
1942 2706 2001 2757 et
2027 2713 2226 2757 omnis
2278 2698 2644 2759 abstinentia

205 2772 884 2914 iiiiitestgffisselfffi.
898 2772 1029 2900 ³31²?
1045 2769 1494 2913 οἛὲιίῗὲίἳὲῗ
1508 2770 2332 2911 οξέἓῖἓιὲἓὸεᾝθῖιθέἓῗί
2349 2769 2644 2901 affligi

205 2929 240 2972 a
289 2919 416 2982 unt,
444 2912 562 2971 hoc
616 2926 753 2972 esse
808 2925 930 2970 non
966 2917 1204 2983 potest;
1260 2912 1403 2984 quia
1462 2926 1639 2970 omne
1693 2912 1854 2985 quod
1918 2915 2029 2980 est,
2083 2911 2176 2967 vel
2251 2916 2344 2968 est
2400 2919 2649 2984 propter

204 2991 484 3054 aterum,
530 2983 625 3040 vel
673 2989 913 3054 propter
943 2983 1552 3054 seipsum.Praedictae
1591 2987 1787 3042 autem
1838 2981 2264 3040 delectationes
2311 2994 2432 3039 non
2468 2987 2643 3041 erunt

205 3059 449 3128 propter
493 3051 790 3121 alterum3
823 3067 946 3111 non
985 3053 1145 3111 enim
1195 3060 1370 3110 erunt
1412 3059 1654 3125 propter
1697 3054 1967 3114 actiones
2018 3052 2326 3110 ordinatas
2355 3051 2429 3110 ad
2459 3052 2639 3112 finem

202 3130 455 3194 naturae,
509 3130 576 3182 ut
631 3124 754 3196 jam
805 3129 1117 3183 ostensum
1160 3129 1270 3181 est.
1316 3124 1692 3197 Relinquitur
1739 3125 1757 3181 i
1808 3125 1924 3182 'tur
2014 3123 2133 3182 uod
2184 3129 2360 3180 erunt
2402 3132 2644 3195 propter

202 3196 466 3268 seipsas,
498 3196 686 3253 Omne
738 3201 932 3253 autem
969 3195 1131 3274 quod
1171 3200 1266 3275 est
1308 3194 1677 3274 huiusmodi,
1710 3209 1781 3253 ve
1850 3198 1943 3275 est
2037 3192 2321 3275 eatitudo,
2351 3196 2444 3251 vel
2500 3209 2641 3267 pars

199 3266 616 3326 beatitudinis.
659 3266 898 3337 Oportet
944 3264 963 3322 i
1010 3269 1146 3332 itur,
1195 3278 1246 3322 si
1295 3264 1709 3323 dilectationes
1748 3264 2044 3337 praedictae
2073 3277 2137 3321 in
2165 3270 2285 3321 vita
2329 3278 2644 3339 resurgen-

201 3339 357 3396 tium
404 3343 598 3405 erunt,
630 3336 789 3410 quod
846 3335 922 3393 ad
1008 3334 1390 3416 eatitudinein
1429 3348 1649 3415 ‘eorum
1685 3336 2022 3464 gertineant
2051 3334 2271 3415 :cuod
2328 3349 2463 3392 esse
2518 3350 2640 3394 non

201 3413 427 3481 potest,
484 3414 546 3535 uit
610 3414 923 3465 ostensum
963 3412 1075 3464 est.
1130 3404 1305 3463 Nullo
1358 3411 1546 3478 igitur
1581 3418 1682 3464 mo
1727 3419 1763 3463 o
1814 3404 2161 3478 hujusmodl
2213 3405 2639 3468 delectationes

320 3479 474 3536 ntin
543 3483 715 3535 utura
743 3478 885 3536 vita.

204 3494 562 3613 ergraeterea,
589 3548 908 3629 ridiculum
925 3547 1161 3605 videtur
1189 3545 1618 3627 delectationes
1684 3560 1906 3628 uterere
1928 3545 2294 3617 corporales,
2327 3546 2390 3603 in
2419 3547 2640 3629 quibus

202 3620 527 3679 nobiscum
572 3619 856 3676 animalia
898 3618 1074 3677 bruta
1114 3624 1583 3687 communicant,
1613 3633 1651 3675 u
1697 3633 1716 3675 i
1756 3624 2177 3688 exspectantur
2213 3616 2643 3677 delectationes

202 3690 539 3759 altissimae,
588 3690 648 3746 in
699 3688 919 3761 quibus
966 3703 1102 3747 cum
1154 3688 1390 3761 angelis
1431 3688 1972 3759 communicamus,
2014 3703 2147 3762 quae
2195 3693 2366 3744 erunt
2417 3689 2481 3744 in
2536 3689 2641 3746 Dei

198 3762 461 3830 visione,
501 3773 632 3833 quae
677 3759 856 3817 nobis
890 3764 950 3817 et
972 3758 1206 3832 angelis
1245 3758 1357 3816 erit
1385 3760 1749 3828 communis,
1773 3763 1841 3816 ut
1880 3757 1943 3816 in
1974 3759 2152 3816 tertio
2179 3760 2333 3818 libro
2364 3760 2513 3831 (cap.
2548 3758 2649 3833 51)

202 3838 517 3891 ostensum
550 3836 660 3889 est.
692 3830 820 3888 Nisi
868 3829 1019 3887 forte
1047 3829 1183 3901 quis
1230 3829 1428 3887 dicere
1453 3830 1601 3886 velit
1646 3828 2076 3889 beatitudinem
2121 3844 2196 3887 an
2245 3832 2473 3888 elorum
2505 3843 2641 3888 esse

197 3904 633 4032 anpergecmm,
665 3901 809 3974 quia
835 3898 1055 3959 desunt
1094 3899 1186 3958 eis
1213 3898 1643 3959 delectationes
1687 3900 1997 3959 brutorum
2027 3919 2043 3957 ε
2075 3915 2195 3973 quo
2271 3907 2364 3959 est
2391 3901 2641 3958 omnino

284 3988 390 4031 sur
437 3985 556 4030 um.

277 4044 427 4103 Hinc
471 4048 565 4101 est
605 4042 762 4115 quod
814 4040 1106 4100 Dominus
1148 4040 1311 4111 dicit,
1353 4040 1578 4110 naith..
1627 4053 1775 4110 xxn,
1826 4047 1916 4112 30,
1944 4041 2106 4114 quod
2148 4044 2212 4097 in
2254 4044 2649 4099 resurrectione

197 4131 374 4186 neque
397 4116 616 4181 nubent,
642 4128 812 4183 neque
835 4112 1129 4182 nubentur,
1154 4112 1251 4168 sed
1278 4117 1438 4168 erunt
1461 4116 1608 4168 sicut
1632 4114 1816 4181 anaeti
1846 4115 1960 4169 Dei.

275 4188 385 4243 Per
413 4185 528 4242 hoc
553 4189 752 4242 autem
783 4182 1116 4241 excluditur
1148 4196 1316 4241 error
1339 4183 1680 4241 Judoeorum
1712 4189 1772 4241 et
1799 4184 2251 4249 Saracenorum,
2279 4183 2381 4255 qui
2405 4185 2644 4255 ponunt

200 4255 368 4335 quod
413 4255 474 4312 in
516 4254 951 4312 resurrectione
999 4253 1277 4311 homines
1303 4253 1455 4311 cibis
1495 4258 1556 4310 et
1584 4253 1855 4311 venereis
1885 4258 2147 4323 utentur,
2182 4254 2339 4311 sicut
2366 4260 2423 4312 et
2458 4267 2637 4311 nunc.

201 4333 372 4457 gnos
401 4325 578 4382 etiam
619 4324 860 4398 quidam
895 4323 1204 4383 christiani
1237 4323 1493 4382 baeretici
1525 4330 1670 4382 sunt
1688 4322 1901 4391 secuti,
1932 4323 2035 4396 qui
2064 4330 2357 4395 ponentes
2387 4334 2638 4395 regnum

254 4396 425 4455 bristi
457 4397 720 4452 futurum
751 4395 813 4451 in
851 4394 1025 4452 terris
1053 4400 1354 4453 terrenum
1388 4408 1492 4465 per
1525 4395 1690 4453 mille
1737 4406 1952 4462 annos,
1983 4394 2042 4451 in
2084 4395 2219 4476 ipso
2265 4395 2459 4465 spatio
2491 4398 2639 4471 teni-

201 4468 372 4541 poris
445 4466 652 4524 dicunt
681 4479 786 4525 eos
824 4466 926 4540 qui
973 4472 1115 4526 tunc
1158 4465 1611 4537 resurrexerint,
1671 4463 2235 4525 immoderatissime
2293 4460 2639 4522 carnalibus
