3076 5025
980 333 1114 388 LIB.
1157 333 1245 401 lv,
1286 333 1438 388 CAP.
1483 332 1737 388 LXXXIV.
2456 341 2568 395 629

146 451 443 519 videntur,
499 451 887 523 spiritualiter
947 450 1351 523 intelligendae
1403 459 1564 510 sunt.
1618 454 1904 524 Proponit
1930 454 2088 512 enim
2145 456 2322 514 nobis
2375 458 2572 517 divina

148 523 450 595 Scriptura
477 523 881 592 intelligibilia
909 522 1022 579 sub
1051 522 1444 579 similitudine
1476 523 1879 592 sensibilium,
1906 531 1966 582 ut
2005 526 2243 583 animus
2276 534 2477 585 noster
2504 545 2575 587 ex

149 593 244 652 his
268 606 403 664 quae
430 593 614 659 novit,
645 593 838 650 discat
880 593 1189 664 incognita
1214 606 1450 649 amare:
1479 600 1536 650 et
1566 595 1892 651 secundum
1926 595 2086 652 hunc
2129 598 2370 654 modum
2419 599 2575 657 dele-

148 665 331 721 ctatio
359 677 490 735 quae
538 664 596 719 in
643 664 1144 734 contemplatione
1172 666 1498 734 sapientiae,
1530 671 1589 719 et
1617 665 1950 735 assumptio
1987 666 2251 724 veritatis
2297 668 2576 742 intelligi-

150 733 294 792 bilis
350 733 410 789 in
458 734 816 791 intellectum
872 739 1165 799 nostrum,
1222 749 1322 804 pei·
1379 748 1554 790 usiim
1608 734 1878 792 ciborum
1934 734 1995 792 in
2050 750 2221 794 sacra
2277 739 2578 808 Scriptura

148 804 466 863 consuevit
489 804 812 876 designari,
835 805 1163 862 secundum
1186 805 1353 869 illud,
1378 806 1891 877 Prov.,1x‚2‚quod
1910 806 1982 864 de
2002 807 2297 878 sapientia
2323 809 2576 868 dicitur:

149 877 377 931 Miscuit
402 877 607 936 vinum,
623 882 673 930 et
694 878 981 945 proposuit
1004 891 1245 930 mensam
1261 891 1416 930 suum
1423 916 1528 931 .....
1541 881 1592 930 et
1610 878 1993 946 insipientibus
2017 879 2194 933 locuta
2220 883 2340 933 est:
2368 882 2575 950 Venite,

147 945 407 1001 comedite
443 961 642 1015 panem
682 961 878 1014 meum,
905 949 957 1001 et
1006 946 1170 1000 bibite
1201 948 1391 1000 vinum
1443 946 1589 1015 quod
1632 949 1829 1002 miscui
1852 948 2040 1014 vobi-33
2081 954 2140 1004 et
2166 949 2487 1018 Eccli.,xv,
2522 955 2574 1021 3,

146 1015 367 1073 dicitur
396 1034 409 1071 :
443 1016 652 1072 cibabit
700 1018 854 1070 ilium
898 1019 1161 1072 Dominus
1197 1031 1344 1086 pane
1391 1020 1536 1085 vitae,
1568 1021 1618 1071 et
1658 1019 1976 1088 intellectus,
2007 1021 2058 1073 et
2102 1034 2248 1088 aqua
2297 1023 2578 1089 sapientiae

144 1087 414 1142 salutat-is
447 1087 661 1156 potabit
709 1088 882 1141 ilium.
927 1089 1009 1142 De
1055 1087 1187 1157 ipsa
1232 1087 1409 1144 etiam
1458 1087 1753 1157 sapientia
1798 1088 2032 1156 dicitur,
2082 1090 2275 1153 Prov„
2321 1105 2410 1156 111,
2463 1094 2572 1148 ¹8:

145 1158 385 1224 Lignum
437 1158 564 1212 vitae
607 1161 684 1211 est
728 1157 813 1212 his
858 1158 955 1228 qui
981 1156 1442 1226 apprehenderint
1486 1173 1603 1212 eam
1625 1176 1643 1223 ς
1669 1163 1721 1213 et
1756 1160 1856 1229 qui
1894 1161 2125 1214 tenuerit
2172 1175 2307 1222 eam,
2369 1161 2573 1217 beatus.

148 1227 515 1353 Niontigimr
563 1227 854 1296 praedictae
884 1227 1268 1285 auctoritates
1314 1234 1536 1300 cogunt
1569 1227 1766 1285 dicere
1807 1228 1967 1301 quod
2008 1237 2390 1303 resurgentes
2423 1231 2576 1289 cibis

147 1310 186 1354 u
216 1311 290 1355 an
322 1312 414 1354 ur.

218 1369 337 1424 Hoc
395 1375 592 1423 tamen
645 1368 802 1439 quod
855 1369 1229 1439 propositum
1273 1375 1364 1426 est
1412 1368 1484 1426 de
1529 1368 1729 1427 verbis
1776 1369 2034 1439 Domini,
2088 1385 2220 1443 quae
2262 1370 2572 1442 habentur,

147 1437 371 1505 naith„
395 1450 559 1501 xxvi,
591 1443 782 1507 potest
809 1446 867 1496 et
894 1440 1064 1497 aliter
1094 1439 1368 1512 intelligi,
1407 1447 1470 1496 ut
1509 1439 1799 1496 referatur
1823 1440 1894 1496 ad
1927 1441 2040 1499 hoc
2079 1442 2235 1513 quod
2263 1443 2390 1512 ipse
2438 1456 2575 1499 cum

151 1507 468 1578 discipulis
495 1515 630 1578 post
659 1510 1156 1566 resurrectionem
1190 1510 1442 1567 comedit
1477 1516 1534 1565 et
1565 1510 1712 1566 bibit
1742 1523 1963 1568 novum
1989 1512 2226 1584 quidem
2254 1514 2480 1581 vinum,
2515 1512 2576 1569 id
2664 1546 2671 1553 »

155 1585 242 1636 est
270 1592 431 1635 novo
462 1579 661 1645 modo,
693 1579 926 1637 scilicet
963 1593 1086 1638 non
1122 1587 1361 1651 propter
1408 1580 1848 1650 necessitatem,
1883 1581 1989 1638 sed
2032 1589 2271 1653 propter
2313 1596 2575 1641 resurre-

159 1648 386 1706 ctionis
439 1648 1047 1719 demonstrationem3
1080 1656 1138 1707 et
1172 1650 1336 1718 dicit,
1365 1653 1426 1705 in
1466 1666 1632 1719 reyno
1675 1652 1859 1707 Patris
1882 1654 2008 1714 mei,
2038 1654 2181 1723 quia
2222 1654 2285 1709 in
2313 1666 2575 1711 resurre-

150 1720 349 1777 ctione
389 1720 603 1777 Christi
639 1734 887 1792 regnum
915 1721 1382 1778 immortalitatis
1412 1721 1811 1778 demonstrari
1841 1722 2082 1792 incepit.

218 1789 389 1858 Quod
424 1803 564 1848 vero
595 1791 655 1846 in
681 1792 1034 1863 Apocalypsi
1064 1791 1283 1849 dicitur
1307 1791 1378 1847 de
1412 1792 1576 1848 mille
1604 1792 1802 1859 annis,
1834 1796 1892 1849 et
1918 1792 2107 1862 prima
2139 1793 2575 1851 resurrectione

149 1861 976 1934 martyi·iim,intelligendum
992 1867 1085 1920 est
1107 1861 1264 1933 quod
1295 1862 1486 1932 prima
1517 1862 1874 1920 resurrectio
1904 1869 1997 1920 est
2024 1862 2376 1930 animarum,
2406 1869 2580 1935 prout

149 1945 185 1988 a
209 1934 472 2002 peccatis
503 1936 840 2003 resurgunt,
873 1931 1200 1990 secundum
1247 1932 1393 1988 illud
1422 1933 1709 2003 Apostoli,
1742 1933 1980 2002 Ephes„
2010 1947 2072 2001 v,
2108 1937 2173 1990 14
2213 1952 2227 1989 ε
2258 1937 2507 2003 Exsurqe
2543 1950 2580 1990 α

145 2005 397 2062 mortuis,
424 2006 475 2057 et
493 2003 830 2057 ittuminabit
852 2007 901 2058 te
915 2004 1181 2059 Christus.
1208 2004 1316 2059 Per
1340 2002 1502 2059 mille
1529 2009 1725 2059 autem
1759 2003 2114 2076 intelligitur
2136 2009 2323 2061 totum
2346 2011 2581 2075 tempus

148 2073 449 2150 Ecclesiae,
484 2073 544 2128 in
592 2086 712 2144 quo
759 2080 1048 2145 martyres
1096 2079 1349 2144 regnant
1391 2087 1526 2129 cum
1562 2073 1817 2142 Chris10‚
1849 2078 1909 2131 et
1950 2075 2055 2130 alii
2107 2075 2319 2143 sancti,
2351 2080 2468 2131 tam
2518 2074 2581 2132 in

147 2150 428 2213 praesenti
461 2143 744 2210 Ecclesia,
774 2158 905 2215 quae
944 2157 1192 2216 regnum
1226 2144 1324 2199 Dei
1358 2143 1594 2211 dicitur,
1626 2157 1804 2215 quam
1834 2145 2010 2201 etiam
2043 2144 2103 2201 in
2134 2145 2360 2201 coelesti
2396 2146 2584 2215 patria

149 2219 440 2286 quantum
473 2213 544 2269 ad
577 2214 810 2270 animas
841 2233 855 2270 ι
889 2214 1262 2271 millenarius
1299 2214 1456 2270 enim
1492 2227 1777 2271 numerus
1801 2215 2225 2284 perfectionem
2259 2215 2581 2286 significat,

150 2284 293 2355 quia
320 2290 412 2341 est
444 2297 730 2341 numerus
759 2284 1027 2353 cubicus,
1059 2284 1119 2340 id
1145 2290 1237 2341 est
1255 2283 1446 2355 figura
1476 2284 1692 2351 solida,
1719 2290 1777 2340 et
1804 2285 1973 2341 radix
2002 2284 2132 2356 ejus
2159 2291 2251 2342 est
2275 2285 2580 2350 denarius,

151 2354 252 2427 qui
304 2356 458 2411 solet
511 2356 688 2410 etiam
743 2355 1168 2425 perfectionem
1217 2355 1476 2426 signare.
1530 2354 1626 2409 Sic
1679 2367 1821 2424 ergo
1869 2355 2252 2409 manifestum
2307 2355 2371 2409 fit
2420 2354 2581 2425 quod

150 2430 533 2497 resurgentes
563 2438 681 2481 non
705 2424 997 2482 vacabunt
1023 2424 1175 2481 cibis
1204 2430 1262 2479 et
1284 2424 1543 2493 potibuS,
1575 2436 1766 2493 neque
1796 2423 2067 2479 venereis
2095 2423 2348 2479 actibuS.

219 2498 300 2552 Ex
348 2508 469 2567 quo
518 2495 727 2552 ultimo
772 2494 975 2552 haberi
1033 2499 1228 2565 potest
1272 2492 1430 2565 quod
1468 2505 1680 2550 omnes
1742 2492 2168 2564 occupationes
2216 2494 2420 2552 activae
2448 2493 2581 2553 vitai

150 2567 496 2632 cessabunt,
526 2580 658 2637 quae
684 2565 947 2623 ordinari
977 2565 1253 2621 videntur
1280 2564 1351 2620 ad
1386 2577 1562 2620 usum
1590 2563 1859 2620 ciborum
1904 2569 1963 2620 et
1988 2577 2398 2632 venerem-um,
2422 2570 2481 2621 et
2507 2565 2581 2623 ad

149 2638 268 2695 alia
311 2651 444 2710 quae
479 2643 621 2693 sunt
667 2635 1008 2693 necessaria
1054 2635 1421 2705 corruptibili
1455 2636 1607 2690 vitae.
1639 2633 1780 2690 Sola
1801 2647 1945 2707 ergo
1975 2635 2288 2705 occupatio
2317 2641 2581 2692 contem-

148 2708 384 2779 plativae
441 2708 572 2764 vitae
612 2708 674 2763 in
729 2705 1180 2779 resurgentibus
1228 2705 1598 2772 remanebit3
1643 2709 1884 2775 propter
1924 2705 2106 2776 quod,
2155 2708 2311 2774 Luc„
2374 2717 2431 2773 x,
2490 2710 2579 2775 43,

152 2777 371 2835 dicitur
398 2778 470 2834 de
511 2779 691 2834 Maria
718 2777 1177 2847 contemplante,
1251 2776 1364 2833 uod
1393 2778 1652 2845 optimam
1686 2778 1898 2845 partem
1933 2777 2110 2843 eleqit,
2146 2791 2265 2845 quae
2291 2791 2399 2830 non
2426 2778 2583 2843 ause·

149 2852 303 2904 retur
349 2848 420 2903 ab
443 2864 526 2903 ea.
559 2848 699 2905 Inde
728 2853 820 2905 est
861 2847 1038 2905 etiam
1088 2860 1207 2919 quo
1276 2846 1511 2911 dicitur,
1535 2845 1668 2914 Job,
1699 2859 1827 2915 cap.
1853 2858 1964 2914 vn,
1994 2850 2027 2902 9
2061 2864 2074 2902 :
2106 2845 2210 2912 Qui
2253 2845 2586 2901 descenderit

151 2919 225 2976 ad
251 2921 479 2986 inferos,
508 2934 616 2974 non
642 2919 907 2981 ascendet,
936 2934 1034 2974 uec
1054 2921 1349 2973 revertetur
1377 2918 1530 2971 ultra
1556 2918 1619 2971 in
1662 2916 1879 2971 domum
1911 2931 2084 2979 suam,
2116 2931 2285 2987 neque
2312 2920 2585 2983 coquoscet

148 3005 270 3045 eum
299 2990 535 3058 amptius
564 2990 709 3044 locus
744 2990 898 3059 εἰμες
946 2989 1009 3044 in
1039 2988 1257 3060 quibus
1287 2987 1486 3044 verbis
1507 2987 1684 3043 talem
1712 2986 2213 3044 resurrectionem
2238 2986 2347 3043 ,lob
2378 2991 2580 3057 negat,

149 3061 392 3131 qualem
443 3059 683 3130 quidam
747 3065 1096 3129 posuerunt,
1141 3058 1408 3115 dicentes
1455 3056 1617 3129 quod
1663 3062 1801 3127 post
1851 3057 2344 3114 resurrectionem
2403 3056 2581 3114 bomo

154 3130 374 3187 redibit
418 3129 490 3185 ad
543 3129 774 3186 similes
822 3129 1246 3199 occupationes
1291 3141 1443 3199 quas
1489 3140 1649 3184 nunc
1705 3127 1903 3199 habet,
1959 3132 2027 3185 ut
2062 3126 2294 3186 scilicet
2333 3124 2586 3184 aedificat

151 3199 368 3260 domos
397 3205 454 3257 et
483 3200 604 3257 alia
631 3198 975 3271 hujusmodi
1002 3204 1273 3256 exerceat
1291 3199 1509 3255 officia.

1064 3420 1317 3484 CAPUT
1356 3419 1670 3483 LXXXIV.

273 3601 433 3656 QUOD
480 3600 745 3648 confotu
789 3600 1198 3647 RESURGENTIA
1235 3599 1429 3645 ERUNT
1474 3599 1735 3644 EIUSDEM
1774 3598 2026 3645 NATURAE
2069 3600 2231 3646 SICUT
2274 3600 2460 3646 muns-

231 3765 565 3824 Occasione
595 3768 791 3821 autem
816 3764 1263 3835 praemissorum
1283 3762 1521 3835 quidam
1554 3763 1713 3819 circa
1739 3761 2115 3820 conditiones
2143 3775 2313 3819 resur
2358 3761 2584 3818 entium

149 3841 521 3895 erraverunt.
581 3836 730 3903 Quia
804 3835 964 3892 enim
1016 3847 1234 3903 corpus
1287 3848 1360 3889 ex
1410 3833 1728 3890 contrariis
1781 3833 2179 3904 compositum
2232 3833 2288 3887 vi
2335 3838 2463 3887 etur
2513 3845 2585 3887 ex

145 3909 516 3965 necessitate
545 3905 867 3977 corrumpi,
910 3907 1151 3962 fuerunt
1195 3903 1378 3975 aliqui
1425 3904 1522 3974 qui
1571 3904 1846 3960 dixerunt
1890 3903 2162 3960 homines
2206 3906 2585 3973 resurgentes

149 3976 503 4049 hujusmodi
535 3990 787 4046 corpora
826 3990 896 4032 ex
935 3974 1253 4033 contrariis
1280 3975 1612 4043 composita
1654 3986 1772 4029 non
1806 3973 2018 4030 habere
2054 3989 2068 4028 z
2101 3984 2349 4043 quorum
2400 3971 2585 4042 aliqui

148 4053 762 4120 posueruntcoi·pora
799 4049 1006 4103 nosti-a
1046 4058 1167 4101 non
1197 4046 1259 4101 in
1295 4051 1509 4100 natura
1536 4043 1866 4113 corporalis
1896 4054 2227 4121 resurge-re,
2259 4040 2361 4097 sed
2396 4047 2585 4099 trans-

146 4120 372 4176 mutari
405 4118 464 4173 in
507 4116 799 4186 spiritum,
828 4116 975 4173 moti
1006 4130 1079 4172 ex
1120 4128 1192 4171 eo
1240 4113 1396 4186 quod
1428 4116 1749 4182 Apostolus
1779 4112 1938 4181 dicit,
1975 4112 2306 4178 lCorintb.,
2338 4122 2441 4180 xv,
2466 4116 2534 4168 44
2567 4129 2581 4168 ε

148 4190 474 4246 Seminatur
501 4202 692 4256 corpus
723 4188 980 4256 animale,
1011 4188 1198 4254 sumet
1233 4187 1538 4254 spirituale.
1569 4184 1675 4239 Alii
1706 4197 1844 4238 vero
1868 4197 1941 4238 ex
1985 4181 2192 4238 eodem
2221 4180 2400 4239 verbo
2445 4187 2589 4239 sunt

155 4258 308 4316 moti
361 4264 426 4314 ut
455 4258 720 4314 dicerent
764 4257 918 4337 quod
950 4270 1202 4325 corpora
1243 4262 1446 4312 nostra
1494 4257 1552 4309 in
1584 4252 2011 4310 resurrectione
2041 4255 2214 4307 erunt
2241 4252 2502 4314 subtilia.
2530 4256 2589 4306 et

154 4329 282 4386 aeri
312 4336 369 4384 et
394 4328 584 4384 ventis
622 4327 859 4388 similia.
887 4330 1033 4383 Nam
1083 4332 1142 4383 et
1169 4325 1415 4395 spiritus
1445 4339 1547 4380 aer
1571 4324 1803 4385 dicitur,
1838 4325 1903 4378 ut
1929 4321 2018 4378 sic
2046 4320 2377 4400 spiritualia
2414 4333 2587 4378 aerea

153 4398 594 4469 intelligantur.
623 4398 731 4454 Alii
767 4411 907 4455 vero
936 4394 1210 4454 dixerunt
1275 4396 1387 4450 uod
1438 4395 1491 4450 iii
1542 4393 1972 4472 resurrectione
2016 4403 2229 4472 animae
2285 4392 2587 4448 resument

153 4482 416 4542 corpora
444 4482 565 4525 non
610 4467 848 4541 quidem
884 4473 1142 4538 terrena,
1168 4480 1233 4525 se
1303 4466 1589 4528 coelestia,
1620 4474 1995 4521 occasionem
2023 4463 2379 4534 accipientes
2412 4472 2484 4513 ex
2512 4470 2584 4513 eo
