3076 5025
493 221 602 278 252
1359 213 1493 271 ΠΒ.
1535 213 1616 282 11,
1655 212 1808 271 CAP.
1846 213 2075 269 XCVIII.

499 338 772 399 effectiva
788 337 1055 396 alterius.
1085 339 1152 395 In
1180 335 1445 410 qualibet
1465 340 1664 394 autem
1694 347 1879 394 causa
1905 332 2176 392 effectiva
2203 337 2436 405 oportet
2462 333 2933 399 esse.similitu·

499 410 700 471 dinem
729 409 823 468 sui
854 407 1124 479 effectus,
1153 413 1214 465 et
1239 406 1517 465 similiter
1546 406 1609 463 in
1639 404 1906 479 quolibet
1931 403 2143 464 effectu
2176 410 2410 486 oportet
2452 417 2589 485 esse
2642 404 2935 467 similitu-

501 481 700 540 dinem
731 494 856 538 suae
881 492 1100 547 causae,
1130 491 1203 536 eo
1231 477 1392 549 quod
1422 476 1892 549 unumquodque
1918 480 2258 557 agensagit
2286 474 2403 533 sibi
2434 474 2656 556 simile.
2691 474 2790 534 Sic
2820 476 2936 550 igi-

498 551 676 609 turin
698 549 992 622 superiori
1013 548 1483 607 substantiarum
1512 552 1916 618 separatarum
1947 550 2041 604 est
2073 545 2405 604 similitudo
2431 546 2739 604 inferioris
2768 545 2937 606 sicut

499 622 564 680 in
593 635 777 679 causa
800 627 892 677 est
919 618 1251 678 similitudo
1277 616 1623 686 effectuS‚in
1638 617 1905 676 inferiori
1927 621 2125 674 autem
2146 615 2477 674 similitudo
2491 617 2827 688 superioris
2838 622 2935 676 est
2986 676 2993 685 ,

501 692 660 751 sicut
687 692 750 748 in
779 689 993 748 effectu
1021 695 1112 749 est
1145 687 1478 747 similitudo
1515 702 1642 747 suae
1670 701 1889 747 causae.
1919 689 1986 745 In
2015 687 2219 746 causis
2246 691 2599 768 autemnon
2627 687 2927 757 univocis,

501 761 834 821 similitudo
868 760 1116 819 effectus
1145 758 1326 818 estin
1354 772 1540 817 causa
1567 758 1950 827 eminentius3
1967 770 2164 815 causae
2184 762 2381 816 autem
2405 756 2741 815 similitudo
2764 758 2826 815 in
2846 757 2927 816 ef-

501 832 682 901 fectu,
705 831 971 889 inferiori
988 828 1369 890 modo.Tales
1389 835 1586 887 autem
1599 842 1813 888 causas
1835 832 2212 901 oportetesse
2231 827 2601 886 substantias
2616 833 2923 898 separatas

502 902 845 974 superiores
873 907 1145 974 respectu
1173 898 1547 969 inferiorum,
1578 914 1760 973 quum
1792 913 1914 958 non
1943 898 2064 960 sint
2107 901 2289 960 unius
2316 898 2560 970 speciei,
2592 898 2701 956 sed
2742 898 2803 956 in
2831 897 2926 957 di-

500 972 694 1031 versis
723 972 1007 1044 gradibus
1033 971 1393 1030 constitutae.
1421 970 1744 1044 Cognoscit
1776 970 1960 1051 igitur
1986 968 2322 1051 substantia
2362 973 2637 1042 separata
2678 967 2930 1029 interior

503 1042 896 1114 superiorem,
922 1042 1254 1102 secundum
1278 1040 1521 1100 modum
1550 1040 1901 1100 substantiae
1927 1057 1999 1101 co
2045 1045 2373 1109 noscentiS‚
2421 1053 2543 1099 non
2590 1039 2929 1100 secundum

501 1110 747 1172 inodum
778 1113 1127 1172 substantiae
1156 1112 1410 1185 cognitae
1464 1111 1570 1170 sed
1598 1112 1868 1170 inferiori
1899 1126 1997 1171 mo
2041 1127 2109 1182 o;
2161 1111 2436 1184 superior
2458 1115 2658 1169 autem
2688 1110 2932 1168 inferio-

502 1196 653 1251 rem,
683 1183 1062 1242 eminentiori
1092 1183 1292 1243 modo.
1324 1185 1393 1240 Et
1416 1154 1534 1241 boc
1564 1190 1654 1241 est
1682 1182 1843 1255 quod
1868 1184 1933 1241 in
1961 1183 2118 1243 libro
2162 1187 2241 1241 De
2266 1183 2447 1238 causis
2500 1180 2722 1239 dicitur
2767 1179 2933 1254 quod

401 1254 406 1263 ‘
502 1255 866 1324 intelligentia
899 1256 1003 1311 scit
1028 1254 1175 1326 quod
1200 1258 1279 1311 est
1303 1254 1406 1310 sub
1431 1268 1488 1310 se
1513 1257 1567 1309 et
1593 1253 1737 1324 quod
1761 1259 1841 1311 est
1875 1270 2046 1327 supra
2071 1269 2146 1318 se,
2167 1269 2272 1326 per
2289 1251 2508 1310 modum
2533 1266 2648 1309 suae
2672 1250 2932 1309 substan·

503 1331 612 1391 tiae,
680 1329 777 1383 uia
802 1327 917 1383 alia
942 1329 1020 1383 est
1041 1340 1207 1382 causa
1232 1322 1478 1382 alimus.

575 1401 649 1457 Se
716 1410 899 1471 quum
925 1396 1201 1468 superius
1231 1395 1305 1467 (c.
1334 1394 1422 1465 50)
1453 1393 1534 1453 sit
1560 1399 1873 1454 ostensum
1893 1394 2052 1470 quod
2073 1396 2423 1457 substantiae
2445 1404 2738 1470 separatae
2755 1397 2936 1480 intel-,-

504 1472 790 1532 lectuales
832 1483 955 1528 non
996 1472 1138 1526 sunt
1163 1466 1511 1538 compositae
1538 1480 1613 1524 ex
1634 1466 1883 1526 materia
1909 1470 1969 1525 et
1991 1466 2202 1536 forma,
2227 1481 2352 1526 non
2391 1474 2649 1541 possunt
2689 1482 2951 1529 causari·

503 1542 624 1601 nisi
666 1555 770 1613 per
797 1541 1040 1598 modum
1064 1537 1409 1617 creationis:
1442 1538 1649 1617 Qreare
1678 1541 1877 1595 autem
1915 1536 2109 1596 solius
2136 1538 2239 1596 Dei
2265 1542 2379 1608 est,
2408 1544 2476 1596 ut
2501 1552 2691 1611 supra
2731 1540 2807 1613 (c.
2836 1541 2933 1613 2¹)

505 1617 817 1673 ostensum
848 1615 959 1668 est.
989 1612 1120 1666 Non
1148 1607 1367 1680 poterit
1392 1611 1576 1679 igitur
1604 1621 1727 1665 una
1748 1606 2218 1666 substantiarum
2246 1615 2655 1681 separatarum
2683 1624 2824 1670 esse
2849 1611 2936 1671 al-

502 1682 694 1740 terius
713 1696 819 1739 cau
828 1696 915 1739 sa.

574 1754 859 1815 Praeterea,
892 1755 1202 1832 ostensum
1231 1752 1324 1808 est
1351 1747 1427 1819 (c.
1459 1746 1547 1820 15)
1578 1747 1738 1821 quod
1765 1746 2128 1829 principales
2166 1754 2366 1822 partes
2409 1750 2677 1811 universi
2715 1765 2933 1814 omnes

506 1828 703 1882 sunta
723 1825 843 1880 Deo
873 1820 1212 1879 immediate
1240 1824 1480 1887 creatae3
1511 1831 1634 1876 non
1656 1823 1748 1876 est
1768 1823 1952 1891 igitur
1981 1832 2101 1878 una
2126 1834 2331 1879 earum
2367 1821 2441 1880 ab
2466 1822 2605 1881 alia.
2635 1824 2933 1896 Unaquae·

506 1907 621 1967 que
649 1899 847 1951 autem
876 1890 1344 1950 substantiarum
1374 1894 1782 1960 separatarum
1807 1894 1900 1948 est
1926 1889 2000 1947 de
2028 1889 2457 1963 principalibus
2477 1892 2750 1964 partibus
2795 1893 2934 1952 uni·

503 1964 661 2022 versi
693 1964 879 2021 multo
900 1961 1159 2044 amplius
1185 1973 1366 2034 quam
1393 1959 1487 2039 sno-l
1513 1959 1605 2016 vel
1633 1959 1798 2028 luna,
1824 1972 2010 2032 quum
2041 1973 2414 2035 unaquaeque
2458 1976 2661 2021 earum
2714 1962 2935 2025 babeat

504 2034 805 2107 propriam
862 2045 1122 2104 speciem
1177 2036 1240 2088 et
1289 2028 1647 2087 nobiliorem
1714 2043 1892 2103 quarn
1946 2030 2171 2103 quaevis
2236 2033 2470 2104 species
2523 2034 2930 2105 corporalium

504 2118 725 2234 regum.
755 2107 886 2162 Non
914 2102 1099 2175 igitur
1124 2113 1248 2159 una
1275 2111 1479 2158 earum
1509 2104 1793 2158 causatur
1841 2099 1917 2158 ab
1969 2100 2109 2171 alia,
2160 2102 2266 2160 sed
2320 2114 2532 2162 omnes
2584 2103 2931 2165 immediate

574 2245 670 2304 Sic
697 2245 900 2318 igitur,
932 2240 1263 2302 secundum
1305 2240 1610 2322 praedicta,
1667 2240 1947 2314 quaelibet
1995 2240 2465 2302 substantiarum
2514 2251 2927 2318 separatarum

505 2315 819 2388 cognoscit
849 2316 1035 2372 Deum
1065 2310 1319 2371 naturali
1349 2311 1694 2383 cognitione
1723 2311 2052 2370 secundum
2094 2312 2339 2372 modum
2379 2328 2504 2374 suae
2551 2315 2930 2387 substantiae,

503 2401 612 2460 per
646 2398 824 2459 quam
854 2384 1086 2443 similes
1112 2388 1255 2441 sunt
1287 2384 1409 2442 Deo
1441 2382 1600 2440 sicut
1626 2394 1853 2449 causae3
1890 2384 2047 2441 Deus
2074 2387 2274 2442 autem
2300 2387 2615 2458 cognoscit
2636 2400 2744 2446 eas
2773 2388 2934 2448 sicut

547 2458 746 2530 ropria
766 2468 972 2526 causa,
1001 2467 1206 2512 earum
1234 2453 1502 2511 omnium
1533 2453 1597 2510 in
1625 2466 1692 2510 se
1738 2453 2195 2511 similitudinem
2241 2454 2491 2516 habens.
2541 2458 2672 2517 Non
2729 2462 2930 2518 autem

504 2471 621 2588 Boc
654 2526 832 2586 modo
873 2539 996 2584 una
1036 2524 1506 2607 substantiarum
1560 2529 1966 2597 separatarum
2020 2524 2238 2598 poterit
2288 2539 2655 2600 cognoscere
2720 2530 2928 2599 aliam,

505 2612 690 2673 quum
719 2611 840 2656 una
867 2610 990 2655 non
1022 2601 1103 2654 sit
1129 2608 1315 2654 causa
1335 2593 1603 2654 alterius.

576 2666 1085 2728 Considerandum
1116 2671 1208 2724 est
1233 2665 1417 2747 igitur
1443 2665 1626 2747 quod,
1651 2680 1836 2747 quum
1866 2667 2033 2726 nulla
2059 2666 2406 2739 hujusmodi
2451 2669 2931 2732 substantiarum

504 2738 831 2798 secundum
865 2751 1037 2797 suam
1065 2742 1388 2796 essentiam
1411 2741 1494 2795 sit
1523 2733 1834 2796 sufficiens
1860 2737 2218 2810 principium
2249 2752 2321 2797 co
2343 2739 2617 2811 ,nitionis
2654 2742 2933 2801 omnium

503 2810 757 2869 aliarum
782 2822 1000 2878 rerum,
1042 2807 1365 2889 unicuique
1409 2821 1616 2866 earum
1659 2821 1843 2880 supra
1895 2809 2195 2889 propriam
2246 2822 2318 2866 su
2362 2811 2644 2869 stantiam
2693 2819 2937 2884 oportet

504 2879 901 2952 superaddere
960 2876 1250 2953 quasdam
1310 2878 1723 2951 intelligibiles
1778 2878 2241 2950 similitudines,
2284 2893 2392 2952 per
2438 2894 2591 2953 quas
2646 2882 2934 2954 quaelibet

502 2939 710 3008 earufii
739 2949 858 3007 alia
880 2948 945 3007 in
971 2948 1214 3021 propria
1240 2952 1455 3006 natura
1480 2961 1848 3020 cognoscere
1871 2949 2085 3021 possit.

576 3021 698 3077 Hoc
726 3023 925 3077 autem
962 3019 1052 3076 sie
1080 3017 1465 3099 manifestum
1496 3032 1632 3078 esse
1655 3024 1872 3099 potest.
1909 3021 2011 3078 Est
2053 3020 2212 3078 enim
2264 3022 2569 3103 proprium
2620 3022 2925 3096 objectum

501 3087 842 3148 intellectus
863 3101 972 3147 ens
989 3087 1385 3161 intelligibile,
1410 3089 1573 3162 quod
1634 3088 1832 3147 uidem
1859 3090 2535 3162 comprehenditomnes
2553 3092 2931 3155 differentias

502 3163 562 3217 et
606 3159 837 3231 species
884 3159 1041 3218 entis
1086 3158 1444 3230 possibiles;
1492 3158 1595 3232 qui
1640 3160 1782 3233 quid
1824 3161 1984 3218 enim
2019 3174 2155 3220 esse
2190 3166 2389 3233 potest
2415 3163 2670 3237 intelligi
2703 3170 2933 3237 potest.

502 3231 697 3298 Quum
740 3234 936 3288 autem
982 3228 1182 3288 omnis
1228 3229 1493 3310 cognitio
1529 3229 1633 3288 fiat
1672 3245 1778 3302 per
1816 3230 2061 3291 modum
2104 3232 2540 3298 similitudinis,
2579 3247 2704 3292 non
2731 3239 2934 3307 potest

499 3300 764 3360 totaliter
790 3313 968 3358 suum
996 3299 1293 3372 objectum
1320 3299 1659 3359 intellectus
1687 3314 2073 3374 cognoscere,
2110 3302 2230 3361 nisi
2260 3302 2476 3361 habeat
2503 3304 2565 3361 in
2595 3317 2664 3362 se
2712 3305 2935 3365 simili-
3002 3315 3013 3326 ⁶

498 3370 1166 3452 tudinemtotiusentis
1195 3374 1255 3427 et
1281 3370 1551 3429 omnium
1580 3370 2047 3430 differentiarum
2078 3372 2243 3444 ejus3
2280 3373 2420 3432 talis
2466 3379 2664 3432 autem
2711 3375 2931 3434 simili·

497 3440 645 3500 tudo
673 3445 858 3500 totius
887 3446 1043 3499 entis
1073 3454 1210 3500 esse
1238 3454 1362 3500 non
1391 3447 1589 3513 potest
1620 3442 1738 3500 nisi
1769 3447 1982 3501 natura
2007 3442 2261 3512 infinita,
2308 3458 2440 3516 quae
2488 3458 2612 3504 non
2648 3445 2931 3505 determi-

497 3517 676 3570 natur
703 3512 776 3570 ad
805 3512 1064 3593 aliquam
1096 3511 1357 3583 speciem
1379 3513 1470 3570 vel
1498 3525 1692 3584 genus
1712 3512 1891 3582 entis,
1924 3512 2031 3571 sed
2059 3517 2153 3572 est
2179 3514 2517 3573 universale
2560 3516 2933 3589 principium

497 3586 558 3640 et
583 3583 772 3640 virtus
787 3588 993 3640 activa
1020 3582 1206 3641 totius
1234 3582 1410 3646 entis,
1441 3582 1640 3656 qualis
1685 3589 1778 3641 est
1822 3583 1958 3642 sola
2000 3588 2214 3643 natura
2263 3583 2483 3656 divina,
2515 3591 2579 3644 ut
2609 3592 2931 3648 ostensum

496 3655 591 3732 est
620 3652 681 3725 (l.
711 3667 755 3722 1,
786 3667 838 3711 c.
864 3657 932 3710 25
959 3656 1016 3710 et
1043 3652 1167 3725 43);
1206 3653 1405 3711 omnis
1436 3658 1635 3712 autem
1664 3653 1785 3712 alia
1824 3658 2057 3725 natura,
2103 3668 2287 3728 quum
2340 3655 2423 3713 sit
2474 3658 2802 3717 terminata
2853 3658 2932 3717 ad

495 3720 740 3803 aliquod
769 3736 962 3804 genus
991 3722 1540 3805 etspeciementiS.
1580 3737 1703 3782 non
1752 3729 1951 3795 potest
1994 3738 2131 3784 esse
2178 3725 2537 3785 universalis
2586 3727 2931 3790 similitudo

493 3796 681 3874 totius
709 3798 885 3851 entis,
935 3793 1307 3873 Relinquitur
1346 3797 1532 3866 igitur
1571 3794 1732 3867 quod
1783 3793 1953 3854 solus
2007 3797 2166 3854 Deus
2215 3810 2322 3869 per
2371 3810 2545 3856 suain
2594 3799 2928 3858 essentiam

496 3875 700 3921 omnia
724 3870 1080 3935 cognoscat;
1111 3863 1389 3937 quaelibet
1415 3871 1614 3921 autem
1643 3864 2112 3924 substantiarum
2148 3872 2555 3939 separatarum
2598 3882 2709 3940 per
2750 3882 2921 3928 suam

487 3938 767 3992 naturam
793 3933 1105 4014 cognoscit
1129 3934 1388 4005 perfecta
1407 3935 1754 4007 cognitione
1782 3949 1954 3994 suain
1983 3937 2243 4009 speciem
2281 3943 2543 4007 tantum3
2578 3939 2920 3999 intellectus

494 4008 692 4082 autem
725 4004 1036 4076 possibilis
1065 4017 1461 4077 nequaquam,
1492 4004 1599 4063 sed
1669 4019 1734 4064 er
1761 4007 2020 4076 speciem
2049 4006 2510 4080 intelligibilem,
2542 4008 2709 4067 sicut
2745 4022 2925 4083 supra

495 4071 718 4132 dictum
746 4080 858 4154 est.
890 4077 971 4133 Ex
1003 4073 1121 4133 hoc
1146 4078 1341 4133 autem
1372 4075 1533 4148 quod
1558 4089 1632 4134 su
1676 4076 1895 4134 stantia
1922 4076 2123 4150 aliqua
2154 4084 2247 4135 est
2282 4078 2732 4151 intellectualis,
2763 4092 2930 4140 com-

491 4142 848 4210 prehensiva
875 4149 968 4204 est
986 4145 1172 4203 totius
1201 4145 1388 4216 entis;
1416 4145 1595 4215 unde,
1625 4161 1805 4220 quum
1833 4145 2171 4205 substantia
2198 4154 2472 4219 separata
2498 4163 2607 4220 per
2626 4164 2804 4210 suam
2827 4163 2933 4210 na-

490 4215 686 4291 turam
720 4226 843 4272 non
872 4214 975 4273 fiat
999 4220 1137 4274 actu
1163 4215 1679 4287 comprehendens
1706 4222 1895 4275 totum
1924 4229 2056 4285 ens,
2095 4218 2224 4298 ipsa
2299 4218 2365 4275 in
2418 4231 2532 4277 sua
2580 4220 2937 4281 substantia

490 4281 887 4352 considerata,
916 4291 1010 4343 est
1045 4285 1217 4367 quasi
1249 4286 1515 4368 potentia
1544 4287 1630 4368 ad
1652 4286 2079 4346 similitudines
2109 4260 2520 4362 intelligibiles
2553 4291 2783 4363 quibus
2831 4296 2933 4350 to-

491 4355 619 4409 tum
648 4364 757 4409 ens
785 4362 1186 4429 cognoscitur,
1217 4364 1276 4414 et
1299 4356 1417 4414 111ae
1451 4357 1881 4417 similitudines
1907 4364 2084 4418 erunt
2109 4363 2280 4419 actus
2317 4358 2469 4432 eJus,
2509 4359 2577 4418 in
2628 4368 2934 4436 quantum
