3076 5025
1051 303 1182 360 us.
1218 304 1321 370 m,
1360 302 1512 359 GAP.
1550 300 1795 359 cxxxn.
2392 300 2398 314 '
2537 304 2642 360 443

198 430 485 499 tempus;
516 425 731 484 deinde
756 425 899 499 quia
913 424 1204 496 possibile
1234 430 1292 482 et
1319 424 1493 482 facile
1513 428 1606 481 est
1624 422 1967 495 hujusmodi
1991 423 2269 496 pretium,
2288 421 2383 481 vel
2427 422 2636 482 fraude
2667 425 2679 470 l

205 497 719 579 dispensatorum,
750 495 841 552 vel
899 495 1077 564 furto,
1107 501 1210 554 aut
1263 496 1492 566 rapina,
1533 494 1822 565 deperire.
1854 494 2264 576 Remanebunt
2314 494 2495 566 igitur
2549 493 2669 552 inis

205 565 2349 718 qufflfffl0¹1?ss{iiii-1²55&{egffifflJuiffig”fioffiiss‘gss‘issfflssffll‘iacm
2389 640 2640 692 muare.

201 709 340 767 Non
372 709 556 779 igitur
581 712 696 764 erit
723 707 897 764 facile
926 707 1233 778 providere
1279 707 1376 763 lus
1426 718 1581 778 quos
1624 710 1858 775 oportet
1927 711 2055 763 orte
2098 719 2201 776 per
2246 704 2481 762 diversa
2510 704 2644 763 loca

201 777 474 849 dispergi
505 776 578 833 de
607 777 797 849 pretio
821 783 1133 849 assumpto
1159 791 1232 834 ex
1304 775 1759 835 ossessionibus
1788 776 1851 833 in
1878 788 2198 834 commune
2224 775 2452 832 relicto.

285 851 388 905 Est
416 853 612 905 autem
644 847 799 905 alius
828 847 1044 905 modus
1071 847 1244 903 viven
1289 848 1329 917 i,
1358 851 1421 904 ut
1449 845 1874 917 possessiones
1900 846 2160 905 habeant
2175 859 2548 913 communes,
2568 856 2646 926 ex

203 918 557 1048 ‘Ifibsssssiss
608 918 724 975 ulis
759 917 1141 1044 provideatur
1189 923 1368 989 prout
1391 916 1484 975 eis
1530 929 1686 988 opus
1733 915 1931 986 fuerit,
1976 916 2134 975 sicut
2160 916 2225 973 in
2255 915 2641 974 monasteriis

272 1002 490 1046 urimis
517 1001 556 1044 o
598 1001 769 1045 serva
795 1002 886 1046 ur.

199 1002 247 1062 P
277 1058 393 1117 Sed
423 1072 532 1115 nec
559 1058 656 1115 hic
685 1058 902 1116 modus
935 1057 1168 1115 videtur
1185 1057 1573 1115 conveniens.
1598 1055 2031 1116 possessiones
2050 1056 2213 1114 enim
2234 1061 2487 1115 terrenae
2518 1056 2643 1115 sol·

197 1127 582 1188 licitudinem
609 1127 886 1197 afferunt,
917 1133 976 1185 et
1019 1133 1255 1200 propter
1298 1127 1779 1199 procurationem
1824 1127 2143 1195 fructuum,
2172 1131 2244 1208 ‘et
2268 1133 2511 1198 propter
2540 1126 2642 1185 de·

207 1199 552 1259 tensionem
574 1212 777 1256 earum
803 1203 1017 1256 contra
1045 1198 1284 1255 fraudes
1309 1203 1366 1254 et
1391 1198 1747 1268 violentias;
1774 1203 1836 1255 et
1860 1204 2024 1255 tanto
2070 1210 2354 1270 majorem
2378 1202 2436 1254 et
2463 1212 2499 1255 a
2519 1196 2647 1268 plu·

205 1268 386 1329 ribus
415 1274 646 1340 oportet
676 1268 880 1326 haberi
938 1268 1426 1338 sollicitudinem,
1477 1274 1701 1341 quanto
1751 1267 2009 1340 majores
2054 1268 2477 1339 possessiones
2506 1279 2647 1326 esse

209 1344 452 1411 oportet
479 1353 608 1411 quae
661 1338 965 1396 sufficiant
1003 1339 1076 1396 ad
1127 1339 1386 1409 plurium
1438 1339 1956 1396 sustentationem.
2006 1338 2242 1410 Deperit
2291 1338 2309 1393 i
2356 1337 2476 1395 itur
2529 1339 2646 1398 boo

209 1410 400 1468 modo
429 1408 568 1491 finis
603 1409 955 1467 voluntariae
961 1410 1368 1535 (paupertatis,
1399 1408 1474 1467 ad
1515 1409 1715 1468 minus
1804 1414 2051 1468 uantum
2088 1407 2167 1469 ad
2214 1420 2316 1466 mu
2343 1413 2458 1477 tos,
2482 1417 2638 1480 quos

205 1484 450 1552 oportet
476 1494 635 1537 circa
661 1492 957 1551 procuran
1001 1493 1069 1537 as
1099 1492 1521 1551 possessiones
1542 1494 1678 1538 esse
1708 1494 1781 1538 so
1808 1480 2026 1538 licitos.

284 1552 438 1617 Item,
469 1551 808 1607 communis
833 1551 1144 1632 possessio
1174 1550 1328 1608 solet
1351 1564 1487 1608 esse
1507 1564 1692 1608 causa
1719 1550 2067 1619 discordiae3
2104 1559 2227 1607 non
2259 1548 2415 1606 enim
2446 1547 2648 1605 viden·

207 1624 315 1678 tur
339 1619 423 1677 liti
509 1634 571 1677 re
600 1621 701 1692 qui
730 1619 879 1679 nibil
909 1619 1483 1690 babentcommune,
1510 1626 1572 1677 ut
1593 1620 1836 1692 Hispani
1858 1624 1913 1677 et
1942 1622 2159 1688 Persae,
2193 1619 2299 1677 sed
2329 1620 2429 1692 qui
2458 1618 2642 1676 simul

205 1634 695 1771 aliquitffiabent
719 1703 1077 1771 commune}
1106 1696 1345 1772 propter
1371 1689 1530 1771 quod
1576 1692 1759 1748 ctiam
1807 1690 1963 1771 inter
2016 1689 2228 1771 fratres
2243 1694 2397 1771 ‚sunt
2421 1689 2641 1762 jurgia.

199 1760 526 1819 Discordia
551 1765 748 1818 autem
777 1759 1032 1818 maxime
1059 1761 1304 1831 impedit
1337 1767 1708 1819 vocationem
1748 1766 1967 1818 mentis
2009 1773 2171 1819 circa
2197 1759 2419 1826 divina,
2451 1765 2517 1816 ut
2542 1772 2644 1816 su-

207 1844 322 1903 pra
352 1831 426 1902 (c.
461 1829 583 1903 128)
615 1831 838 1888 dictum
867 1836 980 1889 est.
1006 1830 1245 1888 Videtur
1273 1830 1456 1904 igitur
1495 1830 1713 1889 modus
1741 1830 1855 1889 iste
1881 1830 2116 1889 vivendi
2146 1829 2433 1902 impedire
2461 1827 2645 1886 finem

199 1901 567 1959 voluntariae
597 1901 983 1972 paupertatis.

287 1971 497 2029 Adhuc
526 1977 722 2028 autem
755 1975 847 2029 est
875 1971 1087 2029 tertius
1114 1970 1332 2029 modus
1358 1970 1615 2040 vivendi,
1636 1975 1705 2028 nt
1730 1971 1803 2028 de
1846 1969 2153 2030 laboribus
2192 1983 2479 2027 manuum
2504 1983 2645 2028 sua·

211 2054 350 2100 rum
381 2042 582 2098 vivant
645 2042 703 2098 ui
727 2042 1119 2101 voluntariam
1145 2055 1258 2113 pau
1341 2046 1549 2099 itatem
1579 2045 1916 2111 sectantum
1945 2055 2122 2114 quem
2140 2041 2378 2114 quidem
2410 2038 2647 2098 vivendi

216 2112 464 2193 modum
497 2057 720 2192 Pauqus
749 2112 1059 2193 apostolus
1088 2126 1270 2193 seque
1314 2118 1466 2193 atur,
1491 2121 1552 2169 et
1578 2111 1715 2169 aliis
1740 2112 2179 2170 observandum
2210 2125 2323 2169 suo
2374 2111 2646 2181 exemplo

211 2186 277 2240 et
304 2185 683 2239 institutione
711 2181 959 2240 dimisit.
987 2181 1217 2240 Dicitur
1243 2195 1424 2250 enim,
1456 2183 1505 2239 Π
1533 2182 1766 2252 Thess„
1794 2194 1883 2251 m,
1913 2185 2046 2241 s-to
2075 2201 2089 2239 :
2116 2184 2238 2241 Non
2254 2183 2432 2251 pratis
2450 2193 2649 2251 panem

209 2252 671 2309 manducavimus
700 2252 769 2306 ab
793 2253 997 2323 aliquo,
1023 2254 1200 2309 sedin
1226 2252 1407 2308 labore
1432 2256 1485 2307 et
1508 2254 1854 2321 fatigatione,
1876 2257 2029 2309 nocte
2048 2256 2103 2307 et
2126 2253 2234 2321 die,
2250 2255 2553 2323 operantes,
2580 2266 2650 2307 ae

215 2337 377 2393 quem
402 2325 640 2378 vestrum
666 2337 1018 2390 moveremus
1044 2341 1063 2379 ε
1091 2338 1201 2378 non
1229 2325 1390 2392 quasi
1415 2338 1524 2378 non
1555 2323 1899 2378 habuerimus
1925 2326 2267 2394 potestatem,
2288 2320 2386 2378 sed
2433 2326 2495 2376 ut
2521 2335 2650 2377 nos·

212 2396 471 2463 metipsos
499 2394 736 2461 sormam
763 2393 1014 2449 daremus
1031 2393 1183 2448 vobis
1225 2393 1301 2448 ad
1325 2392 1650 2448 imitandum
1675 2407 1793 2450 nos.
1815 2394 1956 2450 Nam
1992 2396 2064 2463 et,
2090 2408 2214 2448 cum
2236 2405 2471 2448 essemus
2497 2391 2651 2461 apud

205 2478 329 2593 ἔω,
350 2463 479 2589 thoe
521 2462 980 2522 demonciabamus
1003 2463 1180 2527 vobis,
1221 2463 1481 2534 quoniam
1517 2465 1573 2520 st·
1606 2464 1731 2534 quis
1768 2476 1880 2518 non
1917 2464 2035 2520 vult
2074 2465 2310 2534 operari,
2352 2475 2449 2518 nec
2486 2475 2648 2518 man·

249 2550 349 2590 nee
378 2578 392 2591 .

184 2652 188 2659 .
284 2603 402 2662 Sed
429 2616 539 2661 nee
569 2602 680 2662 iste
718 2604 937 2663 modus
980 2602 1214 2661 vivendi
1247 2602 1482 2660 videtur
1525 2615 1668 2660 esse
1699 2602 2085 2662 conveniens.
2118 2601 2309 2661 Labor
2334 2602 2496 2659 enim
2528 2614 2649 2661 ma-

211 2674 419 2734 nualis
449 2675 830 2732 necessarius
858 2673 1046 2732 estad
1077 2674 1574 2731 sustentationem
1601 2673 1759 2742 vitre,
1788 2673 2116 2732 secundum
2146 2672 2304 2746 quod
2406 2673 2644 2744 ripsum

218 2742 449 2818 aliquid
480 2744 825 2816 acquiritur.
853 2745 1082 2802 Vanum
1106 2748 1305 2801 autem
1335 2743 1568 2800 videtur
1593 2743 1909 2817 quodquis
1935 2743 2283 2817 relinquens
2308 2744 2329 2798 i
2360 2742 2456 2799 lud
2486 2741 2647 2815 quod

211 2815 629 2874 necessarium
675 2818 785 2884 est,
836 2813 1052 2872 iterum
1101 2815 1406 2887 acquirere
1453 2813 1701 2871 laboret.
1730 2815 1792 2871 Si
1845 2814 2029 2886 igitur
2110 2820 2206 2871 ost
2250 2813 2647 2872 voluntariam

207 2899 334 2959 pau
380 2889 625 2942 ertatem
651 2884 1060 2943 necessarium
1113 2889 1207 2942 est
1255 2883 1467 2940 iterum
1497 2885 1805 2966 acquirere
1833 2884 1991 2943 unde
2032 2897 2068 2941 a
2091 2883 2251 2957 iquis
2281 2888 2649 2942 sustentetur

259 2969 325 3013 er
373 2955 615 3013 aborem
642 2955 1000 3025 manualem,
1030 2967 1252 3012 vanum
1283 2954 1396 3011 fuit
1422 2953 1527 3012 illa
1552 2954 1851 3013 dimittere
1883 2955 2088 3013 omnia
2133 2966 2266 3028 quae
2298 2954 2437 3027 quis
2467 2953 2648 3011 babe-

260 3031 321 3083 at
352 3025 424 3081 ad
455 3026 949 3083 sustentationem
981 3024 1134 3083 vitae.

289 3095 508 3163 Adhuc,
537 3095 874 3152 voluntaria
900 3099 1218 3167 paupertas
1264 3094 1338 3152 ad
1371 3094 1487 3152 boc
1544 3095 1880 3153 consulitur
1904 3100 1970 3153 ut
1994 3109 2100 3167 per
2120 3109 2254 3154 eam
2281 3094 2503 3168 aliquis
2532 3094 2649 3152 dis·

343 3171 475 3222 atur
495 3164 568 3222 ad
599 3165 931 3236 expeditius
950 3165 1320 3238 sequendum
1349 3165 1671 3235 Christum,
1701 3179 1805 3236 per
1830 3165 1945 3224 hoc
1970 3164 2134 3238 quod
2162 3180 2199 3224 a
2225 3164 2647 3224 sollicitudini-

267 3248 343 3293 us
372 3236 758 3292 saecularibus
779 3234 1082 3293 liberatur.
1113 3235 1389 3307 Maiorem
1419 3241 1618 3294 autem
1661 3235 2127 3294 sollicitudinem
2152 3237 2457 3310 requirere
2486 3235 2648 3293 vide-

211 3310 321 3363 tur
366 3305 520 3385 quod
554 3305 773 3377 aliquis
816 3306 1057 3377 proprio
1088 3306 1289 3363 labore
1333 3306 1555 3364 victum
1610 3306 1899 3378 acquirat,
1925 3321 2108 3381 quam
2158 3306 2319 3379 quod
2371 3306 2469 3365 his
2515 3318 2649 3379 quae

213 3373 430 3434 hahuit
458 3380 657 3432 utatur
709 3376 786 3434 ad
815 3377 1313 3434 sustentationem
1350 3376 1506 3444 vitre,
1535 3380 1597 3433 et
1635 3377 1933 3448 praecipue
1975 3378 2030 3436 si
2080 3376 2288 3437 habuit
2316 3377 2651 3449 possessio·

211 3458 331 3504 nes
361 3445 717 3527 moderatas,
739 3449 845 3504 aut
892 3446 1071 3528 etiam
1108 3445 1308 3517 aliqua
1356 3446 1608 3527 mobilia
1642 3459 1721 3505 ex
1773 3447 1994 3520 quibus
2021 3447 2085 3506 in
2127 3454 2404 3521 promptu
2429 3454 2552 3505 erat
2585 3451 2651 3506 ut

213 3521 486 3577 sumeret
507 3520 700 3573 victus
731 3529 1094 3575 necessaria.
1121 3518 1252 3573 Non
1286 3516 1470 3588 igitur
1511 3517 1710 3574 vivere
1732 3516 1806 3574 de
1833 3516 2140 3577 laboribus
2169 3531 2457 3577 manuum
2483 3516 2649 3575 vide·

209 3592 318 3645 tur
345 3600 482 3644 esse
506 3587 870 3644 conveniens
894 3586 1203 3659 proposito
1229 3587 1667 3645 assumentium
1695 3585 2089 3647 voluntariam
2118 3593 2549 3661 paupertatem.

288 3656 373 3715 Ad
405 3657 520 3714 hoc
547 3663 743 3713 autem
773 3657 1002 3716 accedit
1026 3656 1188 3728 quod
1227 3658 1538 3725 DominuS,
1557 3657 2024 3717 sollicitudinem
2050 3664 2424 3717 terrenorum
2456 3672 2493 3715 a
2521 3656 2645 3716 dis·

213 3726 1702 3856 iiiii-‘esni'ffl‘ig'ss'litss‘Qsssffdfffflniissffuffitff
1728 3733 2017 3870 “affl
1828 3728 2532 3856 ¹⁵¹i⁰·¹‘¹¹m01zti¹}:{t'i}⁰¹·
2555 3726 2649 3857 22⁶.

1285 3815 1299 3828 ·
1704 3815 1721 3857 t
2052 3815 2086 3855 υ
2452 3838 2472 3861 ,

209 3869 372 3924 niam
399 3882 570 3937 neque
599 3871 805 3932 εει-απτ,
833 3883 1005 3939 neq-uc
1027 3871 1253 3935 metum,
1283 3842 1454 3939 {req-we
1475 3873 1806 3939 eonoreqmt
1831 3872 1893 3927 in
1918 3869 2114 3927 horma
2139 3869 2385 3941 (matth,
2403 3878 2491 3930 vt,
2513 3812 2646 3941 ἕως

209 3937 522 4082 ὣίῑοὲιθηξι
554 3955 570 3995 z
597 3938 944 3997 considerate
967 3939 1092 3995 litia
1113 3940 1246 4008 aori
1270 3937 1531 4008 quomodo
1560 3942 1823 4009 wenna,
1844 3954 1959 3997 non
1991 3939 2267 4009 laborant,
2292 3953 2466 4009 neque
2492 3938 2644 3996 nent.

289 4076 538 4135 videtur
559 4079 740 4136 etiam
764 4078 864 4137 hic
890 4078 1109 4139 modus
1134 4077 1371 4137 vivendi
1397 4076 1798 4137 insufficiens.
1834 4080 1984 4136 Nam
2024 4078 2196 4137 multi
2240 4084 2384 4137 sunt
2419 4078 2647 4151 perseo·

207 4147 451 4206 tionem
477 4149 615 4206 vitae
644 4147 1051 4207 desiderantes
1078 4148 1300 4222 quibus
1327 4161 1450 4206 non
1474 4149 1738 4220 suppetit
1763 4148 2154 4231 facultas2aut
2180 4160 2301 4218 ars,
2324 4154 2393 4207 ut
2410 4151 2654 4222 possint

213 4216 431 4277 labore
462 4231 747 4275 manuum
777 4217 959 4275 vitam
984 4221 1338 4293 transigere,
1364 4218 1506 4300 quia
1532 4232 1658 4277 non
1699 4219 1931 4278 suntin
1970 4219 2068 4277 his
2112 4219 2340 4303 nutriti²
2379 4234 2490 4279 nec
2522 4221 2649 4278 ins·

211 4289 425 4348 tructi.
457 4290 554 4346 Sic
579 4289 742 4345 enim
767 4288 1040 4346 melioris
1074 4290 1442 4347 conditionis
1475 4295 1684 4347 essent
1721 4289 1795 4346 ad
1833 4289 2256 4361 perfectionem
2281 4294 2416 4349 vitae
2444 4301 2647 4362 capes-

215 4359 475 4418 sendam
524 4358 731 4417 rustici
767 4363 829 4416 et
861 4356 1111 4439 opifices
1157 4371 1342 4433 quam
1407 4359 1511 4432 qui
1568 4358 1880 4431 sapientire
1934 4359 2135 4418 studio
2170 4367 2546 4427 vacaverunt,
2587 4362 2652 4416 ot

221 4427 291 4490 in
338 4427 587 4500 divitiis,
613 4436 672 4487 et
722 4429 784 4488 in
809 4428 1043 4490 deliciis
1104 4443 1256 4505 quas
1290 4434 1532 4506 propter
1554 4428 1857 4493 Christum
1900 4429 2207 4502 deserunt,
2232 4435 2376 4490 sunt
2408 4426 2641 4489 nutriti.
