3076 5025
1114 263 1247 319 Lm.
1285 263 1362 333 ii,
1402 264 1553 320 ω).
1590 263 1655 320 c.
2492 267 2597 320 255

1141 473 1394 549 CAPUT
1431 473 1641 537 XCIX.

471 666 472 673 κ
515 634 668 691 QUOD
706 635 1080 685 sunsm'nss
1115 635 1432 681 SEPARATAE
1466 634 1833 682 MATERIAUA
1868 635 2255 684 coenosum.

235 786 353 842 Per
398 781 717 855 praedictas
767 780 952 854 igitur
1004 781 1231 839 formas
1283 779 1716 851 intelligibiles,
1756 779 2094 839 substantia
2146 787 2419 853 separata
2472 796 2598 842 non

166 853 372 915 solum
388 853 733 981 a‹Jiognoacit
781 851 935 911 alias
975 850 1350 911 substantias
1397 855 1723 922 separatas,
1757 850 1863 907 sed
1901 851 2081 909 etiam
2124 853 2360 922 species
2403 867 2599 912 rerum

165 938 240 984 co
318 937 387 981 or
449 938 597 981 ium.
657 976 661 989 ,
760 960 763 969 .
1508 970 1512 974 .

240 938 438 1063 ffiium
467 994 623 1051 enim
655 993 998 1051 intellectus
1028 1006 1232 1050 earum
1261 991 1342 1049 sit
1373 992 1675 1063 perfectus
1704 991 1960 1071 naturali
1986 991 2369 1063 perfectione,
2396 999 2599 1065 utpote

165 1071 334 1124 totus
359 1064 424 1122 in
453 1069 592 1122 actu
620 1063 905 1132 mustene,
938 1066 1171 1133 oportet
1260 1062 1375 1120 uod
1407 1075 1585 1120 suum
1620 1061 1942 1132 omentum,
1976 1062 2205 1119 scilicet
2233 1076 2342 1121 ens
2382 1064 2600 1121 intelli-

208 1134 380 1204 ibile,
407 1132 828 1193 universaliter
853 1133 1215 1203 comprehen
1260 1138 1338 1191 at.
1369 1132 1487 1193 Sub
1518 1136 1652 1189 ente
1694 1137 1892 1190 autem
1920 1131 2285 1203 intelligibili
2332 1147 2605 1204 compre-

211 1204 517 1264 enduntur
544 1205 722 1261 etiam
762 1204 994 1275 species
1023 1217 1220 1261 rerum
1251 1202 1671 1274 corporalium.
1704 1204 1815 1259 Eas
1855 1202 2038 1274 igitur
2064 1202 2402 1261 substantia
2429 1218 2599 1275 sepa-

167 1281 298 1334 rata
325 1289 400 1333 co
447 1277 660 1333 noscit.
1914 1318 1918 1327 .

239 1290 462 1409 Adhug,
492 1359 676 1418 quum
723 1345 958 1416 species
999 1357 1199 1402 rerum
1245 1343 1692 1415 distinguantur
1720 1342 1879 1401 sicut
1912 1343 2146 1414 species
2191 1358 2597 1409 numerorum,

170 1422 238 1475 ut
265 1430 450 1487 supra
476 1415 548 1486 (c.
582 1414 669 1487 95)
699 1414 969 1473 habitum
993 1420 1104 1485 est,
1131 1418 1363 1486 oportet
1393 1412 1552 1487 quod
1578 1414 1637 1471 in
1667 1413 1865 1484 specie
1899 1413 2192 1485 superiori
2227 1416 2607 1474 contineatur

171 1487 514 1558 aliqualiter
536 1484 697 1557 quod
719 1491 816 1543 est
842 1486 901 1542 in
936 1485 1227 1554 inferiori,
1260 1482 1421 1543 sicut
1447 1484 1639 1555 major
1667 1496 1954 1543 numerus
1979 1485 2247 1543 continet
2274 1486 2592 1544 minorem.

173 1557 368 1625 Quum
425 1556 610 1628 igitur
663 1555 1013 1614 substantiae
1070 1567 1356 1627 separatae
1409 1555 1534 1612 sint
1573 1568 1756 1625 supra
1810 1554 2179 1613 substantias
2235 1557 2598 1626 corporales,

174 1632 406 1697 oportet
437 1625 596 1707 quod
635 1641 704 1684 ea
740 1641 872 1699 quae
899 1630 1042 1684 sunt
1076 1626 1142 1682 in
1190 1624 1546 1683 substantiis
1574 1625 2004 1705 corporalibus·
2020 1640 2127 1696 per
2153 1624 2397 1688 modum
2424 1632 2603 1684 mate—

172 1697 382 1756 rialem
407 1702 535 1755 sint
561 1697 622 1754 in
655 1696 1014 1755 substantiis
1035 1696 1325 1768 separatis
1349 1709 1455 1776 per
1481 1694 1725 1776 modurn
1754 1695 2192 1768 intelligibilem
2216 1714 2231 1765 ;
2256 1696 2417 1769 quod
2437 1697 2595 1755 enim

174 1773 263 1825 est
292 1768 358 1825 in
388 1766 592 1840 aliquo
621 1772 712 1825 est
746 1768 805 1824 in
833 1781 906 1825 eo
933 1781 1039 1839 per
1067 1766 1310 1825 modum
1340 1779 1470 1838 eJus
1497 1779 1563 1821 in
1592 1779 1711 1837 quo
1733 1769 1843 1822 est.

240 1840 393 1900 Item,
437 1838 489 1895 si
535 1836 885 1895 substantiae
936 1841 1488 1909 separataemovent
1529 1849 1785 1907 corpora
1826 1835 2114 1904 coelcstia,
2145 1841 2210 1895 ut
2253 1837 2597 1918 philosophi

171 1913 405 1982 ponunt
433 1908 804 1981 (metaphys,
856 1913 1133 1973 itm-text.
1183 1920 1403 1965 comm.
1436 1906 1647 1977 36-49),
1736 1905 1982 1978 uidquid
2028 1913 2299 1978 provenit
2333 1922 2406 1966 ex
2432 1914 2600 1966 motu

173 1993 491 2050 corporum
533 1978 865 2036 coelestium
909 1978 1249 2059 attribuitur
1276 1977 1426 2048 ipsis
1472 1921 1825 2057 corporibus
1859 1977 2026 2058 sicut·
2061 1978 2499 2060 instrumentis,
2527 1992 2600 2038 eo

174 2049 334 2122 quod
359 2057 602 2107 movent
624 2053 804 2117 mota,
836 2049 1190 2108 substantiis
1220 2054 1415 2105 autem
1447 2053 1739 2119 separatis
1769 2047 2146 2107 moventibus
2192 2054 2350 2106 sicut
2377 2050 2601 2120 princi-

173 2120 412 2192 palibus
440 2119 775 2191 agentibus.
805 2122 1001 2191 Agunt
1029 2125 1224 2177 autem
1265 2124 1323 2179 et
1365 2124 1607 2177 movent
1655 2130 1759 2188 per
1806 2117 2192 2176 intellectum.
2222 2121 2374 2177 Sunt
2420 2120 2603 2192 igitur

175 2195 497 2249 causantes
521 2204 592 2247 ea
614 2204 746 2271 quae
775 2189 926 2246 fiunt
952 2205 1056 2262 per
1075 2196 1301 2247 motum
1331 2203 1647 2269 corporum
1671 2188 2025 2258 coelestium,
2050 2189 2208 2247 sicut
2236 2190 2448 2248 artifex
2468 2204 2607 2262 ope-

175 2265 342 2319 ratur
363 2275 470 2332 per
498 2274 612 2318 sua
637 2266 1052 2319 instrumenta.
1087 2263 1311 2317 Formae
1341 2260 1523 2331 igitur
1548 2272 1754 2317 eorum
1802 2272 1935 2330 quae
1979 2266 2342 2331 generantur
2383 2266 2441 2317 et
2477 2274 2603 2319 cor—

175 2338 535 2402 rumpuntur
586 2336 728 2389 sunt
754 2329 1211 2403 intelligibiliter
1238 2330 1302 2387 in
1328 2329 1683 2388 substantiis
1713 2329 2039 2398 separatis3
2071 2330 2229 2387 unde
2258 2335 2315 2387 et
2359 2332 2603 2389 Boetius

176 2400 273 2472 (De
303 2404 526 2469 Tnmt„
562 2401 600 2457 l.
632 2416 673 2470 1,
706 2416 758 2458 ο.
791 2402 843 2472 3)
875 2401 1020 2457 dicit
1046 2400 1205 2473 quod
1236 2416 1303 2455 ew
1342 2402 1535 2468 formis
1579 2415 1698 2480 quae
1741 2403 1870 2454 suut
1908 2402 2027 2454 sine
2067 2403 2299 2455 materia
2342 2405 2603 2457 venei-tint

172 2472 364 2540 rormae
391 2487 510 2543 quae
536 2475 664 2528 sunt
702 2473 764 2528 in
799 2473 1050 2529 materia.
1083 2473 1465 2543 cognoscunt
1509 2470 1693 2542 igitur
1743 2468 2092 2530 substantiae
2136 2475 2423 2541 separatae
2478 2484 2601 2530 non
2672 2492 2677 2497 ·

175 2544 373 2604 solum
401 2543 772 2601 substantias
801 2547 1125 2613 separatas,
1157 2542 1262 2599 sed
1293 2540 1470 2598 etiam
1500 2541 1734 2611 species
1760 2553 1959 2597 rerum
1976 2540 2372 2599 materialium
2397 2560 2411 2606 ς
2442 2556 2599 2612 nam,

176 2612 230 2671 si
263 2618 640 2686 cognoscunt
661 2614 894 2683 species
923 2612 1358 2685 generabilium
1389 2615 1446 2668 et
1468 2608 1942 2680 corruptibilium
1974 2623 2290 2682 corporum
2322 2617 2602 2682 tanquam

175 2684 554 2757 propriorum
585 2681 928 2751 effectuum,
957 2683 1146 2739 multo
1185 2682 1380 2753 magis
1421 2681 1654 2760 species
1701 2693 2014 2749 corporum
2064 2680 2398 2738 coelestium
2428 2683 2597 2754 quasi

179 2755 556 2827 propriorum
585 2754 1135 2811 instrumentorum.
1169 2752 1321 2820 Quia
1347 2764 1487 2809 vero
1543 2749 1881 2810 intellectus
1918 2750 2269 2831 substantiae
2316 2759 2602 2823 separatae

177 2831 270 2883 est
319 2825 382 2882 in
430 2829 590 2893 actu,
621 2824 850 2882 habens
879 2837 1089 2882 omnes
1120 2821 1548 2884 similitudines
1577 2820 1651 2877 ad
1681 2834 1831 2892 quas
1878 2826 1971 2878 est
2017 2833 2080 2876 in
2112 2823 2378 2891 potentia
2406 2822 2606 2894 (habet

175 2903 375 2953 autem
421 2895 695 2952 virtutem
748 2892 1290 2964 comprehendendi
1346 2904 1559 2949 omnes
1597 2891 1830 2961 species
1884 2897 1943 2948 et
1977 2889 2347 2950 differentias
2399 2892 2601 2965 entis),

176 2978 428 3024 necesse
479 2971 572 3023 est
615 2964 776 3037 quod
834 2964 1170 3026 substantia
1224 2968 1499 3034 separata
1547 2961 1829 3034 quaelibet
1879 2969 2209 3034 cognoscat
2255 2973 2469 3021 omnes
2503 2977 2602 3022 res

176 3035 485 3094 naturales
505 3043 571 3093 vet
595 3040 783 3096 totum
811 3035 1082 3092 ordinem
1108 3048 1333 3093 earum.

249 3106 445 3173 Quum
475 3111 671 3164 autem
700 3105 1040 3163 intellectus
1065 3106 1130 3161 ¹in
1156 3110 1288 3162 actu
1321 3103 1605 3175 perfectio
1633 3102 1717 3160 sit
1742 3101 2106 3183 intellectum
2127 3104 2192 3162 in
2219 3109 2377 3174 actu,
2407 3111 2607 3186 potest

176 3176 359 3234 alicui
402 3175 594 3233 videri
647 3176 805 3248 quod
855 3175 1189 3234 substantia
1210 3180 1515 3246 ‚separata
1562 3187 1684 3230 non
1738 3172 2032 3244 intelligat
2088 3185 2186 3232 res
2222 3176 2599 3245 materiales3

175 3245 616 3304 inconveniens
644 3246 803 3304 enim
831 3247 1064 3304 videtur
1092 3245 1250 3318 quod
1280 3258 1386 3308 res,
1423 3243 1752 3325 materialis
1800 3243 1879 3302 sit
1923 3244 2208 3314 perfectio
2254 3245 2605 3305 substantiae

175 3322 489 3387 separatae.
520 3317 655 3384 Sed,
689 3316 741 3374 si
785 3323 941 3375 recte
989 3316 1425 3384 consideretur,
1455 3329 1555 3372 res
1596 3313 1900 3371 intellecta
1928 3319 2018 3371 est
2061 3315 2348 3387 perfectio
2391 3316 2606 3374 intelli-

175 3387 398 3460 geniis,
430 3387 761 3445 secundum
813 3401 985 3445 suam
1030 3386 1487 3445 similitudinem
1537 3397 1716 3458 quam
1764 3383 1942 3464 babet
1985 3384 2051 3441 in
2098 3385 2439 3453 intellectu3
2480 3400 2603 3445 non

175 3458 339 3516 enirn
388 3458 564 3528 lapis,
593 3457 698 3530 qui
751 3461 848 3515 est·
893 3463 1057 3515 extra
1097 3457 1378 3523 animam,
1412 3460 1502 3514 est
1558 3455 1841 3535 perfectio
1897 3453 2236 3513 intellectus
2292 3455 2603 3527 possibilis

177 3525 392 3586 nostri.
424 3528 764 3585 Similitudo
813 3534 1010 3588 autem
1042 3528 1126 3584 rei
1156 3527 1484 3585 materialis
1512 3525 1574 3584 in
1603 3523 1906 3604 intellectu
1938 3524 2290 3583 substantiae
2316 3533 2605 3597 separatae

175 3605 270 3656 est
297 3597 790 3666 immaterialiter,
810 3598 1140 3656 secundum
1160 3597 1404 3656 modum
1433 3596 1784 3675 substantiae
1804 3601 2112 3677 separatae,
2131 3609 2253 3655 non
2270 3597 2602 3656 secundum

172 3669 424 3728 modum
456 3668 807 3728 substantiae
833 3667 1182 3725 materialis·
1211 3668 1376 3728 Unde
1402 3680 1525 3726 non
1551 3670 1645 3723 est
1674 3678 2107 3724 inconveniens
2135 3667 2188 3724 si
2221 3667 2346 3725 haec
2388 3667 2602 3725 simili·

169 3739 322 3797 tudo
350 3739 586 3797 dicatur
621 3753 757 3797 esse
782 3738 1071 3810 perfectio
1098 3738 1440 3795 intellectus
1461 3735 1813 3796 substantiae
1842 3742 2130 3808 separatoe
2166 3736 2324 3795 sicut
2361 3737 2606 3810 propria

170 3808 371 3870 forma
397 3808 553 3883 ejus,
581 3809 627 3883 (1
653 3815 830 3882 part„
857 3823 917 3883 q.
942 3822 1087 3878 nm,
1112 3814 1222 3867 art.
1252 3808 1329 3880 1.)

1205 4017 1459 4082 CAPUT
1506 4017 1577 4082 C.

523 4177 677 4234 QUOD
715 4179 1086 4226 sulianum
1123 4179 1442 4225 SEPARATAE
1478 4179 1853 4226 cocNochN'r
1900 4180 2268 4228 Smcuultm.

244 4329 404 4398 Quia
426 4339 573 4384 vero
603 4322 1030 4383 similitudines
1053 4337 1273 4394 rerum,
1305 4323 1368 4381 in
1399 4323 1705 4396 intellectu
1734 4324 2083 4384 substantiae
2127 4334 2433 4400 separatae,
2465 4335 2606 4388 sunt

159 4397 650 4460 universaliores
678 4407 858 4468 quam
884 4393 951 4453 in
976 4393 1283 4453 intellectu
1309 4400 1543 4465 nostr0,
1571 4399 1629 4452 et
1657 4393 2021 4455 efficaciores
2050 4397 2125 4456 ad
2154 4398 2270 4458 hoc
2299 4400 2457 4473 quod
2503 4413 2607 4471 per
