3076 5025
405 193 511 247 :320
1297 194 1430 251 LIB.
1472 194 1562 260 lv,
1600 191 1752 249 CAP.
1791 192 1923 247 xv1.

1405 412 1658 478 CAPUT
1696 412 1823 476 XV.

954 585 1032 632 DE
1067 583 1295 630 SPIRITU
1330 583 1572 641 smum,
1612 583 1764 637 QUOD
1801 582 1894 628 SIT
1930 583 1994 629 m
2027 581 2269 628 DIVINIS.

482 744 705 801 Divinae
738 745 934 800 autem
963 739 1277 810 Scripturae
1307 737 1630 796 auctoritas
1656 751 1778 794 non
1809 736 2005 796 solum
2035 735 2212 794 nobis
2252 737 2316 793 in
2342 735 2565 794 divinis
2596 738 2821 798 Patrem
2870 799 2879 810 ,

411 819 472 873 et
497 814 708 871 Filium
733 810 1067 878 annuntiat,
1098 808 1203 866 sed
1233 809 1329 869 his
1354 807 1591 866 duobus
1616 807 1898 880 Spiritum
1919 812 2188 866 sanctum
2219 811 2651 872 connumerat;
2683 805 2820 864 dicit

414 885 573 942 enim
604 881 893 940 Dominus
925 899 938 935 ε
968 882 1169 935 Euntes
1196 879 1373 936 docete
1397 893 1578 933 omnes
1603 881 1803 946 pentes,
1835 878 2168 948 baptizantes
2200 890 2287 932 eos
2304 879 2365 931 in
2384 879 2605 932 nomine
2621 878 2823 945 Patris,

411 959 463 1011 et
496 954 645 1017 Filii,
690 955 740 1006 et
778 951 1019 1020 Spiritus
1045 951 1223 1005 sancti
1245 947 1483 1019 (March,
1506 960 1721 1015 xxvm,
1755 947 1839 1017 19)
1864 964 1878 1015 ;
1908 953 1999 1004 et:
2035 949 2161 1004 Tres
2191 950 2320 1002 sunt
2342 948 2442 1016 qui
2467 948 2827 1025 testimonium

409 1025 550 1079 dant
575 1026 636 1077 in
661 1021 786 1077 coelo
815 1039 832 1074 ε
862 1021 1039 1081 Pater,
1075 1019 1306 1075 Verbum
1332 1023 1384 1074 et
1404 1018 1646 1087 Spiritus
1668 1021 1908 1073 sanctus.
1936 1015 1987 1088 (I
2006 1018 2205 1072 Joann.
2233 1029 2296 1073 v.
2320 1015 2400 1086 7.)
2432 1016 2627 1086 nujus
2656 1022 2825 1073 etiam

418 1093 671 1174 Spiritus
722 1089 911 1148 sancti
959 1088 1402 1158 processionem
1450 1085 1764 1158 quamdam
1823 1100 1995 1144 sacra
2037 1086 2335 1156 Scriptura
2359 1090 2824 1153 commemoratu

413 1162 554 1220 dicit
582 1161 767 1217 enim:
794 1160 967 1226 Quum
991 1160 1197 1214 venerit
1221 1159 1556 1220 Paracletus,
1586 1171 1743 1226 quem
1762 1171 1856 1224 eqo
1872 1158 2088 1212 mittam
2110 1155 2261 1211 vobis
2287 1172 2325 1211 a
2343 1157 2530 1223 Patre,
2644 1156 2825 1211 irim

410 1234 682 1291 veritatis,
716 1231 815 1302 qui
851 1245 887 1284 a
916 1230 1079 1283 Patre
1116 1229 1383 1297 procedit,
1431 1228 1524 1282 ille
1578 1228 1945 1283 testimoninm
1982 1225 2283 1296 perhibebit
2331 1224 2399 1281 de
2435 1240 2540 1280 me.
2617 1226 2827 1293 Joann„

414 1314 517 1364 xv,
549 1300 663 1372 26.)

1400 1443 1654 1508 CAPUT
1700 1444 1857 1507 XVI.

591 1616 878 1664 RATIONES
929 1616 1011 1662 Ex
1055 1615 1265 1670 QUIBUS
1302 1614 1502 1667 AQO
1538 1613 1810 1659 SPIRITUM
1842 1612 2110 1660 SANc'rmt
2142 1612 2668 1661 mmmmm

1341 1700 1481 1746 ESSE
1505 1699 1875 1746 nummu.

487 1856 721 1928 opinati
778 1862 920 1915 sunt
970 1861 1166 1914 autem
1224 1855 1467 1936 quidem
1521 1853 1804 1934 Spiritum
1850 1857 2121 1911 sanctum
2150 1856 2481 1934 creaturam
2507 1866 2674 1934 esse,
2703 1853 2829 1935 aliis

414 1927 705 2054 cregturis
752 1926 1069 1984 celsiorem
1102 1943 1116 1995 ;
1172 1926 1245 1983 ad
1287 1938 1458 1997 cujus
1506 1929 1896 1983 assertionem
1927 1935 2112 1981 sacrae
2136 1924 2448 1995 Scripturae
2470 1928 2827 1982 testimoniis

415 2002 511 2056 ute
554 2001 747 2053 antur.

483 2066 707 2122 Dicitur
736 2065 895 2121 enim
925 2062 1254 2122 secundum
1283 2063 1540 2122 litteram
1594 2062 2024 2136 Septuaginta:
2075 2065 2210 2119 Ecce
2250 2064 2497 2129 formans
2543 2068 2751 2119 montes
2784 2067 2830 2119 et

412 2151 601 2193 creans
643 2137 916 2204 spiritum,
966 2138 1018 2190 et
1058 2136 1393 2190 annuntians
1441 2134 1649 2189 homini
1670 2133 1893 2188 verbum
1937 2133 2057 2202 ejus
2082 2132 2288 2205 (Amos,
2318 2145 2404 2202 Π,
2437 2132 2563 2204 13);
2599 2139 2660 2190 et
2693 2136 2827 2189 Dicit

412 2208 690 2273 Dominus,
716 2205 1005 2260 extendens
1032 2205 1219 2260 coelum
1235 2208 1290 2259 et
1311 2204 1558 2271 fundans
1584 2206 1803 2264 terram,
1828 2207 1883 2259 et
1904 2205 2111 2272 tingens
2138 2205 2392 2273 spiritum
2418 2203 2658 2259 hominis
2685 2205 2821 2258 ineo.

411 2274 689 2347 (lachen,
716 2286 838 2354 xn„
855 2273 941 2401 Ὗ)
958 2273 1199 2353 Viqetur
1224 2273 1242 2329 i
1290 2274 1409 2331 itur
1426 2272 1590 2354 quod
1617 2271 1869 2345 Spiritus
1898 2277 2142 2330 sanctus
2172 2273 2252 2327 sit
2276 2278 2570 2330 creatura.

481 2343 683 2402 Adhuc
726 2343 869 2401 d1cit
945 2356 1207 2410 ommus,
1279 2357 1312 2401 e
1341 2344 1562 2414 Splrltu
1605 2348 1815 2401 sancto
1843 2342 2137 2415 loquens:
2168 2345 2290 2398 Non
2315 2344 2566 2413 loquetur
2592 2359 2633 2399 a
2657 2345 2825 2399 semet·

415 2417 573 2485 ipso;
606 2414 700 2469 sed
721 2429 1066 2483 quaecumque
1082 2413 1271 2468 audiet
1297 2414 1564 2482 loquetur.
1592 2411 1833 2483 (Iouam,
1862 2424 1992 2482 m,
2025 2411 2134 2483 13.)
2164 2414 2246 2469 Ex
2270 2426 2390 2484 quo
2415 2411 2655 2471 videtur
2679 2411 2826 2494 quod

414 2484 567 2543 nihil
623 2483 909 2541 ultroneae
961 2483 1275 2556 potestatis
1319 2483 1669 2542 auctoritate
1713 2482 2007 2555 loquatur,
2038 2481 2142 2540 sed
2162 2480 2394 2554 jubenti
2422 2495 2527 2556 per
2553 2483 2823 2542 ministe-

412 2556 569 2611 rium
613 2553 964 2621 famuletur3
1004 2552 1165 2625 loqui
1193 2553 1351 2611 enim
1389 2567 1520 2626 quae
1550 2553 1688 2626 quis
1714 2553 1878 2610 audit
1907 2552 2251 2611 famulantis
2280 2565 2417 2611 esse
2444 2552 2701 2611 videtur.
2736 2553 2821 2609 Vi-

414 2624 586 2682 detur
612 2624 795 2696 igitur
822 2624 1078 2694 Spiritus
1106 2629 1349 2681 sanctus
1378 2637 1513 2681 esse
1542 2630 1813 2681 creatura
1839 2625 1963 2681 Deo
1982 2621 2267 2694 subjecta.

479 2695 630 2755 Item,
661 2693 813 2750 mitti
845 2693 1149 2752 inferioris
1175 2707 1311 2752 esse
1336 2692 1589 2762 videtur,
1626 2705 1811 2765 quum
1854 2692 1919 2750 in
1946 2692 2211 2749 mittente
2238 2692 2595 2762 importetur
2617 2695 2813 2750 aucto-

413 2763 582 2820 ritas,
614 2762 869 2833 Spiritus
899 2767 1091 2821 autem
1123 2768 1367 2821 sanctus
1395 2777 1432 2820 a
1470 2765 1641 2820 Patre
1682 2767 1744 2820 et
1772 2761 1920 2821 Filio
1947 2762 2233 2830 mittitur;
2263 2760 2408 2819 dicit
2435 2761 2597 2818 enim
2628 2763 2817 2820 Domi·

409 2846 525 2890 nus
559 2850 572 2887 :
611 2834 926 2888 Paracletus
971 2833 1212 2902 Spiritus
1255 2835 1494 2901 sanctus,
1579 2847 1698 2888 uem
1735 2834 1912 2888 mittet
1932 2834 2099 2889 Pater
2126 2835 2188 2887 iu
2222 2833 2592 2898 nominemeo,
2618 2833 2715 2888 ille
2736 2845 2820 2888 vos

409 2902 617 2957 docebit
639 2904 818 2957 omnia
849 2902 1086 2972 Noenu„
1114 2914 1242 2971 ΧΠ,
1269 2902 1396 2973 26);
1427 2906 1486 2959 et
1508 2848 1717 2968 :guum
1728 2905 1934 2958 venerit
1954 2902 2286 2963 Paracletus,
2314 2916 2469 2972 quem
2493 2916 2591 2980 eoo
2616 2902 2823 2958 mnam

406 2974 558 3027 vobis
586 2973 829 3098 affati-e,
856 2971 1104 3044 (Iocum,
1121 2984 1227 3042 κν,
1254 2972 1369 3045 26.)
1397 2970 1654 3044 Spiritus
1678 2984 1822 3044 ergo
1834 2976 2080 3030 sanctus
2107 2975 2167 3030 et
2184 2970 2354 3029 Patre
2372 2977 2430 3029 et
2456 2971 2608 3029 Filio
2628 2972 2819 3031 minor

409 3054 546 3099 esse
570 3055 626 3098 vl
672 3054 703 3097 e
734 3055 821 3098 ur.

477 3111 692 3172 Adhuc.
724 3109 1026 3182 Scriptura
1050 3110 1271 3181 divina,
1311 3110 1523 3169 Filium
1558 3110 1716 3170 Patri
1741 3111 2056 3170 associans
2095 3111 2161 3168 in
2184 3109 2282 3170 his
2319 3123 2453 3183 quae
2492 3110 2815 3169 divinitatis

406 3192 543 3238 esse
562 3179 866 3260 fidenter,
921 3180 994 3238 de
1048 3181 1261 3251 Spiritu
1318 3187 1526 3239 sancto
1572 3182 1935 3239 mentionem
1975 3193 2097 3239 non
2138 3179 2301 3250 facit,
2340 3186 2405 3239 ut
2445 3184 2611 3266 patet
2635 3192 2812 3254 quum

408 3251 698 3307 Dominus
728 3248 873 3307 dicit
902 3268 916 3307 z
947 3252 1111 3308 Nemo
1132 3251 1285 3306 novit
1305 3252 1528 3321 Filium,
1559 3253 1673 3311 nisi
1697 3253 1900 3318 Pater-3
1925 3266 2096 3321 neque
2115 3253 2334 3306 Patrem
2360 3264 2485 3321 quis
2504 3254 2679 3318 novit,
2715 3250 2818 3306 nisi

402 3320 577 3375 Filius
607 3317 845 3389 (Matths
875 3330 957 3387 xl,
986 3319 1117 3391 27);
1148 3319 1221 3377 de
1261 3320 1478 3391 Spiritu
1524 3326 1734 3379 sancto
1763 3320 2062 3378 mentione
2090 3332 2213 3378 non
2238 3320 2430 3389 facta3
2459 3325 2519 3378 et
2554 3320 2809 3378 dicitur:

402 3390 527 3444 Haec
549 3393 630 3444 est
649 3392 769 3444 vita
793 3391 1015 3459 aeterna,
1044 3394 1106 3444 ut
1131 3394 1448 3459 coquoscant
1475 3395 1527 3446 te
1548 3392 1719 3446 solum
1737 3392 1907 3447 Deum
1930 3405 2134 3456 verum,
2162 3395 2216 3445 et
2240 3405 2397 3460 quem
2417 3391 2622 3446 misisti
2646 3393 2817 3447 Iesum

404 3457 678 3515 christum
716 3460 956 3530 (Ionum.
1010 3470 1157 3523 xvn,
1215 3460 1290 3531 3),
1348 3460 1448 3518 ubi
1496 3461 1674 3518 etiarn
1717 3460 1788 3517 de
1815 3460 2035 3531 Spiritu
2064 3465 2273 3518 sancto
2309 3460 2535 3518 mentio
2562 3472 2687 3517 non
2712 3457 2807 3525 fit3

400 3529 721 3598 Apostolus
748 3528 923 3585 etiam
950 3527 1095 3585 dicit
1124 3546 1138 3584 ε
1170 3528 1366 3586 Gratia
1399 3529 1573 3598 vobis,
1599 3534 1651 3585 et
1687 3545 1809 3600 pam
1844 3546 1883 3585 a
1905 3533 2010 3586 Deo
2049 3531 2210 3585 Patre
2248 3534 2449 3592 nostro,
2502 3534 2555 3585 et
2592 3531 2809 3586 Domino

399 3599 529 3653 Iesu
552 3598 763 3654 Christo
788 3596 980 3669 (Rom,
1009 3611 1050 3661 1,
1078 3597 1157 3669 7),
1202 3603 1262 3656 et
1296 3616 1309 3654 :
1340 3600 1506 3657 Nobis
1531 3615 1675 3655 unus
1701 3603 1862 3667 Deus,
1890 3601 2074 3661 Pater,
2111 3614 2181 3655 eoe
2205 3614 2313 3670 quo
2333 3601 2540 3667 omnia,
2568 3608 2622 3658 et
2643 3612 2737 3655 nos
2758 3599 2815 3652 iu

400 3668 591 3735 illum3
638 3672 689 3724 et
728 3683 871 3723 unus
911 3670 1168 3724 Dominus
1215 3669 1367 3725 Iesus
1411 3669 1675 3732 Christus,
1764 3684 1822 3724 er
1849 3683 2005 3739 quem
2047 3672 2249 3738 omnia,
2296 3672 2351 3724 et
2388 3684 2488 3724 nos
2502 3684 2611 3741 per
2644 3671 2668 3723 i
2704 3680 2811 3724 sum

401 3736 455 3816 (Ι
472 3739 623 3816 por„
669 3749 802 3818 vni,
849 3735 925 3805 6),
979 3737 1041 3794 in
1075 3737 1294 3809 quihus
1324 3738 1500 3797 etiam
1530 3737 1680 3795 nihil
1710 3684 1783 3796 «fe
1810 3738 2031 3810 Spiritu
2059 3742 2269 3796 sancto
2297 3737 2527 3796 dicitur.
2570 3740 2645 3795 vi
2688 3742 2808 3795 etur

399 3812 585 3879 igitur
610 3808 865 3878 Spiritus
893 3812 1138 3864 sanctus
1165 3810 1324 3865 Deus
1352 3821 1475 3865 non
1503 3822 1663 3866 esse.
2698 3875 2708 3885 ,

468 3877 745 3946 Amplius,
772 3890 950 3934 omne
1019 3877 1137 3934 uod
1166 3883 1436 3935 movetur
1462 3883 1724 3936 creatum
1749 3880 1875 3946 est;
1895 3881 2206 3935 ostensum
2234 3882 2326 3935 est
2352 3877 2605 3935 enimin
2622 3886 2806 3947 primo

396 3944 554 4004 libro
586 3948 771 4004 Deum
800 3947 984 4005 immo
1030 3947 1167 4004 ilem
1195 3960 1352 4004 esse.
1384 3947 1625 4019 Spiritui
1654 3952 1850 4006 autem
1894 3951 2104 4006 sancto
2131 3945 2432 4018 scriptura
2457 3945 2660 4003 divina
2684 3956 2803 4002 mo·

394 4018 522 4072 tum
549 4012 849 4085 attribuit3
881 4016 1096 4074 dicitur
1123 4016 1283 4073 enim
1314 4034 1328 4073 ε
1359 4017 1599 4089 Spiritus
1642 4019 1743 4074 Dei
1766 4017 2045 4085 ferebatw·
2172 4032 2231 4072 er
2256 4031 2430 4087 aquas
2452 4015 2696 4095 (amri,
2717 4013 2804 4084 2);

393 4089 496 4164 φὶς
552 4086 852 4154 Effundam
892 4089 1149 4156 spiritum
1192 4101 1365 4142 meum
1407 4102 1572 4157 super
1617 4102 1823 4143 omnem
1848 4102 2089 4144 carnem.
2146 4087 2302 4155 scel„
2338 4099 2406 4155 11,
2434 4085 2551 4157 28.)
2577 4084 2807 4142 Videtur

399 4158 586 4225 igitur
617 4155 870 4225 Spiritus
899 4163 1146 4214 sanctus
1180 4161 1453 4214 creatura
1480 4170 1637 4215 esse.

465 4224 752 4293 Praeterea,
791 4238 969 4283 omne
1011 4224 1171 4298 quod
1212 4231 1408 4297 potest
1434 4226 1641 4299 augeri
1670 4225 1764 4283 vel
1792 4225 1973 4283 dividi
2004 4224 2287 4284 mutabile
2324 4229 2417 4282 est
2441 4230 2501 4283 et
2525 4230 2798 4303 creatum.

394 4292 517 4349 Hoc
548 4296 746 4350 eutem
773 4294 1014 4365 Spiritui
1044 4301 1252 4354 sancto
1276 4296 1342 4353 iu
1366 4295 1684 4369 scripturis
1714 4294 1904 4354 sacris
1935 4295 2174 4354 attribui
2200 4294 2468 4364 videtum
2498 4293 2800 4353 dicitemm
