3076 5025
953 303 1087 361 Lm.
1128 304 1227 373 111,
1264 303 1417 361 CAP.
1458 302 1605 361 CXX.
2388 307 2491 365 423

162 432 422 501 speratum
469 424 685 487 cultum
712 424 980 486 divinum
1009 426 1178 484 alteri
1209 425 1508 483 exhibere.
1531 424 1768 504 Cultum
1788 426 1948 485 enim
1975 430 2097 486 Deo
2115 426 2491 500 exhibemus,

162 504 189 558 lt
211 498 402 557 dictum
429 502 515 556 est
541 496 686 570 (cap.
714 496 861 569 llo),
891 509 1017 555 non
1044 496 1186 569 quia
1203 496 1332 567 ipse
1346 495 1459 553 hoc
1486 494 1773 577 indigeat,
1796 497 1901 557 sed
1930 498 2077 556 utin
2098 498 2277 557 nobis
2299 497 2495 558 firme·

162 569 383 628 aretiam
410 582 512 640 per
544 567 856 626 sensibilia
882 566 1090 638 opinio
1119 580 1259 624 vera
1282 565 1358 625 de
1402 568 1546 624 Dec.
1574 568 1620 625 Ο
1664 567 1791 625 imo
1838 574 2035 627 autem
2079 568 2154 626 de
2181 569 2296 627 hoc
2329 568 2493 642 quod

162 649 263 697 teus
285 640 353 696 sit
371 652 520 697 unus
546 651 723 710 super
750 639 957 696 omnia
982 638 1273 695 exaltatus
1327 650 1432 709 per
1459 637 1626 694 sensi
1670 637 1777 694 ilia
1802 636 2023 695 firmari
2053 652 2174 696 non
2203 645 2400 712 potest
2425 639 2494 699 in

162 709 297 778 iobis,
324 709 430 766 nisi
455 723 559 781 per
582 709 696 766 hoc
720 708 881 782 quod
909 708 963 765 ei
993 707 1219 779 aliquid
1258 707 1576 779 separatim
1620 707 1993 778 exhibemus,
2021 709 2184 789 quod
2231 710 2491 770 dicimus

162 780 320 861 ultum
345 779 614 861 divinum.
638 781 805 861 Patet
832 791 974 852 ergo
993 777 1155 859 quod
1180 791 1318 835 vera
1336 777 1544 849 opinio
1563 777 1638 836 de
1662 791 1787 836 uno
1806 779 2101 851 principio
2124 779 2489 851 debilitatur,
2546 779 2551 788 ’

162 850 371 908 icultus
394 849 624 910 divinus
690 848 924 907 loribus
954 848 1321 907 exhibeatur.

189 922 436 1001 Praeterea,
466 921 632 1001 sicut,
684 922 868 978 ictum
896 925 990 978 est
1018 932 1201 992 supra
1230 919 1392 1047 gap„
1426 923 1527 977 119
1557 961 1572 988 ,
1602 919 1948 1002 huju—smodi
1992 920 2191 1003 cultus
2232 920 2491 1004 exterior

162 1004 326 1048 lomim
349 1004 713 1049 necessarius
742 997 836 1049 est
861 991 934 1049 ad
965 990 1079 1048 hoc
1108 1003 1226 1063 quo
1297 1002 1499 1047 anima
1568 1002 1793 1048 ominis
1820 996 2109 1048 excitetur
2129 1004 2194 1048 in
2213 997 2491 1063 spiritua·

162 1074 227 1118 im
269 1062 629 1119 reverentiam
668 1062 798 1121 Dei.
842 1061 928 1120 Ad
973 1061 1092 1119 boc'
1132 1066 1330 1118 autem
1378 1059 1538 1132 quod
1586 1060 1825 1119 animus
1871 1060 2139 1119 hominis
2165 1060 2241 1119 ad
2265 1059 2496 1134 aliquid

162 1136 390 1189 ieveatnr
436 1131 686 1191 multum
714 1138 995 1204 operatur
1024 1130 1431 1200 consuetudo;
1456 1143 1594 1188 nam
1624 1131 1699 1189 ad
1727 1137 2018 1189 consueta
2040 1131 2278 1212 facilius
2302 1145 2502 1191 move·

162 1213 259 1259 itur.
299 1200 467 1260 Habet
499 1209 698 1262 autem
724 1202 843 1262 hoc
871 1200 1136 1260 humana
1161 1201 1536 1260 consuetudo
1565 1200 1725 1274 quod
1754 1202 1950 1260 honor
1973 1202 2076 1273 qui
2098 1201 2412 1260 exhibetur
2438 1201 2499 1261 ei

163 1272 218 1342 {ui
253 1285 524 1332 summum
572 1273 770 1332 locum
812 1273 880 1331 in
923 1273 1229 1344 republica
1268 1276 1449 1342 tenet,
1478 1277 1622 1344 puta
1646 1287 1708 1329 re
1757 1272 1794 1341 ‘,
1822 1272 1913 1330 vel
1947 1273 2311 1344 imperatori,
2343 1272 2497 1332 nulli

162 1342 218 1398 lii
233 1342 529 1403 exhibetur.
545 1345 649 1402 Est
665 1344 850 1417 igitur
868 1343 1106 1402 animus
1126 1342 1393 1402 hominis
1411 1343 1711 1401 exercitati
1756 1355 1829 1402 us
1843 1343 1915 1401 ad
1933 1343 2049 1402 hoc
2063 1343 2223 1416 quod
2244 1344 2500 1402 aestimet

162 1425 248 1469 sse
270 1427 434 1471 unum
461 1428 764 1474 summum
795 1428 994 1472 rerum
1018 1413 1399 1485 principium,
1424 1427 1530 1494 per
1556 1413 1673 1471 hoc
1701 1414 1859 1494 quod
1891 1416 1943 1472 ei
1974 1413 2202 1488 aliquid
2222 1413 2498 1472 exhibeat

162 1482 266 1554 [uod
300 1484 436 1542 nulli
463 1485 632 1543 alteri
662 1484 1014 1544 exhibeatur
1042 1502 1057 1539 ε
1090 1488 1147 1541 et
1177 1483 1291 1542 hoc
1322 1483 1580 1542 dicimus
1610 1483 1799 1543 latriae
1821 1484 2070 1542 cultum.

196 1553 314 1622 item,
356 1555 404 1613 si
450 1556 648 1614 cultus
696 1554 886 1614 latriae
927 1554 1106 1612 alicui
1153 1553 1418 1624 debetur,
1465 1555 1609 1626 quia
1652 1560 1746 1613 est
1789 1555 2083 1627 superior,
2115 1559 2176 1613 et
2200 1569 2325 1614 non
2351 1554 2495 1628 quia

163 1637 379 1695 *summus
431 1639 566 1685 cum
610 1626 925 1685 hominum
971 1637 1134 1682 unus
1176 1624 1296 1682 alio
1339 1625 1422 1683 sit
1462 1624 1757 1706 superior,
1804 1630 1864 1683 et
1903 1625 2081 1683 etiam
2121 1626 2496 1699 angelorum,

167 1699 431 1765 equeretur
470 1696 630 1771 quod
675 1709 845 1778 unus
882 1696 1065 1754 homo
1112 1694 1665 1777 exhiberejatriam
1712 1695 1882 1753 alteri
1909 1695 2167 1765 deberet,
2198 1703 2257 1754 et
2275 1696 2497 1769 *angelo

167 1764 803 1914 iiiii33505²qi1¹¹a¹i¹it¹33
828 1766 2498 1917 2²3⁰{itt'ffifflstttsttiittgizitritissimis

165 1908 330 1964 atriam
355 1906 712 1977 exhiberent,
741 1905 902 1980 quod
926 1912 1020 1965 est
1041 1907 1493 1966 inconveniens.

171 1976 374 2054 adhuc,
416 1977 744 2036 secundum
783 1978 1096 2035 hominum
1123 1976 1620 2036 consuetudinem
1647 1991 1761 2051 pro
1785 1979 2031 2061 speciali
2056 1978 2351 2037 beneficio
2370 1992 2501 2051 spe-

169 2045 276 2103 talis
316 2048 612 2107 retributio
658 2048 934 2129 debetur3
976 2050 1079 2107 Est
1112 2054 1311 2129 autem
1340 2047 1638 2130 quoddam
1668 2047 1926 2122 speciale
1952 2049 2310 2108 beneficium
2337 2047 2498 2122 quod

169 2127 284 2174 omo
307 2131 339 2175 a
362 2119 477 2178 Deo
504 2132 745 2177 summo
777 2120 1050 2191 percipit,
1078 2118 1311 2177 scilicet
1336 2125 1663 2177 creationis
1687 2133 1834 2179 suoe.
1866 2123 2189 2179 ostensum
2216 2124 2310 2178 est
2336 2120 2498 2178 enim

169 2197 200 2266 i·
230 2189 463 2267 secundo
489 2190 642 2248 libro
672 2188 826 2260 (cap.
853 2188 946 2317 23¹)
975 2188 1136 2270 quod
1160 2188 1332 2247 solus
1361 2191 1520 2247 Deus
1549 2196 1782 2248 creator
1806 2196 1919 2249 est.
1950 2191 2135 2249 Debet
2152 2205 2296 2264 ergo
2316 2190 2499 2250 homo

170 2252 757 2388 gitqfiitdbeomspeeiale
787 2258 892 2317 red
933 2273 1031 2317 ere
1059 2272 1126 2317 in
1152 2260 1627 2333 recognitionem
1652 2258 1925 2320 beneficii
1958 2262 2269 2334 specialis;
2295 2266 2356 2317 et
2381 2260 2498 2319 hoc

250 2341 279 2383 a
303 2343 392 2387 riae
414 2345 444 2387 c
534 2344 628 2389 us.
1710 2385 1713 2388 .

193 2397 438 2470 Amplius,
488 2400 664 2459 latria
718 2400 1024 2458 servitium
1074 2399 1309 2464 dicitur.
1364 2400 1680 2459 Servitium
1730 2405 1930 2459 autem
1955 2400 2203 2460 domino
2230 2399 2496 2461 debetur.

170 2467 377 2528 *ominus
397 2476 589 2530 autem
619 2474 715 2530 est
734 2470 969 2543 proprie
1001 2475 1060 2528 et
1076 2484 1212 2528 vere
1243 2469 1346 2543 qui
1375 2470 1512 2529 aliis
1540 2476 1833 2543 praecepta
1860 2471 2146 2543 operandi
2169 2471 2499 2553 dispensat,

172 2540 188 2591 t
221 2552 259 2618 α.
281 2541 432 2599 nullo
455 2542 726 2617 regulam
751 2540 1035 2613 operandi
1064 2541 1279 2601 sumit:
1301 2540 1402 2614 qui
1434 2541 1593 2599 enim
1622 2542 1934 2624 exequitur
2002 2542 2120 2600 uod
2144 2556 2180 2600 a
2205 2542 2502 2612 superiori
2532 2568 2537 2571 ·

170 2613 285 2665 uerit
316 2610 660 2684 dispositum
709 2611 903 2693 magis
943 2616 1038 2671 est
1090 2611 1366 2670 minister
1410 2625 1595 2684 quani
1619 2611 1938 2692 dominum
2054 2625 2126 2675 us
2147 2618 2366 2681 autem,
2395 2610 2501 2685 qui

171 2681 498 2757 slsummum
525 2697 730 2742 rerum
758 2681 1115 2754 principium
1140 2696 1248 2754 per
1267 2694 1438 2740 suam
1466 2683 1899 2753 providentiam
1923 2682 2130 2742 omnia
2156 2681 2231 2741 ad
2269 2682 2499 2743 debitas

172 2750 356 2810 inpones
400 2754 686 2826 disponit,
735 2758 803 2811 ut
844 2766 1027 2824 supra
1076 2752 1229 2833 (cap.
1250 2751 1341 2823 64)
1387 2757 1699 2811 ostensum
1744 2758 1839 2811 est
1883 2771 1900 2812 ε
1957 2753 2116 2812 unde
2138 2796 2154 2823 ‚
2211 2752 2276 2810 in
2327 2766 2502 2813 sacra

172 2816 406 2897 criptura,
450 2830 507 2883 et
550 2823 753 2896 angeli
805 2827 867 2880 et
902 2835 1212 2895 superiora
1257 2822 1893 2950 corzon-ministrare
1930 2823 2215 2905 dicuntur
2245 2828 2304 2880 et
2331 2826 2499 2906 ‘Deo,

172 2896 278 2961 ujus
303 2893 728 2953 ordinationem
769 2898 1163 2966 exequuntur,
1208 2898 1267 2950 et
1290 2906 1371 2952 no
1415 2906 1489 2963 ιε,
1519 2907 1583 2951 in
1608 2908 1860 2967 quorum
1887 2894 2199 2952 utilitatem
2231 2899 2501 2955 actiones

173 2967 306 3041 orum
351 2967 720 3035 proveniunt.
774 2966 903 3022 Non
951 2968 1044 3022 est
1083 2964 1269 3037 igitur
1308 2964 1507 3045 cultus
1553 2963 1777 3045 latriae,
1821 2964 1925 3039 qui
1970 2978 2210 3024 summo
2253 2964 2503 3025 debetur

171 3036 365 3101 tommo,
388 3036 755 3095 exhibendus
779 3035 898 3093 nisi
928 3048 1167 3092 summo
1193 3047 1391 3092 rerum
1421 3036 1735 3107 principio.

196 3098 322 3176 itm,
360 3104 507 3164 inter
551 3107 671 3165 alia
697 3118 831 3179 quae
859 3104 930 3164 ad
957 3105 1192 3164 latriam
1218 3106 1536 3177 pertinent,
1566 3106 1873 3180 singulare
1893 3105 2128 3164 videtur
2158 3120 2295 3165 esse
2322 3104 2502 3166 sacri·

174 3179 302 3251 mum
343 3192 356 3230 ε
391 3189 524 3234 nam
650 3174 1045 3244 nuflexioneS,
1139 3176 1532 3234 rostrationes
1589 3183 1645 3234 et
1691 3177 1812 3235 alia
1853 3174 2198 3259 hujusmodi
2247 3177 2501 3238 honoris

171 3236 322 3300 idicia
357 3247 527 3305 etiam
611 3246 919 3306 ominibus
972 3245 1108 3305 exhi
1188 3247 1237 3303 ri
1277 3251 1555 3319 possunt,
1598 3245 1741 3305 licet
1780 3246 1899 3305 alia
1943 3249 2275 3306 intentione
2320 3259 2501 3320 quam

171 3320 234 3365 ¹eo
264 3329 276 3366 :
305 3317 648 3376 sacrificium
682 3323 879 3376 autem
908 3316 1114 3375 nullus
1147 3313 1519 3375 offerendum
1549 3318 1785 3376 censuit
1813 3317 2013 3388 alicui,
2042 3318 2160 3375 nisi
2234 3318 2331 3376 uia
2362 3330 2501 3378 eum

173 3388 281 3437 ‘um
316 3387 637 3452 aestimaviu
688 3392 792 3446 aut
830 3388 1126 3445 aestimare
1172 3401 1238 3446 se
1285 3386 1475 3444 fluxit.
1499 3390 1777 3450 imerius
1805 3394 2000 3446 autem
2026 3388 2181 3447 sacri
2229 3388 2386 3445 cium
2407 3402 2499 3447 re-

172 3458 564 3527 raisentativum
588 3462 685 3517 est
708 3458 1014 3515 interioris
1039 3457 1164 3516 veri
1194 3456 1496 3527 sacrificii,
1523 3458 1855 3516 secundum
1874 3459 2033 3532 quod
2052 3472 2222 3517 mens
2239 3459 2503 3520 humana

170 3529 353 3605 &psam
394 3529 513 3587 Deo
538 3527 735 3597 offert3
765 3526 942 3585 offert
965 3534 1162 3586 autem
1187 3542 1253 3586 se
1281 3542 1456 3586 mens
1484 3534 1693 3587 nostra
1720 3531 1862 3599 Deo,
1892 3530 2065 3604 quasi
2095 3543 2220 3587 suae
2249 3530 2503 3590 creatio·

171 3600 218 3645 18
253 3598 546 3676 principio,
587 3598 764 3672 qnasi
793 3610 919 3656 suae
947 3599 1315 3670 operationis
1339 3599 1592 3668 auctori,
1622 3599 1795 3672 quasi
1820 3613 1947 3658 suae
1974 3599 2314 3658 beatudinis
2341 3599 2449 3658 fini
2479 3617 2505 3659 τ

172 3669 243 3716 11ae
267 3666 484 3735 quidem
511 3668 879 3729 conveniunt
905 3669 1022 3727 soli
1051 3682 1288 3728 summo
1313 3683 1507 3727 rerum
1582 3670 1856 3742 rincipio.
1879 3673 2196 3729 ostensum
2223 3677 2316 3728 est
2337 3671 2502 3731 enim

169 3738 285 3797 ma
321 3734 436 3806 (lib.
478 3752 545 3810 11,
598 3753 730 3811 cap.
764 3739 860 3812 ⁸17)
884 3739 1043 3812 quod
1071 3740 1286 3798 animae
1315 3741 1549 3798 ratione
1574 3741 1628 3799 is
1656 3754 1841 3799 causa
1869 3742 2119 3799 creatrix
2143 3741 2312 3800 solus
2341 3743 2500 3801 Deus

167 3808 363 3864 tunitius
406 3813 496 3867 est
540 3825 556 3866 ε
605 3811 626 3867 i
669 3823 740 3867 se
775 3810 936 3867 enim
984 3810 1154 3868 solus
1197 3810 1561 3869 voluntatem
1592 3810 1857 3870 hominis
1884 3817 2079 3884 potest
2106 3811 2396 3871 inclinare
2422 3810 2505 3873 ad

167 3872 498 3951 uodcumque
541 3893 618 3938 vo
645 3879 820 3950 uerit,
865 3885 934 3938 ut
956 3894 1139 3953 supra
1166 3887 1476 3939 ostensum
1508 3887 1601 3940 est
1627 3882 1719 3954 (ca
1763 3925 1777 3939 .
1810 3886 1878 3939 62
1905 3889 1961 3940 et
1991 3883 2104 3955 89).
2134 3885 2297 3941 Patet
2319 3882 2503 3944 etiam

165 3948 608 4020 {superioribus
654 3951 816 4024 quod
859 3950 922 4007 in
966 3951 1098 4024 ejus
1138 3951 1332 4009 solius
1380 3952 1667 4010 fruitione
1693 3968 1733 4010 u
1758 3953 1903 4010 tima
1928 3952 2192 4011 hominis
2221 3953 2507 4013 consistit

165 4004 366 4074 ilicitas.
395 4019 515 4077 Soli
536 4021 722 4095 igitur
745 4035 984 4080 summo
1011 4024 1131 4079 Deo
1161 4022 1344 4079 homo
1371 4022 1732 4081 sacrificium
1761 4030 1822 4081 et
1848 4024 2034 4081 latriae
2062 4022 2288 4081 cultum
2313 4021 2499 4083 offere

168 4076 295 4160 θῦβῑ,
321 4100 434 4146 non
462 4097 660 4150 autem
685 4092 1042 4151 substantiis
1069 4092 1545 4165 quibuscumque
1570 4092 2003 4165 spiritualibus.

191 4149 325 4227 lucet
350 4165 536 4219 autem
583 4162 806 4243 positio
856 4177 989 4236 quae
1016 4164 1186 4234 ponit
1229 4165 1412 4220 Deum
1465 4177 1771 4221 summum
1798 4177 1918 4221 non
1948 4177 2084 4222 esse
2127 4164 2290 4223 aliud
2317 4177 2497 4240 quam

164 4228 355 4283 mmam
398 4231 599 4313 mundi
657 4232 854 4306 magis
881 4246 920 4291 a
961 4234 1206 4291 veritate
1250 4234 1504 4304 recedat,
1534 4240 1601 4292 ut
1642 4248 1826 4306 supra
1872 4239 2182 4294 ostensum
2228 4241 2338 4306 est,
2392 4235 2503 4295 illa

163 4298 249 4347 Ero
274 4309 393 4365 quai
472 4307 602 4360 onit
630 4305 815 4361 Deum
844 4315 980 4362 esse
1026 4310 1386 4375 separatum,
1415 4310 1473 4361 et
1500 4303 1579 4363 ab
1620 4305 1756 4377 ipso
1803 4305 2056 4364 existere
2102 4320 2315 4365 omnes
2347 4307 2498 4366 alias

162 4360 396 4447 mellectu
457 4384 522 4429 es
585 4374 974 4445 substantias,
1003 4375 1129 4432 sive
1196 4387 1260 4431 se
1304 4381 1520 4444 aratas,
1553 4375 1680 4433 sive
1727 4375 1960 4447 corpori
2015 4377 2386 4446 conpoctas,
2417 4377 2501 4435 sit

169 4438 267 4500 θη,
305 4435 423 4496 haec
462 4446 661 4502 tamen
690 4444 919 4518 positio
958 4388 1376 4504 rationabiflus
1420 4450 1693 4505 movetur
1736 4445 1813 4505 ad
1864 4446 2121 4507 exbiben
2168 4461 2266 4507 um
2308 4446 2497 4507 tati-io
