3076 5025
428 243 534 298 528
1341 238 1472 295 LIB.
1512 238 1603 302 IV,
1645 236 1798 292 GAP.
1835 238 1967 293 xxi.

1440 463 1695 528 CAPUT
1741 464 1873 527 XX.

540 629 620 677 DE
653 627 1004 675 Emcmms
1039 626 1387 674 Amatoris
1425 626 1674 673 SPIRITUI
1712 624 1932 672 SANcTo
1961 625 2025 671 m
2061 624 2417 683 SCRIPTURIS,
2455 625 2743 671 RESPECTU

1348 713 1556 761 tronus
1595 713 1938 760 GREATURAE.

500 864 746 936 oportet
784 865 985 919 autem
1002 902 1019 929 ,
1067 858 1400 918 secundum
1452 857 1932 917 convenientiam
1983 855 2428 939 praedictorum,
2480 857 2842 917 considerare

430 933 686 993 effectus
714 945 870 1005 quos
899 930 1144 1002 Spiritui
1175 935 1387 989 sancto
1415 943 1591 988 sacra
1618 929 1921 1001 Scriptura
1948 928 2237 988 attribuit.

503 1006 825 1063 ostensum
872 1007 965 1060 est
1010 1001 1171 1059 enim
1217 1000 1281 1058 in
1330 999 1748 1071 superioribus
1775 999 1841 1073 (l.
1874 1012 1919 1069 1,
1948 1013 2003 1064 c,
2034 998 2126 1072 86)
2155 998 2318 1072 quod
2365 998 2610 1057 bonitas
2636 999 2737 1057 Dei
2762 1005 2839 1057 est

426 1075 584 1133 ratio
613 1072 851 1131 volendi
882 1072 1042 1145 quod
1070 1071 1191 1129 alia
1219 1070 1342 1129 sint
1369 1077 1427 1128 et
1453 1084 1560 1142 per
1588 1083 1761 1128 suam
1789 1069 2157 1129 voluntatem
2180 1082 2279 1128 res
2308 1069 2373 1126 in
2399 1083 2537 1130 esse
2563 1070 2843 1142 producit,

426 1151 612 1204 Amor
636 1144 822 1217 igitur
848 1155 969 1216 quo
998 1155 1170 1200 suam
1198 1140 1523 1199 bonitatem
1553 1146 1713 1199 amat
1748 1146 1841 1199 est
1868 1154 2053 1200 causa
2077 1139 2401 1199 creationis
2428 1153 2630 1198 rerum
2654 1160 2669 1210 ;
2704 1141 2839 1199 unde

429 1221 491 1274 et
517 1214 760 1289 quidam
804 1213 1034 1285 antiqui
1062 1212 1408 1284 philosophi
1434 1224 1703 1269 amorem
1732 1211 1980 1270 deorum
2009 1224 2256 1269 causam
2287 1212 2562 1269 omnium
2591 1224 2725 1270 esse
2750 1225 2838 1292 po-

429 1289 704 1353 suerunt,
735 1288 803 1342 ut
828 1289 990 1356 patet
1014 1284 1079 1340 in
1107 1283 1300 1354 primo
1314 1283 1843 1354 Metaphysicorum3
1866 1287 1926 1340 et
1946 1281 2274 1355 Dionysius
2302 1281 2449 1340 dicit
2469 1282 2634 1355 quod
2662 1303 2694 1334 <c
2715 1281 2841 1340 divi-

430 1369 551 1414 nus
580 1369 751 1414 amor
770 1367 895 1413 non
922 1353 1195 1426 permisit
1222 1354 1420 1425 ipsum
1448 1353 1583 1411 sine
1610 1352 1879 1425 germine
1908 1365 2044 1410 esse
2067 1374 2099 1404 ι»
2120 1352 2223 1425 (De
2238 1352 2421 1410 divin.
2442 1354 2693 1422 nomin„
2713 1353 2839 1424 cal).

430 1426 710 1484 Habitum
741 1429 833 1484 est
860 1430 1058 1483 autem
1087 1438 1160 1481 ex
1187 1424 1518 1496 praemissis
1546 1423 1705 1496 quod
1734 1424 1986 1495 Spiritus
2021 1428 2267 1481 sanctus
2295 1422 2568 1494 procedit
2606 1436 2709 1495 per
2731 1436 2838 1480 mo-

428 1498 577 1556 dum
614 1497 839 1555 amoris
882 1509 1003 1578 quo
1034 1497 1193 1553 Deus
1230 1499 1391 1553 amat
1432 1494 1721 1574 seipsum.
1753 1494 1940 1567 Igitur
1967 1494 2225 1564 Spiritus
2253 1499 2502 1552 sanctus
2532 1500 2629 1553 est
2653 1493 2840 1566 princi·

427 1567 598 1641 pium
626 1567 950 1625 creationis
978 1579 1176 1624 rerum
1202 1582 1218 1635 ;
1249 1570 1309 1622 et
1336 1565 1452 1622 hoc
1481 1563 1893 1637 significatur:
1919 1566 2148 1620 Emittes
2173 1565 2447 1635 Spiritum
2477 1568 2653 1635 tuum,
2680 1571 2728 1620 et
2750 1579 2839 1619 m-

429 1639 693 1696 abuntur.
728 1637 950 1708 (Psalm.
980 1648 1103 1700 cm,
1133 1634 1249 1708 30.)
1276 1664 1347 1676 -
1375 1638 1458 1692 Ex
1483 1634 1602 1692 hoc
1631 1635 1805 1693 etiam
1836 1634 1998 1707 quod
2030 1634 2287 1706 Spiritus
2312 1639 2564 1693 sanctus
2590 1648 2694 1706 per
2730 1646 2837 1692 mo-

431 1708 575 1767 dum
607 1707 833 1765 amoris
859 1706 1148 1779 procedit,
1176 1718 1347 1764 amor
1370 1710 1571 1763 autem
1593 1705 1711 1763 vim
1741 1704 2061 1778 quamdam
2086 1704 2472 1778 impulsivam
2498 1710 2559 1762 et
2582 1704 2837 1764 motivam

430 1778 633 1846 habet,
664 1783 864 1835 motus
889 1777 994 1850 qui
1025 1781 1117 1835 est
1144 1789 1181 1833 a
1208 1779 1330 1834 Deo
1358 1774 1420 1833 in
1445 1776 1627 1834 rebus
1657 1775 1902 1847 Spiritui
1930 1780 2140 1833 sancto
2172 1788 2277 1846 pro
2320 1776 2407 1833 rie
2437 1774 2681 1835 attribui
2707 1774 2838 1833 vide-

429 1853 551 1907 tur.
580 1847 778 1906 Prima
805 1853 1002 1904 autem
1029 1846 1277 1905 mutatio
1303 1846 1367 1903 in
1393 1846 1576 1905 rebus
1606 1860 1643 1904 a
1666 1847 1790 1904 Deo
1813 1846 2112 1904 exsistens
2143 1845 2284 1904 intel
2311 1845 2499 1920 igitur
2523 1845 2832 1904 secundum

515 1916 595 1975 od
621 1931 696 1975 ex
717 1918 967 1975 materia
994 1921 1193 1975 creata
1214 1916 1459 1975 informi
1488 1916 1723 1988 species
1743 1916 2011 1975 diversas
2037 1916 2335 1989 produxit.
2370 1916 2536 1976 Unde
2566 1916 2681 1975 hoc
2708 1929 2836 1988 opus

469 1988 671 2060 piritui
702 1992 912 2046 sancto
937 2000 1109 2046 sacra
1134 1986 1436 2059 Scriptura
1459 1987 1729 2045 attribuit
1750 2005 1765 2056 ;
1796 1985 2015 2045 dicitur
2036 1987 2236 2045 enim:
2266 1988 2509 2059 Spiritus
2532 1990 2638 2044 Dei
2660 1987 2838 2056 sereba-

429 2063 527 2115 tur
562 2073 728 2129 super
753 2073 958 2128 aquas5
993 2056 1121 2115 vult
1148 2056 1309 2138 enim
1342 2058 1716 2130 Augustinus
1748 2070 1856 2129 per
1879 2070 2071 2139 aquas
2112 2056 2368 2130 intelligi
2412 2059 2717 2116 materiam
2745 2057 2837 2129 pri·

429 2141 615 2197 mam,
665 2140 1049 2200 superaquam
1098 2128 1355 2198 Spiritus
1396 2128 1634 2185 Domini
1664 2127 1805 2185 ferri
1834 2127 2075 2199 dicitur,
2103 2141 2226 2186 non
2263 2128 2437 2201 quasi
2470 2128 2603 2201 ipse
2635 2141 2835 2186 movea-

428 2204 550 2268 tur,
581 2198 686 2257 sed
714 2198 856 2271 quia
873 2202 966 2256 est
988 2197 1276 2255 motionis
1305 2198 1496 2278 princi
1545 2199 1690 2255 ium.

500 2271 730 2339 Rursus,
773 2281 973 2326 rerum
1058 2266 1366 2326 ubernatio
1413 2282 1448 2326 a
1543 2282 1615 2326 eo
1652 2267 1986 2328 secundum
2019 2268 2338 2342 quamdam
2364 2269 2694 2328 motionem
2721 2281 2833 2327 esse

426 2339 798 2412 intelligitur,
829 2352 1014 2396 secun
1059 2352 1159 2395 um
1188 2338 1348 2410 quod
1368 2340 1525 2397 Deus
1554 2338 1757 2397 omnia
1781 2338 1979 2413 dirigit
2004 2345 2066 2397 et
2086 2342 2285 2398 movet
2309 2340 2370 2396 in
2384 2341 2666 2421 proprios
2686 2339 2832 2397 fines.

429 2410 493 2468 Si
534 2409 714 2483 igitur
733 2409 1030 2480 impulsus
1048 2413 1107 2466 et
1128 2409 1313 2468 motio
1343 2409 1418 2467 ad
1444 2408 1720 2481 Spiritum
1741 2414 2049 2480 sanctum,
2065 2410 2293 2468 ratione
2316 2424 2560 2478 amoris,
2584 2411 2833 2482 pertinet,

427 2480 853 2540 convenienter
896 2493 1095 2539 rerum
1123 2479 1474 2554 gubernatio
1516 2484 1576 2539 et
1640 2480 1946 2555 ropagatio
1974 2480 2211 2554 Spiritui
2250 2484 2463 2541 sancto
2503 2481 2833 2541 attribuitur.

429 2551 596 2609 Unde
643 2551 888 2610 dicitur:
936 2552 1182 2623 Spiritus
1209 2554 1312 2607 Dei
1335 2554 1468 2620 fecit
1493 2568 1579 2608 me
1625 2553 1744 2621 Ιοὸ,
1773 2564 1989 2623 xxxiii,
2019 2553 2113 2625 5);
2142 2558 2202 2611 et
2224 2569 2241 2607 ε
2263 2553 2509 2623 Spiritus
2536 2558 2666 2611 tuus
2696 2554 2835 2609 bouus

428 2622 656 2679 deducet
695 2638 779 2677 me
822 2623 884 2677 in
909 2625 1113 2678 terram
1147 2625 1351 2678 rectam
1378 2621 1604 2695 (Psalm.
1634 2635 1808 2692 onii,
1841 2623 1951 2696 10).
1980 2653 2052 2665 -
2082 2625 2168 2693 Et,
2199 2623 2338 2697 quia
2359 2623 2697 2697 gubernare
2720 2622 2833 2681 sub-

428 2691 586 2750 ditos
629 2692 906 2764 proprius
952 2696 1121 2751 actus
1150 2692 1374 2750 domini
1418 2697 1527 2761 est,
1560 2694 1988 2752 convenientes
2021 2693 2258 2765 Spiritui
2283 2698 2492 2752 sancto
2522 2694 2829 2752 dominium

426 2760 766 2844 attribuitur
789 2779 805 2833 ;
853 2762 993 2821 dicit
1036 2764 1196 2820 enim
1219 2764 1582 2845 Apostolus:
1609 2766 1879 2821 Dominus·
1896 2765 2142 2835 Spiritus
2166 2767 2346 2821 autem
2381 2770 2460 2820 est
2488 2765 2569 2836 (H
2587 2767 2730 2834 Gor„
2756 2776 2827 2829 ni,

429 2831 518 2904 17)
544 2850 560 2902 ;
595 2835 738 2891 etin
770 2832 1043 2906 symbolo
1073 2831 1209 2891 fidei
1237 2834 1447 2892 dicitur
1478 2850 1493 2888 :
1525 2834 1692 2892 Credo
1719 2837 1782 2890 in
1808 2836 2078 2906 Spiritum
2095 2840 2341 2891 sanctum
2368 2837 2678 2892 Dominum.

495 2905 650 2967 Item,
696 2903 817 2962 vita
844 2903 1098 2962 maxime
1125 2905 1189 2961 in
1235 2909 1400 2963 motu
1437 2905 1887 2974 manifestatum
1918 2905 2217 2964 moventia
2244 2905 2403 2963 enim
2431 2905 2631 2977 seipsa
2661 2906 2829 2962 vivere

425 2972 705 3044 dicimus,
735 2978 793 3031 et
817 2974 1230 3032 universaliter
1256 2988 1650 3056 quaecumque
1678 2990 1716 3034 a
1742 2974 1958 3047 seipsis
1982 2980 2243 3049 aguntur
2266 2976 2343 3034 ad
2371 2976 2753 3048 operandum.
2779 2973 2830 3031 Si

421 3044 628 3125 igitur,
657 3043 888 3125 ratione
913 3045 1157 3112 amoris,
1187 3045 1426 3117 Spiritui
1450 3050 1661 3104 sancto
1685 3046 1970 3118 impulsio
1996 3051 2055 3104 et
2080 3046 2265 3105 motio
2295 3046 2597 3118 competit,
2628 3058 2824 3105 conve-

422 3117 657 3171 menter
690 3119 866 3173 etiam
913 3115 1029 3173 sibi
1064 3115 1401 3174 attribuitur
1426 3116 1582 3186 vita3
1636 3115 1854 3175 dicitur
1881 3117 2081 3175 enim:
2112 3118 2354 3187 Spiritus
2378 3121 2459 3173 est
2483 3119 2583 3188 qui
2606 3117 2828 3186 vivificat

425 3184 643 3256 (Ioann.
695 3197 783 3252 VI,
812 3184 904 3258 64)
928 3188 1056 3254 ;et:
1085 3186 1237 3242 Dabo
1259 3187 1410 3242 vobis
1432 3189 1711 3259 spiritum,
1740 3191 1793 3243 et
1817 3189 2011 3244 vivetis
2040 3187 2281 3258 (Ezech.,
2310 3200 2548 3257 xxxvn,
2576 3191 2609 3245 6
2656 3207 2671 3256 ;
2698 3185 2825 3243 etin

425 3226 878 3336 symbolo-fidei
920 3269 1037 3314 nos
1075 3255 1138 3337 in
1178 3255 1454 3338 spiritum
1494 3261 1769 3316 sanctum
1814 3260 2178 3329 vivificantem
2218 3257 2457 3317 credere
2526 3271 2594 3318 ro
2630 3262 2826 3339 temnis.

424 3324 598 3406 Quo-d
652 3330 829 3383 etiam
876 3328 937 3383 et
966 3339 1195 3407 nomini
1220 3329 1452 3398 spii-inas
1479 3332 1813 3410 consonat3
1844 3341 1983 3386 nam
2027 3329 2202 3387 etiam
2231 3342 2485 3401 corpora
2509 3329 2562 3387 is
2589 3332 2701 3386 vita
2726 3338 2830 3406 arii·

420 3393 674 3523 {nahum
720 3399 815 3454 est
837 3409 945 3468 per
985 3396 1261 3469 spiritum
1297 3397 1536 3457 vitalem
1564 3411 1602 3456 a
1624 3398 1920 3472 principio
1945 3398 2080 3458 vitae
2115 3400 2182 3458 in
2209 3402 2424 3461 caetera
2450 3399 2715 3458 membra
2738 3394 2829 3454 dit·

1407 3616 1663 3683 CAPUT
1719 3619 1880 3682 XXI.

415 3784 499 3832 DE
527 3784 878 3833 muamus
903 3786 1249 3835 Ammnns
1271 3788 1523 3836 srmrrui
1547 3790 2106 3848 smmmnmrmw
2123 3789 2476 3837 nummus
2500 3785 2816 3841 ennam,

928 3875 1209 3929 QUANTUM
1234 3877 1314 3922 ΔΙ)
1341 3877 1425 3923 ΕΔ
1451 3877 1584 3930 011AE
1609 3878 1759 3924 DEUS
1784 3876 1957 3925 NOBIS
1985 3878 2332 3925 ELARGITUR.

490 4029 1000 4089 Considerandum
1026 4035 1120 4089 est
1147 4031 1347 4101 etiam,
1372 4034 1661 4105 quantum
1690 4032 1764 4091 ad
1795 4031 2045 4091 effectus
2077 4046 2233 4106 quos
2260 4032 2502 4106 proprie
2544 4033 2606 4091 in
2635 4035 2818 4089 natura

417 4099 892 4181 rationalifacit,
917 4101 1099 4183 quod,
1127 4115 1201 4159 ex
1217 4101 1345 4183 ,hoc
1392 4102 1554 4175 quod
1578 4102 1789 4162 divinae
1814 4102 2167 4175 perfectioni
2197 4107 2523 4176 utcumque
2551 4099 2814 4162 assimila-

415 4180 574 4233 mur,
615 4168 963 4241 hujusmodi
989 4171 1271 4244 perfectio
1301 4186 1339 4231 a
1363 4173 1485 4232 Deo
1522 4172 1698 4232 nobis
1724 4173 1853 4233 dari
1878 4172 2125 4244 dicitur;
2158 4173 2313 4232 sicut
2340 4174 2635 4247 sapientia
2659 4186 2693 4232 a
2714 4173 2814 4228 Deo

416 4238 595 4297 nobis
625 4239 881 4321 donatur
909 4241 1242 4323 secundum
1270 4243 1431 4316 quod
1461 4242 1683 4302 divinae
1710 4244 2016 4316 sapientiae
2044 4250 2369 4326 utcumque
2402 4244 2801 4319 assimilamur.

417 4309 614 4377 Quum
639 4316 820 4383 igitur
847 4313 1096 4383 Spiritus
1125 4320 1374 4372 sanctus
1401 4314 1685 4386 procedat
1749 4329 1813 4372 er
1838 4315 2083 4373 modum
2115 4328 2337 4373 amoris
2366 4329 2488 4388 quo
2510 4316 2663 4373 Deus
2688 4322 2812 4379 selp-

415 4390 554 4440 sum
584 4383 764 4453 amat,
794 4385 862 4441 ut
887 4386 1200 4443 ostensum
1230 4388 1323 4443 est
1345 4384 1420 4457 (c.
1452 4384 1565 4458 ¹6),
1595 4398 1669 4444 ex
1695 4328 1812 4445 ffoc
1835 4384 1998 4460 quod
2029 4385 2168 4445 huic
2190 4385 2385 4446 amori
2412 4384 2806 4448 assimilamur,
