3076 5025
504 296 618 352 554
1231 264 1242 267 ’
1368 263 1826 354 ιιιέῗινῖοΑΡ.
1863 285 2081 339 xxxiv.

509 418 644 473 Non
701 413 899 484 potest
964 413 1161 467 autem
1210 406 1395 465 intell‘
1443 406 1463 463 i
1517 406 1636 464 ista
1682 405 2007 462 exinanitio
2055 418 2160 475 per
2205 403 2395 462 solam
2440 402 2873 482 inhabitationem

510 483 683 541 verbi
713 481 812 539 Dei
839 481 902 538 in
930 479 1172 537 bomine
1199 480 1341 535 Jesu
1370 479 1411 535 C
1457 477 1625 534 risto.
1659 479 1805 533 Nam
1834 476 2087 532 verbum
2115 474 2216 532 Dei
2239 475 2302 531 in
2330 473 2606 530 omnibus
2632 479 2825 530 sanctis
2849 488 2876 532 a

511 553 804 627 principio
847 550 1052 609 mundi
1093 548 1375 607 habitavit
1414 561 1519 619 per
1564 546 1837 620 gratiam,
1885 560 1995 603 nec
2038 550 2236 603 tamen
2278 543 2501 601 dicitur
2538 543 2875 612 exinanitum

515 625 658 697 quia
685 626 843 680 Deus
875 622 966 679 sic
994 633 1165 678 suam
1194 619 1520 678 bonitatem
1551 617 1841 674 creaturis
1886 615 2289 675 communicat
2328 613 2490 688 quod
2536 614 2675 693 nihil
2700 613 2747 670 ei
2771 613 2876 671 suli-

512 693 785 756 trahitur,
819 691 927 749 sed
955 691 1152 764 magis
1177 687 1624 762 quodammodo
1651 687 1965 756 exaltatur,
1996 686 2326 745 secundum
2374 683 2535 757 quod
2574 697 2697 755 eJus
2732 683 2874 740 subli-

511 765 692 823 mitas
722 775 797 820 ex
821 762 1085 820 bonitate
1114 766 1519 818 creaturarum
1549 763 1810 829 apparet,
1842 762 1901 814 et
1925 763 2094 815 tanto
2122 756 2381 828 amplius
2404 760 2621 835 quanto
2649 762 2878 834 creature

516 835 741 894 fuerint
768 833 1068 890 meliores.
1101 831 1286 899 Unde,
1318 830 1370 888 si
1397 829 1651 886 Verbum
1673 829 1776 886 Dei
1796 829 2036 900 plenius
2063 827 2351 907 habitavit
2365 825 2423 883 in
2446 826 2877 906 bomineochriosto

560 919 697 962 uam
738 904 802 960 in
846 902 981 960 aliis
1011 901 1253 970 sanctiS,
1283 901 1483 958 minus
1526 900 1590 956 in
1634 900 1750 958 hoc
1796 913 1974 971 quam
2021 898 2083 955 in
2126 897 2262 956 aliis
2302 901 2577 954 convenit
2613 899 2878 952 exinanitio

513 920 707 1032 gei-bi.
739 973 1116 1031 Manifestum
1145 972 1282 1029 esti
1325 973 1444 1028 itur
1471 970 1634 1043 quod
1664 970 1807 1028 unio
1832 969 2003 1026 Verbi
2031 968 2105 1026 ad
2136 969 2459 1025 humanam
2494 972 2755 1024 naturam
2791 977 2880 1021 aon

509 1051 611 1103 est
637 1042 1029 1116 intelligenda
1074 1056 1260 1099 secun
1307 1055 1406 1099 um
1449 1040 1643 1099 solam
1692 1040 2184 1097 inhabitationem
2230 1036 2404 1096 Verbi
2444 1038 2547 1094 Dei
2591 1036 2655 1093 in·
2690 1036 2880 1093 homine

513 1115 643 1185 illo,
675 1121 737 1172 ut
765 1112 1074 1172 Nestorius
1102 1112 1354 1180 dicebat,
1379 1111 1488 1170 sed
1519 1111 1850 1192 sec-undum
1895 1110 2054 1190 quod
2100 1108 2352 1190 Verbum
2384 1107 2487 1165 Dei
2518 1121 2662 1188 'vere
2711 1109 2882 1186 factum

509 1190 614 1244 est
641 1186 843 1243 homo.
876 1184 972 1242 Sic
997 1183 1158 1241 enim
1188 1182 1386 1240 solum
1417 1181 1659 1240 habebit
1700 1181 1899 1239 locum
1945 1185 2289 1247 exinamtio,
2334 1183 2401 1236 ut
2428 1177 2669 1259 ‚scilicet
2701 1177 2884 1256 dicatur

513 1255 772 1313 Verbum
803 1255 905 1312 Dei
937 1253 1324 1322 exinanitum,
1353 1252 1415 1310 id
1445 1257 1538 1311 est
1565 1266 1808 1323 parvum
1864 1251 2107 1320 factum,
2152 1264 2278 1307 non
2325 1249 2647 1329 amissione
2686 1257 2883 1326 proprie

516 1325 845 1397 maguitudi
858 1325 970 1391 nis,
994 1324 1100 1382 sed
1117 1323 1529 1394 assumptione
1550 1323 1828 1380 humanae
1846 1321 2177 1393 parvitatis;
2198 1321 2355 1379 sicut
2372 1319 2427 1377 si
2450 1331 2647 1375 anima
2665 1329 2884 1388 pl'aeexls·

515 1402 670 1456 teret
707 1394 940 1467 corpori
965 1401 1028 1452 et
1055 1394 1347 1452 diceretur
1369 1393 1497 1451 fleri
1547 1393 1883 1452 substantia
1929 1405 2216 1463 corporea
2256 1403 2391 1462 quae
2428 1391 2521 1446 est
2574 1388 2760 1454 hom0,
2795 1398 2883 1443 non

516 1466 844 1526 mutatione
873 1465 1127 1537 propriae
1155 1472 1401 1532 naturae,
1433 1463 1541 1522 sed
1571 1463 1980 1533 assumptione
2012 1468 2235 1518 naturae
2260 1472 2587 1540 corporeae.
2680 1529 2691 1539 ,

585 1540 873 1598 Praeterea,
905 1535 1286 1593 manifestum
1303 1540 1400 1592 est
1428 1534 1589 1607 quod
1618 1534 1869 1605 Spiritus
1898 1535 2144 1591 sanctus
2172 1530 2236 1587 in
2274 1529 2523 1586 homine
2565 1529 2777 1587 Christo
2807 1527 2885 1585 ha·

517 1606 755 1674 bitavit3
783 1606 1005 1663 dicitur
1029 1606 1190 1664 enim
1220 1605 1379 1678 quod
1403 1607 1559 1661 Jesus
1598 1606 1793 1675 plenus
1819 1604 2033 1673 Spiritu
2067 1607 2255 1656 saneto
2300 1615 2577 1668 repressus
2619 1604 2696 1654 est
2737 1615 2770 1654 a
2803 1599 2887 1675 Jor-

509 1677 681 1734 dane.
717 1677 891 1748 (Lae,
916 1690 1004 1744 w,
1035 1675 1110 1798 iv)
1135 1676 1191 1733 Si
1220 1676 1399 1748 igitur
1419 1674 1749 1754 incarnatio
1776 1672 1945 1752 Verbi
1973 1671 2304 1752 secundum
2332 1671 2450 1727 hoc
2484 1669 2683 1751 ‚solum
2722 1667 2888 1725 iutelli-

522 1746 722 1819 genda
746 1751 839 1803 est
858 1745 1022 1817 quod
1097 1745 1300 1800 erbum
1343 1747 1446 1799 Dei
1477 1746 1538 1799 in
1583 1745 1822 1799 bomine
1850 1743 1953 1800 illo
1984 1742 2329 1813 plenissime
2356 1740 2658 1808 habitavit,
2686 1750 2885 1818 necesse

525 1817 638 1873 erit
666 1816 862 1872 dicere
929 1813 1048 1872 uod
1073 1814 1255 1871 etiam
1283 1814 1532 1884 Spiritus
1560 1819 1807 1870 sanctus
1834 1813 1944 1869 erit
1968 1812 2337 1880 incarnatum
2370 1811 2539 1882 quod
2564 1814 2657 1868 est
2690 1818 2884 1866 omnino

515 1885 785 1946 alienum
836 1899 873 1941 a
919 1884 1146 1941 octrina
1173 1883 1330 1940 fidei.

587 1955 805 2016 Adhuc,
833 1954 1214 2011 manifestum
1243 1959 1338 2010 est
1367 1952 1616 2009 verbum
1646 1952 1746 2008 Dei
1777 1953 1836 2010 in
1860 1952 2084 2011 sanctis
2104 1952 2336 2022 angelis
2362 1951 2657 2022 habitare,
2680 1951 2771 2021 qui
2796 1961 2889 2019 pu·

519 2025 865 2096 ticipaiione
899 2024 1069 2080 Verbi
1097 2023 1490 2094 intelligentia
1517 2022 1848 2092 replentur;
1890 2023 2033 2079 dicit
2059 2022 2214 2079 enim
2259 2024 2629 2093 Apostolus:
2657 2024 2887 2091 Nusquam

517 2097 740 2163 moetos
765 2093 1140 2165 apprehendit,
1159 2093 1254 2147 sed
1272 2108 1448 2147 semen
1463 2093 1703 2147 Abrahae
1720 2092 2099 2162 apprehendit.
2122 2093 2324 2162 (Helm,
2344 2107 2409 2154 11,
2442 2094 2552 2164 16.)
2571 2092 2888 2151 Manifestum

522 2169 613 2222 est
640 2164 821 2236 igitur
905 2163 1023 2220 uod
1053 2162 1386 2232 assumptio
1413 2162 1694 2219 humanae
1722 2168 1950 2220 naturae
1994 2177 2031 2222 a
2077 2163 2261 2220 Verbo
2307 2175 2433 2221 non
2477 2169 2572 2221 est
2612 2160 2888 2222 secundum

517 2236 714 2294 solam
743 2233 888 2290 inba
931 2234 1238 2289 itationem
1268 2232 1630 2302 accipienda.

587 2304 808 2365 Adhuc.
840 2303 916 2372 si,
943 2303 1275 2376 secundum
1319 2301 1679 2373 positionem
1722 2303 1997 2369 Nestorii,
2046 2302 2318 2360 Christus
2354 2308 2672 2374 separetur
2693 2303 2749 2360 in
2774 2300 2893 2357 duos

519 2374 853 2433 secundum
907 2374 986 2446 hy
1029 2373 1276 2430 ostasim
1331 2370 1690 2441 differenteS‚
1732 2372 1791 2429 id
1832 2376 1925 2430 est
1970 2374 2029 2429 in
2082 2372 2334 2429 Verbum
2383 2375 2491 2431 Dei
2542 2379 2602 2431 et
2644 2371 2892 2431 hominem

521 2445 712 2512 illum,
743 2444 819 2501 im
866 2445 991 2501 ossi
1035 2443 1111 2500 ile
1143 2449 1234 2500 est
1261 2443 1419 2516 quod
1449 2444 1703 2500 Verbum
1731 2443 1832 2500 Dei
1852 2443 2124 2501 Christus
2151 2443 2404 2511 dicatum
2434 2445 2601 2517 quod
2634 2449 2777 2517 patet
2797 2447 2891 2518 tuni

517 2531 594 2573 ex
623 2515 800 2572 modo
848 2514 1109 2587 oquendi
1137 2514 1469 2586 scripturae,
1497 2529 1633 2587 quae
1676 2528 1981 2586 nunquam
2022 2519 2159 2571 ante
2202 2515 2677 2573 incarnationem
2706 2511 2894 2591 Domini

515 2588 705 2643 Deum
735 2589 836 2644 aut
865 2586 967 2642 Dei
1013 2585 1268 2642 Verbum
1313 2586 1585 2642 nominat
1626 2585 1947 2652 Christum,
1976 2589 2103 2643 tum
2150 2585 2326 2642 etiam
2373 2600 2447 2642 ex
2496 2589 2631 2657 ipsa
2674 2593 2887 2642 nominis

511 2657 767 2713 ratione.
801 2656 1023 2712 Dicitur
1051 2656 1208 2712 enim
1240 2655 1508 2712 Christus
1554 2655 1728 2727 quasi
1773 2661 2031 2723 unctus,;
2078 2660 2297 2713 unctus
2336 2663 2541 2713 autem
2589 2653 2892 2726 intelligitur

519 2726 655 2785 oleo
679 2726 1076 2795 exultationis,
1102 2725 1162 2782 id
1192 2730 1284 2783 est
1303 2726 1516 2796 Spiritu
1548 2732 1775 2788 sancto,
1802 2731 1864 2783 ut
1889 2728 2098 2783 Petrus
2118 2726 2379 2796 exponit.
2400 2725 2576 2801 (Act,
2596 2740 2656 2794 x,
2674 2724 2889 2805 38.)Nqn

519 2802 719 2854 autem
747 2800 939 2867 potest
968 2796 1083 2853 dici
1116 2796 1277 2868 quod
1323 2797 1575 2853 Verbum
1621 2796 1724 2853 Dei
1765 2796 1843 2852 sit
1868 2803 2113 2853 unctum
2158 2797 2372 2867 Spiritu
2414 2804 2653 2865 sancto,
2684 2803 2889 2869 quiast

512 2866 772 2937 Spiritus
803 2872 1047 2924 sanctus
1076 2870 1238 2923 esset
1265 2866 1454 2937 major
1485 2866 1653 2934 tilio,
1685 2870 1751 2924 ut
1775 2865 2155 2925 sanctificans
2200 2866 2601 2925 sanctificato.
2640 2863 2892 2940 Oportebit

523 2935 536 2947 ‘
584 2936 701 2993 itur
729 2936 888 3008 quod
915 2936 1031 2992 hoc
1075 2950 1293 2993 nomen
1324 2936 1570 2993 Christus
1600 2937 1795 2994 solum
1826 2950 1932 3007 pro
1980 2937 2220 2994 homine
2266 2937 2374 2994 illo
2419 2939 2617 3008 possit
2668 2934 2889 3004 intelligi·

572 3006 690 3064 uod
717 3020 860 3078 ergo
904 3005 1045 3063 dicit
1081 3006 1400 3076 Apostolus
1430 3025 1444 3062 z
1471 3009 1583 3061 Hoc
1610 3010 1803 3062 sentite
1847 3010 1910 3061 in
1936 3008 2085 3063 vobis
2115 3007 2260 3077 quod
2280 3012 2332 3062 et
2358 3010 2418 3063 in
2448 3010 2666 3065 christo
2689 3010 2818 3072 Jesn,
2838 3001 2891 3058 ad

516 3075 826 3134 bominem
851 3076 1022 3133 sslum
1063 3077 1438 3133 referendum
1481 3082 1593 3133 est.
1641 3077 1849 3134 Subdit
1884 3083 2078 3134 autem
2112 3096 2128 3132 :
2158 3079 2266 3145 Qui
2324 3094 2495 3148 qzacm
2540 3082 2606 3134 in
2634 3072 2894 3147 tomam

515 3151 671 3227 esset,
695 3161 804 3201 non
827 3150 1082 3227 rapinam
1112 3148 1412 3202 arbitratus
1441 3152 1519 3202 est
1545 3162 1654 3202 esse
1680 3162 1736 3203 se
1756 3150 2018 3217 aequalem
2049 3152 2177 3206 Deo.
2201 3120 2391 3228 (Pha,
2430 3163 2504 3218 11,
2526 3153 2588 3218 5,
2620 3151 2694 3220 6.)
2716 3150 2887 3221 verul}

514 3222 698 3289 igitur
740 3222 831 3273 est
878 3217 1073 3274 dicere
1102 3217 1262 3297 quod
1307 3217 1485 3275 homo
1526 3217 1627 3274 ille
1678 3223 1773 3275 est
1831 3219 1892 3273 in
1939 3218 2150 3280 forma,
2196 3218 2256 3275 id
2302 3223 2397 3277 est
2438 3219 2507 3276 iii
2553 3225 2760 3277 natura
2798 3216 2891 3273 Dei,

517 3293 575 3345 et
597 3287 848 3358 aequalis
887 3289 1027 3344 Deo.
1076 3290 1231 3345 Licet
1277 3294 1474 3344 autem
1517 3287 1797 3345 homines
1842 3288 2118 3345 dicantur
2144 3287 2226 3345 dii
2268 3289 2354 3345 vel
2404 3287 2513 3346 filii·
2538 3290 2645 3346 Dei
2692 3290 2890 3359 propter

509 3355 940 3437 inhabitantem
982 3359 1191 3426 Deum,
1237 3371 1358 3413 nun
1405 3371 1540 3414 uam
1579 3361 1777 3415 tamen
1820 3357 2037 3415 dicitur
2088 3359 2248 3431 quod
2300 3360 2421 3417 sint
2472 3360 2731 3432 aequales
2779 3358 2887 3412 Deo.

509 3429 884 3554 {mengum
909 3427 1069 3499 quod
1117 3428 1296 3485 homo
1339 3429 1379 3484 C
1426 3428 1607 3485 ristus
1651 3441 1776 3485 non
1815 3442 1923 3501 per
1958 3430 2149 3486 solam
2179 3430 2683 3489 inhabitationem
2715 3426 2889 3486 dicitur

564 3509 692 3554 eus.

542 3637 553 3648 ο
581 3569 732 3635 Item,
763 3566 1148 3648 licet-nomen
1175 3568 1282 3625 Dei
1301 3568 1376 3626 ad
1405 3573 1648 3626 sanctos
1676 3569 1955 3627 homines
1984 3569 2373 3627 transferatur
2403 3576 2650 3642 propter
2682 3566 2886 3626 inabita-

512 3641 736 3694 tionem
767 3641 985 3709 gratiae,
1017 3652 1322 3710 nunquam
1353 3644 1549 3696 tamen
1581 3640 1781 3696 omnia
1803 3654 1937 3712 quae
1964 3647 2107 3698 sunt
2131 3639 2325 3699 solius
2370 3640 2491 3709 Dei,
2545 3642 2700 3699 sicut
2727 3646 2888 3696 creare

512 3708 752 3787 coelum·
771 3713 828 3764 et
854 3713 1068 3773 terram
1095 3715 1197 3788 aut
1223 3708 1444 3780 aliquid
1474 3708 1839 3781 hujusmodi,
1862 3710 1939 3767 de
1964 3711 2079 3782 aliq
2091 3725 2166 3769 uo
2196 3715 2545 3769 sanctorum
2576 3706 2887 3787 propteroin·

511 3776 934 3834 habitationem
965 3781 1168 3852 gratias
1203 3779 1434 3837 dicitur.
1483 3779 1714 3838 Christo
1760 3786 1959 3838 autem
1999 3781 2226 3839 homini
2274 3782 2619 3839 attribuitur
2661 3785 2886 3838 omnium

512 3849 755 3905 creatio.
785 3848 1010 3905 Dicitur
1036 3849 1192 3905 enim
1223 3868 1238 3905 :
1274 3850 1619 3906 Considerate
1648 3852 1968 3920 Apostolum
1993 3856 2045 3907 et
2088 3854 2399 3921 Pontificem
2422 3853 2774 3919 confessionis
2796 3859 2889 3924 mk,

510 3920 610 3974 trae
634 3920 814 3973 Iesum
843 3919 1138 3977 Christum
1193 3921 1291 3990 qui
1305 3920 1494 3991 »fidelis
1534 3925 1617 3975 est
1648 3923 1702 3977 ei
1804 3924 1825 3977 i
1853 3924 1988 3991 fecit
2012 3922 2188 3986 illum,
2216 3927 2359 3978 sicut
2384 3928 2439 3978 et
2460 3924 2674 3991 Moyses
2698 3924 2757 3975 in
2778 3928 2887 3973 m

511 3988 899 4069 domo-(Hebru,
927 4003 1019 4059 111,
1059 3995 1108 4071 t,
1147 3990 1234 4061 2);
1275 3990 1432 4062 quod
1462 3997 1695 4062 oportet
1756 4007 1792 4048 e
1820 3992 2061 4050 homine
2084 3992 2189 4049 illo
2217 3998 2277 4049 et
2304 4006 2425 4050 non
2474 3993 2549 4050 de
2604 3992 2703 4049 Dei
2738 3985 2886 4065 Ἶρι-ῳ

508 4058 778 4131 intelligi,
807 4063 931 4116 tum
978 4074 1118 4132 quia
1163 4063 1472 4119 ostensum
1515 4067 1607 4119 est
1650 4058 1832 4134 quod,
1876 4063 2211 4120 secundum
2258 4063 2622 4134 positionem
2652 4064 2885 4121 Nestum,

509 4127 761 4185 Verbum
788 4130 890 4187 Dei
919 4130 1185 4188 Christus
1216 4130 1327 4187 dici
1357 4145 1478 4188 non
1507 4136 1721 4203 potest,
1752 4140 1874 4189 tum
1910 4133 2050 4205 quia
2075 4134 2330 4191 Verbum
2372 4134 2475 4191 Dei
2502 4147 2629 4192 non
2671 4137 2758 4189 est
2796 4127 2887 4184 fae-

508 4199 658 4279 tum,
689 4199 795 4255 sed
866 4201 1109 4258 enituin.
1135 4200 1305 4259 Addit
1333 4208 1526 4259 autem
1553 4204 1875 4273 Apostolus
1898 4204 2231 4274 :Amplior-is
2258 4206 2444 4274 9102·oe
2469 4207 2592 4260 istae
2612 4218 2729 4274 prat
2743 4200 2888 4276 1⁰3⁵?

510 4264 710 4348 ‘taynus
739 4274 816 4325 est
909 4272 1051 4327 bitus
1095 4277 1297 4342 quanto
1342 4275 1658 4342 ampliorem
1701 4275 1951 4329 honorem
2002 4275 2163 4330 habet
2215 4274 2433 4338 domus,
2484 4278 2586 4345 qui
2630 4266 2889 4341 febriam

509 4334 682 4390 ettam.
713 4338 916 4408 mehr..
948 4355 1035 4410 m,
1067 4342 1144 4413 3.)
1194 4344 1381 4399 Homo
1425 4342 1607 4412 igitur
1639 4344 1906 4402 Christus
1947 4345 2255 4402 fabricavit
2296 4346 2538 4403 domum
2582 4344 2718 4407 Dei3
2759 4331 2885 4411 <1³⁰⁶

512 4414 945 4479 consequenter
970 4412 1290 4482 Apostolus
1316 4411 1548 4485 probat,
1580 4413 1844 4473 subdens
1877 4433 1890 4472 :
1923 4416 2111 4473 Omnis
2132 4430 2366 4488 nauaque
2398 4417 2591 4473 domus
2614 4412 2888 4482 fabricatur
