3076 5025
370 283 474 342 160
1284 275 1417 332 Lm.
1457 276 1530 343 Π,
1570 276 1724 332 CAP.
1761 275 1939 331 XLVI.

377 400 682 476 positione
709 398 1139 472 perfectionem
1167 395 1349 456 rebus
1388 395 1607 456 creatis
1630 397 1961 455 secundum
2014 409 2192 454 suum
2233 395 2478 454 modum
2520 396 2824 469 optimum

383 473 758 544 assignante,
790 481 1171 543 consequens
1198 468 1311 526 fuit
1331 467 1489 549 quod
1520 468 1793 540 quaedam
1828 472 2115 527 creaturae
2143 465 2583 526 intellectuales
2610 465 2830 526 fierent

384 543 451 602 in
480 553 719 600 summo
749 554 951 599 rerum
981 539 1200 597 vertice
1219 543 1582 597 constitutae.
2337 575 2342 579 -

453 615 616 671 Tunc
643 611 804 670 enim
839 610 1088 670 effectus
1117 610 1377 668 maxime
1404 610 1704 681 perfectus
1733 614 1823 666 est
1853 608 2093 681 quando
2127 608 2188 666 in
2211 622 2388 666 suum
2421 607 2575 665 redit
2601 608 2830 680 princi-

379 682 590 756 pium;
624 682 780 740 unde
813 687 874 739 et
900 680 1164 740 circulus
1208 680 1365 737 inter
1405 693 1618 737 omnes
1663 680 1907 761 figuras,
1958 687 2018 736 et
2063 683 2263 738 motus
2309 679 2622 737 circularis
2666 680 2830 737 inter

380 767 598 812 omnes
627 759 852 821 motus,
882 757 977 810 est
999 750 1257 809 maxime
1279 750 1601 822 perfectus,
1621 764 1764 823 quia
1791 750 1855 807 in
1875 749 1964 808 eis
1979 748 2055 808 ad
2084 749 2443 831 principium
2467 750 2833 809 redituum

385 824 505 883 hoc
533 823 721 897 igitur
748 822 910 896 quod
935 822 1284 880 universum
1313 827 1719 880 creaturarum
1751 820 2021 878 ultimam
2043 821 2466 893 perfectionem
2496 833 2834 894 consequa-

385 900 506 965 tur,
539 900 777 967 oportet
822 899 1128 952 creaturas
1169 890 1244 950 ad
1286 905 1462 950 suum
1509 892 1706 949 redire
1747 892 2130 972 principium.
2187 891 2457 948 Redeunt
2482 892 2832 973 ‚autem-ad

385 977 567 1024 suum
599 965 961 1037 principium
990 961 1246 1035 singulae
1270 968 1330 1020 et
1358 976 1572 1020 omnes
1606 969 1913 1030 creaturae,
1958 976 2021 1020 in
2071 966 2361 1034 quantum
2401 976 2497 1019 sui
2544 962 2831 1034 principii

389 1035 855 1093 similitudinem
883 1038 1098 1109 gerunt
1124 1032 1456 1091 secundum
1486 1047 1664 1091 suum
1695 1046 1832 1091 esse
1862 1038 1923 1089 et
1951 1046 2123 1090 suam
2165 1038 2462 1103 naturam,
2509 1032 2572 1091 in
2602 1032 2831 1105 quihus

430 1106 708 1164 uamdani
735 1104 1160 1177 perfectionem
1190 1103 1412 1162 hahent
1440 1120 1456 1173 3
1487 1104 1649 1162 sicut
1668 1108 1728 1161 et
1745 1115 1959 1161 omnes
1980 1101 2230 1161 effectus
2254 1108 2396 1161 tunc
2422 1102 2682 1161 maxime
2700 1118 2834 1176 per-

411 1176 522 1234 ecti
557 1175 967 1248 suntquando
996 1175 1253 1233 maxime
1302 1174 1646 1233 similantur
1690 1188 1889 1233 causae
1938 1174 2163 1245 agenti,
2218 1178 2284 1231 ut
2323 1173 2538 1232 domus
2582 1173 2830 1247 quando

384 1246 646 1305 maxime
679 1245 980 1305 similatur
1025 1244 1159 1315 arti,
1206 1250 1265 1302 et
1307 1246 1469 1317 ignis
1527 1245 1768 1319 quando
1820 1244 2078 1302 maxime
2130 1243 2433 1303 similatur
2488 1244 2830 1317 generanti.

384 1318 583 1385 Quum
613 1318 800 1391 igitur
826 1315 1167 1375 intellectus
1195 1314 1298 1372 Dei
1327 1321 1734 1374 creaturarum
1763 1315 2178 1388 productionis
2202 1314 2564 1386 principium
2600 1315 2701 1381 sit,
2764 1321 2835 1373 ut

385 1400 570 1458 supra
604 1387 679 1460 (c.
701 1392 769 1445 23
798 1391 858 1444 et
881 1386 975 1458 24)
1002 1392 1315 1445 ostensum
1352 1392 1464 1455 est,
1501 1400 1752 1445 necesse
1782 1387 1914 1456 suit,
1946 1386 2021 1443 ad
2058 1390 2464 1444 creaturarum
2509 1386 2832 1457 perfectio-

391 1470 553 1527 nem,
588 1458 750 1531 quod
776 1457 993 1529 aliquae
1019 1462 1306 1515 creaturae
1338 1463 1545 1515 essent
1573 1457 1762 1514 intelli
1810 1463 1999 1514 enteS.

462 1529 744 1600 Amplius,
775 1527 1064 1600 perfectio
1094 1527 1362 1585 secunda
1387 1528 1448 1584 in
1475 1527 1655 1586 rebus
1673 1527 1748 1585 ad
1795 1528 1838 1584 it
1869 1540 2054 1598 supra
2079 1526 2333 1598 primam
2359 1525 2821 1598 perfectionem.

392 1597 561 1657 Sicut
586 1605 785 1656 autem
808 1610 945 1656 esse
975 1603 1035 1655 et
1061 1602 1276 1655 natura
1300 1597 1385 1655 rei
1406 1597 1822 1657 consideratur
1850 1596 2182 1656 secundum
2263 1597 2472 1654 rimam
2505 1596 2830 1678 perfectio-

394 1681 557 1738 nem,
592 1669 674 1726 ita
702 1668 973 1741 operatio
1002 1667 1332 1727 secundum
1364 1668 1792 1739 perfectionem
1819 1668 2167 1727 secundam.
2251 1668 2472 1738 portuit
2500 1667 2705 1739 igitur,
2750 1665 2835 1726 ad

394 1746 879 1796 consummatam
911 1738 1175 1796 universi
1205 1739 1654 1810 perfectionem,
1680 1752 1816 1797 esse
1841 1738 2075 1810 aliquas
2092 1745 2397 1797 creaturas
2409 1738 2620 1819 quaein
2638 1739 2834 1796 Deum

396 1809 682 1879 redirent,
720 1822 842 1867 non
867 1809 1064 1867 solum
1098 1808 1430 1867 secundum
1459 1815 1687 1867 naturai
1717 1807 2196 1878 similitudinem,
2228 1808 2334 1867 sed
2360 1814 2538 1866 etiam
2566 1822 2673 1880 per
2694 1822 2836 1880 ope-

393 1881 692 1937 rationem
715 1894 881 1961 3quae
913 1878 1152 1952 quidem
1184 1892 1307 1937 non
1329 1886 1528 1951 potest
1555 1893 1691 1938 esse
1715 1879 1835 1938 nisi
1865 1894 1971 1952 per
1999 1885 2196 1937 actum
2235 1879 2577 1938 intellectus
2626 1883 2688 1938 et
2726 1893 2834 1938 vo-

392 1951 667 2020 luntatis,
695 1965 837 2023 quia
867 1963 978 2007 nec
1005 1950 1135 2020 ipse
1162 1952 1318 2008 Deus
1348 1950 1521 2008 aliter
1549 1964 1690 2023 erga
1719 1949 1986 2021 seipsum
2004 1951 2414 2022 operationem
2428 1949 2628 2008 habet.
2650 1951 2834 2022 Opor-

396 2022 512 2149 tulilt
543 2022 746 2148 igitulr,
775 2020 847 2079 ad
867 2020 1294 2093 perfectionem
1325 2021 1613 2091 optimam
1645 2020 1941 2091 universi,
1970 2034 2109 2079 esse
2137 2020 2375 2094 aliquas
2404 2025 2714 2080 creaturas
2736 2021 2828 2080 in-

395 2100 456 2151 te
506 2097 679 2149 cctua
702 2104 770 2149 cs
1799 2136 1813 2151 .

465 2162 685 2224 Adhuc,
717 2133 791 2219 ad’
819 2161 934 2218 hoc
956 2160 1117 2241 quod
1144 2160 1401 2232 perfecte
1433 2162 1650 2220 divinae
1678 2162 1970 2221 bonitatis
1991 2161 2438 2234 repraesentatio
2465 2175 2574 2234 per
2601 2167 2825 2220 creatu·

398 2246 500 2292 ras
533 2231 719 2300 fieret,
746 2236 1028 2302 oportuit,
1061 2236 1333 2302 utsupra
1362 2232 1435 2303 (c.
1475 2234 1567 2301 45)
1603 2239 1912 2290 ostensum
1961 2238 2072 2303 est,
2109 2246 2231 2290 non
2277 2233 2475 2291 solum
2523 2231 2688 2304 quod
2732 2244 2830 2291 res

396 2303 574 2363 bonai
603 2301 835 2371 fierent,
869 2301 972 2359 sed
1003 2301 1182 2359 etiam
1211 2302 1368 2373 quod
1400 2301 1473 2359 ad
1502 2302 1759 2360 aliorum
1789 2303 2117 2361 bonitatem
2146 2318 2183 2361 a
2225 2308 2412 2361 erent.
2443 2303 2834 2361 Asslinilatur

399 2380 599 2432 autem
615 2373 869 2444 perfecte
895 2372 1122 2444 aliquid
1138 2372 1305 2429 alteri
1339 2372 1400 2429 in
1423 2373 1676 2443 agendo,
1708 2373 1948 2445 quando
1977 2387 2095 2431 nou
2116 2387 2190 2438 so
2220 2388 2318 2431 um
2348 2379 2439 2431 est
2466 2374 2677 2431 eadem
2695 2387 2831 2444 spe-

397 2445 526 2504 cies
556 2443 835 2512 actionis,
869 2442 975 2499 sed
1005 2443 1182 2500 etiam
1212 2442 1368 2500 idem
1398 2443 1614 2501 modus
1644 2442 1882 2516 agendi.
1905 2444 2396 2517 oportuitigitur,
2425 2443 2498 2501 ad
2531 2456 2832 2502 summam

400 2530 604 2576 rerum
628 2515 1071 2587 perfectionem,
1098 2514 1261 2587 quod
1288 2519 1493 2586 essent
1519 2515 1737 2587 aliquae
1766 2520 2051 2573 creaturae
2080 2528 2212 2587 quae
2237 2520 2482 2586 agerent
2504 2515 2619 2573 lioc
2650 2515 2832 2573 modo

399 2600 526 2660 quo
555 2588 713 2644 Deus
742 2585 885 2657 agit.
905 2586 1225 2643 ostensum
1255 2592 1349 2643 est
1376 2589 1572 2643 autem
1603 2599 1788 2657 supra
1813 2584 1887 2667 (c.
1917 2585 2009 2658 23)
2038 2584 2195 2658 quod
2226 2587 2383 2642 Deus
2413 2585 2538 2657 agit
2582 2599 2692 2657 per
2742 2586 2831 2642 in·

400 2657 709 2787 ttelleitnunli
738 2662 804 2782 ett
825 2656 1213 2713 voluntatem.
1242 2655 1510 2728 oportuit
1536 2655 1723 2729 igitur
1753 2656 1987 2729 aliquas
2015 2661 2319 2715 creaturas
2343 2668 2478 2713 6336
2501 2656 2841 2730 intelligen-

428 2742 496 2788 es
518 2743 551 2786 6
603 2740 679 2785 vo
705 2740 777 2784 en
807 2740 894 2785 es.

472 2798 749 2869 Amplius.
780 2796 1115 2855 similitudo
1159 2795 1410 2855 effectus
1438 2797 1512 2855 ad
1557 2811 1800 2857 causam
1832 2802 2104 2870 agentem
2144 2796 2470 2855 attenditur
2498 2796 2838 2857 secundum

405 2868 658 2928 formam
707 2865 955 2925 effectus
985 2867 1087 2940 qui
1131 2868 1457 2939 praeexistit
1497 2868 1561 2925 in
1611 2873 1856 2941 agente;
1906 2881 2093 2941 agens
2147 2869 2305 2925 enini
2337 2867 2463 2938 agit
2488 2868 2603 2926 sibi
2635 2867 2839 2926 simile

401 2940 470 2997 in
499 2939 693 2996 forma
721 2937 1049 2995 secundum
1081 2952 1259 3009 quam
1290 2939 1433 3011 agit.
1465 2941 1676 2997 Forma
1703 2944 1900 2998 autem
1930 2938 2164 3011 agentis
2196 2939 2479 3010 recipitur
2502 2937 2745 3020 quidem
2771 2938 2841 2996 in

403 3007 620 3067 effectu
662 3008 1022 3081 quandoque
1050 3007 1380 3066 secundum
1402 3010 1676 3067 eumdem
1708 3009 1949 3068 modum
1981 3008 2221 3067 essendi
2253 3024 2373 3083 quo
2394 3013 2569 3068 estin
2670 3012 2839 3078 ente,

405 3079 569 3137 sicut
613 3050 807 3135 f'ornia
851 3078 1014 3150 ignis
1041 3079 1308 3150 generati
1354 3080 1627 3137 eumdem
1658 3078 1899 3138 essendi
1948 3079 2126 3137 habet
2164 3080 2407 3138 modum
2458 3091 2591 3136 cum
2658 3091 2841 3139 orma

404 3148 573 3231 ignis
619 3147 964 3221 generantis
989 3166 1004 3216 ;
1034 3149 1394 3221 quandoque
1438 3164 1580 3208 vero
1635 3150 1963 3208 secundum
2030 3149 2214 3207 alium
2263 3150 2500 3209 modum
2561 3147 2839 3221 essendi,

406 3226 568 3280 sicut
593 3219 783 3277 forma
829 3217 1067 3287 domus,
1089 3233 1222 3292 quae
1269 3225 1361 3278 est
1408 3220 1865 3294 intelligibiliter
1906 3221 1969 3278 in
2013 3225 2212 3279 mente
2252 3220 2517 3287 artificis,
2546 3218 2845 3293 recipitur

405 3290 794 3349 materialiter
820 3288 884 3346 in
923 3289 1125 3360 domo,
1154 3304 1288 3363 quae
1316 3296 1408 3349 est
1448 3298 1614 3349 extra
1659 3291 1942 3350 animam.
1975 3293 2141 3349 Patet
2186 3292 2370 3364 igitur
2417 3289 2836 3363 perfectiorem

407 3374 545 3422 6336
572 3360 824 3432 primam
854 3359 1307 3419 similitudinem
1336 3376 1514 3434 quam
1546 3362 1892 3420 secundam.
1922 3362 2213 3420 Perfectio
2243 3367 2441 3420 autem
2472 3361 2841 3422 universalis

407 3437 814 3490 creaturarum
858 3431 1138 3490 consistit
1181 3432 1246 3490 in
1296 3433 1692 3491 similitudine
1737 3433 1813 3490 ad
1858 3435 2066 3503 Deum,
2124 3433 2281 3492 sicut
2309 3433 2489 3491 etiam
2541 3433 2832 3504 perfectio

307 3513 326 3531 ··
405 3502 731 3575 cujuslibet
774 3499 1023 3576 effectus
1069 3502 1132 3559 in
1177 3503 1572 3562 similitudine
1614 3503 1690 3562 ad
1722 3516 1966 3563 causam
2010 3509 2304 3576 agentem.
2339 3503 2608 3575 Requirit
2647 3503 2841 3577 igitur

327 3581 332 3586 ⁴
407 3586 649 3634 summa
676 3572 938 3631 universi
963 3573 1247 3655 perfectio
1274 3585 1395 3631 non
1426 3574 1624 3633 solum
1650 3574 1973 3633 secundam
2018 3573 2513 3633 assimilationem
2545 3580 2840 3634 creaturae

411 3642 486 3703 ad
510 3646 720 3714 Deum,
749 3643 857 3701 sed
902 3647 1080 3702 etiam
1129 3643 1403 3715 primam,
1433 3650 1719 3717 quantum
1769 3644 2062 3727 possibile
2101 3652 2213 3703 est.
2263 3648 2474 3703 Forma
2505 3650 2705 3704 autem
2734 3658 2846 3718 per

333 3732 340 3742 ·
410 3727 592 3789 quam
641 3717 801 3772 Deus
854 3728 886 3772 a
934 3714 980 3771 it
1031 3720 1363 3774 creaturam
1403 3721 1496 3774 est
1540 3715 1734 3774 forma
1777 3715 2177 3788 intelligibilis
2223 3715 2287 3772 in
2333 3715 2508 3787 ipso;
2542 3720 2635 3774 est
2674 3716 2843 3775 enim

336 3787 353 3812 ⁴·
412 3798 602 3856 agens
629 3799 736 3856 per
776 3727 1166 3866 intefflectum,
1199 3791 1267 3844 ut
1295 3799 1494 3868 ‚supr-a
1521 3786 1596 3858 (c.
1626 3785 1717 3858 23)
1749 3791 2059 3868 ostensum
2086 3792 2197 3844 est.
2234 3787 2477 3867 Oportet
2523 3785 2729 3858 igitur,
2763 3784 2846 3846 ad

412 3867 712 3912 suminam
737 3855 1164 3927 perfectionem
1204 3869 1492 3924 universi,
1521 3870 1657 3915 esse
1687 3856 1921 3929 aliquas
1949 3861 2253 3914 creaturas
2276 3870 2339 3913 in
2368 3856 2592 3929 quibus
2620 3869 2844 3917 secun·

411 3924 557 3984 dum
604 3938 739 3984 esse
791 3926 1167 3999 intelligibile
1213 3927 1406 3984 forma
1451 3927 1636 3985 divini
1680 3928 2020 3985 intellectus
2066 3928 2468 3998 exprimatur3
2499 3930 2560 3984 et
2585 3927 2704 3987 hoc
2749 3931 2846 3987 est

409 4007 552 4054 esse
579 4002 882 4055 creaturas
910 3997 1241 4056 secundum
1261 4011 1434 4056 suam
1463 4003 1736 4057 naturam
1762 3998 2217 4057 intellectuales.

483 4066 635 4129 Item,
666 4065 742 4124 ad
770 4068 1222 4138 productionem
1269 4073 1674 4127 creaturarum
1727 4068 1881 4128 niliil
1926 4068 2090 4127 aliud
2137 4074 2337 4127 movet
2364 4071 2552 4126 Deum
2580 4068 2704 4128 nisi
2732 4081 2839 4128 sua

413 4135 657 4216 bonitas
677 4178 695 4206 ,
721 4206 732 4218 ⁸
763 4152 941 4209 quam
997 4139 1178 4197 rebus
1231 4138 1370 4198 aliis
1422 4140 1868 4199 communicare
1920 4139 2145 4208 voluit,
2191 4140 2523 4197 secundum
2592 4140 2836 4199 modum

408 4205 877 4289 assimilationis
916 4208 992 4269 ad
1015 4209 1237 4281 ipsum,
1267 4214 1335 4269 iit
1357 4224 1430 4268 ex
1459 4211 1636 4270 dictis
1666 4210 1730 4284 (l.
1760 4224 1803 4281 1,
1834 4225 1888 4268 c.
1921 4210 2011 4283 87)
2041 4215 2220 4282 patet.
2254 4210 2598 4269 Similitudo
2642 4217 2839 4270 autem

415 4289 602 4337 unius
631 4283 932 4337 invenitur
957 4280 1023 4337 in
1049 4280 1239 4339 altero
1266 4280 1625 4352 dupliciter:
1656 4293 1778 4340 uno
1807 4279 1987 4339 modo
2017 4287 2304 4354 quantum
2338 4281 2410 4338 ad
2429 4294 2564 4340 esse
2589 4287 2844 4350 naturai,

410 4346 578 4407 sicut
625 4347 974 4432 similitudo·
1003 4352 1224 4432 caloris
1274 4351 1436 4433 ignis
1465 4357 1559 4411 est
1586 4352 1649 4409 in
1674 4367 1737 4410 re
1766 4351 2051 4416 calefacta
2095 4365 2202 4424 per
2234 4353 2435 4424 ignem
2460 4371 2474 4419 ;
2503 4351 2628 4410 alio
2659 4352 2850 4411 modo

420 4417 753 4479 secundum
797 4424 1226 4494 cognitionem,
1257 4429 1417 4482 sicut
1458 4422 1792 4484 similitudo
1830 4422 1994 4494 ignis
2019 4428 2115 4482 est
2153 4422 2218 4480 in
2242 4423 2378 4482 visu
2425 4422 2518 4480 vel
2549 4428 2733 4481 tactu.
2758 4422 2849 4484 Ad
