3076 5025
1112 282 1247 367 ua.
1284 311 1331 379 1,
1371 310 1531 368 ear.
1564 310 1739 369 xxix.
2570 316 2638 373 aa

197 434 321 493 Boo
349 445 504 503 ergo
532 431 742 490 omnis
769 430 1036 490 defectus
1065 431 1349 489 abscedit.
1376 433 1481 489 Est
1514 432 1699 501 igitur
1727 431 2146 489 universaliter
2173 432 2491 503 perfectus.
2518 439 2637 495 ista

197 516 339 562 vero
368 517 511 574 quae
532 508 767 559 tantum
790 508 951 569 sunt,
976 516 1097 560 nou
1120 508 1259 559 sunt
1282 502 1629 572 imperfecta
1658 509 1893 573 propter
1915 502 2421 573 imperfectionem
2443 506 2636 576 ipsius

201 586 335 632 esse
363 573 659 633 absoluti.
687 576 817 630 Non
846 572 1005 629 enim
1061 573 1189 643 ipsa
1236 573 1458 630 habent
1485 585 1620 630 esse
1649 572 1978 630 secundum
2005 587 2182 630 suum
2217 580 2404 631 totum
2429 590 2630 656 posse,

202 643 705 772 sfadfimrticipant
732 656 869 702 esse
894 643 1227 701 secundum
1255 642 1574 715 quemdam
1602 644 2020 715 particularem
2059 643 2304 702 modum
2339 653 2399 702 et
2424 660 2637 719 imper·

347 727 635 770 ssimum.

271 786 422 846 Item,
456 797 640 841 omne
691 783 1102 854 imperfectum
1155 783 1229 841 ab
1271 783 1476 855 aliquo
1501 784 1768 853 perfecto
1792 796 2041 842 necesse
2079 787 2172 841 est
2225 788 2291 842 ut
2332 786 2632 857 procedat.

206 855 419 914 semen
450 855 617 911 enim
675 859 771 911 est
795 854 871 911 ab
899 854 1144 911 animali
1173 854 1265 912 vel
1293 870 1327 911 a
1380 855 1601 924 planta.
1637 855 1823 926 igitur
1849 856 2103 927 primum
2135 867 2245 912 ens
2296 855 2472 913 debet
2498 870 2633 914 esse

201 925 737 1052 pertiecttissimum.
769 926 1089 983 ostensum
1117 930 1212 983 est
1251 932 1450 983 autem
1479 926 1668 982 Deum
1716 938 1854 983 esse
1896 926 2152 998 primum
2182 938 2313 997 ens,
2343 932 2436 985 est
2496 940 2636 1003 ergo

284 1010 314 1053 r
339 1011 405 1052 ec
437 1008 716 1053 issimus».

206 1009 557 1135 peAmpliuS,
588 1078 781 1123 unum
824 1064 1065 1138 uodque
1174 1065 1424 1124 rrectum
1454 1071 1567 1133 est,
1596 1065 1661 1123 in
1690 1070 1980 1137 quantum
2017 1072 2111 1125 est
2145 1072 2303 1129 actu.
2333 1068 2414 1124 im
2458 1067 2638 1126 errec-

208 1140 337 1194 mm
365 1142 571 1193 autem
599 1149 787 1193 secun
836 1150 943 1218 um·
963 1079 1248 1217 quoffeest
1274 1136 1337 1193 in
1369 1138 1633 1206 potentia
1659 1151 1796 1193 cum
1819 1137 2143 1207 privatione
2162 1145 2350 1195 actus.
2373 1081 2639 1219 ldpigitur

203 1206 369 1278 quod
400 1207 573 1264 nullo
604 1206 783 1263 modo
806 1213 898 1263 est
927 1221 986 1264 in
1022 1212 1304 1277 potentia,
1335 1207 1440 1264 sed
1470 1213 1563 1264 est
1582 1212 1752 1264 actus
1783 1220 1988 1277 puruS,
2020 1213 2252 1277 oportet
2277 1209 2635 1278 perfectissi-

208 1289 377 1335 mum
406 1291 570 1334 esse.
595 1276 734 1333 Tale
759 1282 957 1334 autem
982 1278 1141 1334 Deus
1169 1282 1282 1334 est.
1307 1279 1409 1334 Est
1433 1277 1619 1345 igitur
1649 1276 2138 1347 perfectissimus,

275 1348 561 1418 mum,
593 1346 746 1404 nihil
772 1347 895 1418 agit
926 1348 1042 1405 uisi
1093 1346 1422 1406 secundum
1455 1347 1615 1419 quod
1645 1352 1736 1404 est
1765 1347 1825 1404 in
1881 1352 2037 1405 actu.
2077 1347 2246 1405 Actio
2273 1347 2456 1419 igitur
2500 1359 2640 1405 corb

208 1419 485 1490 nequitur
534 1418 777 1475 modum
811 1424 983 1475 actus
1036 1417 1100 1474 in
1149 1422 1382 1490 agente.
1425 1417 1802 1488 impossibiie
1842 1423 1936 1475 est
1978 1418 2161 1490 igitur
2205 1416 2503 1484 effectum,
2532 1417 2636 1498 qui

208 1501 316 1561 per
364 1488 667 1545 actionem
721 1486 1014 1556 educitur,
1054 1501 1189 1546 esse
1218 1488 1281 1544 in
1334 1488 1616 1545 nobiliori
1667 1493 1804 1545 actu
1840 1502 2020 1560 quam
2063 1488 2144 1546 sit
2170 1494 2341 1545 actus
2370 1493 2637 1561 agenti&

212 1559 505 1630 possibile
534 1564 628 1615 est
673 1564 873 1615 tamen
901 1564 1099 1615 actum
1130 1557 1378 1616 effectus
1407 1558 1905 1629 imperfectiorem
1949 1571 2086 1616 esse
2133 1572 2308 1630 quam
2341 1558 2423 1615 sit
2465 1565 2637 1616 actus

211 1642 415 1687 causae
440 1628 702 1700 agentis,
733 1642 805 1685 eo
825 1628 983 1701 quod
1018 1628 1174 1687 actio
1204 1634 1397 1699 potest
1426 1629 1722 1686 debilitari
1751 1644 1825 1686 ex
1854 1638 2018 1699 parte
2041 1629 2173 1699 ejus
2201 1628 2262 1685 in
2291 1642 2412 1700 quo
2439 1629 2637 1686 termi-

214 1704 417 1758 natur.
444 1701 511 1755 Iu
541 1713 763 1770 genere
809 1704 1004 1755 autem
1055 1712 1252 1756 causae
1281 1698 1596 1757 efficientis
1651 1699 1716 1755 tit
1745 1698 2009 1756 reductio
2038 1699 2112 1756 ad
2162 1712 2336 1756 unam
2392 1712 2638 1757 causam

218 1781 361 1848 qum
384 1771 533 1825 Deus
559 1769 801 1837 dicitur,
831 1773 896 1825 ut
916 1782 987 1826 ex
1010 1768 1185 1826 dictis
1215 1774 1391 1840 patet,
1420 1784 1453 1827 a
1483 1783 1603 1841 quo
1633 1776 1777 1826 sunt
1805 1782 2017 1826 omnes
2054 1782 2173 1838 resi,
2200 1770 2354 1827 utin
2381 1782 2637 1841 sequen·

225 1838 778 1918 iabus-ostendetur.
813 1839 1052 1910 Oportet
1080 1840 1262 1911 igitur
1289 1840 1447 1913 quod
1477 1839 1760 1912 quicquid
1785 1847 1918 1897 actu
1949 1844 2043 1897 est
2069 1840 2132 1895 in
2169 1853 2543 1912 quacumque
2573 1852 2638 1897 rc

222 1908 365 1978 alia,
384 1910 639 1967 inveniri
660 1910 724 1966 in
754 1911 879 1967 neo
917 1909 1108 1966 multo
1137 1910 1498 1967 eminentius
1521 1924 1702 1982 quam
1751 1909 1924 1967 sitin
1961 1922 2025 1967 re
2052 1909 2196 1967 illa:
2223 1922 2347 1967 non
2376 1916 2575 1967 autem
2603 1923 2638 1966 e

218 1992 533 2038 mverso.
566 1982 668 2036 Est
693 1979 875 2051 igitur
901 1981 1058 2036 Deus
1078 1980 1572 2050 perfectissimus

283 2051 435 2113 Item.
474 2050 538 2107 in
570 2062 931 2121 unoquoque
962 2063 1177 2122 genere
1212 2055 1304 2107 est
1329 2050 1570 2122 aliquod
1614 2049 2113 2122 perfectissimum
2143 2050 2208 2106 in
2254 2063 2472 2123 genere
2506 2049 2635 2119 illo,

214 2119 299 2180 ed
324 2120 493 2192 quod
534 2120 738 2178 omnia
764 2133 899 2192 qum
926 2125 1069 2177 sunt
1092 2120 1259 2177 illius
1299 2121 1541 2192 generis
1570 2126 2008 2189 mensurantur,
2039 2120 2181 2193 quia
2209 2134 2282 2178 ex
2313 2134 2385 2178 eo
2421 2134 2636 2179 unum·

210 2190 504 2265 qnodque
532 2189 871 2248 ostenditur
896 2190 1091 2262 magis
1119 2196 1172 2247 et
1204 2190 1405 2248 minus
1435 2204 1571 2248 esse
1599 2192 1946 2261 perrectum,
1974 2191 2136 2263 quod
2174 2192 2245 2249 ad
2293 2204 2637 2248 mensuram

208 2260 313 2319 sui
361 2262 609 2333 generis
648 2259 845 2332 magis
885 2261 976 2317 vel
1020 2260 1221 2319 minus
1270 2262 1702 2333 appropinquat
1735 2278 1754 2318 ε
1794 2260 1954 2318 sicut
1989 2261 2190 2318 album
2233 2262 2450 2319 dicitur
2495 2274 2634 2320 esso

212 2343 509 2391 mensura
558 2332 621 2388 in
663 2330 945 2389 omnibns
995 2331 1322 2401 coloribnS,
1357 2336 1416 2389 et
1441 2332 1746 2389 virtuosus
1792 2331 1949 2388 inter
1986 2345 2198 2389 omnes
2249 2330 2639 2389 homines.1d

208 2406 419 2459 autem
471 2401 629 2482 quod
676 2407 769 2459 est
811 2413 1091 2459 mensura
1139 2401 1409 2459 omnium
1438 2403 1686 2467 entium,
1715 2414 1840 2459 non
1871 2407 2062 2473 potest
2103 2416 2240 2459 esse
2268 2402 2432 2459 atiud
2456 2416 2635 2474 quam

211 2472 379 2530 Deus
450 2486 510 2530 u1
541 2478 631 2531 est
654 2485 830 2553 suum
859 2485 1013 2552 esse.
1048 2472 1163 2543 lpsi
1196 2471 1379 2545 igitur
1401 2473 1565 2531 nulia
1585 2473 1750 2531 deest
1781 2471 2230 2543 perfectionum,
2262 2487 2394 2545 quae
2422 2472 2636 2546 aliqui-

208 2541 331 2603 bus
359 2557 425 2600 re
468 2556 543 2601 us
569 2548 903 2605 conveniat,
927 2543 1077 2601 altas
1108 2556 1229 2601 nou
1260 2550 1422 2601 esset
1449 2545 1718 2601 omnium
1748 2544 2089 2601 communis
2119 2557 2419 2601 mensura.

288 2614 443 2671 Hine
458 2614 730 2685 estquod
751 2627 933 2685 quum
962 2619 1250 2686 quaereret
1269 2616 1505 2686 Moyses
1519 2614 1780 2671 divinam
1797 2612 1994 2670 videre
2011 2614 2222 2671 faciem
2239 2629 2344 2672 seu
2362 2613 2638 2686 gloriam,
2730 2619 2734 2628 ’

212 2695 580 2754 responsum
621 2689 715 2742 est
755 2684 810 2740 ei
854 2697 891 2741 a
942 2683 1234 2742 Domino:
1264 2687 1380 2753 qu
1407 2684 1684 2740 ostendam
1710 2684 1815 2738 tibi
1846 2698 1998 2738 mnne
2034 2684 2247 2752 boumn,
2276 2691 2340 2740 ut
2393 2685 2641 2740 habetur

214 2754 403 2813 Exodi
439 2766 654 2822 xxxin,
687 2756 771 2822 19,
801 2767 905 2824 per
936 2753 1051 2811 hoc
1081 2752 1231 2810 dans
1260 2753 1595 2825 intelligere
1625 2757 1686 2808 in
1717 2766 1783 2809 se
1816 2754 2015 2810 omnis
2059 2753 2344 2810 bonitatis
2382 2755 2637 2824 plenitu-

211 2823 420 2883 dinem
448 2838 607 2881 esse.
638 2823 959 2896 Dionysius
987 2824 1165 2880 etiam
1192 2823 1254 2879 in
1277 2835 1322 2881 v
1350 2837 1478 2893 cap.
1508 2825 1588 2879 De
1618 2823 1824 2878 divinis
1851 2823 2178 2885 nominibus,
2204 2821 2385 2879 dicit:
2419 2842 2450 2872 «
2484 2825 2640 2881 Deus

214 2905 343 2952 nou
363 2893 809 2975 quodammodo
837 2900 928 2951 est
954 2893 1390 2961 exsistens,sed
1416 2893 1772 2965 simpliciter
1783 2898 1843 2950 et
1859 2893 2432 2965 incircumscriptive
2448 2898 2641 2951 totum

210 2976 357 3025 esse
387 2977 452 3021 m
477 2978 549 3022 se
573 2965 709 3035 ipso
735 2964 955 3035 accipit
975 2970 1034 3021 et
1060 2964 1397 3035 praeaccipit
1432 2984 1487 3021 ι».

284 3035 611 3093 Sciendum
642 3041 840 3092 tamen
866 3039 961 3092 est
985 3034 1145 3105 quod
1174 3034 1459 3105 perfectio
1494 3035 1616 3091 Deo
1643 3033 2067 3092 convenienter
2091 3033 2332 3093 attribui
2363 3047 2487 3092 non
2532 3045 2638 3105 po-

208 3109 356 3174 test,
383 3105 437 3164 si
471 3103 736 3162 nominis
788 3102 1148 3177 significatio
1178 3110 1465 3176 quantum
1499 3104 1574 3163 ad
1603 3104 1698 3162 sui
1752 3105 2046 3176 originem
2085 3106 2438 3162 attendatur.
2466 3101 2638 3172 Quod

211 3174 381 3236 enim
418 3174 641 3232 factum
674 3187 794 3231 non
839 3181 951 3242 est,
978 3187 1086 3231 nec
1116 3174 1441 3245 perrectum
1481 3188 1663 3245 posse
1692 3174 1807 3233 dici
1859 3174 2108 3232 videtur.
2135 3175 2246 3233 Sed
2278 3177 2420 3248 quia
2461 3188 2641 3232 omne

208 3245 377 3319 quod
434 3243 500 3301 fit
549 3245 621 3302 de
673 3245 937 3316 potentia
966 3244 1028 3301 in
1055 3249 1252 3302 actum
1292 3244 1611 3302 deductum
1640 3249 1751 3314 est,
1784 3249 1844 3301 et
1869 3244 1942 3302 de
1997 3258 2119 3303 non
2171 3259 2309 3303 esse
2365 3247 2426 3301 in
2477 3257 2636 3313 esse,

209 3314 458 3388 quaudo
488 3314 708 3372 sactum
739 3321 849 3382 est,
873 3319 1016 3372 tunc
1044 3320 1199 3371 recte
1225 3314 1550 3385 perfectum
1581 3328 1717 3372 esse
1748 3313 1982 3377 dicitur,
2010 3317 2182 3388 quasi
2227 3316 2488 3373 totaliter
2519 3314 2636 3370 fac·

209 3390 363 3445 tum.
396 3384 647 3453 Quando
671 3384 933 3455 potentia
959 3384 1218 3442 totaliter
1238 3391 1331 3443 est
1357 3385 1430 3443 ad
1459 3391 1655 3442 actum
1683 3384 1942 3453 reducta,
1972 3391 2036 3442 ut
2055 3383 2202 3442 nihil
2244 3384 2316 3442 de
2344 3396 2464 3441 non
2497 3396 2638 3452 ,esse

208 3455 489 3525 retineat,
508 3456 612 3513 sed
646 3455 856 3512 habeat
883 3466 1017 3534 esse
1045 3453 1425 3525 completum.
1449 3458 1562 3512 Per
1583 3455 1900 3527 quamdam
1931 3455 2114 3527 igitur
2137 3456 2400 3512 nominis
2431 3460 2638 3511 exten-

212 3525 452 3585 sionem
507 3526 833 3597 persectum
879 3524 1113 3592 dlcttur,
1146 3538 1267 3582 non
1311 3526 1509 3583 solum
1566 3526 1724 3597 quod
1759 3524 1958 3582 fiendo
2015 3524 2381 3596 pervenitad
2438 3531 2637 3582 actum

206 3597 600 3678 completum,
631 3593 739 3653 sed
760 3593 1015 3652 etiamid
1033 3595 1193 3667 quod
1218 3599 1311 3653 est
1336 3596 1401 3652 in
1423 3601 1557 3653 actu
1580 3595 1900 3666 compicto,
1918 3597 2142 3667 absque
2167 3596 2330 3653 omni
2358 3595 2636 3663 factione,

208 3670 275 3725 et
322 3680 416 3724 stc
463 3667 652 3723 Deum
702 3664 1026 3734 perfectum
1072 3677 1209 3723 esse
1260 3664 1518 3722 dicimus
1574 3665 1905 3723 secundum
1937 3665 2139 3723 flattu.
2196 3664 2283 3738 (v,
2309 3665 2642 3739 §82:133808

203 3737 445 3810 perfecti
468 3739 615 3794 sicud
638 3739 697 3795 et
717 3737 889 3795 Pater
907 3738 1085 3792 vester·
1108 3737 1334 3792 coelestis
1359 3739 1638 3807 perfectus
1661 3742 1762 3797 est.
1793 3739 1838 3812 (1
1866 3742 2046 3810 part„
2074 3752 2132 3811 q.
2161 3745 2276 3813 vt.)

1174 3937 1429 4002 CAPUT
1480 3938 1697 4002 XXIX.

1044 4108 1123 4156 ΒΕ
1160 4109 1560 4157 sumamma
1593 4111 1822 4158 nrvnu.

280 4276 365 4334 Ex
384 4275 505 4334 hoc
533 4277 738 4332 autem
764 4272 1069 4345 quomodo
1111 4271 1175 4329 in
1216 4272 1399 4330 rebus
1556 4274 1640 4332 sit
1679 4273 2014 4333 similitudo
2044 4276 2118 4334 ad
2142 4279 2326 4334 Deum
2373 4277 2660 4350 inveniri,

208 4345 303 4404 vel
330 4360 454 4406 non
484 4344 708 4418 possit,
738 4343 1107 4402 considerari
1137 4346 1351 4414 potest.
1383 4345 1427 4400 E
1472 4351 1641 4403 ectus
1671 4346 1829 4401 enim
1864 4360 1899 4404 a
1927 4347 2057 4403 suis
2083 4349 2287 4405 causis
2308 4348 2654 4406 deficientes

212 4428 333 4477 non
373 4414 753 4478 conveniunt
796 4428 936 4472 cum
981 4415 1072 4473 eis
1110 4414 1175 4471 in
1220 4414 1467 4473 nomine
1514 4422 1576 4473 et
1619 4415 1888 4486 ratione;
1918 4429 2169 4477 necesse
2193 4424 2287 4477 est
2317 4425 2513 4478 tamen
2542 4415 2654 4475 ali-
