3076 5025
1212 482 1346 539 Lm.
1384 482 1476 550 IV,
1516 481 1669 539 CAP.
1707 482 1868 538 xvn.
2646 482 2750 537 523

320 604 476 660 nobis
501 605 532 659 ?
556 606 629 661 Et
677 604 801 659 dixi
823 621 842 658 .·
874 605 1008 660 Ecee
1051 618 1166 673 eqo,
1191 606 1343 659 mitte
1364 619 1467 659 me.
1492 606 1566 659 Et
1613 603 1761 659 dixit
1787 622 1805 658 ε
1842 603 2015 673 Vade,
2061 608 2112 659 et
2159 604 2303 660 dices
2335 606 2541 675 populo
2568 606 2697 664 huie
2728 625 2748 663 ε

319 674 527 732 Audite
556 674 835 730 audientes
860 678 912 729 et
935 676 1103 730 nolite
1125 676 1442 744 intelliqere.
1476 673 1651 743 (Isai.‚
1683 687 1769 741 vi,
1801 677 1834 730 8
1891 673 1968 745 9.)
2001 676 2134 732 Haec
2163 680 2362 732 autem
2390 675 2571 733 verba
2597 679 2753 735 Pau-

320 746 421 804 lus
441 745 683 816 Spiritui
707 750 917 803 saneto
946 744 1244 814 attribuit;
1272 745 1429 803 unde
1459 744 1673 801 dieitur
1741 716 1861 802 uod
1887 745 2108 802 Paulus
2154 744 2297 802 dixit
2323 745 2581 804 Judaeis:
2611 749 2755 805 Bene

412 819 424 831 '
464 819 477 831 '
587 820 807 872 sanetus
852 816 1060 872 loeutus
1085 819 1166 872 est
1200 831 1300 885 per
1339 817 1544 871 Isaiam
1653 829 1721 885 op
1811 830 1900 870 am
1937 814 2013 871 ad
2056 819 2239 885 patres
2266 820 2473 873 nostros
2519 817 2704 875 dicens
2730 837 2753 875 ε

323 887 480 944 Vade
501 885 579 942 ad
597 887 862 956 populum
884 889 1068 948 istmn,
1112 889 1164 942 et
1190 886 1280 942 die
1306 886 1382 941 ad
1407 901 1492 942 eos
1520 904 1541 941 .-
1619 900 1717 940 ure
1742 885 1996 953 audietis,
2027 889 2079 941 et
2095 901 2204 941 non
2238 888 2570 956 intelliqetis.
2602 888 2755 960 (Act.

318 960 521 1028 apost„
549 968 762 1026 xxviii,
785 960 878 1026 25,
906 956 1023 1028 26.)
1060 956 1435 1014 Manifestum
1482 960 1577 1014 est
1602 968 1746 1028 ergo
1770 955 2050 1027 Spiritum
2075 959 2346 1013 sanctum
2377 959 2563 1015 Deum
2593 971 2754 1018 esse.

390 1028 612 1097 Adhuc,
643 1041 716 1084 ex
746 1026 936 1086 saeris
964 1027 1285 1104 scripturis
1310 1031 1550 1099 apparet
1575 1028 1760 1083 Deum
1783 1038 1919 1084 esse
1953 1026 2055 1099 qui
2095 1026 2332 1084 loeutus
2371 1034 2462 1085 est
2480 1042 2585 1099 per
2620 1042 2759 1101 pro·

314 1098 536 1172 phetas
558 1116 574 1168 ;
596 1097 814 1155 dicitur
840 1097 999 1155 enim
1026 1111 1099 1155 ex
1114 1111 1218 1156 ore
1242 1097 1346 1154 Dei
1373 1115 1387 1154 ε
1411 1098 1474 1154 Si
1500 1099 1624 1168 quis
1640 1098 1812 1164 merit
1836 1099 1981 1152 inter
2014 1112 2113 1152 vos
2124 1098 2395 1167 propheta
2418 1100 2659 1162 Domini,
2692 1102 2757 1155 in

312 1171 527 1225 visione
551 1168 823 1238 apparebo
860 1170 930 1232 ei,
971 1169 1056 1224 vel
1139 1184 1197 1224 er
1222 1170 1506 1230 somnium,
1546 1166 1606 1225 id
1635 1171 1728 1225 est
1808 1181 1873 1224 er
1910 1166 2425 1238 Spiritum-meum
2456 1169 2651 1240 loquar
2677 1170 2757 1226 ad

314 1239 479 1295 iilum
505 1237 714 1311 (Num,
738 1250 849 1311 ΧΗ,
877 1238 932 1305 6)
956 1257 972 1306 ;
1003 1244 1061 1295 et
1126 1238 1300 1296 icitur
1332 1258 1345 1294 ε
1377 1239 1621 1295 Audiam
1649 1240 1747 1308 qu·
1811 1239 2065 1307 loquatur
2086 1240 2148 1293 in
2174 1253 2257 1294 me
2283 1241 2544 1298 Dominus
2583 1242 2753 1298 Deus.

315 1309 553 1381 (Psaim.
581 1320 826 1379 mxiv,
851 1309 931 1382 9.)
950 1308 1254 1367 Manifesta
1285 1313 1483 1366 autem
1511 1307 1848 1366 ostenditur
1864 1307 2146 1379 Spiritum
2177 1314 2452 1367 sanctum
2481 1310 2754 1368 locutum

319 1393 463 1439 esse
490 1380 553 1437 in
581 1377 922 1451 prophetis3
951 1379 1163 1437 dicitur
1212 1380 1403 1436 enim:
1432 1379 1652 1449 Oportet
1686 1379 1904 1448 impleri
1931 1380 2262 1449 scripturam
2290 1395 2454 1450 quam
2490 1381 2760 1463 praedioeit

312 1450 566 1522 Spiritus
611 1454 831 1506 sanetus
863 1465 965 1521 per
1010 1465 1068 1507 os
1110 1450 1294 1506 David
1337 1449 1481 1522 (Act.
1513 1453 1712 1520 apost..
1742 1463 1785 1518 1,
1814 1447 1938 1520 16);
1970 1453 2030 1506 et
2064 1449 2352 1507 Dominus
2397 1450 2536 1508 dicit
2576 1470 2590 1508 ε
2620 1451 2758 1518 Quo·

311 1521 481 1577 modo
543 1520 734 1576 dieunt
798 1521 989 1577 seribae
1046 1520 1322 1578 Christum
1391 1521 1569 1590 filium
1628 1520 1808 1576 David
1857 1535 1969 1575 esse
1985 1521 2016 1574 P
2067 1522 2185 1590 ipse
2234 1523 2375 1576 enim
2429 1520 2642 1577 dicebat
2694 1524 2760 1578 in

313 1592 542 1663 Spiritu
579 1594 764 1647 saneto
803 1608 823 1647 ε
865 1593 1023 1648 Dixit
1068 1593 1328 1647 Dominus
1375 1593 1605 1646 Domino
1640 1605 1753 1645 meo
1780 1608 1800 1644 .·
1827 1590 1962 1648 Sede
2003 1606 2039 1645 a
2084 1590 2293 1647 dextris
2341 1593 2472 1648 meis
2511 1591 2756 1663 (Matini,

314 1673 474 1731 xxn,
499 1665 594 1729 43,
620 1660 746 1732 44);
803 1666 863 1718 et
890 1661 1136 1719 dicitur:
1163 1664 1284 1719 Non
1324 1662 1468 1716 enim
1512 1661 1788 1717 voluntate
1835 1660 2076 1716 humana
2117 1661 2292 1716 allata
2325 1666 2403 1717 est
2456 1662 2536 1717 al·
2573 1662 2761 1718 uando

306 1732 644 1806 prophetica
673 1730 770 1788 sed
793 1732 1008 1801 Spiritu
1036 1736 1222 1788 saneto
1247 1733 1525 1801 inspirati,
1548 1732 1713 1785 locuti
1736 1734 1865 1786 sunt
1888 1732 2068 1788 saneti
2083 1733 2183 1787 Dei
2198 1732 2456 1787 homines.
2490 1731 2541 1804 (I
2582 1735 2755 1796 Petr„

313 1816 365 1873 1,
396 1803 513 1873 21.)
558 1801 867 1860 manifeste
914 1816 1057 1875 ergo
1103 1802 1168 1859 in
1212 1801 1529 1873 scripturis
1573 1800 1874 1874 colligitur
1925 1799 2204 1872 Spiritum
2241 1809 2516 1861 sanetum
2569 1804 2757 1861 Deum

314 1886 484 1933 esse.
2380 1886 2384 1890 ⁴

394 1945 547 2005 Item,
578 1941 859 2001 revelatio
916 1942 1335 2015 mysteriorum
1382 1942 1687 2014 proprium
1725 1955 1879 2014 opus
1910 1942 2013 1998 Dei
2045 1942 2379 2002 ostenditur
2404 1943 2469 2001 in
2500 1944 2758 2017 Scriptu-

313 2014 446 2083 ris;
476 2012 693 2072 dicitur
719 2013 881 2070 enim
907 2031 921 2069 :
950 2016 1052 2070 Est
1087 2016 1230 2070 Deus
1255 2015 1318 2068 in
1357 2014 1482 2094 eoelo
1507 2014 1753 2094 revelans
1777 2016 2055 2093 musteria.
2069 2012 2277 2141 cPan„
2305 2026 2371 2081 11,
2400 2015 2516 2086 28.)
2552 2017 2762 2088 Myste-

314 2084 555 2144 riorum
614 2087 812 2142 autem
854 2084 1133 2141 revelatio
1181 2096 1332 2155 opus
1377 2083 1627 2154 Spiritus
1673 2089 1863 2140 sancti
1892 2087 2062 2140 osten
2107 2084 2225 2141 itur
2254 2102 2267 2140 :
2301 2084 2512 2142 dicitur
2553 2086 2711 2144 enim
2743 2104 2757 2144 :

313 2154 496 2215 Nobis
516 2154 775 2210 revelavit
814 2156 959 2210 Deus
976 2169 1081 2225 per
1108 2154 1379 2225 Spiritum
1403 2170 1564 2210 suum
1592 2153 1643 2225 (1
1676 2154 1819 2219 Gor„
1866 2167 1935 2224 11,
1975 2154 2100 2225 10);
2136 2158 2195 2211 et
2240 2154 2490 2213 dieitur:
2519 2155 2762 2227 Spiritus

316 2227 574 2297 loquitur
596 2226 875 2294 mysteria.
916 2224 971 2296 (Ι
993 2225 1137 2294 Gor„
1166 2238 1293 2294 xiv,
1318 2222 1397 2297 2.)
1423 2225 1673 2296 Spiritus
1707 2237 1851 2297 ergo
1880 2231 2126 2282 sanctus
2155 2227 2313 2284 Deus
2337 2231 2448 2284 est.

398 2299 688 2364 Praeterea,
717 2294 971 2354 interius
1002 2295 1216 2353 docere
1243 2295 1547 2366 proprium
1575 2308 1729 2366 opus
1749 2295 1853 2352 Dei
1879 2300 2008 2365 est;
2055 2295 2269 2352 dicitur
2300 2296 2456 2353 euim
2486 2297 2560 2355 de
2588 2299 2710 2356 Deo
2740 2313 2758 2356 ε

315 2366 437 2436 Qui
465 2366 616 2423 docet
641 2366 906 2421 hominem
931 2367 1213 2422 seientiam
1257 2365 1479 2437 (Psalm.
1519 2377 1684 2434 xuni,
1717 2365 1803 2435 to)
1829 2382 1846 2433 ;
1875 2369 1934 2421 et
1964 2382 1978 2421 ε
2008 2366 2119 2421 Dat
2144 2367 2472 2434 sapientiam
2498 2369 2763 2436 sapienti-

321 2439 428 2494 bus
456 2441 508 2493 et
539 2438 824 2493 seientiam
873 2436 1299 2506 intelliqentibus
1344 2434 1713 2505 disciplinam.
1755 2434 1941 2505 (Dan,
1968 2447 2035 2503 11,
2081 2435 2197 2505 21.)
2224 2436 2347 2492 Hoc
2391 2439 2588 2493 autem
2623 2450 2762 2509 pro-

316 2504 1860 2648 ffiffifflpgfflgfficw2333&th
1874 2503 2397 2631 eiiii-‚iiiiii
2421 2505 2767 2636 tuitii-2

319 2647 1557 2799 ⁰mi²0²ii252⁰iiifuffl§ffissiffl‘i'iessii‘i
1578 2651 1823 2796 itti-iti
1845 2644 2615 2799 titedittffitittitm
2662 2721 2766 2778 Est

323 2794 536 2850 autem
567 2789 773 2847 eadem
800 2794 1067 2860 operatio
1093 2788 1224 2844 Fllll
1250 2787 1361 2844 etS
1403 2792 1576 2844 iritus
1606 2791 1796 2844 sancti
1823 2803 1839 2856 ;
1871 2783 2031 2858 quod
2059 2799 2219 2842 emm
2250 2786 2517 2845 Christus
2537 2803 2602 2845 in
2631 2804 2768 2848 san—

321 2859 445 2920 ctis
491 2859 773 2932 loquatur
798 2858 1119 2930 Apostolus
1176 2862 1347 2915 osten
1391 2856 1456 2925 it,
1488 2856 1696 2915 diceus
1728 2874 1743 2913 ε
1773 2857 1870 2912 An
1900 2858 2323 2937 experimentum
2400 2860 2609 2915 uter-itis
2646 2862 2764 2932 effus

323 2932 521 3004 quiin
549 2946 632 2986 me
659 2931 901 3010 loquitur
927 2929 1174 2987 Christus
1204 2929 1234 2982 Ρ
1262 2926 1338 3008 (li
1361 2927 1505 3008 Gor„
1536 2939 1669 3009 ΧΨ,
1701 2926 1777 2999 3.)
1802 2929 1925 2984 Hoc
1960 2932 2147 3011 etiam·
2171 2940 2325 3011 opus
2350 2874 2601 3000 Slpiritus
2624 2944 2765 2988 san—

323 3001 412 3061 cti
441 3013 576 3059 esse
596 2999 911 3058 manifeste
958 3003 1237 3071 apparet;
1277 2997 1492 3055 dieitur
1518 3011 1677 3055 enim
1705 3016 1724 3052 ε
1752 2999 1874 3056 Νοπ
1898 3012 1992 3052 vos
2044 3001 2173 3052 estis
2213 3013 2311 3068 qui
2336 2998 2641 3069 loquimini,
2673 3002 2769 3057 sect

321 3073 574 3144 Spiritus
603 3071 789 3127 Patris
812 3072 981 3127 vestri
1006 3072 1104 3140 qui
1130 3069 1370 3139 loquitur
1410 3071 1474 3125 in
1497 3069 1671 3125 vobis.
1701 3067 1939 3139 (Matth.,
1973 3079 2034 3137 x,
2080 3065 2194 3140 20.)
2233 3070 2336 3126 Est
2361 3082 2504 3143 ergo
2532 3070 2768 3130 eadem-

325 3148 551 3201 natura
577 3140 703 3199 Filii
741 3144 801 3199 et
824 3140 1078 3222 Spiritus
1101 3139 1312 3209 sancti,
1339 3143 1396 3195 et
1427 3152 1532 3210 per
1578 3151 1957 3211 consequens
1985 3139 2199 3210 PatriS,
2238 3153 2424 3211 quum
2453 3145 2763 3201 ostensum

326 3213 414 3272 sit
439 3215 671 3270 Patrem
702 3215 760 3268 et
790 3211 1000 3268 Filium
1030 3223 1210 3268 unam
1236 3214 1508 3267 naturam
1544 3208 1781 3267 habere.
2335 3217 2339 3221 ’

397 3283 681 3363 Amplius,
704 3280 1036 3339 inhabitare
1062 3284 1295 3338 mentes
1337 3285 1683 3337 sanctorum
1748 3278 2011 3350 roprium
2035 3279 2138 3337 Dei
2167 3284 2259 3338 est
2286 3299 2301 3350 ;
2329 3282 2486 3340 unde
2512 3287 2765 3354 Aposto-

327 3353 431 3413 lus
455 3353 632 3411 dicit:
670 3354 777 3409 Vos
795 3354 923 3408 estis
954 3352 1210 3421 templum
1234 3351 1337 3407 Dei
1359 3352 1492 3413 vivi,
1526 3352 1668 3406 sieut
1734 3352 1828 3405 icit
1849 3352 1993 3406 Deus
2023 3368 2041 3404 ε
2071 3350 2333 3417 Quoniam
2360 3353 2679 3411 inhabitabo
2706 3358 2769 3412 in

326 3424 469 3481 illis.
497 3424 576 3495 (H
600 3423 744 3493 Gor„
770 3435 858 3493 vi,
888 3420 1000 3494 16.)
1027 3423 1148 3479 Hoc
1176 3426 1374 3478 autem
1402 3419 1560 3478 idem
1587 3420 1909 3491 Apostolus
1939 3419 2176 3490 Spiritui
2205 3426 2413 3479 saneto
2458 3423 2723 3482 attribuit
2746 3444 2762 3494 ;

330 3494 479 3553 dicit
504 3493 666 3551 enim
709 3511 725 3549 ε
753 3493 985 3552 Nescitis
1013 3494 1148 3563 quia
1173 3492 1428 3572 templum
1458 3493 1562 3547 Dei
1586 3493 1736 3556 estis,
1761 3496 1813 3547 et
1837 3491 2080 3561 Spiritus
2106 3493 2208 3547 Dei
2233 3491 2447 3549 habitat
2463 3496 2526 3551 in
2556 3496 2708 3551 vobis
2737 3498 2769 3550 ?

329 3564 390 3637 (Ι
402 3565 545 3628 Gor„
574 3577 666 3627 111,
699 3562 812 3634 ¹6.)
842 3565 944 3620 Est
970 3575 1115 3636 ergo
1143 3561 1395 3633 Spiritus
1424 3564 1672 3619 sanetus
1701 3565 1878 3619 Deus.

405 3636 556 3699 Item,
612 3646 747 3693 esse
773 3632 1017 3705 ubique
1076 3631 1381 3705 proprium
1410 3630 1515 3689 Dei
1564 3635 1676 3702 est,
1705 3631 1808 3704 qui
1859 3630 2001 3690 dicit
2027 3650 2046 3687 ε
2077 3632 2275 3690 Goelum
2323 3638 2375 3689 et
2425 3638 2629 3692 terram
2671 3651 2766 3705 eqo

329 3705 550 3776 impleo.
578 3703 817 3778 Uei-em..
845 3716 1018 3772 xxiii,
1055 3702 1170 3774 24.)
1217 3705 1285 3759 Et
1306 3701 1423 3760 hoe
1450 3702 1690 3773 Spiritui
1725 3707 1935 3760 sancto
1978 3702 2290 3771 eonvenit3
2320 3704 2535 3762 dicitur
2557 3706 2714 3764 euim
2747 3726 2762 3763 :

328 3775 576 3848 Spiritus
603 3776 823 3832 Domini
867 3775 1098 3844 replevit
1137 3773 1315 3829 orbem
1357 3777 1632 3829 terrarum
1677 3773 1855 3845 (Sap.,
1879 3786 1924 3841 1,
1952 3771 2047 3843 7);
2078 3776 2137 3829 et
2165 3790 2179 3829 :
2212 3773 2326 3839 Quo
2359 3775 2448 3830 ibo
2468 3790 2526 3830 ·a
2564 3780 2769 3847 spiritu

330 3849 429 3905 tuo
459 3847 489 3900 i’
511 3849 562 3901 et
585 3860 690 3915 quo
734 3860 772 3901 a
813 3845 959 3913 faeie
1006 3848 1104 3899 tua
1155 3845 1424 3913 tuqiam?
1447 3842 1672 3915 (Psalm.
1717 3855 2013 3911 cxxxvlii,
2035 3843 2093 3915 7)
2123 3848 2222 3900 et:
2257 3844 2322 3900 Si
2371 3845 2657 3902 ascendero
2705 3850 2769 3905 in

332 3915 545 3980 eoelum,
577 3920 638 3972 tu
662 3916 778 3971 illie
802 3930 857 3971 es
883 3913 1068 3986 (ibid.,
1095 3912 1175 3985 8),
1201 3918 1311 3971 ete.
1339 3931 1358 3983 ;
1385 3913 1675 3971 Dominus
1706 3913 1885 3970 etiam
1912 3912 2219 3983 discipulis
2260 3912 2399 3972 dicit
2425 3934 2438 3973 ε
2469 3916 2767 3988 Accipietis

331 3989 593 4044 virtutem
613 3986 1037 4056 supervenientis
1056 3984 1298 4055 Spiritus
1322 3987 1501 4040 saneti
1526 3985 1589 4041 in
1612 3998 1726 4048 vos,
1748 3987 1801 4040 et
1822 3985 1978 4039 eritis
2008 3983 2147 4038 milii
2172 3987 2327 4040 testes
2354 3988 2415 4041 in
2447 3988 2763 4059 Jerusalem,

334 4061 392 4115 et
415 4059 480 4113 in
501 4058 650 4113 omni
670 4055 882 4124 suam,
932 4059 984 4111 et
1008 4054 1284 4118 Samaria,
1311 4058 1364 4110 et
1406 4070 1577 4125 usque
1604 4054 1681 4110 ad
1704 4054 1958 4110 ultimum
1980 4058 2137 4109 terrae
2185 4053 2331 4124 (Act.
2377 4062 2573 4127 apost„
2599 4072 2643 4127 1,
2686 4058 2762 4130 8),

336 4141 416 4188 ex
439 4140 560 4201 quo
579 4130 739 4199 patet
806 4124 925 4184 uod
957 4125 1210 4197 Spiritus
1236 4129 1482 4185 sanetus
1520 4124 1743 4197 ubique
1778 4130 1890 4194 est,
1929 4121 2031 4196 qui
2066 4122 2285 4195 ubique
2316 4130 2375 4184 et
2401 4126 2761 4201 ubicumque

339 4198 606 4257 existens
635 4197 778 4255 iuha
818 4195 944 4254 itat.
969 4196 1226 4268 Spiritus
1260 4208 1402 4268 ergo
1432 4199 1686 4254 sanctus
1714 4197 1874 4253 Deus
1896 4199 2006 4251 est.

407 4271 695 4340 Praeterea,
722 4279 1001 4338 expresse
1029 4266 1091 4324 in
1118 4265 1417 4337 scriptura
1443 4263 1696 4337 Spiritus
1723 4270 1969 4324 sanetus
1999 4262 2199 4336 (Deus)
2218 4267 2589 4336 nominatum
2616 4266 2762 4324 dicit

279 4376 286 4387 ·
339 4339 498 4399 enim
525 4336 733 4397 Pe’trus
754 4355 769 4395 :
789 4338 1034 4400 Anania,
1053 4352 1152 4393 cur
1168 4338 1396 4393 tentavit
1408 4335 1647 4392 Satanas
1661 4351 1752 4392 eor
1771 4340 1942 4401 tuum,
1962 4336 2184 4391 mentiri
2209 4337 2512 4407 teSpiritui
2534 4337 2764 4394 sancto?

280 4450 288 4457 -
361 4411 491 4468 Act.
514 4413 711 4481 apost„
739 4421 802 4478 v,
833 4407 889 4482 3)
922 4411 982 4466 et.
1027 4410 1238 4479 postea
1287 4405 1487 4465 subdit
1515 4425 1532 4464 ι
1560 4407 1683 4465 Νοη
1709 4420 1762 4462 es
1806 4406 2063 4462 mentitus
2116 4405 2441 4472 hominibus,
2488 4407 2584 4463 sed
2628 4407 2760 4462 Deo.

362 4481 531 4550 loia„
553 4479 632 4553 4.)
660 4477 909 4550 Spiritus
933 4489 1077 4551 ergo
1105 4480 1351 4536 sanetus
1380 4482 1474 4535 est
1490 4479 1672 4534 Deus,

410 4553 567 4620 Item,
623 4548 836 4608 dieitur
877 4566 891 4605 :
950 4548 1056 4615 Qui
1108 4548 1350 4619 loquitur
1402 4548 1615 4617 linqua,
1679 4561 1792 4602 non
1843 4546 2147 4603 hominibus
2210 4548 2449 4616 loquitur
2500 4544 2597 4600 sed
2632 4546 2761 4611 Deo,

341 4636 496 4682 nemo
523 4622 667 4679 enim
688 4618 882 4687 audin
912 4619 1152 4692 Spiritus
1198 4620 1378 4677 autem
1418 4618 1662 4692 loquitur
1704 4619 1964 4686 mysteria
1995 4615 2048 4689 (Ι
2070 4617 2212 4680 σον..
2260 4629 2387 4684 xiv,
2417 4587 2510 4686 253
2541 4626 2615 4670 ex
2641 4617 2763 4682 quo
