3076 5025
479 325 584 382 452
1313 317 1447 373 ΠΒ.
1487 318 1585 386 ΙΙῙ,
1625 318 1779 373 GAP.
1821 315 2078 373 CXXXVI.
2854 30 3020 392 Ι

435 491 441 498 .
476 444 712 504 videtur
754 441 1049 514 pertinere
1095 440 1169 499 ad
1214 452 1475 498 errorem
1518 438 1857 512 gentilium,
1886 438 1989 510 qui
2039 436 2298 494 divinam
2337 434 2777 508 providentiam
2805 447 2894 492 ne-

481 520 644 589 gant.
678 516 920 583 Propter
942 511 1100 583 quod
1147 510 1438 568 Dominus
1485 508 1792 566 concludit
1815 508 1974 588 quod
2000 520 2123 566 non
2152 507 2345 565 simus
2371 507 2597 562 solliciti
2621 507 2687 561 in
2719 507 2897 561 erasti·-

480 600 611 643 num
636 583 879 656 (Manu,
907 595 995 650 vi,
1025 580 1151 653 3t);
1182 594 1287 652 per
1330 579 1491 653 quod
1522 592 1643 636 non
1685 578 1990 650 prohibuit
2031 578 2175 651 quin
2207 589 2637 636 conservemus
2674 589 2755 657 ⁸ea
2781 589 2898 647 quae
2923 643 2937 658 ‚

481 660 628 715 sunt
649 653 827 712 uobis
853 653 917 710 in
946 650 1269 710 crastinum
1303 649 1648 707 necessaria
1675 662 1787 707 suo
1834 654 2121 719 tempore,
2155 647 2261 706 sed
2293 661 2368 704 ne
2396 646 2468 704 de
2500 647 2726 704 futuris
2745 659 2899 703 even-
2922 663 2935 688 τ

480 726 645 784 tibus
673 723 1068 782 sollicitemur
1113 735 1251 779 cum
1295 718 1552 793 quadam
1582 720 1999 800 desperatione
2027 717 2212 799 divini
2243 716 2491 798 ausilii3
2525 717 2621 798 vel
2654 730 2732 773 ne
2753 693 2943 797 ,malci

480 800 733 867 occupet
766 792 943 851 hodie
972 789 1440 850 sollicitudinem
1470 805 1604 865 quae
1631 797 1743 846 erit
1773 787 2046 870 habenda
2073 800 2138 846 in
2173 794 2461 856 crastino,
2490 802 2639 860 quia
2661 787 2933 872 quilibet·

482 866 613 999 illies
642 877 814 991 shuam
862 861 1331 922 sollicitudinem
1353 860 1532 919 habet
1560 879 1575 917 z
1608 860 1767 917 unde
1823 859 2098 918 subditur
2128 859 2375 927 :Sufficit
2403 858 2517 914 diei
2541 858 2769 914 malitia
2790 872 2904 914 ue.

555 1006 652 1063 Sic
680 977 864 1077 ig'itu}
888 932 1050 1075 patet
1074 1003 1235 1076 quod
1263 1001 1518 1061 diversis
1547 1001 1745 1059 modis
1773 998 2272 1059 convenientibus
2302 999 2499 1079 vivere
2520 998 2907 1078 possunt-qui
2938 1013 2945 1028 ·

482 1075 877 1134 voluntariam
909 1078 1311 1155 paupertatem
1361 1077 1665 1131 sectantur
1696 1090 1711 1128 :
1745 1070 1901 1128 inter
1929 1084 2083 1151 quos
2101 1075 2268 1129 tanto
2297 1069 2520 1151 aliquis
2556 1067 2910 1150 laudabilior

485 1152 579 1205 est
602 1150 826 1218 quanto
875 1157 1072 1217 magis
1099 1158 1142 1203 a·
1175 1142 1581 1203 sollicitudine
1636 1142 2052 1214 temporalium
2101 1146 2160 1199 et
2201 1144 2601 1211 occupatione
2649 1152 2811 1197 circa
2843 1151 2912 1197 ee

484 1215 752 1276 hominis
780 1214 1048 1274 animum
1075 1214 1271 1273 reddit
1300 1214 1652 1271 immunem.

1382 1430 1636 1494 CAPUT
1698 1429 2009 1494 CXXXVI.

716 1610 796 1659 DE
828 1608 1062 1657 motin
1096 1606 1299 1655 tolum
1331 1607 1430 1660 0111
1463 1606 1819 1653 mitrarum
1853 1603 2291 1653 commum
2324 1603 2692 1653 mutium.

557 1774 725 1833 Sicut
751 1777 948 1832 autem
978 1777 1188 1830 contra
1216 1770 1582 1843 paupertatis
1612 1769 2058 1841 perfectionem,
2083 1770 2169 1827 ita
2195 1775 2255 1827 et
2281 1776 2490 1828 contra
2530 1767 2913 1828 continentie

485 1846 712 1906 bonum
742 1843 982 1915 quidam
1036 1842 1297 1914 perversi
1329 1854 1550 1899 sensus
1585 1841 1876 1921 ,homines
1923 1844 2066 1899 sunt
2116 1840 2326 1908 locuti,
2356 1853 2615 1912 quorum
2678 1839 2912 1920 quidam

485 1916 712 1975 bonum
757 1912 1141 1971 continentiae
1167 1911 1263 1969 his
1305 1919 1365 1969 et
1413 1910 1717 1969 similibus
1763 1910 2100 1969 rationibus
2127 1911 2441 1968 excludere
2470 1911 2776 1968 nituntur.
2804 1912 2912 1969 viri

493 1985 655 2044 enim
686 1989 746 2041 et
773 1982 1045 2040 mulieris
1074 1981 1416 2052 conjunctio
1445 1981 1517 2039 ad
1546 1981 1770 2039 bonum
1801 1981 2020 2052 speciei
2051 1980 2376 2039 ordinatur.
2415 1980 2698 2039 Divinius
2727 1986 2914 2041 autem

489 2062 584 2114 est
605 2055 831 2113 bonum
865 2052 1085 2123 speciei
1115 2064 1294 2123 quam
1319 2051 1545 2108 bonum
1574 2051 1885 2108 individui.
1915 2052 2105 2122 Magis
2139 2065 2283 2123 ergo
2309 2056 2508 2123 peccat
2531 2052 2639 2132 qui
2670 2054 2913 2110 omnino

488 2124 750 2184 abstinet
776 2122 850 2179 ab
890 2126 1026 2179 actu
1065 2133 1187 2192 ,quo
1237 2127 1627 2179 conservatur
1673 2122 1928 2191 species,
1975 2134 2155 2193 quarn
2197 2126 2468 2193 peccaret
2507 2134 2561 2179 si
2593 2121 2917 2181 abstineret

487 2195 564 2324 a?
600 2199 733 2322 afitii
776 2205 898 2265 quo
917 2194 1330 2318 dconservatur
1364 2190 1761 2264 individuum,
1791 2191 1951 2248 sicut
1994 2198 2137 2249 sunt
2181 2190 2499 2261 comestio,
2527 2197 2588 2249 et
2634 2198 2914 2264 potus,et

486 2279 606 2323 aia
677 2278 712 2321 u
742 2274 913 2321 usmo
957 2277 997 2318 i.

557 2278 776 2402 Adhii'c,
805 2347 876 2390 ex
904 2331 1108 2391 divina
1147 2331 1523 2390 ordinatione
1550 2330 1768 2390 dantur
1790 2331 2018 2390 homini
2054 2332 2321 2391 membra
2361 2332 2435 2391 ad
2464 2334 2913 2404 generationem

487 2411 643 2478 apta,
676 2410 733 2462 et
754 2405 933 2461 etiam
961 2402 1053 2460 vis
1098 2401 1590 2475 concupiscibilis
1631 2405 1696 2458 et
1735 2403 2015 2471 incitans,
2047 2408 2106 2460 et
2145 2403 2265 2461 alia
2310 2402 2659 2475 huiusmodi
2702 2405 2779 2462 ad
2812 2406 2914 2463 boc

487 2476 780 2535 ordinata.
808 2473 1046 2534 Videtur
1072 2473 1256 2555 igitur
1282 2479 1492 2532 contra
1519 2472 1780 2531 divinam
1836 2473 2276 2533 ordinationem
2321 2487 2499 2547 agere
2532 2474 2640 2548 qui
2669 2477 2912 2535 omniuo

485 2547 561 2606 ab
586 2553 722 2605 actu
747 2545 1154 2618 generationis
1190 2545 1468 2603 abstinet.

554 2620 708 2680 Item,
736 2616 1040 2677 sibonum
1070 2616 1346 2687 estquod
1386 2629 1546 2674 unus
1575 2615 1896 2684 contineat,
1922 2615 2138 2676 melius
2172 2622 2266 2674 est
2313 2616 2475 2689 quod
2516 2617 2719 2687 multi,
2768 2618 2911 2690 opti·

485 2702 648 2746 mum
679 2692 875 2745 autem
910 2686 1065 2767 quod
1097 2700 1329 2744 omnes.
1378 2686 1486 2746 Sed
1534 2700 1610 2744 ex
1656 2686 1771 2743 boc
1820 2686 2090 2758 sequitur
2132 2685 2293 2760 quod
2334 2699 2529 2758 genus
2587 2687 2913 2749 humanum

485 2757 739 2817 deficiat.
777 2759 906 2814 Non
938 2756 1119 2827 igitur
1143 2755 1366 2814 bonum
1394 2762 1486 2815 est
1521 2756 1681 2831 quod
1710 2756 1930 2828 aliquis
1954 2755 2136 2815 bomo
2168 2756 2417 2815 omnino
2444 2757 2782 2818 contineat.

554 2829 830 2901 Amplius,
860 2827 1105 2884 castitas
1132 2827 1289 2884 sicut
1313 2834 1370 2884 et
1390 2827 1524 2884 aliae
1548 2828 1817 2896 virtutes,
1838 2826 1902 2883 in
1930 2827 2336 2886 mediocritate
2364 2827 2736 2886 consistunt.
2756 2829 2909 2891 Sicut

484 2898 671 2971 igitur
693 2903 902 2956 contra
937 2896 1211 2954 virtutem
1257 2897 1380 2968 agit
1425 2898 1528 2969 qui
1576 2897 1824 2955 omnino
1865 2897 2387 2976 concupiscentias
2442 2898 2812 2971 insequitur,
2860 2904 2907 2957 et

485 2969 914 3040 intemperatus
950 2966 1175 3046 est„ita
1217 2973 1429 3026 contra
1461 2967 1739 3025 virtutem
1785 2971 1910 3038 agit
1954 2967 2057 3038 qui
2106 2967 2354 3026 omnino
2401 2970 2906 3040 concupiscentiis

484 3037 745 3096 abstinet
770 3042 830 3095 et
855 3035 1228 3095 insensibilis
1252 3043 1363 3095 est.

553 3111 837 3171 Praeterea,
869 3120 990 3164 non
1020 3112 1112 3164 est
1137 3107 1425 3178 possibile
1450 3108 1596 3180 quin
1621 3108 1684 3165 in
1717 3107 1963 3166 homine
1989 3108 2493 3180 concupiscentiae
2517 3123 2903 3170 venereorum

486 3178 702 3251 aliquae
729 3179 1018 3246 oriantur,
1045 3191 1180 3235 cum
1220 3178 1521 3236 naturales
1568 3178 1710 3236 sint.
1741 3179 2039 3238 Resistere
2067 3185 2263 3237 autem
2308 3179 2558 3238 omniuo
2602 3183 2904 3254 concupis·

481 3249 697 3329 centiis
741 3254 801 3329 et
860 3248 1032 3328 quasi
1088 3247 1462 3329 continuam·
1496 3262 1757 3321 pugnam
1814 3248 2033 3308 babere
2086 3249 2371 3321 majorem
2430 3250 2903 3322 inquietudinem

483 3332 684 3377 animo
712 3317 920 3377 tribuit
962 3331 1141 3389 quam
1180 3331 1234 3377 si
1281 3319 1503 3391 aliquis
1549 3320 1849 3377 moderato
1894 3320 2402 3391 concupiscentiis
2439 3325 2733 3382 uteretur.
2776 3325 2901 3383 Cum

481 3389 667 3462 igitur
707 3388 1288 3469 inquiet-udoanimi
1335 3389 1594 3448 maxime
1646 3389 1996 3461 perfectioni
2043 3390 2281 3449 virtutis
2325 3397 2643 3473 repugnat,
2683 3393 2903 3453 videtur

480 3459 833 3587 perfectioni
892 3463 1129 3518 virtutis
1184 3458 1484 3519 adversari
1540 3460 1702 3534 quod
1775 3460 1995 3534 aliquis
2066 3466 2411 3536 perpetuam
2477 3465 2899 3524 continentiam

544 3603 686 3682 ‘Haec
729 3600 924 3682 igitur·
957 3606 1166 3659 contra
1216 3606 1557 3674 perpetuam
1613 3602 2047 3661 continentiam
2102 3601 2282 3675 objici
2335 3601 2635 3669 videntur,
2693 3604 2898 3677 quibus

477 3674 657 3730 etiam
684 3671 927 3744 adiungi
957 3676 1153 3742 potest
1177 3678 1535 3744 praeceptum
1573 3673 1810 3729 Domini
1851 3673 2009 3745 quod
2056 3673 2266 3743 primis
2307 3675 2658 3744 parentibus
2692 3674 2898 3746 legitur

479 3754 617 3801 esse
644 3741 868 3811 datum,
898 3742 1063 3811 Gen„
1082 3754 1126 3812 Ι,
1157 3745 1250 3813 28,
1272 3749 1331 3800 et
1351 3755 1435 3812 lx,
1460 3748 1494 3800 7
1527 3761 1542 3799 ε
1575 3743 1802 3800 Crescite
1825 3750 1877 3799 et
1889 3745 2351 3814 multiplicamini,
2372 3748 2424 3800 et
2442 3746 2646 3815 replete
2672 3748 2896 3810 ἰωή-ως

477 3812 639 3885 quod
669 3818 906 3872 nonest
932 3819 1247 3882 remotum,
1277 3813 1384 3872 sed
1424 3810 1621 3894 magis
1666 3814 1897 3872 videtur
1944 3827 2082 3873 esse
2126 3828 2165 3872 a
2200 3814 2455 3872 Domino
2486 3815 2552 3871 in
2581 3815 2894 3888 Evangelio

475 3882 914 3953 confirmatum,
944 3883 1169 3954 Mattb„
1209 3894 1335 3954 x1x,
1360 3887 1416 3953 6,
1445 3883 1548 3941 ubi
1597 3883 1814 3943 dicitur
1842 3902 1858 3942 ε
1887 3884 2043 3952 Quod
2088 3887 2232 3942 Deus
2260 3884 2569 3955 conjunxit,
2601 3886 2761 3942 homo
2803 3898 2895 3942 mn

473 3959 708 4025 separet,
738 3954 811 4012 de
835 3953 1258 4013 con'unctione
1296 3953 1664 4012 matrimonii
1711 3955 1985 4027 loquens.
2017 3955 2234 4014 Contra
2272 3955 2388 4013 hoc
2417 3961 2617 4013 autem
2648 3968 2895 4027 praecep·

476 4027 604 4082 tum
633 4037 912 4106 expresse
941 3968 1168 4082 iaciunt
1192 4023 1295 4097 qui
1323 4029 1665 4105 perpetuam
1696 4025 2126 4084 continentiam
2167 4029 2425 4084 servant.
2450 4026 2702 4084 Videtur
2726 4027 2895 4099 igitur

478 4104 614 4151 esse
642 4095 918 4152 illicitum
944 4100 1286 4167 perpetuam
1313 4102 1745 4155 continentiam
1773 4109 2032 4155 servare.

547 4164 670 4221 Hoc
699 4172 893 4223 autem
924 4177 1048 4224 non
1076 4163 1320 4223 difficile
1345 4169 1441 4223 est
1465 4166 1700 4224 solvere
1725 4167 2056 4228 secundum
2097 4181 2170 4226 ea
2213 4181 2347 4240 quae
2433 4168 2713 4228 raemissa
2740 4170 2886 4228 sunt.

477 4232 986 4313 Considerandum
1014 4241 1108 4294 est
1133 4235 1316 4304 enim,
1344 4235 1503 4308 quod
1535 4237 1656 4295 alia
1682 4236 1833 4295 ratio
1858 4242 1949 4296 est
1977 4236 2251 4297 habenda
2290 4238 2355 4295 in
2444 4238 2498 4295 is
2527 4252 2666 4311 quae
2692 4238 2769 4298 ad
2799 4250 2889 4296 ne-

474 4309 812 4362 cessitatem
844 4305 1315 4387 uniuscujusque
1344 4306 1611 4364 bominis
1640 4308 1955 4378 pertinent,
1983 4313 2159 4381 atque
2184 4308 2304 4368 alia
2337 4308 2399 4365 in
2430 4308 2527 4366 bis
2557 4324 2697 4382 qua}
2726 4307 2888 4382 perti·

472 4372 718 4453 nent-ad
747 4375 1147 4455 multitudinis
1174 4377 1614 4435 necessitatem.
1642 4380 1710 4437 ln
1754 4377 1851 4437 his
1891 4378 2053 4436 enim
2101 4392 2236 4459 quae
2294 4378 2370 4439 ad
2420 4379 2784 4452 uniuscujus
2825 4388 2887 4436 ue

473 4441 740 4503 hominis
765 4450 1183 4508 necessitatem
1225 4446 1545 4519 pertinent,
1572 4451 1806 4522 oportet
1847 4448 2010 4523 quod
2054 4448 2300 4510 cuilibet
2334 4448 2765 4523 provideatur:
2836 4458 2885 4506 u·
