3076 5025
1048 304 1182 363 ιιΒ.
1221 305 1318 374 ιιι,
1358 302 1510 360 GAP.
1551 303 1727 378 cuv.
2492 307 2600 365 473

170 426 512 485 convivere.
566 424 629 484 Si
680 439 823 499 ergo
851 440 957 498 per
983 426 1234 498 gratiam
1264 425 1446 483 bomo
1493 425 1596 483 Dei
1645 423 1898 483 dilector
1921 425 2328 495 constituitur,
2359 431 2593 498 oportet

172 495 336 568 quod
363 497 426 552 in
454 509 526 553 eo
555 503 834 554 causetur
858 496 1215 556 desiderium
1249 496 1493 554 unionis
1521 495 1595 553 ad
1626 498 1809 554 Deum
1841 496 2170 554 secundum
2200 497 2359 577 quod
2400 499 2597 568 possi-

73 607 80 615 ·
168 566 296 647 hile
322 572 433 624 est.
466 567 639 624 Fides
693 572 888 625 autem
944 580 1075 640 quae
1125 573 1406 625 causatur
1451 580 1524 622 ex
1567 566 1762 693 gratia
1788 565 2046 624 declarat
2074 567 2426 638 possibilem
2459 580 2596 628 esse

168 649 464 696 unionem
496 637 758 694 bominis
783 637 853 693 ad
887 639 1072 695 Deum
1100 637 1431 696 secundum
1460 650 1567 707 per
1593 641 1781 693 ectam
1812 637 2178 703 fruitionem,
2212 638 2276 695 in
2305 652 2427 709 qua
2453 637 2595 696 bea·

170 706 371 766 titudo
401 706 696 764 consistit.
730 707 914 780 Hujus
963 707 979 764 i
1026 709 1144 765 itur
1185 706 1488 765 fruitionis
1517 705 1879 764 desiderium
1907 707 1971 763 in
2001 706 2242 764 homine
2277 708 2598 780 consequi·

170 783 275 836 tur
298 792 374 836 ex
396 778 499 835 Dei
530 777 868 835 dilectione.
899 778 972 835 Se
1044 776 1405 836 desiderium
1432 777 1515 834 rei
1548 776 1806 848 aliquus
1851 778 2130 835 molestat
2157 778 2419 835 animam
2442 777 2598 837 desi·
2633 781 2662 842 l

169 848 465 917 derantis,
495 848 614 906 nisi
644 848 801 906 adsit
828 861 968 919 spes
1020 847 1092 907 de
1146 847 1594 920 consequendo,
1648 848 2020 904 Conveniens
2068 846 2249 920 igitur
2297 847 2409 905 fuit
2441 852 2507 905 ut
2535 850 2595 908 in
2628 846 2645 902 ἶ

169 918 547 987 hominibus,
600 918 664 975 in
691 918 909 991 quibus
960 919 1062 976 Dei
1106 918 1344 976 dilectio
1391 923 1446 975 et
1476 916 1625 974 fides
1655 923 1958 987 causatur,
1987 929 2096 988 per
2123 917 2377 991 gratiam
2419 919 2599 978 etiam
2628 928 2641 945 ¹

170 994 462 1048 causetur
487 1002 518 1047 s
560 1002 627 1045 es
649 987 862 1046 futurae
887 988 1273 1047 beatitudinis
1300 986 1724 1058 adipiscendae.

242 1062 399 1128 Item,
425 1059 488 1116 in
519 1003 615 1116 gis
642 1059 744 1131 qui
774 1059 1127 1118 ordinantur
1154 1059 1226 1116 ad
1259 1057 1516 1130 aliquem
1541 1057 1718 1115 finem
1737 1057 2159 1128 desideratum,
2182 1058 2234 1116 si
2266 1057 2468 1132 aliqua
2489 1058 2604 1117 dif-

172 1126 415 1188 ficultas
444 1129 774 1198 emerserit,
801 1129 1083 1188 solatium
1113 1127 1283 1187 affert
1311 1143 1453 1200 spes
1482 1128 1554 1186 de
1583 1127 1702 1186 fine
1727 1128 2174 1200 consequendO,
2204 1129 2362 1186 sicut
2389 1130 2602 1188 amari-

167 1200 443 1259 tudinem
473 1199 781 1257 medicinae
807 1200 1027 1273 aliquis
1056 1200 1262 1258 leviter
1292 1198 1404 1255 fert
1431 1203 1671 1271 propter
1697 1211 1865 1269 spem
1894 1198 2193 1256 sanitatis.
2216 1201 2280 1256 ln
2302 1213 2591 1269 processu

173 1275 377 1329 autem
446 1284 521 1327 uo
543 1270 603 1326 in
625 1270 1051 1329 beatitudinem
1077 1270 1401 1339 tendimus,
1424 1284 1556 1342 quae
1577 1274 1668 1327 est
1688 1268 1826 1326 finis
1852 1269 2121 1326 omnium
2139 1269 2595 1340 desideriorum,

173 1340 367 1421 multa
398 1285 669 1421 gifficjlia
691 1340 1004 1422 imminent
1024 1339 1416 1420 sustinenda3
1447 1353 1585 1420 nam
1613 1339 1803 1419 virtus
1829 1352 1933 1410 per
1960 1353 2139 1411 quam
2178 1339 2251 1421 ad
2283 1340 2600 1421 beatitud-i·

174 1423 318 1469 nem
343 1415 464 1467 itur
515 1424 676 1468 circa
702 1409 972 1470 difficilia
1000 1415 1110 1469 est.
1134 1410 1220 1468 Ad
1241 1410 1355 1491 boc
1381 1416 1568 1492 igitur
1594 1413 1659 1468 ut
1684 1410 1875 1466 levius
1900 1414 1957 1465 et
1977 1423 2142 1489 prom
2189 1415 2310 1467 tius
2332 1411 2512 1491 homo
2536 1423 2602 1469 in

177 1480 607 1610 bgzliltittudinem
640 1480 925 1545 tenderet,
956 1493 1363 1540 necessarium
1384 1482 1498 1549 tuit
1514 1495 1570 1538 ei
1603 1492 1772 1551 spem
1789 1478 1862 1538 de
1884 1479 2130 1537 obtinen
2175 1495 2211 1537 a
2235 1479 2603 1540 beatitudine

179 1565 219 1610 a
309 1566 326 1607 1
373 1565 488 1609 ere.

249 1624 532 1691 Praeterea,
582 1622 787 1681 nullus
809 1626 1081 1680 movetur
1103 1621 1177 1681 ad
1203 1621 1382 1679 finem
1429 1620 1505 1679 ad
1547 1635 1726 1694 quem
1772 1620 2030 1681 (estimat
2055 1634 2192 1680 esse
2220 1621 2600 1693 impossibile

169 1694 502 1762 pervenire.
553 1692 637 1749 Ad
694 1693 808 1751 hcc
853 1707 919 1751 er
961 1706 998 1750 o
1043 1692 1201 1765 quod
1231 1691 1452 1765 aliquis
1501 1700 1709 1765 pergat
1753 1690 1817 1749 in
1867 1691 2047 1748 finem
2100 1692 2382 1764 aliquem,
2426 1706 2603 1764 opor·

170 1768 260 1820 tet
279 1762 437 1836 quod
469 1761 764 1820 afficiatur
791 1762 864 1820 ad
953 1776 1086 1819 nem
1139 1762 1309 1819 illum
1359 1769 1644 1834 tanquam
1691 1762 2041 1834 possibilem
2099 1762 2341 1832 baberi;
2391 1768 2450 1819 et
2505 1762 2605 1822 hic

169 1837 267 1890 est
308 1831 560 1890 affectus
616 1834 764 1904 spei.
797 1835 940 1891 Cum
982 1833 1166 1906 igitur
1207 1846 1315 1904 per
1365 1833 1617 1905 gratiam
1655 1833 1838 1890 homo
1879 1830 2171 1902 dirigatur
2219 1833 2281 1889 in
2324 1831 2603 1892 ultimum

167 1903 355 1960 finem
387 1903 794 1972 beatitudinis,
826 1904 1233 1961 necessarium
1268 1902 1382 1960 fuit
1399 1910 1465 1961 ut
1525 1916 1589 1960 er
1602 1902 1856 1976 gratiam
1872 1901 2313 1973 imprimeretur
2333 1902 2602 1961 humano

177 1971 422 2031 affectui
459 1986 599 2043 spes
627 1972 700 2031 de
727 1974 1093 2032 beatitudine
1121 1986 1467 2044 consequen
1512 1988 1569 2031 a.

246 2043 400 2101 Hinc
427 2049 517 2101 est
547 2043 706 2114 quod
734 2043 952 2101 dicitur
977 2058 991 2098 :
1018 2045 1372 2114 Reqeneravit
1394 2057 1492 2099 nos
1516 2046 1581 2098 in
1603 2058 1753 2115 spem
1777 2045 2052 2112 vivam...,
2077 2044 2140 2098 in
2166 2041 2606 2101 haereditatem...

169 2113 684 2177 immarcescibilem,
731 2118 1101 2171 conservatam
1131 2116 1197 2171 in
1236 2114 1382 2174 caelis
1408 2113 1463 2185 (1
1479 2116 1654 2186 Petra,
1683 2127 1728 2186 1,
1751 2117 1807 2185 3,
1832 2113 1922 2187 4);
1951 2119 2012 2172 et
2046 2111 2266 2174 dicitur
2284 2131 2301 2172 τ
2322 2115 2431 2186 Spe
2465 2115 2611 2172 salvi

166 2186 319 2252 tacti
340 2199 550 2243 sumus.
578 2185 771 2264 (Rom,
794 2197 926 2250 vm,
950 2184 1068 2259 24.)

1146 2404 1398 2469 CAPUT
1437 2403 1638 2469 CLIV.

387 2587 466 2635 ΒΕ
490 2585 665 2633 noms
702 2585 937 2632 onum
972 2583 1181 2630 citaris
1217 2583 1390 2630 DATAE
1412 2588 1429 2640 3
1457 2582 1536 2630 DE
1562 2580 2041 2629 mvmanomus
2068 2579 2390 2629 nAEuomm.

253 2748 406 2818 Quia
452 2762 588 2806 vero
627 2760 699 2806 ea
744 2761 876 2820 quae
899 2746 1083 2804 homo
1153 2759 1217 2802 er
1243 2758 1311 2803 se
1343 2758 1466 2802 non
1493 2743 1656 2802 videt
1682 2756 2051 2825 cognoscere
2080 2757 2202 2802 non
2231 2748 2445 2817 potest,
2481 2744 2602 2807 nisi

178 2833 252 2877 ea
278 2819 529 2889 recipiat
548 2818 620 2876 ab
650 2831 723 2875 eo
749 2818 851 2890 qui
879 2816 1059 2884 videt,
1129 2816 1234 2873 des
1263 2821 1460 2873 autem
1492 2821 1586 2873 est
1611 2815 1682 2872 de
1702 2816 1797 2873 his
1814 2828 1947 2887 quae
1977 2828 2097 2873 non
2114 2815 2407 2885 videmu3‚
2433 2829 2605 2888 opor·

177 2894 262 2947 tet
308 2889 715 2959 cognitionem
763 2900 970 2946 eorum
1014 2886 1085 2943 de
1122 2886 1343 2958 quibus
1369 2890 1460 2942 est
1488 2885 1637 2943 fides
1668 2886 1741 2943 ab
1785 2899 1858 2943 eo
1887 2886 2138 2943 derivari
2165 2886 2265 2957 qui
2296 2901 2366 2943 ea
2406 2900 2508 2957 per
2537 2901 2606 2946 se

172 2958 358 3018 videt.
394 2958 497 3016 llic
548 2964 742 3016 autem
796 2960 954 3015 Deus
982 2962 1095 3026 est,
1134 2955 1235 3029 qui
1282 2956 1549 3026 seipsum
1581 2957 1837 3027 perfecte
1865 2956 2318 3026 comprehendit
2340 2962 2398 3013 et
2428 2963 2602 3016 natu-

171 3031 383 3088 raliter
411 3043 581 3087 suam
615 3029 937 3087 essentiam
966 3026 1125 3083 videt
1150 3045 1167 3095 ;
1197 3025 1271 3083 de
1323 3028 1444 3084 Deo
1473 3026 1634 3083 enim
1663 3024 1842 3083 fidem
1872 3027 2184 3084 habemus.
2213 3029 2455 3097 oportet
2485 3028 2598 3099 igi·

172 3107 276 3158 tur
320 3113 392 3157 ea
431 3113 562 3171 quae
593 3113 696 3170 per
723 3098 898 3156 fidem
927 3104 1202 3156 tenemus
1232 3110 1268 3153 a
1295 3099 1416 3154 Deo
1445 3096 1507 3153 in
1541 3110 1653 3154 nos
1725 3098 2011 3154 ervenire.
2057 3099 2197 3155 Cum
2242 3102 2439 3154 autem
2469 3112 2604 3170 quae

177 3185 217 3228 a
241 3173 366 3228 Deo
394 3169 761 3227 suntordine
777 3168 1035 3242 quodam
1062 3172 1336 3239 agantur,
1369 3172 1434 3224 ut
1461 3180 1646 3236 supra
1695 3182 1746 3224 c.
1775 3172 1844 3225 77
1876 3172 1936 3224 et
1962 3167 2114 3240 seq.)
2144 3173 2457 3225 ostensum
2489 3174 2601 3237 est,

174 3240 246 3298 in
298 3242 779 3298 manifestatione
828 3252 1035 3298 eorum
1082 3252 1215 3311 quae
1254 3245 1402 3295 sunt
1449 3237 1586 3295 {idei
1635 3237 1907 3295 ordinem
1937 3238 2253 3311 quemdam
2298 3238 2603 3296 observari

182 3310 468 3380 oportuit,
499 3311 729 3369 scilicet
757 3314 823 3367 ut
847 3309 1088 3383 quidam
1117 3308 1456 3366 immediate
1482 3323 1517 3365 a
1550 3310 1673 3365 Deo
1701 3308 2051 3380 reciperent,
2082 3308 2183 3366 alii
2211 3321 2350 3366 vero
2380 3309 2455 3367 ab
2486 3309 2603 3379 his,

177 3387 243 3439 et
280 3379 370 3439 sic
391 3394 492 3452 per
514 3381 785 3440 ordinem
818 3393 1007 3452 usque
1033 3377 1107 3437 ad
1137 3378 1403 3436 ultimos.
1439 3381 1501 3435 ln
1534 3379 2011 3450 quibuscumque
2040 3385 2238 3436 autem
2268 3386 2360 3437 est
2380 3379 2608 3451 aliquis

175 3450 349 3519 orde,
382 3456 613 3533 oportet
637 3451 820 3524 quod,
850 3455 1073 3523 quanto
1098 3449 1319 3521 aliquis
1348 3455 1439 3507 est
1458 3449 1852 3529 propinquius
1872 3450 2066 3520 primo
2084 3450 2398 3521 principio,
2432 3454 2599 3508 tanto

171 3522 507 3580 virtuosius
542 3521 918 3590 inveniatur;
948 3518 1109 3593 quod
1145 3520 1206 3576 in
1238 3520 1352 3576 boc
1380 3520 1593 3577 ordine
1622 3520 2127 3578 manifestationis
2158 3520 2372 3579 divinae
2422 3535 2601 3592 appa-

173 3595 271 3650 ret
299 3609 314 3648 z
347 3592 649 3650 invisibila
671 3592 853 3661 enim,
879 3603 1132 3663 quorum
1156 3589 1312 3670 visio
1341 3590 1548 3648 beatos
1576 3590 1718 3647 facit
1737 3590 1817 3671 ‘de
1845 3590 2066 3662 quibus
2092 3589 2241 3649 fides
2268 3597 2378 3660 est,
2408 3592 2603 3662 primo

173 3675 217 3721 a
265 3665 389 3720 Deo
442 3664 778 3720 revelantur
804 3662 1038 3734 angelis
1060 3659 1250 3717 beatis
1277 3674 1380 3731 per
1406 3665 1670 3730 apertam
1696 3672 2011 3729 visionem,
2045 3667 2111 3719 ut
2138 3676 2208 3718 ex
2238 3662 2601 3732 supradictis

174 3733 255 3861 ff.
283 3733 376 3806 80)
394 3739 551 3804 patet
574 3751 590 3801 ;
616 3732 850 3802 deinde,
882 3731 1232 3801 angelorum
1259 3731 1689 3788 interveniente
1718 3729 1942 3801 omnic,
1986 3732 2446 3790 manifestantur
2516 3732 2608 3790 ui-

221 3803 434 3861 usdam
471 3803 837 3872 bominibuS,
869 3814 987 3860 non
1017 3800 1257 3873 quidem
1291 3807 1683 3882 per‘apertam
1703 3802 2023 3870 visionem,
2043 3802 2145 3860 sed
2208 3817 2271 3860 er
2287 3816 2463 3875 quam
2510 3815 2607 3861 am

106 3885 111 3888 ·
174 3873 598 3932 certitudinem
628 3872 1073 3944 provenientem
1129 3885 1202 3929 ex
1229 3872 1590 3929 revelatione
1626 3871 1847 3930 divina.
1879 3873 2021 3940 Quae
2050 3874 2149 3945 qui
2197 3887 2286 3930 em
2324 3873 2605 3931 revelatio

179 3943 251 4001 fit
276 3944 537 4017 quodam
568 3943 837 4002 interiori
867 3948 926 4000 et
950 3941 1312 4014 intelligibili
1341 3942 1567 3999 lumine
1595 3947 1856 4000 mentem
1885 3944 2152 4000 elevante
2182 3943 2254 4000 ad
2285 3942 2612 4014 percipien-

161 4013 335 4074 ·dum
361 4029 434 4072 ea
461 4014 534 4072 ad
563 4027 694 4086 quae
739 4027 844 4085 per
869 4014 1074 4071 lumen
1097 4012 1367 4069 naturale
1391 4012 1729 4070 intellectus
1758 4014 2093 4085 pertingere
2118 4026 2241 4070 non
2270 4019 2499 4084 potest;
2527 4014 2613 4072 si·

181 4088 292 4143 cut
318 4085 476 4141 enim
505 4098 608 4153 per
633 4084 835 4142 lumen
865 4082 1130 4141 naturale
1153 4083 1489 4140 intellectus
1516 4083 1780 4141 redditur
1799 4090 1997 4141 certus
2020 4083 2093 4139 de
2114 4083 2210 4143 bis
2231 4097 2362 4156 quae
2386 4084 2611 4143 lumine

181 4155 301 4212 illo
356 4153 689 4226 cognoscit,
715 4160 782 4210 ut
825 4152 898 4211 de
943 4153 1153 4234 primis
1182 4153 1514 4224 principiis,
1547 4153 1633 4210 ita
1657 4153 1732 4211 de
1760 4153 1858 4211 liis
1886 4167 2018 4225 quae
2048 4155 2481 4233 supernaturali
2520 4155 2611 4213 lu·

180 4224 356 4283 mine
413 4223 801 4295 apprehendit
850 4224 1262 4281 certitudinem
1307 4223 1500 4280 babet.
1538 4224 1673 4282 llaec
1719 4228 1916 4281 autem
1947 4223 2239 4281 certitudo
2270 4225 2613 4283 necessaria

184 4299 283 4354 est
338 4294 416 4353 ad
470 4296 586 4352 boc
631 4293 790 4374 quod
838 4293 976 4351 aliis
1001 4294 1254 4375 proponi
1287 4294 1523 4373 possint
1554 4308 1627 4351 ea
1652 4308 1786 4421 quae
1806 4293 2007 4350 divina
2035 4295 2396 4375 revelatione
2428 4294 2610 4374 perci-

184 4366 478 4436 piuntur3
509 4376 633 4423 non
662 4377 821 4421 enim
857 4376 992 4421 cum
1018 4369 1336 4422 securitate
1366 4365 1506 4421 aliis
1545 4377 1652 4434 pro
1680 4377 1904 4421 erimus
1932 4362 2007 4421 de
2040 4366 2259 4436 quibus
2309 4364 2611 4423 certitudi-

188 4447 330 4494 nem
383 4448 509 4494 non
562 4434 871 4496 habemus·
903 4435 1045 4493 Cum
1084 4434 1370 4507 praedicto
1399 4439 1600 4493 autem
1630 4434 1858 4493 lumine
1879 4438 2139 4495 mentem
2167 4436 2420 4495 interius
2445 4432 2613 4490 illus-
