<?xml version="1.0" encoding="UTF-8"?>
<!DOCTYPE html PUBLIC "-//W3C//DTD XHTML 1.0 Transitional//EN"
    "http://www.w3.org/TR/xhtml1/DTD/xhtml1-transitional.dtd">
<html xmlns="http://www.w3.org/1999/xhtml" xml:lang="en" lang="en">
 <head>
  <title>
</title>
<meta http-equiv="Content-Type" content="text/html;charset=utf-8" />
  <meta name='ocr-system' content='tesseract 3.04.00' />
  <meta name='ocr-capabilities' content='ocr_page ocr_carea ocr_par ocr_line ocrx_word'/>
</head>
<body>
  <div class='ocr_page' id='page_1' title='image "./deveritatecatho00rubegoog_0618.png"; bbox 0 0 3076 5025; ppageno 0'>
   <div class='ocr_carea' id='block_1_1' title="bbox 436 291 1939 359">
    <p class='ocr_par' dir='ltr' id='par_1_1' title="bbox 436 291 1939 359">
     <span class='ocr_line' id='line_1_1' title="bbox 436 291 1939 359; baseline -0.004 -5"><span class='ocrx_word' id='word_1_1' title='bbox 436 300 542 354; x_wconf 64' lang='lat'><strong>386</strong></span> <span class='ocrx_word' id='word_1_2' title='bbox 1337 293 1469 348; x_wconf 74' lang='grc' dir='ltr'><strong>ΗΒ.</strong></span> <span class='ocrx_word' id='word_1_3' title='bbox 1509 292 1599 359; x_wconf 85' lang='lat' dir='ltr'><strong>1V,</strong></span> <span class='ocrx_word' id='word_1_4' title='bbox 1638 292 1792 347; x_wconf 79' lang='lat' dir='ltr'><strong>CAP.</strong></span> <span class='ocrx_word' id='word_1_5' title='bbox 1833 291 1939 348; x_wconf 81' lang='lat' dir='ltr'><strong>LV.</strong></span> 
     </span>
    </p>
   </div>
   <div class='ocr_carea' id='block_1_2' title="bbox 384 411 2889 4504">
    <p class='ocr_par' dir='ltr' id='par_1_2' title="bbox 433 411 2856 1049">
     <span class='ocr_line' id='line_1_2' title="bbox 434 411 2849 487; baseline -0.004 -10"><span class='ocrx_word' id='word_1_6' title='bbox 434 423 621 477; x_wconf 88' lang='lat' dir='ltr'><strong>Deum</strong></span> <span class='ocrx_word' id='word_1_7' title='bbox 649 430 757 487; x_wconf 86' lang='lat' dir='ltr'><strong>pro</strong></span> <span class='ocrx_word' id='word_1_8' title='bbox 786 415 907 472; x_wconf 84' lang='lat' dir='ltr'><strong>fine</strong></span> <span class='ocrx_word' id='word_1_9' title='bbox 930 419 990 472; x_wconf 86' lang='lat' dir='ltr'><strong>et</strong></span> <span class='ocrx_word' id='word_1_10' title='bbox 1017 417 1197 472; x_wconf 86' lang='lat' dir='ltr'><strong>natus</strong></span> <span class='ocrx_word' id='word_1_11' title='bbox 1222 419 1318 472; x_wconf 90' lang='lat' dir='ltr'><strong>est</strong></span> <span class='ocrx_word' id='word_1_12' title='bbox 1343 414 1400 470; x_wconf 90' lang='lat' dir='ltr'><strong>ei</strong></span> <span class='ocrx_word' id='word_1_13' title='bbox 1429 427 1535 484; x_wconf 88' lang='lat' dir='ltr'><strong>per</strong></span> <span class='ocrx_word' id='word_1_14' title='bbox 1562 413 1932 471; x_wconf 86' lang='lat' dir='ltr'><strong>intellectum</strong></span> <span class='ocrx_word' id='word_1_15' title='bbox 1952 411 2149 480; x_wconf 88' lang='lat' dir='ltr'><strong>uniri;</strong></span> <span class='ocrx_word' id='word_1_16' title='bbox 2192 411 2369 482; x_wconf 88' lang='lat' dir='ltr'><strong>cujus</strong></span> <span class='ocrx_word' id='word_1_17' title='bbox 2398 412 2640 469; x_wconf 88' lang='lat' dir='ltr'><strong>unionis</strong></span> <span class='ocrx_word' id='word_1_18' title='bbox 2671 425 2849 468; x_wconf 81' lang='lat' dir='ltr'><strong>exem·</strong></span> 
     </span>
     <span class='ocr_line' id='line_1_3' title="bbox 433 481 2849 562; baseline -0.002 -17"><span class='ocrx_word' id='word_1_19' title='bbox 433 488 601 562; x_wconf 87' lang='lat' dir='ltr'><strong>plum</strong></span> <span class='ocrx_word' id='word_1_20' title='bbox 630 493 688 543; x_wconf 91' lang='lat' dir='ltr'><strong>et</strong></span> <span class='ocrx_word' id='word_1_21' title='bbox 716 487 1138 543; x_wconf 83' lang='lat' dir='ltr'>documentum</span> <span class='ocrx_word' id='word_1_22' title='bbox 1178 483 1478 556; x_wconf 83' lang='lat' dir='ltr'>quoddam</span> <span class='ocrx_word' id='word_1_23' title='bbox 1520 483 1633 540; x_wconf 87' lang='lat' dir='ltr'><strong>fuit</strong></span> <span class='ocrx_word' id='word_1_24' title='bbox 1682 484 1822 540; x_wconf 87' lang='lat' dir='ltr'><strong>unio</strong></span> <span class='ocrx_word' id='word_1_25' title='bbox 1868 483 1974 540; x_wconf 86' lang='lat' dir='ltr'><strong>Dei</strong></span> <span class='ocrx_word' id='word_1_26' title='bbox 2020 481 2094 540; x_wconf 92' lang='lat' dir='ltr'><strong>ad</strong></span> <span class='ocrx_word' id='word_1_27' title='bbox 2144 482 2454 539; x_wconf 86' lang='lat' dir='ltr'><strong>hominem</strong></span> <span class='ocrx_word' id='word_1_28' title='bbox 2486 482 2547 537; x_wconf 91' lang='lat' dir='ltr'><strong>in</strong></span> <span class='ocrx_word' id='word_1_29' title='bbox 2587 494 2849 553; x_wconf 80' lang='lat' dir='ltr'><strong>persona,</strong></span> 
     </span>
     <span class='ocr_line' id='line_1_4' title="bbox 436 552 2851 625; baseline -0.002 -9"><span class='ocrx_word' id='word_1_30' title='bbox 436 562 671 617; x_wconf 82' lang='lat' dir='ltr'><strong>servata</strong></span> <span class='ocrx_word' id='word_1_31' title='bbox 699 561 897 614; x_wconf 88' lang='lat' dir='ltr'><strong>tamen</strong></span> <span class='ocrx_word' id='word_1_32' title='bbox 983 555 1305 625; x_wconf 87' lang='lat' dir='ltr'><strong>roprietate</strong></span> <span class='ocrx_word' id='word_1_33' title='bbox 1334 555 1643 625; x_wconf 87' lang='lat' dir='ltr'><strong>utriusque</strong></span> <span class='ocrx_word' id='word_1_34' title='bbox 1674 558 1922 621; x_wconf 79' lang='lat' dir='ltr'><strong>naturae,</strong></span> <span class='ocrx_word' id='word_1_35' title='bbox 1972 556 2037 610; x_wconf 85' lang='lat' dir='ltr'><strong>ut</strong></span> <span class='ocrx_word' id='word_1_36' title='bbox 2082 565 2192 609; x_wconf 89' lang='lat' dir='ltr'><strong>nec</strong></span> <span class='ocrx_word' id='word_1_37' title='bbox 2236 552 2601 610; x_wconf 77' lang='lat' dir='ltr'><strong>excellentiae</strong></span> <span class='ocrx_word' id='word_1_38' title='bbox 2657 552 2851 611; x_wconf 79' lang='lat' dir='ltr'><strong>divinae</strong></span> 
     </span>
     <span class='ocr_line' id='line_1_5' title="bbox 433 622 2855 707; baseline -0.002 -22"><span class='ocrx_word' id='word_1_39' title='bbox 433 634 663 687; x_wconf 80' lang='lat' dir='ltr'><strong>naturae</strong></span> <span class='ocrx_word' id='word_1_40' title='bbox 687 625 917 707; x_wconf 86' lang='lat' dir='ltr'><strong>aliquid</strong></span> <span class='ocrx_word' id='word_1_41' title='bbox 980 625 1236 696; x_wconf 80' lang='lat' dir='ltr'><strong>aperiret</strong></span> <span class='ocrx_word' id='word_1_42' title='bbox 1261 639 1375 682; x_wconf 88' lang='lat' dir='ltr'><strong>nec</strong></span> <span class='ocrx_word' id='word_1_43' title='bbox 1409 624 1674 681; x_wconf 88' lang='lat' dir='ltr'><strong>humana</strong></span> <span class='ocrx_word' id='word_1_44' title='bbox 1701 630 1932 704; x_wconf 43' lang='lat' dir='ltr'><strong>natura·</strong></span> <span class='ocrx_word' id='word_1_45' title='bbox 1968 635 2073 694; x_wconf 86' lang='lat' dir='ltr'><strong>per</strong></span> <span class='ocrx_word' id='word_1_46' title='bbox 2112 622 2534 703; x_wconf 66' lang='lat' dir='ltr'><strong>exaltationem</strong></span> <span class='ocrx_word' id='word_1_47' title='bbox 2608 622 2855 694; x_wconf 77' lang='lat' dir='ltr'>aliquam</span> 
     </span>
     <span class='ocr_line' id='line_1_6' title="bbox 436 692 2853 772; baseline -0.004 -14"><span class='ocrx_word' id='word_1_48' title='bbox 436 703 603 758; x_wconf 86' lang='lat' dir='ltr'><strong>extra</strong></span> <span class='ocrx_word' id='word_1_49' title='bbox 628 702 920 754; x_wconf 85' lang='lat' dir='ltr'><strong>terminos</strong></span> <span class='ocrx_word' id='word_1_50' title='bbox 950 708 1077 753; x_wconf 81' lang='lat' dir='ltr'><strong>suae</strong></span> <span class='ocrx_word' id='word_1_51' title='bbox 1106 695 1324 766; x_wconf 88' lang='lat' dir='ltr'><strong>speciei</strong></span> <span class='ocrx_word' id='word_1_52' title='bbox 1355 694 1706 752; x_wconf 76' lang='lat' dir='ltr'><strong>traheretur.</strong></span> <span class='ocrx_word' id='word_1_53' title='bbox 1757 692 2267 752; x_wconf 86' lang='lat' dir='ltr'><strong>Considerandum</strong></span> <span class='ocrx_word' id='word_1_54' title='bbox 2314 698 2407 751; x_wconf 86' lang='lat' dir='ltr'><strong>est</strong></span> <span class='ocrx_word' id='word_1_55' title='bbox 2459 699 2639 750; x_wconf 87' lang='lat' dir='ltr'><strong>etiam</strong></span> <span class='ocrx_word' id='word_1_56' title='bbox 2688 693 2853 772; x_wconf 83' lang='lat' dir='ltr'><strong>quod,</strong></span> 
     </span>
     <span class='ocr_line' id='line_1_7' title="bbox 434 763 2853 842; baseline -0.001 -16"><span class='ocrx_word' id='word_1_57' title='bbox 434 773 676 840; x_wconf 86' lang='lat' dir='ltr'><strong>propter</strong></span> <span class='ocrx_word' id='word_1_58' title='bbox 705 766 1125 837; x_wconf 80' lang='lat' dir='ltr'><strong>perfectionem</strong></span> <span class='ocrx_word' id='word_1_59' title='bbox 1151 771 1214 823; x_wconf 88' lang='lat' dir='ltr'><strong>et</strong></span> <span class='ocrx_word' id='word_1_60' title='bbox 1238 765 1714 827; x_wconf 81' lang='lat' dir='ltr'><strong>immobilitatem</strong></span> <span class='ocrx_word' id='word_1_61' title='bbox 1762 765 1973 821; x_wconf 78' lang='lat' dir='ltr'><strong>divinae</strong></span> <span class='ocrx_word' id='word_1_62' title='bbox 2016 763 2323 833; x_wconf 87' lang='lat' dir='ltr'><strong>bonitatis,</strong></span> <span class='ocrx_word' id='word_1_63' title='bbox 2366 763 2517 820; x_wconf 88' lang='lat' dir='ltr'><strong>nihil</strong></span> <span class='ocrx_word' id='word_1_64' title='bbox 2560 764 2853 842; x_wconf 73' lang='lat' dir='ltr'><strong>dignitatis</strong></span> 
     </span>
     <span class='ocr_line' id='line_1_8' title="bbox 436 834 2853 915; baseline -0.003 -18"><span class='ocrx_word' id='word_1_65' title='bbox 436 842 558 897; x_wconf 88' lang='lat' dir='ltr'><strong>Deo</strong></span> <span class='ocrx_word' id='word_1_66' title='bbox 588 837 813 908; x_wconf 87' lang='lat' dir='ltr'><strong>deperit</strong></span> <span class='ocrx_word' id='word_1_67' title='bbox 837 851 910 894; x_wconf 82' lang='lat' dir='ltr'><strong>ex</strong></span> <span class='ocrx_word' id='word_1_68' title='bbox 929 837 1044 894; x_wconf 92' lang='lat' dir='ltr'><strong>hoc</strong></span> <span class='ocrx_word' id='word_1_69' title='bbox 1073 836 1234 908; x_wconf 90' lang='lat' dir='ltr'><strong>quod</strong></span> <span class='ocrx_word' id='word_1_70' title='bbox 1263 837 1462 908; x_wconf 90' lang='lat' dir='ltr'><strong>aliqua</strong></span> <span class='ocrx_word' id='word_1_71' title='bbox 1477 840 1751 893; x_wconf 88' lang='lat' dir='ltr'><strong>creatura</strong></span> <span class='ocrx_word' id='word_1_72' title='bbox 1769 840 2313 915; x_wconf 81' lang='lat' dir='ltr'><strong>quantumcumque</strong></span> <span class='ocrx_word' id='word_1_73' title='bbox 2335 834 2389 891; x_wconf 91' lang='lat' dir='ltr'><strong>ei</strong></span> <span class='ocrx_word' id='word_1_74' title='bbox 2408 841 2853 913; x_wconf 78' lang='lat' dir='ltr'><strong>appropinquat,</strong></span> 
     </span>
     <span class='ocr_line' id='line_1_9' title="bbox 435 904 2856 986; baseline -0.002 -19"><span class='ocrx_word' id='word_1_75' title='bbox 435 910 549 967; x_wconf 85' lang='lat' dir='ltr'><strong>etsi</strong></span> <span class='ocrx_word' id='word_1_76' title='bbox 579 908 695 966; x_wconf 89' lang='lat' dir='ltr'><strong>hoc</strong></span> <span class='ocrx_word' id='word_1_77' title='bbox 742 911 1026 965; x_wconf 75' lang='lat' dir='ltr'><strong>creaturae</strong></span> <span class='ocrx_word' id='word_1_78' title='bbox 1073 916 1405 975; x_wconf 78' lang='lat' dir='ltr'><strong>accrescat3</strong></span> <span class='ocrx_word' id='word_1_79' title='bbox 1449 907 1541 964; x_wconf 87' lang='lat' dir='ltr'><strong>sic</strong></span> <span class='ocrx_word' id='word_1_80' title='bbox 1587 906 1744 963; x_wconf 90' lang='lat' dir='ltr'><strong>enim</strong></span> <span class='ocrx_word' id='word_1_81' title='bbox 1797 905 1946 986; x_wconf 85' lang='lat' dir='ltr'><strong>ipsis</strong></span> <span class='ocrx_word' id='word_1_82' title='bbox 1989 904 2274 962; x_wconf 79' lang='lat' dir='ltr'><strong>creaturis</strong></span> <span class='ocrx_word' id='word_1_83' title='bbox 2325 918 2500 963; x_wconf 88' lang='lat' dir='ltr'><strong>suam</strong></span> <span class='ocrx_word' id='word_1_84' title='bbox 2543 904 2856 963; x_wconf 85' lang='lat' dir='ltr'><strong>honitatem</strong></span> 
     </span>
     <span class='ocr_line' id='line_1_10' title="bbox 435 975 2406 1049; baseline -0.004 -11"><span class='ocrx_word' id='word_1_85' title='bbox 435 978 840 1039; x_wconf 80' lang='lat' dir='ltr'><strong>communicat</strong></span> <span class='ocrx_word' id='word_1_86' title='bbox 867 977 1026 1049; x_wconf 92' lang='lat' dir='ltr'><strong>quod</strong></span> <span class='ocrx_word' id='word_1_87' title='bbox 1057 992 1129 1034; x_wconf 84' lang='lat' dir='ltr'><strong>ex</strong></span> <span class='ocrx_word' id='word_1_88' title='bbox 1157 978 1272 1034; x_wconf 92' lang='lat' dir='ltr'><strong>hoc</strong></span> <span class='ocrx_word' id='word_1_89' title='bbox 1299 978 1430 1048; x_wconf 87' lang='lat' dir='ltr'><strong>ipse</strong></span> <span class='ocrx_word' id='word_1_90' title='bbox 1454 977 1691 1034; x_wconf 90' lang='lat' dir='ltr'><strong>nullum</strong></span> <span class='ocrx_word' id='word_1_91' title='bbox 1715 980 1936 1048; x_wconf 89' lang='lat' dir='ltr'><strong>patitur</strong></span> <span class='ocrx_word' id='word_1_92' title='bbox 1962 975 2406 1033; x_wconf 85' lang='lat' dir='ltr'><strong>detrimentum.</strong></span> 
     </span>
    </p>

    <p class='ocr_par' dir='ltr' id='par_1_3' title="bbox 431 1043 2865 1613">
     <span class='ocr_line' id='line_1_11' title="bbox 508 1043 2861 1117; baseline -0.001 -11"><span class='ocrx_word' id='word_1_93' title='bbox 508 1048 790 1107; x_wconf 89' lang='lat' dir='ltr'><strong>Similiter</strong></span> <span class='ocrx_word' id='word_1_94' title='bbox 812 1049 1009 1117; x_wconf 88' lang='lat' dir='ltr'><strong>etiam,</strong></span> <span class='ocrx_word' id='word_1_95' title='bbox 1042 1048 1181 1105; x_wconf 88' lang='lat' dir='ltr'><strong>licet</strong></span> <span class='ocrx_word' id='word_1_96' title='bbox 1206 1047 1281 1105; x_wconf 90' lang='lat' dir='ltr'><strong>ad</strong></span> <span class='ocrx_word' id='word_1_97' title='bbox 1308 1048 1515 1105; x_wconf 87' lang='lat' dir='ltr'><strong>omnia</strong></span> <span class='ocrx_word' id='word_1_98' title='bbox 1558 1046 1829 1105; x_wconf 80' lang='lat' dir='ltr'><strong>facienda</strong></span> <span class='ocrx_word' id='word_1_99' title='bbox 1868 1046 1970 1104; x_wconf 88' lang='lat' dir='ltr'><strong>Dei</strong></span> <span class='ocrx_word' id='word_1_100' title='bbox 2014 1045 2292 1104; x_wconf 79' lang='lat' dir='ltr'><strong>voluntas</strong></span> <span class='ocrx_word' id='word_1_101' title='bbox 2340 1043 2625 1112; x_wconf 80' lang='lat' dir='ltr'><strong>sufficiat.</strong></span> <span class='ocrx_word' id='word_1_102' title='bbox 2676 1050 2861 1104; x_wconf 79' lang='lat' dir='ltr'><strong>tamen</strong></span> 
     </span>
     <span class='ocr_line' id='line_1_12' title="bbox 439 1116 2857 1199; baseline -0.002 -22"><span class='ocrx_word' id='word_1_103' title='bbox 439 1120 638 1179; x_wconf 80' lang='lat' dir='ltr'><strong>divina</strong></span> <span class='ocrx_word' id='word_1_104' title='bbox 666 1119 962 1189; x_wconf 89' lang='lat' dir='ltr'><strong>sapientia</strong></span> <span class='ocrx_word' id='word_1_105' title='bbox 988 1118 1171 1190; x_wconf 79' lang='lat' dir='ltr'><strong>exigit</strong></span> <span class='ocrx_word' id='word_1_106' title='bbox 1193 1123 1263 1175; x_wconf 92' lang='lat' dir='ltr'><strong>ut</strong></span> <span class='ocrx_word' id='word_1_107' title='bbox 1292 1118 1473 1198; x_wconf 79' lang='lat' dir='ltr'><strong>rebus</strong></span> <span class='ocrx_word' id='word_1_108' title='bbox 1498 1118 1786 1198; x_wconf 64' lang='lat' dir='ltr'><strong>singulis,</strong></span> <span class='ocrx_word' id='word_1_109' title='bbox 1806 1117 2137 1199; x_wconf 81' lang='lat' dir='ltr'><strong>secundum</strong></span> <span class='ocrx_word' id='word_1_110' title='bbox 2180 1130 2385 1175; x_wconf 86' lang='lat' dir='ltr'><strong>earum</strong></span> <span class='ocrx_word' id='word_1_111' title='bbox 2413 1116 2857 1197; x_wconf 75' lang='lat' dir='ltr'><strong>congruentiam</strong></span> 
     </span>
     <span class='ocr_line' id='line_1_13' title="bbox 435 1188 2863 1272; baseline -0.002 -25"><span class='ocrx_word' id='word_1_112' title='bbox 435 1190 815 1272; x_wconf 79' lang='lat' dir='ltr'><strong>provideatur</strong></span> <span class='ocrx_word' id='word_1_113' title='bbox 859 1205 895 1246; x_wconf 89' lang='lat' dir='ltr'><strong>a</strong></span> <span class='ocrx_word' id='word_1_114' title='bbox 922 1191 1073 1257; x_wconf 77' lang='lat' dir='ltr'><strong>De03</strong></span> <span class='ocrx_word' id='word_1_115' title='bbox 1125 1189 1306 1246; x_wconf 91' lang='lat' dir='ltr'><strong>rebus</strong></span> <span class='ocrx_word' id='word_1_116' title='bbox 1358 1202 1518 1246; x_wconf 87' lang='lat' dir='ltr'><strong>enim</strong></span> <span class='ocrx_word' id='word_1_117' title='bbox 1554 1188 1824 1261; x_wconf 62' lang='lat' dir='ltr'><strong>‘singulis</strong></span> <span class='ocrx_word' id='word_1_118' title='bbox 1861 1200 2133 1258; x_wconf 85' lang='lat' dir='ltr'><strong>proprias</strong></span> <span class='ocrx_word' id='word_1_119' title='bbox 2174 1200 2391 1245; x_wconf 81' lang='lat' dir='ltr'><strong>causas</strong></span> <span class='ocrx_word' id='word_1_120' title='bbox 2447 1191 2863 1244; x_wconf 81' lang='lat' dir='ltr'><strong>convementer</strong></span> 
     </span>
     <span class='ocr_line' id='line_1_14' title="bbox 437 1256 2860 1338; baseline -0.001 -20"><span class='ocrx_word' id='word_1_121' title='bbox 437 1261 717 1318; x_wconf 83' lang='lat' dir='ltr'><strong>instituit.</strong></span> <span class='ocrx_word' id='word_1_122' title='bbox 759 1260 941 1327; x_wconf 85' lang='lat' dir='ltr'><strong>Unde,</strong></span> <span class='ocrx_word' id='word_1_123' title='bbox 971 1260 1111 1316; x_wconf 87' lang='lat' dir='ltr'><strong>licet</strong></span> <span class='ocrx_word' id='word_1_124' title='bbox 1138 1261 1297 1317; x_wconf 87' lang='lat' dir='ltr'><strong>Deus</strong></span> <span class='ocrx_word' id='word_1_125' title='bbox 1333 1260 1467 1316; x_wconf 86' lang='lat' dir='ltr'><strong>sola</strong></span> <span class='ocrx_word' id='word_1_126' title='bbox 1491 1273 1605 1317; x_wconf 86' lang='lat' dir='ltr'><strong>sua</strong></span> <span class='ocrx_word' id='word_1_127' title='bbox 1634 1260 1935 1317; x_wconf 80' lang='lat' dir='ltr'><strong>voluntate</strong></span> <span class='ocrx_word' id='word_1_128' title='bbox 1965 1257 2200 1315; x_wconf 85' lang='lat' dir='ltr'><strong>efficere</strong></span> <span class='ocrx_word' id='word_1_129' title='bbox 2224 1257 2483 1338; x_wconf 85' lang='lat' dir='ltr'><strong>potuerit</strong></span> <span class='ocrx_word' id='word_1_130' title='bbox 2509 1257 2573 1314; x_wconf 91' lang='lat' dir='ltr'><strong>in</strong></span> <span class='ocrx_word' id='word_1_131' title='bbox 2600 1256 2860 1337; x_wconf 77' lang='lat' dir='ltr'><strong>humano</strong></span> 
     </span>
     <span class='ocr_line' id='line_1_15' title="bbox 436 1329 2863 1405; baseline -0.001 -17"><span class='ocrx_word' id='word_1_132' title='bbox 436 1344 656 1405; x_wconf 86' lang='lat' dir='ltr'><strong>genere</strong></span> <span class='ocrx_word' id='word_1_133' title='bbox 692 1344 904 1388; x_wconf 86' lang='lat' dir='ltr'><strong>omnes</strong></span> <span class='ocrx_word' id='word_1_134' title='bbox 934 1330 1214 1387; x_wconf 82' lang='lat' dir='ltr'><strong>utilitates</strong></span> <span class='ocrx_word' id='word_1_135' title='bbox 1293 1344 1403 1388; x_wconf 90' lang='lat' dir='ltr'><strong>uas</strong></span> <span class='ocrx_word' id='word_1_136' title='bbox 1448 1344 1519 1386; x_wconf 81' lang='lat' dir='ltr'><strong>ex</strong></span> <span class='ocrx_word' id='word_1_137' title='bbox 1566 1329 1669 1386; x_wconf 86' lang='lat' dir='ltr'><strong>Dei</strong></span> <span class='ocrx_word' id='word_1_138' title='bbox 1716 1329 2131 1386; x_wconf 81' lang='lat' dir='ltr'><strong>incarnatione</strong></span> <span class='ocrx_word' id='word_1_139' title='bbox 2185 1329 2440 1386; x_wconf 77' lang='lat' dir='ltr'><strong>dicimus</strong></span> <span class='ocrx_word' id='word_1_140' title='bbox 2492 1340 2863 1399; x_wconf 75' lang='lat' dir='ltr'><strong>provenisse,</strong></span> 
     </span>
     <span class='ocr_line' id='line_1_16' title="bbox 437 1398 2865 1471; baseline -0.002 -11"><span class='ocrx_word' id='word_1_141' title='bbox 437 1407 506 1460; x_wconf 89' lang='lat' dir='ltr'><strong>ut</strong></span> <span class='ocrx_word' id='word_1_142' title='bbox 533 1401 796 1459; x_wconf 86' lang='lat' dir='ltr'><strong>secunda</strong></span> <span class='ocrx_word' id='word_1_143' title='bbox 823 1400 976 1457; x_wconf 83' lang='lat' dir='ltr'><strong>ratio</strong></span> <span class='ocrx_word' id='word_1_144' title='bbox 1001 1413 1272 1471; x_wconf 82' lang='lat' dir='ltr'><strong>propone</strong></span> <span class='ocrx_word' id='word_1_145' title='bbox 1351 1406 1392 1463; x_wconf 80' lang='lat' dir='ltr'><strong>t,</strong></span> <span class='ocrx_word' id='word_1_146' title='bbox 1424 1406 1626 1458; x_wconf 86' lang='lat' dir='ltr'><strong>tamen</strong></span> <span class='ocrx_word' id='word_1_147' title='bbox 1648 1399 2019 1471; x_wconf 82' lang='lat' dir='ltr'><strong>congruebat</strong></span> <span class='ocrx_word' id='word_1_148' title='bbox 2049 1399 2326 1456; x_wconf 65' lang='lat' dir='ltr'><strong>humanae</strong></span> <span class='ocrx_word' id='word_1_149' title='bbox 2372 1402 2601 1455; x_wconf 85' lang='lat' dir='ltr'><strong>naturae</strong></span> <span class='ocrx_word' id='word_1_150' title='bbox 2654 1404 2719 1456; x_wconf 84' lang='lat' dir='ltr'><strong>ut</strong></span> <span class='ocrx_word' id='word_1_151' title='bbox 2764 1398 2865 1455; x_wconf 88' lang='lat' dir='ltr'><strong>liu-</strong></span> 
     </span>
     <span class='ocr_line' id='line_1_17' title="bbox 431 1469 2865 1544; baseline -0.001 -15"><span class='ocrx_word' id='word_1_152' title='bbox 431 1471 702 1544; x_wconf 74' lang='lat' dir='ltr'><strong>iusmodi</strong></span> <span class='ocrx_word' id='word_1_153' title='bbox 731 1471 1014 1528; x_wconf 82' lang='lat' dir='ltr'><strong>utilitates</strong></span> <span class='ocrx_word' id='word_1_154' title='bbox 1048 1471 1473 1527; x_wconf 83' lang='lat' dir='ltr'><strong>inducerentur</strong></span> <span class='ocrx_word' id='word_1_155' title='bbox 1499 1485 1603 1541; x_wconf 89' lang='lat' dir='ltr'><strong>per</strong></span> <span class='ocrx_word' id='word_1_156' title='bbox 1632 1473 1819 1528; x_wconf 89' lang='lat' dir='ltr'><strong>Deum</strong></span> <span class='ocrx_word' id='word_1_157' title='bbox 1848 1470 2151 1527; x_wconf 90' lang='lat' dir='ltr'><strong>hominem</strong></span> <span class='ocrx_word' id='word_1_158' title='bbox 2190 1470 2436 1539; x_wconf 79' lang='lat' dir='ltr'><strong>factum,</strong></span> <span class='ocrx_word' id='word_1_159' title='bbox 2462 1469 2627 1527; x_wconf 82' lang='lat' dir='ltr'><strong>sicut</strong></span> <span class='ocrx_word' id='word_1_160' title='bbox 2672 1483 2743 1527; x_wconf 78' lang='lat' dir='ltr'><strong>ex</strong></span> <span class='ocrx_word' id='word_1_161' title='bbox 2783 1469 2865 1527; x_wconf 89' lang='lat' dir='ltr'><strong>in·</strong></span> 
     </span>
     <span class='ocr_line' id='line_1_18' title="bbox 437 1541 2186 1613; baseline -0.002 -13"><span class='ocrx_word' id='word_1_162' title='bbox 437 1541 635 1600; x_wconf 86' lang='lat' dir='ltr'><strong>ductis</strong></span> <span class='ocrx_word' id='word_1_163' title='bbox 667 1541 740 1613; x_wconf 88' lang='lat' dir='ltr'><strong>(c.</strong></span> <span class='ocrx_word' id='word_1_164' title='bbox 771 1542 859 1612; x_wconf 79' lang='lat'><strong>54)</strong></span> <span class='ocrx_word' id='word_1_165' title='bbox 891 1541 1225 1599; x_wconf 87' lang='lat' dir='ltr'><strong>rationibus</strong></span> <span class='ocrx_word' id='word_1_166' title='bbox 1254 1541 1632 1613; x_wconf 86' lang='lat' dir='ltr'><strong>aliquatenus</strong></span> <span class='ocrx_word' id='word_1_167' title='bbox 1661 1554 1943 1611; x_wconf 83' lang='lat' dir='ltr'><strong>apparere</strong></span> <span class='ocrx_word' id='word_1_168' title='bbox 1971 1545 2186 1610; x_wconf 84' lang='lat' dir='ltr'><strong>potest.</strong></span> 
     </span>
    </p>

    <p class='ocr_par' dir='ltr' id='par_1_4' title="bbox 435 1609 2869 2253">
     <span class='ocr_line' id='line_1_19' title="bbox 509 1609 2868 1682; baseline -0.002 -12"><span class='ocrx_word' id='word_1_169' title='bbox 509 1613 590 1670; x_wconf 78' lang='lat' dir='ltr'><strong>Ad</strong></span> <span class='ocrx_word' id='word_1_170' title='bbox 615 1612 847 1667; x_wconf 88' lang='lat' dir='ltr'><strong>tertiam</strong></span> <span class='ocrx_word' id='word_1_171' title='bbox 873 1612 1054 1668; x_wconf 87' lang='lat' dir='ltr'><strong>etiam</strong></span> <span class='ocrx_word' id='word_1_172' title='bbox 1081 1612 1372 1669; x_wconf 84' lang='lat' dir='ltr'><strong>rationem</strong></span> <span class='ocrx_word' id='word_1_173' title='bbox 1404 1616 1564 1682; x_wconf 87' lang='lat' dir='ltr'><strong>patet</strong></span> <span class='ocrx_word' id='word_1_174' title='bbox 1591 1612 1928 1681; x_wconf 82' lang='lat' dir='ltr'><strong>responsio.</strong></span> <span class='ocrx_word' id='word_1_175' title='bbox 1964 1614 2151 1668; x_wconf 88' lang='lat' dir='ltr'><strong>Homo</strong></span> <span class='ocrx_word' id='word_1_176' title='bbox 2182 1609 2361 1679; x_wconf 89' lang='lat' dir='ltr'><strong>enim,</strong></span> <span class='ocrx_word' id='word_1_177' title='bbox 2392 1622 2578 1682; x_wconf 86' lang='lat' dir='ltr'><strong>quum</strong></span> <span class='ocrx_word' id='word_1_178' title='bbox 2612 1610 2699 1667; x_wconf 86' lang='lat' dir='ltr'><strong>sit</strong></span> <span class='ocrx_word' id='word_1_179' title='bbox 2741 1623 2868 1668; x_wconf 84' lang='lat' dir='ltr'><strong>con-</strong></span> 
     </span>
     <span class='ocr_line' id='line_1_20' title="bbox 437 1679 2866 1753; baseline -0.002 -11"><span class='ocrx_word' id='word_1_180' title='bbox 437 1683 688 1742; x_wconf 85' lang='lat' dir='ltr'><strong>stitutus</strong></span> <span class='ocrx_word' id='word_1_181' title='bbox 711 1697 785 1739; x_wconf 81' lang='lat' dir='ltr'><strong>ex</strong></span> <span class='ocrx_word' id='word_1_182' title='bbox 813 1682 1106 1752; x_wconf 82' lang='lat' dir='ltr'><strong>spirituali</strong></span> <span class='ocrx_word' id='word_1_183' title='bbox 1126 1689 1183 1739; x_wconf 77' lang='lat' dir='ltr'><strong>et</strong></span> <span class='ocrx_word' id='word_1_184' title='bbox 1208 1682 1499 1751; x_wconf 87' lang='lat' dir='ltr'><strong>corporali</strong></span> <span class='ocrx_word' id='word_1_185' title='bbox 1533 1688 1763 1748; x_wconf 84' lang='lat' dir='ltr'><strong>natura,</strong></span> <span class='ocrx_word' id='word_1_186' title='bbox 1786 1681 1959 1753; x_wconf 84' lang='lat' dir='ltr'><strong>quasi</strong></span> <span class='ocrx_word' id='word_1_187' title='bbox 1989 1680 2288 1753; x_wconf 87' lang='lat' dir='ltr'><strong>quoddam</strong></span> <span class='ocrx_word' id='word_1_188' title='bbox 2306 1679 2642 1737; x_wconf 85' lang='lat' dir='ltr'><strong>confinium</strong></span> <span class='ocrx_word' id='word_1_189' title='bbox 2663 1685 2866 1738; x_wconf 82' lang='lat' dir='ltr'><strong>tenens</strong></span> 
     </span>
     <span class='ocr_line' id='line_1_21' title="bbox 436 1751 2868 1832; baseline -0.001 -20"><span class='ocrx_word' id='word_1_190' title='bbox 436 1754 751 1824; x_wconf 84' lang='lat' dir='ltr'><strong>utriusque</strong></span> <span class='ocrx_word' id='word_1_191' title='bbox 777 1759 1026 1820; x_wconf 67' lang='lat' dir='ltr'><strong>naturae,</strong></span> <span class='ocrx_word' id='word_1_192' title='bbox 1057 1753 1130 1811; x_wconf 87' lang='lat' dir='ltr'><strong>ad</strong></span> <span class='ocrx_word' id='word_1_193' title='bbox 1159 1758 1344 1810; x_wconf 87' lang='lat' dir='ltr'><strong>totam</strong></span> <span class='ocrx_word' id='word_1_194' title='bbox 1374 1757 1704 1810; x_wconf 88' lang='lat' dir='ltr'><strong>creaturam</strong></span> <span class='ocrx_word' id='word_1_195' title='bbox 1734 1752 2023 1822; x_wconf 87' lang='lat' dir='ltr'><strong>pertinere</strong></span> <span class='ocrx_word' id='word_1_196' title='bbox 2052 1752 2283 1832; x_wconf 57' lang='lat' dir='ltr'><strong>ridetur</strong></span> <span class='ocrx_word' id='word_1_197' title='bbox 2319 1751 2482 1823; x_wconf 92' lang='lat' dir='ltr'><strong>quod</strong></span> <span class='ocrx_word' id='word_1_198' title='bbox 2515 1751 2591 1832; x_wconf 30' lang='lat' dir='ltr'><strong>‘fit’</strong></span> <span class='ocrx_word' id='word_1_199' title='bbox 2632 1766 2740 1822; x_wconf 84' lang='lat' dir='ltr'><strong>pro</strong></span> <span class='ocrx_word' id='word_1_200' title='bbox 2770 1751 2868 1809; x_wconf 89' lang='lat' dir='ltr'><strong>ho-</strong></span> 
     </span>
     <span class='ocr_line' id='line_1_22' title="bbox 435 1821 2865 1891; baseline -0 -11"><span class='ocrx_word' id='word_1_201' title='bbox 435 1824 621 1880; x_wconf 89' lang='lat' dir='ltr'><strong>minis</strong></span> <span class='ocrx_word' id='word_1_202' title='bbox 648 1824 838 1880; x_wconf 87' lang='lat' dir='ltr'><strong>salute</strong></span> <span class='ocrx_word' id='word_1_203' title='bbox 862 1842 877 1891; x_wconf 92' lang='lat'>;</span> <span class='ocrx_word' id='word_1_204' title='bbox 905 1836 1044 1880; x_wconf 87' lang='lat' dir='ltr'><strong>nam</strong></span> <span class='ocrx_word' id='word_1_205' title='bbox 1069 1823 1381 1880; x_wconf 75' lang='lat' dir='ltr'><strong>inferiores</strong></span> <span class='ocrx_word' id='word_1_206' title='bbox 1407 1829 1693 1881; x_wconf 71' lang='lat' dir='ltr'><strong>creaturae</strong></span> <span class='ocrx_word' id='word_1_207' title='bbox 1708 1822 2052 1891; x_wconf 85' lang='lat' dir='ltr'><strong>corporales</strong></span> <span class='ocrx_word' id='word_1_208' title='bbox 2070 1836 2136 1878; x_wconf 93' lang='lat' dir='ltr'><strong>in</strong></span> <span class='ocrx_word' id='word_1_209' title='bbox 2162 1834 2342 1880; x_wconf 89' lang='lat' dir='ltr'><strong>usum</strong></span> <span class='ocrx_word' id='word_1_210' title='bbox 2363 1821 2630 1879; x_wconf 89' lang='lat' dir='ltr'><strong>hominis</strong></span> <span class='ocrx_word' id='word_1_211' title='bbox 2662 1821 2865 1879; x_wconf 80' lang='lat' dir='ltr'><strong>cedere</strong></span> 
     </span>
     <span class='ocr_line' id='line_1_23' title="bbox 436 1892 2869 1964; baseline 0 -16"><span class='ocrx_word' id='word_1_212' title='bbox 436 1893 713 1950; x_wconf 81' lang='lat' dir='ltr'><strong>videntur</strong></span> <span class='ocrx_word' id='word_1_213' title='bbox 749 1898 807 1949; x_wconf 92' lang='lat' dir='ltr'><strong>et</strong></span> <span class='ocrx_word' id='word_1_214' title='bbox 834 1893 889 1949; x_wconf 91' lang='lat' dir='ltr'><strong>ei</strong></span> <span class='ocrx_word' id='word_1_215' title='bbox 912 1893 1354 1964; x_wconf 88' lang='lat' dir='ltr'><strong>quodammodo</strong></span> <span class='ocrx_word' id='word_1_216' title='bbox 1384 1908 1518 1950; x_wconf 89' lang='lat' dir='ltr'><strong>esse</strong></span> <span class='ocrx_word' id='word_1_217' title='bbox 1549 1893 1868 1963; x_wconf 80' lang='lat' dir='ltr'><strong>subiectae3</strong></span> <span class='ocrx_word' id='word_1_218' title='bbox 1912 1893 2186 1963; x_wconf 89' lang='lat' dir='ltr'><strong>superior</strong></span> <span class='ocrx_word' id='word_1_219' title='bbox 2218 1898 2419 1949; x_wconf 87' lang='lat' dir='ltr'><strong>autem</strong></span> <span class='ocrx_word' id='word_1_220' title='bbox 2451 1897 2729 1951; x_wconf 81' lang='lat' dir='ltr'><strong>creatura</strong></span> <span class='ocrx_word' id='word_1_221' title='bbox 2760 1892 2869 1963; x_wconf 85' lang='lat' dir='ltr'><strong>spi-</strong></span> 
     </span>
     <span class='ocr_line' id='line_1_24' title="bbox 436 1961 2868 2035; baseline 0 -15"><span class='ocrx_word' id='word_1_222' title='bbox 436 1963 694 2030; x_wconf 83' lang='lat' dir='ltr'><strong>ritualis,</strong></span> <span class='ocrx_word' id='word_1_223' title='bbox 723 1963 952 2019; x_wconf 86' lang='lat' dir='ltr'><strong>scilicet</strong></span> <span class='ocrx_word' id='word_1_224' title='bbox 979 1965 1270 2035; x_wconf 85' lang='lat' dir='ltr'><strong>angelica,</strong></span> <span class='ocrx_word' id='word_1_225' title='bbox 1301 1977 1620 2020; x_wconf 89' lang='lat' dir='ltr'><strong>commune</strong></span> <span class='ocrx_word' id='word_1_226' title='bbox 1652 1964 1826 2020; x_wconf 89' lang='lat' dir='ltr'><strong>habet</strong></span> <span class='ocrx_word' id='word_1_227' title='bbox 1854 1977 1991 2021; x_wconf 89' lang='lat' dir='ltr'><strong>cum</strong></span> <span class='ocrx_word' id='word_1_228' title='bbox 2022 1963 2262 2021; x_wconf 89' lang='lat' dir='ltr'><strong>homine</strong></span> <span class='ocrx_word' id='word_1_229' title='bbox 2298 1961 2493 2019; x_wconf 79' lang='lat' dir='ltr'><strong>ultimi</strong></span> <span class='ocrx_word' id='word_1_230' title='bbox 2534 1962 2681 2020; x_wconf 86' lang='lat' dir='ltr'><strong>finis</strong></span> <span class='ocrx_word' id='word_1_231' title='bbox 2734 1975 2868 2020; x_wconf 80' lang='lat' dir='ltr'><strong>oon-</strong></span> 
     </span>
     <span class='ocr_line' id='line_1_25' title="bbox 436 2033 2869 2104; baseline -0.001 -12"><span class='ocrx_word' id='word_1_232' title='bbox 436 2033 830 2099; x_wconf 81' lang='lat' dir='ltr'><strong>secutionem,</strong></span> <span class='ocrx_word' id='word_1_233' title='bbox 864 2039 928 2088; x_wconf 88' lang='lat' dir='ltr'><strong>ut</strong></span> <span class='ocrx_word' id='word_1_234' title='bbox 951 2047 1024 2089; x_wconf 83' lang='lat' dir='ltr'><strong>ex</strong></span> <span class='ocrx_word' id='word_1_235' title='bbox 1054 2034 1464 2103; x_wconf 87' lang='lat' dir='ltr'><strong>superioribus</strong></span> <span class='ocrx_word' id='word_1_236' title='bbox 1493 2038 1652 2103; x_wconf 88' lang='lat' dir='ltr'><strong>patet</strong></span> <span class='ocrx_word' id='word_1_237' title='bbox 1697 2033 1759 2103; x_wconf 89' lang='lat' dir='ltr'><strong>(l.</strong></span> <span class='ocrx_word' id='word_1_238' title='bbox 1800 2046 1889 2099; x_wconf 91' lang='lat'><strong>111,</strong></span> <span class='ocrx_word' id='word_1_239' title='bbox 1917 2048 1969 2090; x_wconf 86' lang='lat' dir='ltr'><strong>o.</strong></span> <span class='ocrx_word' id='word_1_240' title='bbox 2000 2038 2068 2090; x_wconf 79' lang='lat'><strong>47</strong></span> <span class='ocrx_word' id='word_1_241' title='bbox 2100 2038 2161 2090; x_wconf 90' lang='lat' dir='ltr'><strong>et</strong></span> <span class='ocrx_word' id='word_1_242' title='bbox 2184 2033 2361 2104; x_wconf 90' lang='lat' dir='ltr'><strong>seq.).</strong></span> <span class='ocrx_word' id='word_1_243' title='bbox 2416 2035 2484 2089; x_wconf 86' lang='lat' dir='ltr'><strong>Et</strong></span> <span class='ocrx_word' id='word_1_244' title='bbox 2518 2033 2607 2090; x_wconf 88' lang='lat' dir='ltr'><strong>sic</strong></span> <span class='ocrx_word' id='word_1_245' title='bbox 2660 2047 2869 2090; x_wconf 76' lang='lat' dir='ltr'><strong>conve-</strong></span> 
     </span>
     <span class='ocr_line' id='line_1_26' title="bbox 441 2102 2869 2161; baseline 0.001 -2"><span class='ocrx_word' id='word_1_246' title='bbox 441 2103 618 2159; x_wconf 87' lang='lat' dir='ltr'><strong>niens</strong></span> <span class='ocrx_word' id='word_1_247' title='bbox 645 2102 876 2159; x_wconf 83' lang='lat' dir='ltr'><strong>videtur</strong></span> <span class='ocrx_word' id='word_1_248' title='bbox 895 2108 958 2159; x_wconf 90' lang='lat' dir='ltr'><strong>ut</strong></span> <span class='ocrx_word' id='word_1_249' title='bbox 979 2102 1336 2161; x_wconf 82' lang='lat' dir='ltr'><strong>universalis</strong></span> <span class='ocrx_word' id='word_1_250' title='bbox 1363 2104 1633 2160; x_wconf 89' lang='lat' dir='ltr'><strong>omnium</strong></span> <span class='ocrx_word' id='word_1_251' title='bbox 1662 2117 1847 2161; x_wconf 86' lang='lat' dir='ltr'><strong>causa</strong></span> <span class='ocrx_word' id='word_1_252' title='bbox 1874 2104 2041 2159; x_wconf 91' lang='lat' dir='ltr'><strong>illam</strong></span> <span class='ocrx_word' id='word_1_253' title='bbox 2088 2107 2421 2161; x_wconf 87' lang='lat' dir='ltr'><strong>creaturam</strong></span> <span class='ocrx_word' id='word_1_254' title='bbox 2469 2103 2534 2160; x_wconf 87' lang='lat' dir='ltr'><strong>in</strong></span> <span class='ocrx_word' id='word_1_255' title='bbox 2585 2106 2869 2161; x_wconf 84' lang='lat' dir='ltr'><strong>unitatem</strong></span> 
     </span>
     <span class='ocr_line' id='line_1_27' title="bbox 437 2173 2784 2253; baseline 0.001 -24"><span class='ocrx_word' id='word_1_256' title='bbox 437 2186 710 2245; x_wconf 81' lang='lat' dir='ltr'><strong>personae</strong></span> <span class='ocrx_word' id='word_1_257' title='bbox 740 2180 1074 2229; x_wconf 87' lang='lat' dir='ltr'><strong>assumeret</strong></span> <span class='ocrx_word' id='word_1_258' title='bbox 1101 2173 1163 2228; x_wconf 91' lang='lat' dir='ltr'><strong>in</strong></span> <span class='ocrx_word' id='word_1_259' title='bbox 1190 2187 1308 2253; x_wconf 87' lang='lat' dir='ltr'><strong>qua</strong></span> <span class='ocrx_word' id='word_1_260' title='bbox 1337 2174 1528 2244; x_wconf 87' lang='lat' dir='ltr'><strong>magis</strong></span> <span class='ocrx_word' id='word_1_261' title='bbox 1557 2174 1961 2230; x_wconf 85' lang='lat' dir='ltr'><strong>communicat</strong></span> <span class='ocrx_word' id='word_1_262' title='bbox 1988 2188 2124 2231; x_wconf 89' lang='lat' dir='ltr'><strong>cum</strong></span> <span class='ocrx_word' id='word_1_263' title='bbox 2155 2173 2437 2231; x_wconf 89' lang='lat' dir='ltr'><strong>omnibus</strong></span> <span class='ocrx_word' id='word_1_264' title='bbox 2462 2175 2784 2232; x_wconf 85' lang='lat' dir='ltr'><strong>creaturis.</strong></span> 
     </span>
    </p>

    <p class='ocr_par' dir='ltr' id='par_1_5' title="bbox 384 2242 2889 4150">
     <span class='ocr_line' id='line_1_28' title="bbox 509 2242 2863 2317; baseline 0.001 -18"><span class='ocrx_word' id='word_1_265' title='bbox 509 2242 1015 2300; x_wconf 83' lang='lat' dir='ltr'><strong>Considerandum</strong></span> <span class='ocrx_word' id='word_1_266' title='bbox 1033 2247 1126 2299; x_wconf 88' lang='lat' dir='ltr'><strong>est</strong></span> <span class='ocrx_word' id='word_1_267' title='bbox 1152 2250 1329 2300; x_wconf 85' lang='lat' dir='ltr'><strong>etiam</strong></span> <span class='ocrx_word' id='word_1_268' title='bbox 1350 2244 1509 2315; x_wconf 87' lang='lat' dir='ltr'><strong>quod</strong></span> <span class='ocrx_word' id='word_1_269' title='bbox 1525 2244 1719 2301; x_wconf 86' lang='lat' dir='ltr'><strong>solius</strong></span> <span class='ocrx_word' id='word_1_270' title='bbox 1738 2243 2052 2302; x_wconf 85' lang='lat' dir='ltr'><strong>rationalis</strong></span> <span class='ocrx_word' id='word_1_271' title='bbox 2077 2251 2302 2302; x_wconf 78' lang='lat' dir='ltr'><strong>naturae</strong></span> <span class='ocrx_word' id='word_1_272' title='bbox 2326 2249 2419 2301; x_wconf 90' lang='lat' dir='ltr'><strong>est</strong></span> <span class='ocrx_word' id='word_1_273' title='bbox 2434 2258 2542 2315; x_wconf 88' lang='lat' dir='ltr'><strong>per</strong></span> <span class='ocrx_word' id='word_1_274' title='bbox 2559 2258 2627 2301; x_wconf 86' lang='lat' dir='ltr'><strong>se</strong></span> <span class='ocrx_word' id='word_1_275' title='bbox 2654 2258 2863 2317; x_wconf 60' lang='grc' dir='ltr'><strong>ἣξει-ες</strong></span> 
     </span>
     <span class='ocr_line' id='line_1_29' title="bbox 437 2313 2870 2441; baseline -0.001 -69"><span class='ocrx_word' id='word_1_276' title='bbox 437 2319 722 2393; x_wconf 63' lang='lat' dir='ltr'><strong>creaturae</strong></span> <span class='ocrx_word' id='word_1_277' title='bbox 747 2314 912 2370; x_wconf 85' lang='lat' dir='ltr'><strong>enim</strong></span> <span class='ocrx_word' id='word_1_278' title='bbox 940 2313 1318 2393; x_wconf 80' lang='lat' dir='ltr'><strong>irrationales</strong></span> <span class='ocrx_word' id='word_1_279' title='bbox 1351 2314 1544 2395; x_wconf 80' lang='lat' dir='ltr'><strong>magis</strong></span> <span class='ocrx_word' id='word_1_280' title='bbox 1576 2319 1848 2441; x_wconf 69' lang='lat' dir='ltr'><strong>radgnatiir</strong></span> <span class='ocrx_word' id='word_1_281' title='bbox 1896 2314 2153 2372; x_wconf 86' lang='lat' dir='ltr'><strong>naturali</strong></span> <span class='ocrx_word' id='word_1_282' title='bbox 2193 2315 2417 2384; x_wconf 86' lang='lat' dir='ltr'><strong>impetu</strong></span> <span class='ocrx_word' id='word_1_283' title='bbox 2466 2329 2651 2384; x_wconf 88' lang='lat' dir='ltr'><strong>quam</strong></span> <span class='ocrx_word' id='word_1_284' title='bbox 2696 2319 2870 2387; x_wconf 81' lang='lat' dir='ltr'><strong>agant</strong></span> 
     </span>
     <span class='ocr_line' id='line_1_30' title="bbox 435 2383 2867 2457; baseline 0.002 -17"><span class='ocrx_word' id='word_1_285' title='bbox 435 2396 543 2455; x_wconf 80' lang='lat' dir='ltr'><strong>per</strong></span> <span class='ocrx_word' id='word_1_286' title='bbox 571 2397 841 2454; x_wconf 80' lang='lat' dir='ltr'><strong>seipsas3</strong></span> <span class='ocrx_word' id='word_1_287' title='bbox 869 2383 1026 2442; x_wconf 92' lang='lat' dir='ltr'><strong>unde</strong></span> <span class='ocrx_word' id='word_1_288' title='bbox 1052 2396 1243 2456; x_wconf 86' lang='lat' dir='ltr'><strong>magis</strong></span> <span class='ocrx_word' id='word_1_289' title='bbox 1262 2390 1407 2442; x_wconf 89' lang='lat' dir='ltr'><strong>sunt</strong></span> <span class='ocrx_word' id='word_1_290' title='bbox 1443 2398 1506 2440; x_wconf 81' lang='lat' dir='ltr'><strong>in</strong></span> <span class='ocrx_word' id='word_1_291' title='bbox 1535 2398 1573 2442; x_wconf 92' lang='lat' dir='ltr'><strong>o</strong></span> <span class='ocrx_word' id='word_1_292' title='bbox 1646 2398 1745 2441; x_wconf 86' lang='lat' dir='ltr'><strong>ine</strong></span> <span class='ocrx_word' id='word_1_293' title='bbox 1771 2385 2315 2442; x_wconf 84' lang='lat' dir='ltr'><strong>instrumentalium</strong></span> <span class='ocrx_word' id='word_1_294' title='bbox 2340 2398 2668 2442; x_wconf 84' lang='lat' dir='ltr'><strong>causarum</strong></span> <span class='ocrx_word' id='word_1_295' title='bbox 2696 2400 2867 2457; x_wconf 76' lang='lat' dir='ltr'><strong>quam</strong></span> 
     </span>
     <span class='ocr_line' id='line_1_31' title="bbox 436 2454 2867 2528; baseline 0.002 -16"><span class='ocrx_word' id='word_1_296' title='bbox 436 2467 505 2512; x_wconf 83' lang='lat' dir='ltr'><strong>se</strong></span> <span class='ocrx_word' id='word_1_297' title='bbox 549 2454 808 2512; x_wconf 85' lang='lat' dir='ltr'><strong>habeant</strong></span> <span class='ocrx_word' id='word_1_298' title='bbox 849 2468 957 2525; x_wconf 89' lang='lat' dir='ltr'><strong>per</strong></span> <span class='ocrx_word' id='word_1_299' title='bbox 1000 2454 1247 2512; x_wconf 89' lang='lat' dir='ltr'><strong>modum</strong></span> <span class='ocrx_word' id='word_1_300' title='bbox 1286 2454 1633 2527; x_wconf 85' lang='lat' dir='ltr'><strong>principalis</strong></span> <span class='ocrx_word' id='word_1_301' title='bbox 1684 2455 1938 2528; x_wconf 82' lang='lat' dir='ltr'><strong>agentis.</strong></span> <span class='ocrx_word' id='word_1_302' title='bbox 1981 2455 2471 2526; x_wconf 84' lang='lat' dir='ltr'><strong>Assumptionem</strong></span> <span class='ocrx_word' id='word_1_303' title='bbox 2498 2461 2704 2515; x_wconf 84' lang='lat' dir='ltr'><strong>autem</strong></span> <span class='ocrx_word' id='word_1_304' title='bbox 2738 2456 2867 2516; x_wconf 78' lang='lat' dir='ltr'><strong>talis</strong></span> 
     </span>
     <span class='ocr_line' id='line_1_32' title="bbox 435 2526 2867 2600; baseline 0.001 -16"><span class='ocrx_word' id='word_1_305' title='bbox 435 2530 722 2584; x_wconf 76' lang='lat' dir='ltr'><strong>creaturae</strong></span> <span class='ocrx_word' id='word_1_306' title='bbox 752 2539 787 2583; x_wconf 89' lang='lat' dir='ltr'><strong>a</strong></span> <span class='ocrx_word' id='word_1_307' title='bbox 816 2527 936 2582; x_wconf 87' lang='lat' dir='ltr'><strong>Deo</strong></span> <span class='ocrx_word' id='word_1_308' title='bbox 969 2526 1235 2596; x_wconf 75' lang='lat' dir='ltr'><strong>oportuit</strong></span> <span class='ocrx_word' id='word_1_309' title='bbox 1261 2539 1396 2584; x_wconf 87' lang='lat' dir='ltr'><strong>esse</strong></span> <span class='ocrx_word' id='word_1_310' title='bbox 1422 2539 1555 2598; x_wconf 77' lang='lat' dir='ltr'><strong>quae</strong></span> <span class='ocrx_word' id='word_1_311' title='bbox 1583 2540 1688 2597; x_wconf 89' lang='lat' dir='ltr'><strong>per</strong></span> <span class='ocrx_word' id='word_1_312' title='bbox 1736 2540 1801 2584; x_wconf 85' lang='lat' dir='ltr'><strong>se</strong></span> <span class='ocrx_word' id='word_1_313' title='bbox 1843 2541 2019 2598; x_wconf 82' lang='lat' dir='ltr'><strong>agere</strong></span> <span class='ocrx_word' id='word_1_314' title='bbox 2071 2530 2296 2598; x_wconf 88' lang='lat' dir='ltr'><strong>posset,</strong></span> <span class='ocrx_word' id='word_1_315' title='bbox 2342 2530 2634 2599; x_wconf 87' lang='lat' dir='ltr'><strong>tanquam</strong></span> <span class='ocrx_word' id='word_1_316' title='bbox 2685 2541 2867 2600; x_wconf 83' lang='lat' dir='ltr'><strong>agens</strong></span> 
     </span>
     <span class='ocr_line' id='line_1_33' title="bbox 436 2595 2867 2669; baseline 0.001 -17"><span class='ocrx_word' id='word_1_317' title='bbox 436 2595 798 2667; x_wconf 80' lang='lat' dir='ltr'><strong>principale3</strong></span> <span class='ocrx_word' id='word_1_318' title='bbox 828 2609 968 2652; x_wconf 89' lang='lat' dir='ltr'><strong>nam</strong></span> <span class='ocrx_word' id='word_1_319' title='bbox 991 2610 1064 2653; x_wconf 90' lang='lat' dir='ltr'><strong>ea</strong></span> <span class='ocrx_word' id='word_1_320' title='bbox 1089 2609 1222 2668; x_wconf 82' lang='lat' dir='ltr'><strong>quae</strong></span> <span class='ocrx_word' id='word_1_321' title='bbox 1245 2603 1435 2668; x_wconf 81' lang='lat' dir='ltr'><strong>agunt</strong></span> <span class='ocrx_word' id='word_1_322' title='bbox 1460 2597 1615 2654; x_wconf 87' lang='lat' dir='ltr'><strong>sicut</strong></span> <span class='ocrx_word' id='word_1_323' title='bbox 1640 2598 2038 2656; x_wconf 83' lang='lat' dir='ltr'><strong>instrumenta</strong></span> <span class='ocrx_word' id='word_1_324' title='bbox 2061 2601 2249 2669; x_wconf 81' lang='lat' dir='ltr'><strong>agunt</strong></span> <span class='ocrx_word' id='word_1_325' title='bbox 2288 2597 2354 2654; x_wconf 91' lang='lat' dir='ltr'><strong>in</strong></span> <span class='ocrx_word' id='word_1_326' title='bbox 2398 2602 2697 2669; x_wconf 82' lang='lat' dir='ltr'><strong>quantum</strong></span> <span class='ocrx_word' id='word_1_327' title='bbox 2722 2604 2867 2657; x_wconf 86' lang='lat' dir='ltr'><strong>sunt</strong></span> 
     </span>
     <span class='ocr_line' id='line_1_34' title="bbox 437 2665 2870 2746; baseline 0.001 -23"><span class='ocrx_word' id='word_1_328' title='bbox 437 2671 601 2723; x_wconf 86' lang='lat' dir='ltr'><strong>mota</strong></span> <span class='ocrx_word' id='word_1_329' title='bbox 618 2665 694 2723; x_wconf 85' lang='lat' dir='ltr'><strong>ad</strong></span> <span class='ocrx_word' id='word_1_330' title='bbox 722 2666 1040 2746; x_wconf 77' lang='lat' dir='ltr'><strong>agendum,</strong></span> <span class='ocrx_word' id='word_1_331' title='bbox 1069 2666 1392 2746; x_wconf 86' lang='lat' dir='ltr'><strong>principale</strong></span> <span class='ocrx_word' id='word_1_332' title='bbox 1417 2680 1562 2746; x_wconf 65' lang='lat' dir='ltr'><strong>yero</strong></span> <span class='ocrx_word' id='word_1_333' title='bbox 1589 2680 1779 2746; x_wconf 80' lang='lat' dir='ltr'><strong>agens</strong></span> <span class='ocrx_word' id='word_1_334' title='bbox 1807 2667 2002 2736; x_wconf 89' lang='lat' dir='ltr'><strong>ipsum</strong></span> <span class='ocrx_word' id='word_1_335' title='bbox 2030 2681 2136 2739; x_wconf 86' lang='lat' dir='ltr'><strong>per</strong></span> <span class='ocrx_word' id='word_1_336' title='bbox 2161 2682 2227 2726; x_wconf 90' lang='lat' dir='ltr'><strong>se</strong></span> <span class='ocrx_word' id='word_1_337' title='bbox 2257 2668 2410 2740; x_wconf 81' lang='lat' dir='ltr'><strong>agit3</strong></span> <span class='ocrx_word' id='word_1_338' title='bbox 2442 2668 2497 2726; x_wconf 89' lang='lat' dir='ltr'><strong>si</strong></span> <span class='ocrx_word' id='word_1_339' title='bbox 2517 2669 2665 2740; x_wconf 88' lang='lat' dir='ltr'><strong>quid</strong></span> <span class='ocrx_word' id='word_1_340' title='bbox 2693 2668 2870 2742; x_wconf 82' lang='lat' dir='ltr'><strong>igitur</strong></span> 
     </span>
     <span class='ocr_line' id='line_1_35' title="bbox 438 2735 2869 2808; baseline 0.002 -15"><span class='ocrx_word' id='word_1_341' title='bbox 438 2735 734 2808; x_wconf 87' lang='lat' dir='ltr'><strong>agendum</strong></span> <span class='ocrx_word' id='word_1_342' title='bbox 775 2736 886 2792; x_wconf 84' lang='lat' dir='ltr'><strong>fuit</strong></span> <span class='ocrx_word' id='word_1_343' title='bbox 909 2736 1193 2794; x_wconf 82' lang='lat' dir='ltr'><strong>divinitus</strong></span> <span class='ocrx_word' id='word_1_344' title='bbox 1223 2750 1325 2807; x_wconf 88' lang='lat' dir='ltr'><strong>per</strong></span> <span class='ocrx_word' id='word_1_345' title='bbox 1354 2736 1611 2808; x_wconf 81' lang='lat' dir='ltr'><strong>aliquam</strong></span> <span class='ocrx_word' id='word_1_346' title='bbox 1641 2737 2045 2795; x_wconf 78' lang='lat' dir='ltr'><strong>irrationalem</strong></span> <span class='ocrx_word' id='word_1_347' title='bbox 2091 2745 2445 2807; x_wconf 87' lang='lat' dir='ltr'><strong>creaturam,</strong></span> <span class='ocrx_word' id='word_1_348' title='bbox 2485 2738 2734 2808; x_wconf 82' lang='lat' dir='ltr'><strong>sufficit,</strong></span> <span class='ocrx_word' id='word_1_349' title='bbox 2779 2753 2869 2798; x_wconf 88' lang='lat' dir='ltr'><strong>se·</strong></span> 
     </span>
     <span class='ocr_line' id='line_1_36' title="bbox 438 2805 2864 2880; baseline 0.003 -17"><span class='ocrx_word' id='word_1_350' title='bbox 438 2806 701 2864; x_wconf 90' lang='lat' dir='ltr'><strong>cundum</strong></span> <span class='ocrx_word' id='word_1_351' title='bbox 730 2805 1075 2877; x_wconf 85' lang='lat' dir='ltr'><strong>hujusmodi</strong></span> <span class='ocrx_word' id='word_1_352' title='bbox 1103 2811 1386 2866; x_wconf 73' lang='lat' dir='ltr'><strong>creaturae</strong></span> <span class='ocrx_word' id='word_1_353' title='bbox 1414 2807 1841 2876; x_wconf 86' lang='lat' dir='ltr'><strong>conditionem,</strong></span> <span class='ocrx_word' id='word_1_354' title='bbox 1871 2808 2035 2880; x_wconf 90' lang='lat' dir='ltr'><strong>quod</strong></span> <span class='ocrx_word' id='word_1_355' title='bbox 2062 2809 2258 2868; x_wconf 90' lang='lat' dir='ltr'><strong>solum</strong></span> <span class='ocrx_word' id='word_1_356' title='bbox 2290 2814 2631 2866; x_wconf 84' lang='lat' dir='ltr'><strong>moveretur</strong></span> <span class='ocrx_word' id='word_1_357' title='bbox 2660 2825 2697 2869; x_wconf 87' lang='lat' dir='ltr'><strong>a</strong></span> <span class='ocrx_word' id='word_1_358' title='bbox 2728 2812 2864 2872; x_wconf 75' lang='lat' dir='ltr'><strong>Dec.</strong></span> 
     </span>
     <span class='ocr_line' id='line_1_37' title="bbox 437 2876 2868 2957; baseline 0.002 -24"><span class='ocrx_word' id='word_1_359' title='bbox 437 2890 562 2957; x_wconf 78' lang='lat' dir='ltr'><strong>non</strong></span> <span class='ocrx_word' id='word_1_360' title='bbox 592 2882 792 2934; x_wconf 90' lang='lat' dir='ltr'><strong>autem</strong></span> <span class='ocrx_word' id='word_1_361' title='bbox 820 2876 981 2956; x_wconf 87' lang='lat' dir='ltr'><strong>quod</strong></span> <span class='ocrx_word' id='word_1_362' title='bbox 1009 2883 1422 2957; x_wconf 79' lang='lat' dir='ltr'><strong>assumeretur</strong></span> <span class='ocrx_word' id='word_1_363' title='bbox 1460 2878 1525 2934; x_wconf 87' lang='lat' dir='ltr'><strong>in</strong></span> <span class='ocrx_word' id='word_1_364' title='bbox 1570 2891 1831 2949; x_wconf 88' lang='lat' dir='ltr'><strong>persona</strong></span> <span class='ocrx_word' id='word_1_365' title='bbox 1874 2884 1936 2935; x_wconf 87' lang='lat' dir='ltr'><strong>ut</strong></span> <span class='ocrx_word' id='word_1_366' title='bbox 1985 2878 2239 2949; x_wconf 85' lang='lat' dir='ltr'><strong>ipsamet</strong></span> <span class='ocrx_word' id='word_1_367' title='bbox 2281 2884 2507 2951; x_wconf 82' lang='lat' dir='ltr'><strong>ageret,</strong></span> <span class='ocrx_word' id='word_1_368' title='bbox 2558 2880 2703 2952; x_wconf 90' lang='lat' dir='ltr'><strong>quia</strong></span> <span class='ocrx_word' id='word_1_369' title='bbox 2758 2880 2868 2938; x_wconf 84' lang='lat' dir='ltr'><strong>hoc</strong></span> 
     </span>
     <span class='ocr_line' id='line_1_38' title="bbox 439 2947 2864 3017; baseline 0.002 -14"><span class='ocrx_word' id='word_1_370' title='bbox 439 2960 568 3017; x_wconf 72' lang='lat' dir='ltr'><strong>ejus</strong></span> <span class='ocrx_word' id='word_1_371' title='bbox 597 2947 889 3005; x_wconf 89' lang='lat' dir='ltr'><strong>naturalis</strong></span> <span class='ocrx_word' id='word_1_372' title='bbox 915 2947 1179 3006; x_wconf 86' lang='lat' dir='ltr'><strong>conditio</strong></span> <span class='ocrx_word' id='word_1_373' title='bbox 1208 2960 1330 3004; x_wconf 90' lang='lat' dir='ltr'><strong>non</strong></span> <span class='ocrx_word' id='word_1_374' title='bbox 1359 2948 1478 3005; x_wconf 86' lang='lat' dir='ltr'><strong>reci</strong></span> <span class='ocrx_word' id='word_1_375' title='bbox 1523 2948 1590 3015; x_wconf 89' lang='lat' dir='ltr'><strong>it,</strong></span> <span class='ocrx_word' id='word_1_376' title='bbox 1614 2948 1720 3006; x_wconf 88' lang='lat' dir='ltr'><strong>sed</strong></span> <span class='ocrx_word' id='word_1_377' title='bbox 1748 2950 1947 3007; x_wconf 88' lang='lat' dir='ltr'><strong>solum</strong></span> <span class='ocrx_word' id='word_1_378' title='bbox 1975 2950 2241 3007; x_wconf 82' lang='lat' dir='ltr'><strong>conditio</strong></span> <span class='ocrx_word' id='word_1_379' title='bbox 2271 2950 2588 3010; x_wconf 88' lang='lat' dir='ltr'><strong>rationalis</strong></span> <span class='ocrx_word' id='word_1_380' title='bbox 2618 2956 2864 3009; x_wconf 61' lang='lat' dir='ltr'><strong>naturai.</strong></span> 
     </span>
     <span class='ocr_line' id='line_1_39' title="bbox 436 3017 2866 3091; baseline 0.002 -17"><span class='ocrx_word' id='word_1_381' title='bbox 436 3018 565 3074; x_wconf 81' lang='lat' dir='ltr'><strong>Non</strong></span> <span class='ocrx_word' id='word_1_382' title='bbox 591 3017 774 3088; x_wconf 84' lang='lat' dir='ltr'><strong>igitur</strong></span> <span class='ocrx_word' id='word_1_383' title='bbox 802 3017 912 3074; x_wconf 78' lang='lat' dir='ltr'><strong>fuit</strong></span> <span class='ocrx_word' id='word_1_384' title='bbox 947 3018 1315 3076; x_wconf 85' lang='lat' dir='ltr'><strong>conveniens</strong></span> <span class='ocrx_word' id='word_1_385' title='bbox 1354 3032 1436 3090; x_wconf 87' lang='lat' dir='ltr'><strong>qu</strong></span> <span class='ocrx_word' id='word_1_386' title='bbox 1572 3021 1731 3077; x_wconf 86' lang='lat' dir='ltr'><strong>Deus</strong></span> <span class='ocrx_word' id='word_1_387' title='bbox 1769 3019 2028 3091; x_wconf 88' lang='lat' dir='ltr'><strong>aliquam</strong></span> <span class='ocrx_word' id='word_1_388' title='bbox 2072 3020 2482 3079; x_wconf 85' lang='lat' dir='ltr'><strong>irrationalem</strong></span> <span class='ocrx_word' id='word_1_389' title='bbox 2531 3028 2866 3080; x_wconf 74' lang='lat' dir='ltr'><strong>creaturam</strong></span> 
     </span>
     <span class='ocr_line' id='line_1_40' title="bbox 439 3087 2867 3164; baseline 0.002 -20"><span class='ocrx_word' id='word_1_390' title='bbox 439 3092 796 3155; x_wconf 81' lang='lat' dir='ltr'><strong>assumeret,</strong></span> <span class='ocrx_word' id='word_1_391' title='bbox 827 3087 932 3144; x_wconf 89' lang='lat' dir='ltr'><strong>sed</strong></span> <span class='ocrx_word' id='word_1_392' title='bbox 954 3089 1329 3158; x_wconf 84' lang='lat' dir='ltr'><strong>rationalem,</strong></span> <span class='ocrx_word' id='word_1_393' title='bbox 1351 3088 1580 3146; x_wconf 85' lang='lat' dir='ltr'><strong>scilicet</strong></span> <span class='ocrx_word' id='word_1_394' title='bbox 1605 3089 1933 3162; x_wconf 81' lang='lat' dir='ltr'><strong>angelicam</strong></span> <span class='ocrx_word' id='word_1_395' title='bbox 1958 3090 2052 3147; x_wconf 86' lang='lat' dir='ltr'><strong>vel</strong></span> <span class='ocrx_word' id='word_1_396' title='bbox 2094 3090 2439 3149; x_wconf 87' lang='lat' dir='ltr'><strong>humanam.</strong></span> <span class='ocrx_word' id='word_1_397' title='bbox 2488 3092 2558 3147; x_wconf 86' lang='lat' dir='ltr'><strong>Et</strong></span> <span class='ocrx_word' id='word_1_398' title='bbox 2597 3092 2867 3164; x_wconf 72' lang='lat' dir='ltr'><strong>quamvis</strong></span> 
     </span>
     <span class='ocr_line' id='line_1_41' title="bbox 436 3158 2865 3237; baseline 0.002 -24"><span class='ocrx_word' id='word_1_399' title='bbox 436 3158 709 3237; x_wconf 70' lang='lat' dir='ltr'><strong>angelica</strong></span> <span class='ocrx_word' id='word_1_400' title='bbox 731 3163 965 3226; x_wconf 87' lang='lat' dir='ltr'><strong>natura,</strong></span> <span class='ocrx_word' id='word_1_401' title='bbox 996 3163 1282 3231; x_wconf 87' lang='lat' dir='ltr'><strong>quantum</strong></span> <span class='ocrx_word' id='word_1_402' title='bbox 1311 3159 1385 3216; x_wconf 86' lang='lat' dir='ltr'><strong>ad</strong></span> <span class='ocrx_word' id='word_1_403' title='bbox 1416 3159 1720 3218; x_wconf 83' lang='lat' dir='ltr'><strong>naturales</strong></span> <span class='ocrx_word' id='word_1_404' title='bbox 1748 3160 2156 3232; x_wconf 87' lang='lat' dir='ltr'><strong>proprietates,</strong></span> <span class='ocrx_word' id='word_1_405' title='bbox 2187 3161 2525 3220; x_wconf 80' lang='lat' dir='ltr'><strong>inveniatur</strong></span> <span class='ocrx_word' id='word_1_406' title='bbox 2572 3163 2865 3220; x_wconf 83' lang='lat' dir='ltr'><strong>excellen-</strong></span> 
     </span>
     <span class='ocr_line' id='line_1_42' title="bbox 435 3227 2869 3303; baseline 0.002 -19"><span class='ocrx_word' id='word_1_407' title='bbox 435 3232 555 3284; x_wconf 88' lang='lat' dir='ltr'><strong>tior</strong></span> <span class='ocrx_word' id='word_1_408' title='bbox 583 3241 760 3299; x_wconf 86' lang='lat' dir='ltr'><strong>quam</strong></span> <span class='ocrx_word' id='word_1_409' title='bbox 789 3227 1053 3286; x_wconf 81' lang='lat' dir='ltr'><strong>humana</strong></span> <span class='ocrx_word' id='word_1_410' title='bbox 1088 3235 1321 3300; x_wconf 86' lang='lat' dir='ltr'><strong>natura,</strong></span> <span class='ocrx_word' id='word_1_411' title='bbox 1354 3235 1420 3289; x_wconf 87' lang='lat' dir='ltr'><strong>ut</strong></span> <span class='ocrx_word' id='word_1_412' title='bbox 1462 3236 1675 3302; x_wconf 86' lang='lat' dir='ltr'><strong>quarta</strong></span> <span class='ocrx_word' id='word_1_413' title='bbox 1718 3231 1869 3288; x_wconf 86' lang='lat' dir='ltr'><strong>ratio</strong></span> <span class='ocrx_word' id='word_1_414' title='bbox 1911 3230 2300 3303; x_wconf 79' lang='lat' dir='ltr'><strong>proponebat,</strong></span> <span class='ocrx_word' id='word_1_415' title='bbox 2353 3237 2556 3290; x_wconf 86' lang='lat' dir='ltr'><strong>tamen</strong></span> <span class='ocrx_word' id='word_1_416' title='bbox 2606 3233 2869 3292; x_wconf 78' lang='lat' dir='ltr'><strong>humana</strong></span> 
     </span>
     <span class='ocr_line' id='line_1_43' title="bbox 436 3299 2863 3375; baseline 0.002 -20"><span class='ocrx_word' id='word_1_417' title='bbox 436 3299 867 3369; x_wconf 77' lang='lat' dir='ltr'><strong>congruentius</strong></span> <span class='ocrx_word' id='word_1_418' title='bbox 895 3299 1008 3356; x_wconf 89' lang='lat' dir='ltr'><strong>fuit</strong></span> <span class='ocrx_word' id='word_1_419' title='bbox 1036 3306 1346 3370; x_wconf 89' lang='lat' dir='ltr'><strong>assumpta</strong></span> <span class='ocrx_word' id='word_1_420' title='bbox 1385 3318 1405 3356; x_wconf 74' lang='lat' dir='ltr'><em>z</em></span> <span class='ocrx_word' id='word_1_421' title='bbox 1458 3328 1530 3343; x_wconf 91' lang='lat'><strong>-—</strong></span> <span class='ocrx_word' id='word_1_422' title='bbox 1563 3301 1759 3358; x_wconf 88' lang='lat' dir='ltr'><strong>Primo</strong></span> <span class='ocrx_word' id='word_1_423' title='bbox 1809 3301 2069 3373; x_wconf 85' lang='lat' dir='ltr'><strong>quidem,</strong></span> <span class='ocrx_word' id='word_1_424' title='bbox 2118 3302 2262 3374; x_wconf 88' lang='lat' dir='ltr'><strong>quia</strong></span> <span class='ocrx_word' id='word_1_425' title='bbox 2312 3301 2380 3360; x_wconf 90' lang='lat' dir='ltr'><strong>in</strong></span> <span class='ocrx_word' id='word_1_426' title='bbox 2431 3301 2683 3362; x_wconf 89' lang='lat' dir='ltr'><strong>homine</strong></span> <span class='ocrx_word' id='word_1_427' title='bbox 2731 3317 2863 3375; x_wconf 86' lang='lat' dir='ltr'><strong>pec-</strong></span> 
     </span>
     <span class='ocr_line' id='line_1_44' title="bbox 436 3369 2864 3452; baseline 0.002 -28"><span class='ocrx_word' id='word_1_428' title='bbox 436 3373 633 3449; x_wconf 72' lang='lat' dir='ltr'><strong>eatum</strong></span> <span class='ocrx_word' id='word_1_429' title='bbox 664 3383 732 3449; x_wconf 78' lang='lat' dir='ltr'><strong>ex</strong></span> <span class='ocrx_word' id='word_1_430' title='bbox 777 3369 954 3426; x_wconf 87' lang='lat' dir='ltr'><strong>iabile</strong></span> <span class='ocrx_word' id='word_1_431' title='bbox 971 3383 1112 3428; x_wconf 88' lang='lat' dir='ltr'><strong>esse</strong></span> <span class='ocrx_word' id='word_1_432' title='bbox 1137 3376 1353 3441; x_wconf 79' lang='lat' dir='ltr'><strong>potest,</strong></span> <span class='ocrx_word' id='word_1_433' title='bbox 1371 3384 1449 3429; x_wconf 84' lang='lat' dir='ltr'><strong>eo</strong></span> <span class='ocrx_word' id='word_1_434' title='bbox 1480 3371 1643 3442; x_wconf 83' lang='lat' dir='ltr'><strong>quod</strong></span> <span class='ocrx_word' id='word_1_435' title='bbox 1677 3372 1807 3452; x_wconf 81' lang='lat' dir='ltr'><strong>ejus</strong></span> <span class='ocrx_word' id='word_1_436' title='bbox 1845 3372 2058 3430; x_wconf 82' lang='lat' dir='ltr'><strong>electio</strong></span> <span class='ocrx_word' id='word_1_437' title='bbox 2095 3385 2221 3431; x_wconf 85' lang='lat' dir='ltr'><strong>non</strong></span> <span class='ocrx_word' id='word_1_438' title='bbox 2252 3371 2646 3431; x_wconf 87' lang='lat' dir='ltr'><strong>immobiliter</strong></span> <span class='ocrx_word' id='word_1_439' title='bbox 2684 3373 2864 3432; x_wconf 79' lang='lat' dir='ltr'><strong>fertur</strong></span> 
     </span>
     <span class='ocr_line' id='line_1_45' title="bbox 435 3383 2863 3521; baseline 0.004 -28"><span class='ocrx_word' id='word_1_440' title='bbox 435 3450 498 3494; x_wconf 90' lang='lat' dir='ltr'><strong>in</strong></span> <span class='ocrx_word' id='word_1_441' title='bbox 528 3383 773 3519; x_wconf 48' lang='lat' dir='ltr'><strong>aliquldlj</strong></span> <span class='ocrx_word' id='word_1_442' title='bbox 803 3439 908 3496; x_wconf 88' lang='lat' dir='ltr'><strong>sed</strong></span> <span class='ocrx_word' id='word_1_443' title='bbox 957 3453 994 3520; x_wconf 77' lang='lat' dir='ltr'><strong>a</strong></span> <span class='ocrx_word' id='word_1_444' title='bbox 1035 3440 1196 3521; x_wconf 82' lang='lat' dir='ltr'><strong>bono</strong></span> <span class='ocrx_word' id='word_1_445' title='bbox 1233 3446 1428 3521; x_wconf 79' lang='lat' dir='ltr'><strong>potest</strong></span> <span class='ocrx_word' id='word_1_446' title='bbox 1466 3447 1719 3512; x_wconf 86' lang='lat' dir='ltr'><strong>perverti</strong></span> <span class='ocrx_word' id='word_1_447' title='bbox 1767 3442 1829 3499; x_wconf 92' lang='lat' dir='ltr'><strong>in</strong></span> <span class='ocrx_word' id='word_1_448' title='bbox 1881 3444 2102 3499; x_wconf 89' lang='lat' dir='ltr'><strong>malum</strong></span> <span class='ocrx_word' id='word_1_449' title='bbox 2157 3449 2217 3501; x_wconf 91' lang='lat' dir='ltr'><strong>et</strong></span> <span class='ocrx_word' id='word_1_450' title='bbox 2262 3457 2301 3502; x_wconf 80' lang='lat' dir='ltr'><strong>a</strong></span> <span class='ocrx_word' id='word_1_451' title='bbox 2333 3443 2496 3501; x_wconf 87' lang='lat' dir='ltr'><strong>malo</strong></span> <span class='ocrx_word' id='word_1_452' title='bbox 2548 3444 2756 3503; x_wconf 80' lang='lat' dir='ltr'><strong>reduci</strong></span> <span class='ocrx_word' id='word_1_453' title='bbox 2799 3445 2863 3503; x_wconf 81' lang='lat' dir='ltr'><strong>in</strong></span> 
     </span>
     <span class='ocr_line' id='line_1_46' title="bbox 434 3507 2889 3590; baseline 0.003 -25"><span class='ocrx_word' id='word_1_454' title='bbox 434 3507 683 3589; x_wconf 81' lang='lat' dir='ltr'><strong>bonum,</strong></span> <span class='ocrx_word' id='word_1_455' title='bbox 711 3515 869 3566; x_wconf 88' lang='lat' dir='ltr'><strong>sicut</strong></span> <span class='ocrx_word' id='word_1_456' title='bbox 893 3514 1071 3590; x_wconf 78' lang='lat' dir='ltr'><strong>etiam</strong></span> <span class='ocrx_word' id='word_1_457' title='bbox 1117 3525 1181 3567; x_wconf 82' lang='lat' dir='ltr'><strong>in</strong></span> <span class='ocrx_word' id='word_1_458' title='bbox 1211 3511 1474 3569; x_wconf 82' lang='lat' dir='ltr'><strong>hominis</strong></span> <span class='ocrx_word' id='word_1_459' title='bbox 1525 3513 1758 3570; x_wconf 87' lang='lat' dir='ltr'><strong>ratione</strong></span> <span class='ocrx_word' id='word_1_460' title='bbox 1782 3513 2100 3585; x_wconf 82' lang='lat' dir='ltr'><strong>contingit,</strong></span> <span class='ocrx_word' id='word_1_461' title='bbox 2144 3527 2299 3586; x_wconf 81' lang='lat' dir='ltr'><strong>quae,</strong></span> <span class='ocrx_word' id='word_1_462' title='bbox 2388 3515 2490 3572; x_wconf 89' lang='lat' dir='ltr'><strong>uia</strong></span> <span class='ocrx_word' id='word_1_463' title='bbox 2542 3528 2620 3573; x_wconf 79' lang='lat' dir='ltr'><strong>ex</strong></span> <span class='ocrx_word' id='word_1_464' title='bbox 2672 3516 2889 3574; x_wconf 83' lang='lat' dir='ltr'><strong>sensi·.</strong></span> 
     </span>
     <span class='ocr_line' id='line_1_47' title="bbox 433 3578 2889 3661; baseline 0.003 -25"><span class='ocrx_word' id='word_1_465' title='bbox 433 3578 658 3637; x_wconf 78' lang='lat' dir='ltr'><strong>bilibus</strong></span> <span class='ocrx_word' id='word_1_466' title='bbox 709 3586 788 3661; x_wconf 41' lang='lat' dir='ltr'><strong>et·</strong></span> <span class='ocrx_word' id='word_1_467' title='bbox 808 3593 912 3649; x_wconf 91' lang='lat' dir='ltr'><strong>per</strong></span> <span class='ocrx_word' id='word_1_468' title='bbox 948 3594 1125 3653; x_wconf 84' lang='lat' dir='ltr'><strong>signa</strong></span> <span class='ocrx_word' id='word_1_469' title='bbox 1153 3581 1424 3653; x_wconf 78' lang='lat' dir='ltr'><strong>quaedam</strong></span> <span class='ocrx_word' id='word_1_470' title='bbox 1462 3582 1694 3655; x_wconf 80' lang='lat' dir='ltr'><strong>colligit</strong></span> <span class='ocrx_word' id='word_1_471' title='bbox 1735 3583 2063 3652; x_wconf 83' lang='lat' dir='ltr'><strong>veritatem,</strong></span> <span class='ocrx_word' id='word_1_472' title='bbox 2099 3584 2258 3642; x_wconf 81' lang='lat' dir='ltr'><strong>viam</strong></span> <span class='ocrx_word' id='word_1_473' title='bbox 2294 3584 2333 3642; x_wconf 91' lang='lat' dir='ltr'><strong>h</strong></span> <span class='ocrx_word' id='word_1_474' title='bbox 2413 3588 2473 3641; x_wconf 90' lang='lat' dir='ltr'><strong>et</strong></span> <span class='ocrx_word' id='word_1_475' title='bbox 2519 3585 2598 3643; x_wconf 89' lang='lat' dir='ltr'><strong>ad</strong></span> <span class='ocrx_word' id='word_1_476' title='bbox 2640 3581 2889 3644; x_wconf 82' lang='lat' dir='ltr'><strong>utrum-¹</strong></span> 
     </span>
     <span class='ocr_line' id='line_1_48' title="bbox 436 3652 2860 3727; baseline 0.004 -22"><span class='ocrx_word' id='word_1_477' title='bbox 436 3663 550 3722; x_wconf 79' lang='lat' dir='ltr'><strong>que</strong></span> <span class='ocrx_word' id='word_1_478' title='bbox 577 3655 1008 3721; x_wconf 88' lang='lat' dir='ltr'><strong>oppositorum.</strong></span> <span class='ocrx_word' id='word_1_479' title='bbox 1021 3652 1286 3725; x_wconf 82' lang='lat' dir='ltr'><strong>Angelus</strong></span> <span class='ocrx_word' id='word_1_480' title='bbox 1306 3656 1524 3721; x_wconf 87' lang='lat' dir='ltr'><strong>autem,</strong></span> <span class='ocrx_word' id='word_1_481' title='bbox 1538 3653 1699 3711; x_wconf 86' lang='lat' dir='ltr'><strong>sicut</strong></span> <span class='ocrx_word' id='word_1_482' title='bbox 1718 3653 1893 3712; x_wconf 88' lang='lat' dir='ltr'><strong>habet</strong></span> <span class='ocrx_word' id='word_1_483' title='bbox 1912 3653 2279 3712; x_wconf 88' lang='lat' dir='ltr'><strong>immobilem</strong></span> <span class='ocrx_word' id='word_1_484' title='bbox 2296 3654 2860 3727; x_wconf 79' lang='lat' dir='ltr'><strong>apprehensionem,</strong></span> 
     </span>
     <span class='ocr_line' id='line_1_49' title="bbox 436 3721 2859 3802; baseline 0.002 -26"><span class='ocrx_word' id='word_1_485' title='bbox 436 3722 574 3799; x_wconf 79' lang='lat' dir='ltr'><strong>quia</strong></span> <span class='ocrx_word' id='word_1_486' title='bbox 618 3735 719 3800; x_wconf 79' lang='lat' dir='ltr'><strong>per</strong></span> <span class='ocrx_word' id='word_1_487' title='bbox 770 3721 1102 3802; x_wconf 78' lang='lat' dir='ltr'><strong>simplicem</strong></span> <span class='ocrx_word' id='word_1_488' title='bbox 1153 3723 1519 3781; x_wconf 90' lang='lat' dir='ltr'><strong>intellectum</strong></span> <span class='ocrx_word' id='word_1_489' title='bbox 1556 3722 1941 3781; x_wconf 87' lang='lat' dir='ltr'><strong>immobiliter</strong></span> <span class='ocrx_word' id='word_1_490' title='bbox 1977 3725 2310 3797; x_wconf 87' lang='lat' dir='ltr'><strong>cognoscit,</strong></span> <span class='ocrx_word' id='word_1_491' title='bbox 2364 3726 2449 3782; x_wconf 89' lang='lat' dir='ltr'><strong>ita</strong></span> <span class='ocrx_word' id='word_1_492' title='bbox 2475 3726 2660 3783; x_wconf 91' lang='lat' dir='ltr'><strong>etiam</strong></span> <span class='ocrx_word' id='word_1_493' title='bbox 2690 3726 2859 3785; x_wconf 82' lang='lat' dir='ltr'><strong>habet</strong></span> 
     </span>
     <span class='ocr_line' id='line_1_50' title="bbox 434 3792 2855 3866; baseline 0.002 -20"><span class='ocrx_word' id='word_1_494' title='bbox 434 3792 796 3848; x_wconf 88' lang='lat' dir='ltr'><strong>immobilem</strong></span> <span class='ocrx_word' id='word_1_495' title='bbox 827 3792 1207 3860; x_wconf 90' lang='lat' dir='ltr'><strong>electionem;</strong></span> <span class='ocrx_word' id='word_1_496' title='bbox 1237 3793 1397 3849; x_wconf 91' lang='lat' dir='ltr'><strong>unde</strong></span> <span class='ocrx_word' id='word_1_497' title='bbox 1423 3793 1516 3851; x_wconf 87' lang='lat' dir='ltr'><strong>vel</strong></span> <span class='ocrx_word' id='word_1_498' title='bbox 1549 3794 1612 3850; x_wconf 93' lang='lat' dir='ltr'><strong>in</strong></span> <span class='ocrx_word' id='word_1_499' title='bbox 1642 3794 1864 3851; x_wconf 91' lang='lat' dir='ltr'><strong>malum</strong></span> <span class='ocrx_word' id='word_1_500' title='bbox 1887 3795 2135 3852; x_wconf 89' lang='lat' dir='ltr'><strong>omnino</strong></span> <span class='ocrx_word' id='word_1_501' title='bbox 2166 3809 2289 3853; x_wconf 90' lang='lat' dir='ltr'><strong>non</strong></span> <span class='ocrx_word' id='word_1_502' title='bbox 2323 3796 2531 3864; x_wconf 81' lang='lat' dir='ltr'><strong>fertur,</strong></span> <span class='ocrx_word' id='word_1_503' title='bbox 2566 3796 2685 3866; x_wconf 79' lang='lat' dir='ltr'><strong>vel,</strong></span> <span class='ocrx_word' id='word_1_504' title='bbox 2709 3798 2763 3855; x_wconf 94' lang='lat' dir='ltr'><strong>si</strong></span> <span class='ocrx_word' id='word_1_505' title='bbox 2796 3797 2855 3852; x_wconf 88' lang='lat' dir='ltr'><strong>in</strong></span> 
     </span>
     <span class='ocr_line' id='line_1_51' title="bbox 435 3861 2853 3942; baseline 0.002 -26"><span class='ocrx_word' id='word_1_506' title='bbox 435 3861 656 3917; x_wconf 88' lang='lat' dir='ltr'><strong>malum</strong></span> <span class='ocrx_word' id='word_1_507' title='bbox 689 3863 929 3929; x_wconf 84' lang='lat' dir='ltr'><strong>seratur,</strong></span> <span class='ocrx_word' id='word_1_508' title='bbox 957 3861 1338 3942; x_wconf 75' lang='lat' dir='ltr'><strong>immobiliter</strong></span> <span class='ocrx_word' id='word_1_509' title='bbox 1359 3863 1545 3936; x_wconf 79' lang='lat' dir='ltr'><strong>fertur</strong></span> <span class='ocrx_word' id='word_1_510' title='bbox 1562 3881 1578 3933; x_wconf 80' lang='lat'>3</span> <span class='ocrx_word' id='word_1_511' title='bbox 1596 3864 1756 3921; x_wconf 89' lang='lat' dir='ltr'><strong>unde</strong></span> <span class='ocrx_word' id='word_1_512' title='bbox 1778 3864 1909 3936; x_wconf 86' lang='lat' dir='ltr'><strong>ejus</strong></span> <span class='ocrx_word' id='word_1_513' title='bbox 1937 3871 2242 3935; x_wconf 88' lang='lat' dir='ltr'><strong>peccatum</strong></span> <span class='ocrx_word' id='word_1_514' title='bbox 2261 3866 2557 3937; x_wconf 84' lang='lat' dir='ltr'><strong>expiabile</strong></span> <span class='ocrx_word' id='word_1_515' title='bbox 2578 3881 2717 3926; x_wconf 91' lang='lat' dir='ltr'><strong>esse</strong></span> <span class='ocrx_word' id='word_1_516' title='bbox 2737 3880 2853 3925; x_wconf 87' lang='lat' dir='ltr'><strong>non</strong></span> 
     </span>
     <span class='ocr_line' id='line_1_52' title="bbox 432 3933 2851 4013; baseline 0.004 -29"><span class='ocrx_word' id='word_1_517' title='bbox 432 3935 646 3998; x_wconf 85' lang='lat' dir='ltr'><strong>potest.</strong></span> <span class='ocrx_word' id='word_1_518' title='bbox 671 3933 861 3999; x_wconf 85' lang='lat' dir='ltr'><strong>Quum</strong></span> <span class='ocrx_word' id='word_1_519' title='bbox 889 3933 1068 4004; x_wconf 89' lang='lat' dir='ltr'><strong>igitur</strong></span> <span class='ocrx_word' id='word_1_520' title='bbox 1100 3933 1397 4013; x_wconf 75' lang='lat' dir='ltr'><strong>praecipua</strong></span> <span class='ocrx_word' id='word_1_521' title='bbox 1424 3948 1609 3992; x_wconf 89' lang='lat' dir='ltr'><strong>causa</strong></span> <span class='ocrx_word' id='word_1_522' title='bbox 1625 3933 1898 4004; x_wconf 81' lang='lat' dir='ltr'><strong>videatur</strong></span> <span class='ocrx_word' id='word_1_523' title='bbox 1916 3936 2129 3994; x_wconf 81' lang='lat' dir='ltr'><strong>divinae</strong></span> <span class='ocrx_word' id='word_1_524' title='bbox 2154 3936 2588 3995; x_wconf 88' lang='lat' dir='ltr'><strong>incarnationis</strong></span> <span class='ocrx_word' id='word_1_525' title='bbox 2605 3939 2851 4010; x_wconf 81' lang='lat' dir='ltr'><strong>expiatio</strong></span> 
     </span>
     <span class='ocr_line' id='line_1_53' title="bbox 434 4003 2849 4079; baseline 0.005 -25"><span class='ocrx_word' id='word_1_526' title='bbox 434 4006 833 4071; x_wconf 87' lang='lat' dir='ltr'><strong>peccatorum,</strong></span> <span class='ocrx_word' id='word_1_527' title='bbox 855 4008 920 4060; x_wconf 91' lang='lat' dir='ltr'><strong>ut</strong></span> <span class='ocrx_word' id='word_1_528' title='bbox 947 4018 1020 4063; x_wconf 82' lang='lat' dir='ltr'><strong>ex</strong></span> <span class='ocrx_word' id='word_1_529' title='bbox 1043 4003 1355 4074; x_wconf 89' lang='lat' dir='ltr'><strong>Scripturis</strong></span> <span class='ocrx_word' id='word_1_530' title='bbox 1372 4004 1593 4064; x_wconf 83' lang='lat' dir='ltr'><strong>divinis</strong></span> <span class='ocrx_word' id='word_1_531' title='bbox 1613 4005 1918 4075; x_wconf 82' lang='lat' dir='ltr'><strong>docemur,</strong></span> <span class='ocrx_word' id='word_1_532' title='bbox 1948 4008 2380 4079; x_wconf 86' lang='lat' dir='ltr'><strong>congruentius</strong></span> <span class='ocrx_word' id='word_1_533' title='bbox 2398 4008 2509 4065; x_wconf 77' lang='lat' dir='ltr'><strong>fuit</strong></span> <span class='ocrx_word' id='word_1_534' title='bbox 2533 4008 2849 4073; x_wconf 83' lang='lat' dir='ltr'><strong>humanam</strong></span> 
     </span>
     <span class='ocr_line' id='line_1_54' title="bbox 384 4074 2853 4150; baseline 0.005 -28"><span class='ocrx_word' id='word_1_535' title='bbox 384 4111 388 4116; x_wconf 87' lang='grc'><em>.</em></span> <span class='ocrx_word' id='word_1_536' title='bbox 433 4074 704 4127; x_wconf 86' lang='lat' dir='ltr'><strong>naturam</strong></span> <span class='ocrx_word' id='word_1_537' title='bbox 736 4087 913 4145; x_wconf 89' lang='lat' dir='ltr'><strong>quam</strong></span> <span class='ocrx_word' id='word_1_538' title='bbox 963 4074 1294 4145; x_wconf 86' lang='lat' dir='ltr'><strong>angelicam</strong></span> <span class='ocrx_word' id='word_1_539' title='bbox 1350 4075 1579 4132; x_wconf 88' lang='lat' dir='ltr'><strong>assumi</strong></span> <span class='ocrx_word' id='word_1_540' title='bbox 1635 4089 1675 4134; x_wconf 90' lang='lat' dir='ltr'><strong>a</strong></span> <span class='ocrx_word' id='word_1_541' title='bbox 1713 4078 1856 4134; x_wconf 80' lang='lat' dir='ltr'><strong>Deo.</strong></span> <span class='ocrx_word' id='word_1_542' title='bbox 1890 4105 1959 4117; x_wconf 91' lang='lat'><strong>-·-</strong></span> <span class='ocrx_word' id='word_1_543' title='bbox 1982 4078 2277 4146; x_wconf 81' lang='lat' dir='ltr'><strong>Secunde,</strong></span> <span class='ocrx_word' id='word_1_544' title='bbox 2328 4078 2472 4150; x_wconf 87' lang='lat' dir='ltr'><strong>quia</strong></span> <span class='ocrx_word' id='word_1_545' title='bbox 2522 4079 2853 4150; x_wconf 81' lang='lat' dir='ltr'><strong>assumptio</strong></span> 
     </span>
    </p>

    <p class='ocr_par' dir='ltr' id='par_1_6' title="bbox 428 4145 2848 4504">
     <span class='ocr_line' id='line_1_55' title="bbox 434 4145 2844 4224; baseline 0.003 -29"><span class='ocrx_word' id='word_1_546' title='bbox 434 4145 716 4221; x_wconf 73' lang='lat' dir='ltr'><strong>creaturae</strong></span> <span class='ocrx_word' id='word_1_547' title='bbox 746 4158 782 4199; x_wconf 88' lang='lat' dir='ltr'><strong>a</strong></span> <span class='ocrx_word' id='word_1_548' title='bbox 810 4146 931 4202; x_wconf 90' lang='lat' dir='ltr'><strong>Deo</strong></span> <span class='ocrx_word' id='word_1_549' title='bbox 959 4149 1053 4202; x_wconf 87' lang='lat' dir='ltr'><strong>est</strong></span> <span class='ocrx_word' id='word_1_550' title='bbox 1082 4145 1143 4201; x_wconf 92' lang='lat' dir='ltr'><strong>in</strong></span> <span class='ocrx_word' id='word_1_551' title='bbox 1172 4157 1450 4216; x_wconf 88' lang='lat' dir='ltr'><strong>persona,</strong></span> <span class='ocrx_word' id='word_1_552' title='bbox 1481 4159 1605 4203; x_wconf 91' lang='lat' dir='ltr'><strong>non</strong></span> <span class='ocrx_word' id='word_1_553' title='bbox 1638 4145 1699 4204; x_wconf 90' lang='lat' dir='ltr'><strong>in</strong></span> <span class='ocrx_word' id='word_1_554' title='bbox 1741 4152 1975 4215; x_wconf 86' lang='lat' dir='ltr'><strong>natura,</strong></span> <span class='ocrx_word' id='word_1_555' title='bbox 2008 4153 2073 4204; x_wconf 92' lang='lat' dir='ltr'><strong>ut</strong></span> <span class='ocrx_word' id='word_1_556' title='bbox 2120 4162 2193 4206; x_wconf 81' lang='lat' dir='ltr'><strong>ex</strong></span> <span class='ocrx_word' id='word_1_557' title='bbox 2231 4149 2650 4222; x_wconf 88' lang='lat' dir='ltr'><strong>superioribus</strong></span> <span class='ocrx_word' id='word_1_558' title='bbox 2676 4153 2844 4224; x_wconf 86' lang='lat' dir='ltr'><strong>patet.</strong></span> 
     </span>
     <span class='ocr_line' id='line_1_56' title="bbox 433 4209 2848 4299; baseline 0.005 -37"><span class='ocrx_word' id='word_1_559' title='bbox 433 4209 887 4294; x_wconf 37' lang='lat' dir='ltr'><strong>‘convenientius</strong></span> <span class='ocrx_word' id='word_1_560' title='bbox 910 4215 1095 4287; x_wconf 87' lang='lat' dir='ltr'><strong>igitur</strong></span> <span class='ocrx_word' id='word_1_561' title='bbox 1119 4219 1427 4287; x_wconf 87' lang='lat' dir='ltr'><strong>assumpta</strong></span> <span class='ocrx_word' id='word_1_562' title='bbox 1454 4221 1549 4273; x_wconf 89' lang='lat' dir='ltr'><strong>est</strong></span> <span class='ocrx_word' id='word_1_563' title='bbox 1576 4215 1837 4274; x_wconf 89' lang='lat' dir='ltr'><strong>bominis</strong></span> <span class='ocrx_word' id='word_1_564' title='bbox 1884 4220 2097 4276; x_wconf 85' lang='lat' dir='ltr'><strong>natura</strong></span> <span class='ocrx_word' id='word_1_565' title='bbox 2140 4231 2318 4299; x_wconf 83' lang='lat' dir='ltr'><strong>quam</strong></span> <span class='ocrx_word' id='word_1_566' title='bbox 2364 4219 2666 4291; x_wconf 86' lang='lat' dir='ltr'><strong>angelica,</strong></span> <span class='ocrx_word' id='word_1_567' title='bbox 2720 4220 2848 4292; x_wconf 87' lang='lat' dir='ltr'><strong>quia</strong></span> 
     </span>
     <span class='ocr_line' id='line_1_57' title="bbox 428 4277 2844 4360; baseline 0.004 -25"><span class='ocrx_word' id='word_1_568' title='bbox 428 4291 491 4336; x_wconf 89' lang='lat' dir='ltr'><strong>in</strong></span> <span class='ocrx_word' id='word_1_569' title='bbox 517 4277 755 4360; x_wconf 79' lang='lat' dir='ltr'><strong>homine</strong></span> <span class='ocrx_word' id='word_1_570' title='bbox 785 4284 942 4341; x_wconf 82' lang='lat' dir='ltr'><strong>aliud</strong></span> <span class='ocrx_word' id='word_1_571' title='bbox 969 4291 1061 4344; x_wconf 89' lang='lat' dir='ltr'><strong>est</strong></span> <span class='ocrx_word' id='word_1_572' title='bbox 1088 4292 1299 4345; x_wconf 81' lang='lat' dir='ltr'><strong>natura</strong></span> <span class='ocrx_word' id='word_1_573' title='bbox 1326 4290 1385 4343; x_wconf 91' lang='lat' dir='ltr'><strong>et</strong></span> <span class='ocrx_word' id='word_1_574' title='bbox 1412 4286 1572 4345; x_wconf 89' lang='lat' dir='ltr'><strong>aliud</strong></span> <span class='ocrx_word' id='word_1_575' title='bbox 1601 4301 1879 4358; x_wconf 86' lang='lat' dir='ltr'><strong>persona,</strong></span> <span class='ocrx_word' id='word_1_576' title='bbox 1906 4302 2095 4360; x_wconf 83' lang='lat' dir='ltr'><strong>quum</strong></span> <span class='ocrx_word' id='word_1_577' title='bbox 2118 4293 2198 4347; x_wconf 88' lang='lat' dir='ltr'><strong>sit</strong></span> <span class='ocrx_word' id='word_1_578' title='bbox 2215 4303 2288 4346; x_wconf 82' lang='lat' dir='ltr'><strong>ex</strong></span> <span class='ocrx_word' id='word_1_579' title='bbox 2303 4290 2557 4347; x_wconf 87' lang='lat' dir='ltr'><strong>materia</strong></span> <span class='ocrx_word' id='word_1_580' title='bbox 2577 4296 2636 4347; x_wconf 86' lang='lat' dir='ltr'><strong>et</strong></span> <span class='ocrx_word' id='word_1_581' title='bbox 2665 4290 2844 4348; x_wconf 82' lang='lat' dir='ltr'><strong>forma</strong></span> 
     </span>
     <span class='ocr_line' id='line_1_58' title="bbox 432 4356 2844 4434; baseline 0.002 -26"><span class='ocrx_word' id='word_1_582' title='bbox 432 4356 831 4421; x_wconf 84' lang='lat' dir='ltr'><strong>compositus;</strong></span> <span class='ocrx_word' id='word_1_583' title='bbox 865 4367 984 4411; x_wconf 92' lang='lat' dir='ltr'><strong>non</strong></span> <span class='ocrx_word' id='word_1_584' title='bbox 1015 4362 1211 4413; x_wconf 90' lang='lat' dir='ltr'><strong>autem</strong></span> <span class='ocrx_word' id='word_1_585' title='bbox 1241 4357 1302 4414; x_wconf 88' lang='lat' dir='ltr'><strong>in</strong></span> <span class='ocrx_word' id='word_1_586' title='bbox 1333 4358 1571 4429; x_wconf 63' lang='lat' dir='ltr'><strong>angam,</strong></span> <span class='ocrx_word' id='word_1_587' title='bbox 1601 4358 1702 4430; x_wconf 91' lang='lat' dir='ltr'><strong>qui</strong></span> <span class='ocrx_word' id='word_1_588' title='bbox 1740 4357 2147 4417; x_wconf 83' lang='lat' dir='ltr'><strong>immaterialis</strong></span> <span class='ocrx_word' id='word_1_589' title='bbox 2177 4366 2291 4416; x_wconf 85' lang='lat' dir='ltr'><strong>est.</strong></span> <span class='ocrx_word' id='word_1_590' title='bbox 2330 4389 2401 4403; x_wconf 86' lang='grc'><strong>--</strong></span> <span class='ocrx_word' id='word_1_591' title='bbox 2445 4360 2665 4431; x_wconf 89' lang='lat' dir='ltr'><strong>Tertio,</strong></span> <span class='ocrx_word' id='word_1_592' title='bbox 2712 4360 2844 4434; x_wconf 86' lang='lat' dir='ltr'><strong>quia</strong></span> 
     </span>
     <span class='ocr_line' id='line_1_59' title="bbox 431 4420 2839 4504; baseline 0.003 -23"><span class='ocrx_word' id='word_1_593' title='bbox 431 4420 707 4494; x_wconf 81' lang='lat' dir='ltr'><strong>angelus,</strong></span> <span class='ocrx_word' id='word_1_594' title='bbox 735 4425 1066 4485; x_wconf 85' lang='lat' dir='ltr'><strong>secundum</strong></span> <span class='ocrx_word' id='word_1_595' title='bbox 1093 4427 1511 4499; x_wconf 83' lang='lat' dir='ltr'><strong>proprietatem</strong></span> <span class='ocrx_word' id='word_1_596' title='bbox 1547 4441 1673 4490; x_wconf 67' lang='lat' dir='ltr'><strong>sure</strong></span> <span class='ocrx_word' id='word_1_597' title='bbox 1701 4436 1946 4496; x_wconf 76' lang='lat' dir='ltr'><strong>naturae,</strong></span> <span class='ocrx_word' id='word_1_598' title='bbox 1976 4429 2372 4504; x_wconf 76' lang='lat' dir='ltr'><strong>propinquior</strong></span> <span class='ocrx_word' id='word_1_599' title='bbox 2394 4439 2527 4491; x_wconf 84' lang='lat' dir='ltr'><strong>erat</strong></span> <span class='ocrx_word' id='word_1_600' title='bbox 2560 4432 2637 4492; x_wconf 86' lang='lat' dir='ltr'><strong>ad</strong></span> <span class='ocrx_word' id='word_1_601' title='bbox 2666 4432 2839 4490; x_wconf 79' lang='lat' dir='ltr'><strong>neum</strong></span> 
     </span>
    </p>
   </div>
   <div class='ocr_carea' id='block_1_3' title="bbox 3000 765 3002 3315">
    <p class='ocr_par' dir='ltr' id='par_1_7' title="bbox 3000 765 3002 3315">
     <span class='ocr_line' id='line_1_60' title="bbox 3000 765 3002 3315; baseline 0 0"><span class='ocrx_word' id='word_1_602' title='bbox 3000 765 3002 3315; x_wconf 95' lang='lat' dir='ltr'><strong> </strong></span> 
     </span>
    </p>
   </div>
   <div class='ocr_carea' id='block_1_4' title="bbox 3000 3462 3002 4897">
    <p class='ocr_par' dir='ltr' id='par_1_8' title="bbox 3000 3462 3002 4897">
     <span class='ocr_line' id='line_1_61' title="bbox 3000 3462 3002 4897; baseline 0 0"><span class='ocrx_word' id='word_1_603' title='bbox 3000 3462 3002 4897; x_wconf 95' lang='lat' dir='ltr'><strong> </strong></span> 
     </span>
    </p>
   </div>
  </div>
 </body>
</html>
