3076 5025
795 307 1004 365 BERN.
1040 307 1278 365 MARIAE
1316 307 1407 363 DE
1441 305 1693 363 RUBEIS
1731 304 2202 365 DISSERTATIO.
2616 309 2707 366 XV

267 458 569 532 docibiles,
590 456 737 520 alibi
770 475 787 518 ε
818 457 976 519 velut
1002 455 1126 519 Deo
1147 455 1376 536 dtynas.
1397 456 1492 518 Ita
1520 455 1756 537 legitur
1781 454 1851 519 in
1879 473 2021 520 can.
2040 460 2082 520 4
2103 455 2419 536 ephesinae
2439 456 2702 538 Synodi,

271 558 448 621 unde
472 555 786 618 sententia
809 553 933 615 fuit
958 570 996 615 a
1021 554 1084 615 S.
1105 552 1350 614 Thoma
1377 557 1659 615 extracta
1674 576 1734 615 ».
1754 553 2080 634 corrigere
2091 552 2441 616 Lucerinus
2458 552 2705 618 debuis-

268 658 393 729 set,
422 648 684 714 decibiles
705 665 737 727 ,⁶
761 651 844 712 al.
875 647 1155 726 dicibiles,
1179 652 1253 711 ut
1278 649 1423 711 loco
1444 648 1641 712 citato
1664 650 1746 712 111
1765 668 1828 728 p.
1849 648 2141 713 habetur.
2159 651 2394 714 'sextus
2413 666 2703 731 graecus:
2738 726 2744 739 ι

270 757 366 819 τὰς
395 751 453 810 δὲ
477 757 544 816 ὥς
576 756 857 826 samm-tc,
889 767 921 805 α
948 762 1155 822 voces,
1183 750 1494 824 tanquam
1524 747 1659 809 Deo
1688 767 1720 805 n
1746 751 1813 809 ει
1836 745 2064 809 divinae
2081 746 2397 825 majestati
2421 747 2704 810 «decen-

268 850 399 922 tes,
427 843 898 920 convenientes,
917 842 1141 922 dignas
1170 863 1228 905 n.
1261 843 1395 905 Hoc
1421 843 1639 906 locum
1667 841 1759 905 sic
1786 842 2026 915 indicat
2051 841 2332 923 Aquinas
2358 843 2427 906 in
2452 843 2578 907 hoc
2620 844 2704 909 38

271 941 485 1021 capite
512 939 654 1003 libri
680 956 749 1003 xv
773 948 981 1002 contra
1008 937 1215 1002 Gentes
1243 954 1268 1003 .·
1299 960 1330 997 (ι
1360 938 1543 1013 Quod
1566 943 1663 1003 est
1691 943 1913 1002 contra
1956 941 2335 1004 sententiam
2382 941 2595 1022 Cyrilli
2631 940 2704 1007 in

272 1037 537 1117 synodo
565 1035 910 1118 (ephesina)
936 1037 1376 1101 confirmatam
1404 1036 1672 1101 dicentis
1697 1056 1770 1111 »ς
1799 1044 1864 1100 ει
1890 1037 1971 1100 111
1999 1057 2064 1117 p.
2095 1056 2206 1119 qu.
2236 1054 2305 1118 11,
2332 1047 2454 1102 art.
2472 1041 2536 1116 3,
2562 1060 2594 1100 «
2623 1038 2705 1105 nt

270 1135 401 1197 hoc
428 1134 626 1198 etiam
654 1138 752 1197 est
777 1135 1175 1209 damnatum,
1206 1131 1597 1212 approbante
1628 1132 1910 1197 Concilio
1937 1134 2236 1214 ephesino
2264 1157 2326 1199 ».
2356 1133 2707 1215 Utrobique

272 1247 423 1293 vere
466 1234 536 1292 ει
578 1229 908 1308 apposite;
946 1229 1260 1293 sententia
1308 1248 1589 1309 namque
1628 1235 1884 1311 sumpta
1927 1235 2025 1294 est
2071 1246 2153 1295 ex
2196 1230 2706 1296 Anathematssmo

274 1332 492 1408 quarto
513 1325 580 1388 S.
614 1324 826 1406 cyrilli
850 1326 1280 1403 Alexandrini,
1316 1327 1384 1388 in
1426 1326 1743 1406 Ephesius
1777 1326 2019 1408 synodo
2046 1343 2198 1391 cum
2244 1326 2491 1390 caeteris
2536 1331 2704 1393 Ane-

274 1422 697 1485 tbematismis
720 1422 1094 1502 approbato.
1121 1422 1335 1503 Capite
1361 1424 1481 1485 83:
1507 1442 1541 1479 <c
1569 1424 1755 1486 Patet
1780 1421 2042 1503 quidem
2070 1441 2089 1487 τ
2118 1421 2194 1485 In
2221 1422 2334 1486 hac
2358 1431 2555 1487 autem
2577 1423 2707 1489 vita

276 1517 679 1581 &ordinatum
704 1525 765 1581 et
786 1518 1053 1581 vitiosum
1079 1526 1188 1594 est,
1216 1519 1418 1602 siquis
1442 1517 1584 1582 cibis
1609 1527 1672 1583 et
1695 1520 1949 1583 venereis
1973 1527 2182 1584 utatur
2197 1528 2453 1604 propter
2474 1519 2711 1586 necessi·

282 1623 462 1679 tatem
514 1615 885 1679 ausemundi
926 1615 1189 1699 corporis
1232 1617 1327 1680 vel
1379 1616 1569 1699 prolis
1628 1614 1959 1682 educandae.
2005 1619 2173 1700 Lege
2220 1624 2473 1702 propter
2513 1617 2705 1684 solam

282 1712 736 1791 delectationem,
774 1732 891 1776 non
925 1722 1176 1795 propter
1215 1715 1629 1788 necessitatem,
1657 1722 1747 1779 etc
1773 1736 1833 1779 n.
1861 1716 1959 1779 Ite
2002 1714 2237 1797 legitur
2282 1716 2353 1778 in
2390 1712 2709 1782 veteribus

294 1809 776 1889 exemplaribus.
803 1810 897 1873 Ita
939 1810 1134 1874 etiam
1180 1811 1520 1893 legendum
1567 1829 1702 1878 esse
1745 1811 2068 1893 colligitur
2110 1829 2191 1876 ex
2239 1811 2709 1878 Commentario

294 1907 718 1971 Ferrariensis.
753 1907 1056 1971 Mendum
1085 1906 1334 1987 irrepsit
1359 1907 1427 1969 in
1451 1911 1727 1985 textum,
1755 1913 2008 1973 errante
2035 1925 2111 1973 ac
2131 1909 2462 1974 deficiente
2481 1909 2706 1990 praelo.

362 2004 439 2066 11.
470 2003 908 2067 Prmtentiam
935 2003 1145 2084 operis
1174 2005 1323 2067 satis
1348 2005 1634 2069 iudicant
1651 2005 1918 2069 exoticae
1935 2005 2253 2069 versiones
2269 2001 2432 2087 eins.
2455 2004 2708 2070 Hebrai-

286 2118 429 2165 cam
459 2100 669 2180 primo
707 2101 853 2164 loco
900 2117 1218 2178 memoro,
1265 2118 1461 2181 quam
1503 2101 1817 2182 Iosephus
1854 2101 2053 2166 Maria
2096 2102 2364 2180 Giantes,
2407 2101 2709 2184 patricius

279 2216 613 2275 romanus,
643 2196 1042 2260 Minervitani
1062 2198 1563 2262 praedicatorum
1586 2198 1838 2264 Ordinis
1876 2198 2149 2264 coenobii
2178 2200 2498 2277 alumnus,
2550 2215 2704 2262 con·

284 2295 592 2358 cinnavit.
611 2294 803 2375 Typis
829 2311 906 2357 ea
924 2295 1143 2357 Romae
1157 2294 1410 2374 vulgata
1422 2299 1545 2370 est,
1567 2311 1738 2359 anno
1763 2297 1944 2372 1571,
1966 2313 2041 2360 ex
2056 2295 2471 2377 typographia
2485 2295 2707 2360 Jacobi

281 2390 921 2469 Phaei‚And1-aeefl1ii,
948 2389 1018 2453 in
1044 2390 1160 2467 fol,
1177 2388 1294 2453 sub
1322 2389 1449 2455 hoc·
1465 2391 1657 2456 titulo
1677 2408 1697 2455 t
1720 2389 1969 2454 Summa
1979 2391 2106 2455 divi
2119 2390 2353 2455 Thomae
2370 2390 2705 2474 Aquinum,

284 2486 426 2552 Ora.
458 2486 690 2566 Praed„
715 2494 927 2551 contra
970 2485 1248 2565 Gentiles,
1275 2505 1455 2570 quam
1497 2486 1768 2554 hebraice
1808 2486 2103 2573 eloquitur
2142 2486 2427 2570 Josepm
2468 2485 2708 2556 Ciantes

277 2586 602 2663 Remmius,
629 2584 926 2668 episcopus
952 2583 1321 2648 Mae-abens&
1362 2603 1442 2648 ex
1485 2583 1684 2651 eodem
1725 2579 1964 2649 Ordine·
1983 2593 2333 2666 assumptus.
2381 2585 2569 2649 Liber
2612 2589 2708 2653 est

251 2669 447 2763 'typis
468 2681 805 2759 hebraicis,
832 2698 964 2743 non
989 2680 1314 2761 punctatis
1340 2680 1577 2757 editus,
1608 2697 1684 2744 ac
1710 2681 1923 2743 latinis
1950 2683 2060 2762 qui
2088 2680 2205 2743 sibi
2243 2699 2282 2743 e
2327 2682 2587 2763 regione
2636 2679 2708 2745 in

280 2781 566 2859 qualibet
593 2780 822 2861 pagina
849 2797 963 2859 per
989 2779 1322 2842 columnas
1368 2775 1653 2858 geminas
1705 2774 1949 2839 diversa
1992 2776 2398 2856 respondent.
2446 2778 2710 2842 Exstant

282 2876 470 2954 primi
493 2875 641 2940 libri
670 2880 821 2953 tres,
850 2881 1116 2956 quartus
1142 2872 1560 2938 desideratur.

357 2974 462 3035 111.
494 2975 785 3038 Graecam
811 2974 1165 3037 versionem
1194 2975 1505 3051 praestant
1523 2970 1779 3036 codices
1796 2987 1944 3035 mss.
1969 2988 2133 3051 quos
2147 2970 2416 3035 adnotat
2430 2971 2705 3038 Iacobus

278 3070 610 3133 Ecbartlus
636 3068 704 3130 in
728 3066 1128 3133 bibliothecis
1172 3068 1498 3147 asservari,
1527 3068 1855 3147 Vaticana,
1885 3070 2078 3152 Regia
2122 3070 2481 3148 Parisiensi,
2510 3071 2709 3135 Gaesa-

275 3184 387 3231 reo
414 3163 910 3244 vindobonensi,
937 3166 1180 3229 Veneta
1204 3165 1268 3228 S.
1299 3165 1520 3242 Marci,
1550 3164 1837 3244 itemque
1862 3165 1969 3229 SS.
1997 3166 2261 3230 =Ioannis
2289 3173 2355 3229 et
2378 3167 2583 3230 Pauli.
2607 3169 2700 3233 De

278 3263 611 3328 codicibus
637 3262 1019 3326 Bessarionis
1048 3262 1384 3325 cardinalis
1409 3261 1478 3324 in
1505 3263 1730 3325 eadem
1749 3261 1990 3326 Veneta
2014 3262 2079 3325 S.
2102 3263 2297 3328 Marci
2325 3262 2709 3330 bibliotheca

279 3361 370 3424 sic
394 3360 594 3425 habet
620 3361 916 3424 laudatus
959 3359 1287 3424 Echardus
1333 3377 1353 3421 ε
1399 3357 1713 3421 Laudatur
1756 3356 1953 3440 (idem
1998 3376 2159 3439 opus
2201 3368 2410 3455 contr-q
2456 3357 2709 3425 Gentiles

276 3475 490 3539 graeoe
513 3458 790 3541 versum)
815 3466 877 3520 et
916 3456 1160 3521 Venetiis
1185 3457 1343 3519 inter
1365 3453 1548 3520 libros
1570 3455 1891 3519 cardinalis
1913 3455 2281 3520 Bessam‘omk
2322 3456 2490 3520 codd.
2522 3455 2709 3522 tribus

278 3555 417 3636 fol„
435 3574 587 3639 par.
610 3574 838 3639 papyr.
868 3556 932 3616 in
956 3574 1208 3637 quorum
1232 3573 1347 3617 uno
1371 3552 1521 3618 liber
1544 3571 1592 3633 1,
1616 3554 1681 3616 in
1703 3552 1893 3617 altero
1914 3569 1939 3617 1
1965 3562 2023 3617 et
2047 3570 2116 3629 11,
2132 3554 2195 3615 in
2214 3551 2387 3617 tertzb
2407 3561 2522 3617 tres
2542 3553 2706 3618 libri.

277 3654 445 3717 Num
472 3654 798 3735 integrum
835 3670 999 3732 opus
1048 3651 1117 3714 bi
1162 3652 1417 3716 codices
1460 3652 1994 3731 complectantur,
2035 3650 2308 3714 Echardi
2345 3651 2534 3714 verba
2576 3667 2708 3715 non

281 3749 701 3830 patefaciunt.
732 3751 889 3813 Rem
921 3750 1155 3813 clarius
1176 3749 1542 3814 manifestat
1585 3750 1803 3825 Index,
1833 3750 1889 3811 si
1916 3752 2251 3812 accuratus
2295 3748 2556 3828 quidem
2601 3747 2706 3825 sit,

280 3848 390 3928 qui
442 3845 615 3929 typis
665 3845 902 3926 prodiit
927 3845 1228 3923 venetiis,
1257 3847 1400 3924 fol„
1428 3863 1598 3909 anno
1653 3847 1833 3924 1740,
1861 3845 2072 3908 studio
2126 3848 2192 3909 ει
2243 3861 2397 3908 cura
2447 3844 2707 3908 Antonii

278 3943 364 4008 bl.
418 3944 672 4010 Zanetti
721 3942 1126 4007 bibliothecae
1184 3943 1460 4006 custodis
1509 3948 1578 4007 ει
1620 3941 1880 4005 Antonii
1921 3941 2350 4022 Bongiovanni
2395 3942 2452 4005 J.
2500 3943 2578 4005 U.
2625 3943 2703 4005 D.

278 4042 684 4106 Addiscimus
737 4039 909 4104 enim
943 4085 960 4116 ,
1017 4041 1085 4103 in
1131 4041 1274 4103 cod.
1327 4041 1549 4119 CXLV,
1597 4038 1907 4104 contineri
1951 4039 2016 4102 S.
2067 4039 2327 4102 Thomae
2368 4037 2705 4117 Aquitatis,

280 4143 503 4204 contra
529 4140 789 4215 Gentes,
817 4135 1035 4200 librum
1065 4137 1325 4214 tertium,
1354 4137 1420 4199 in
1448 4138 1594 4200 cod.
1617 4135 1922 4212 CXLVIII,
1949 4133 2164 4199 librum
2190 4136 2471 4216 primum,
2502 4152 2706 4197 secun·

282 4231 421 4296 dnm
447 4241 507 4299 et
527 4242 838 4318 quartum,
868 4240 937 4297 et
969 4235 1036 4297 in
1067 4237 1212 4298 cod.
1242 4235 1492 4311 CXLIX,
1516 4232 1734 4297 librum
1751 4234 2017 4316 prmum
2056 4237 2124 4296 et
2155 4231 2486 4295 secundum.
2544 4228 2705 4296 Hinc

282 4346 427 4395 vero
452 4332 783 4413 integrum
814 4332 1402 4409 praestantissimum
1432 4348 1595 4411 opus
1622 4334 1899 4394 asservat
1924 4347 2129 4411 graece
2171 4345 2423 4396 versum
2467 4327 2709 4396 Veneta

288 4429 352 4491 S.
377 4430 573 4497 Marci
592 4428 988 4496 bibliotheca
1010 4428 1176 4494 inter
1203 4428 1540 4494 cardinalis
1557 4427 1937 4493 Bessarionis
1961 4425 2234 4495 codices.
