3076 5025
998 282 1001 285 ’
1031 284 1064 292 ’”
1087 298 1219 354 mn.
1262 298 1358 365 ιιι,
1385 284 1552 353 αι).
1594 295 1765 353 Lxxt.
2540 299 2645 354 aar

207 419 347 478 tatis
378 419 636 488 sublata,
667 432 824 488 cnm,
843 432 952 490 per
966 416 1336 476 differentias
1363 417 1587 491 quibus
1616 431 1714 476 res
1743 417 1818 476 ab
1840 416 2097 498 invicem
2122 416 2642 499 differant2unum

206 490 394 548 altero
424 491 643 547 melius
671 490 904 559 existat,
936 489 1094 548 sicut
1122 491 1450 547 animatum
1480 489 1810 546 inanimato
1844 493 1905 546 et
1948 489 2239 546 rationale
2281 489 2640 548 irrationali.

207 564 274 619 Et
301 561 413 630 sic,
448 561 500 618 ει
527 561 839 634 aequalitas
870 560 1217 618 omnimoda
1243 565 1404 617 esset
1427 560 1489 615 in
1523 559 1723 628 rebuS,
1746 571 1869 628 non
1888 563 2051 617 esset
2070 559 2189 617 nisi
2215 571 2399 616 unum
2418 559 2647 619 bonum

206 639 508 700 ereatum;
537 631 702 703 quod
747 631 1063 689 manifeste
1119 629 1472 701 perfectioni
1520 630 1769 702 derogat
1808 634 2114 688 creaturae.
2167 630 2395 688 Gradus
2443 636 2644 692 autem

203 702 494 761 bonitatis
535 701 815 772 superior
840 707 956 771 est,
986 706 1051 758 ut
1074 702 1299 773 aliquid
1329 701 1408 757 sit
1436 700 1685 768 bonum,
1756 700 1873 758 uod
1902 713 2025 758 non
2070 700 2266 771 possit
2291 714 2330 758 a
2374 700 2647 760 bonitate

205 771 481 831 deficere.
513 773 766 830 inferior
792 777 990 830 autem
1015 785 1091 829 eo
1121 778 1232 840 est,
1256 771 1414 845 quod
1439 777 1636 842 potest
1660 785 1700 828 a
1766 772 1990 828 onitate
2013 769 2286 829 deficere.
2321 773 2645 845 Utrumque

206 845 391 916 igitur
446 843 697 916 gradum
751 842 1037 901 bonitatis
1093 843 1378 914 perfectio
1431 841 1698 899 universi
1757 854 1820 899 re
1862 841 2024 900 uirit.
2069 841 2154 899 Ad
2209 842 2650 912 providentiam.

205 919 406 973 autern
458 913 853 986 gubernantis
899 914 1156 986 pertinet
1191 912 1619 985 perfectionem
1661 912 1725 969 in
1772 926 1834 993 re
1880 925 1952 972 us
1996 912 2345 993 gubernatis
2386 926 2641 972 conser-

205 998 367 1052 vare,
399 997 523 1042 non
549 991 747 1042 autem
776 998 906 1042 eam
937 984 1228 1042 minuere.
1258 987 1277 1040 l
1325 984 1444 1040 itur
1470 996 1594 1041 non
1635 987 1891 1052 pertinet
1917 982 1992 1041 ad
2047 983 2308 1041 d1v1nam
2336 985 2653 1055 providen-

204 1057 375 1125 tiam,
416 1060 482 1113 ut
532 1056 783 1136 omnino
823 1054 1101 1136 excludat
1147 1069 1184 1113 a
1229 998 1410 1112 reffius
1451 1054 1783 1135 potentiam
1833 1052 2149 1112 deficiendi
2182 1067 2222 1113 a
2270 1053 2454 1111 bono.
2483 1056 2645 1114 Hanc

207 1133 408 1198 autem
441 1132 764 1197 potentiam
797 1130 1071 1198 sequitur
1092 1126 1339 1184 malum.
1367 1126 1521 1194 Quia
1550 1123 1711 1199 quod
1739 1128 1940 1197 potest
1979 1123 2251 1188 deficere,
2282 1123 2643 1198 quandoque

205 1196 431 1264 deficit,
463 1203 521 1254 et
550 1198 677 1268 ipse
707 1197 976 1255 defectus
1011 1196 1155 1253 boni
1195 1197 1417 1254 malum
1450 1200 1564 1266 est,
1594 1200 1661 1253 ut
1690 1209 1874 1266 supra
1899 1200 2212 1255 ostensum
2248 1201 2341 1253 est
2380 1195 2533 1267 (cap.
2560 1196 2643 1269 7).

205 1269 342 1326 Non
369 1268 506 1325 esti
551 1269 672 1325 itur
695 1268 772 1326 ad
799 1268 1064 1325 divinam
1104 1266 1538 1339 providentiam
1567 1266 1877 1339 pertinens
1926 1271 1989 1326 nt
2037 1266 2288 1324 omnino
2334 1266 2562 1324 malum
2610 1280 2647 1327 a

209 1338 395 1397 rebus
423 1351 501 1408 gu
549 1338 773 1397 ernatis
799 1338 1129 1408 probibeat.

277 1409 500 1476 Adhuc,
529 1409 821 1480 optimum
852 1409 916 1466 in
942 1409 1375 1479 gubernatione
1409 1408 1687 1482 qualibet
1728 1412 1822 1466 est
1863 1410 1929 1465 ut
1965 1406 2028 1465 in
2070 1406 2252 1465 rebus
2294 1406 2644 1480 gubernatis

207 1479 543 1538 secundum
574 1480 818 1537 modum
850 1492 1027 1538 suurn
1058 1479 1455 1550 provideatur.
1484 1482 1549 1537 ln
1582 1480 1701 1537 hoc
1729 1478 1891 1536 enim
1920 1476 2474 1559 1·egiminisjustitia
2507 1493 2653 1540 con·

208 1550 390 1609 sistit.
424 1551 589 1608 Sicut
617 1551 801 1623 igitur
820 1556 981 1631 esset
1009 1555 1217 1608 contra
1243 1550 1536 1630 rationem
1568 1548 1813 1610 humani
1848 1548 2182 1676 regimini&
2214 1562 2267 1607 ει
2290 1548 2646 1630 impediren-

206 1625 366 1678 tura
393 1621 827 1693 gubernatione
867 1621 1126 1678 civitatis
1173 1621 1452 1679 homines
1497 1635 1673 1693 agere
1724 1631 1912 1677 secun
1960 1631 2058 1677 um
2101 1632 2215 1678 sua
2246 1618 2470 1690 officia,
2520 1621 2642 1681 nisi

209 1691 363 1772 forte
386 1692 747 1773 quandoque
779 1692 854 1750 ad
881 1691 1093 1749 horam
1120 1697 1363 1764 propter
1381 1690 1643 1772 aliquam
1673 1689 2115 1759 necessitatem,
2140 1690 2222 1747 ita
2251 1696 2416 1748 esset
2433 1697 2646 1749 contra

211 1768 511 1819 ratlonem
540 1763 723 1820 divini
753 1763 1088 1835 regiminiS‚
1121 1762 1173 1820 si
1218 1775 1342 1820 non
1392 1767 1615 1821 smeret
1664 1774 1763 1820 res
1802 1765 2036 1819 creatas
2076 1773 2256 1841 agere
2310 1761 2644 1821 secundum

208 1833 461 1891 modum
493 1833 748 1904 propriae
777 1838 1023 1892 naturae.
1055 1835 1138 1890 Ex
1165 1833 1279 1891 hoc
1310 1838 1507 1890 autem
1536 1832 1695 1904 quod
1726 1837 2011 1889 creaturae
2037 1844 2126 1890 sic
2151 1836 2339 1903 agunt
2374 1833 2647 1904 sequitur

210 1903 520 1975 corruptio
551 1909 609 1961 et
636 1905 860 1961 malum
892 1904 955 1960 in
985 1903 1162 1962 rebus
1192 1922 1208 1973 ;
1235 1917 1375 1962 cum
1404 1910 1646 1976 propter
1671 1903 2147 1961 contrarietatem
2196 1908 2256 1959 et
2304 1916 2645 1975 repugnan-

208 1973 360 2031 tiam
387 1988 522 2046 quae
547 1980 642 2032 est
669 1975 730 2031 in
763 1973 962 2044 rebuS‚
989 1987 1112 2031 una
1142 1986 1239 2032 res
1273 1974 1350 2032 sit
1384 1974 1632 2032 alterius
1656 1973 2017 2043 corruptiva.
2049 1975 2178 2029 Non
2205 1977 2299 2031 est
2346 1974 2532 2054 igitur
2568 1973 2644 2035 ad

211 2043 480 2174 gginam
509 2044 943 2117 providentiam
961 2045 1268 2116 pertinens
1297 2045 1519 2102 malum
1551 2045 1801 2102 omnino
1827 2042 2053 2101 arebus
2077 2042 2428 2117 gubernatis
2443 2045 2643 2105 exclu-

283 2187 439 2256 παπ,
470 2185 850 2257 impossibile
878 2191 971 2244 est
997 2186 1157 2259 quod
1182 2199 1369 2258 agens
1398 2191 1677 2257 operetur
1701 2184 1944 2259 aliquod
1968 2185 2214 2252 malum,
2247 2185 2365 2244 nisi
2408 2192 2646 2260 propter

211 2255 332 2315 hoc
355 2257 519 2339 quod
548 2256 803 2314 intendit
831 2256 1072 2329 aliquod
1100 2257 1348 2319 bonum,
1374 2257 1532 2314 sicut
1555 2270 1632 2313 cx
1659 2256 2073 2327 superioribus
2102 2256 2253 2327 (cap.
2284 2256 2341 2328 4)
2380 2262 2644 2329 apparet.

212 2327 541 2386 Prohibere
593 2334 790 2387 autem
840 2327 1269 2408 cujuscumque
1313 2327 1453 2384 boni
1496 2326 1890 2384 intentionem
1938 2326 2358 2386 universaliter
2384 2340 2421 2385 a
2465 2327 2647 2387 rebus

214 2399 438 2457 creatis
468 2412 587 2456 non
617 2398 873 2472 pertinet
900 2397 973 2455 ad
1016 2397 1445 2470 providentiam
1475 2397 1607 2469 ejus
1636 2397 1735 2468 qui
1762 2402 1860 2476 est
1886 2396 2086 2454 omnis
2115 2397 2270 2477 boni·
2291 2410 2511 2467 eausa3
2557 2400 2646 2457 sic

213 2469 378 2528 enim
423 2469 610 2528 multa
657 2469 818 2527 bona
865 2468 1391 2527 substraherentur
1413 2467 1488 2526 ab
1513 2468 1899 2526 universitate
1946 2479 2145 2525 rerum
2174 2484 2189 2536 3
2220 2472 2396 2535 sicut,
2428 2467 2481 2527 si
2511 2468 2647 2528 sub-

212 2539 553 2598 traheretur
581 2541 706 2612 igni
738 2540 990 2597 intentio
1021 2539 1346 2613 generandi
1375 2538 1492 2598 sibi
1520 2539 1739 2601 simile,
1769 2539 1844 2597 ad
1870 2552 2051 2611 quarn
2077 2539 2353 2611 sequitur
2375 2540 2491 2597 hoe
2520 2553 2645 2598 ma-

214 2609 342 2668 lum
384 2611 542 2684 quod
588 2615 678 2669 est
723 2611 1026 2681 corruptio
1069 2624 1268 2669 rerum
1313 2609 1847 2679 combustibilium,
1893 2609 2202 2667 tolleretur
2249 2609 2365 2667 hoe
2418 2608 2645 2669 bonum

214 2681 378 2751 quod
408 2688 500 2740 est
528 2682 834 2754 generatio
876 2681 1036 2754 ignis
1066 2684 1121 2737 et
1150 2680 1525 2738 conservatio
1552 2679 1747 2751 ipsius
1773 2679 2101 2738 secundum
2142 2693 2314 2738 suam
2341 2681 2645 2751 speciem.

215 2754 352 2809 Non
381 2759 471 2809 est
500 2752 686 2824 igitur
711 2752 927 2810 divinae
955 2749 1340 2823 providentiae
1366 2751 1587 2808 malum
1618 2749 1881 2807 totaliter
1906 2763 1941 2808 a
1970 2749 2149 2808 rebus
2170 2749 2502 2810 excludere.

288 2823 506 2890 Adhuc,
539 2823 725 2880 multa
765 2821 927 2879 bona
948 2827 1091 2879 sunt
1134 2822 1194 2878 in
1239 2822 1442 2895 rebus,
1469 2834 1626 2894 quae,
1655 2821 1775 2878 nisi
1826 2821 1987 2879 mala
2021 2827 2244 2885 essent,
2274 2820 2472 2879 locum
2521 2835 2644 2882 non

214 2892 507 2951 haberent
535 2912 548 2961 ;
579 2893 738 2953 sicut
794 2906 918 2950 non
966 2897 1127 2950 esset
1168 2892 1453 2964 patientia
1493 2892 1897 2965 justorum-si
1924 2904 2048 2949 non
2089 2895 2252 2950 esset
2301 2891 2647 2966 malignitas

212 2964 700 3045 persequentium
729 2983 745 3031 ;
778 2976 889 3021 nec
905 2969 1068 3020 esset
1094 2963 1526 3035 locusjustitiae
1542 2962 1934 3030 vindicativae,
1948 2963 2006 3020 si
2023 2962 2241 3021 delicta
2259 2975 2383 3021 non
2406 2968 2645 3034 essent3

212 3049 280 3092 ιιι
308 3034 488 3091 rebus
518 3035 693 3091 etiam
730 3033 1122 3103 naturalibus,
1145 3047 1265 3091 non
1297 3039 1457 3091 esset
1487 3033 1668 3109 unius
1695 3034 2022 3114 generatio,
2054 3033 2173 3091 nisi
2203 3039 2365 3090 esset
2400 3034 2645 3094 alterius

213 3105 542 3176 corruptio.
577 3104 637 3161 si
668 3119 734 3161 er
774 3118 811 3161 o
832 3104 1054 3161 malum
1075 3104 1334 3162 totaliter
1356 3104 1430 3162 ab
1452 3104 1837 3161 universitate
1866 3117 2062 3161 rerum
2084 3117 2191 3175 per
2223 3104 2480 3162 divinam
2510 3119 2645 3175 pro-

212 3176 539 3232 videntiam
560 3175 728 3233 exclu
774 3180 990 3244 eretur,
1005 3180 1304 3245 oporteret
1332 3175 1507 3233 etiam
1544 3174 1840 3232 bonorum
1871 3174 2315 3232 multitudinem
2349 3175 2642 3245 diminui3

215 3246 377 3319 quod
399 3260 540 3307 esse
568 3259 687 3304 non
718 3245 911 3316 debet,
939 3247 1085 3316 quia
1108 3245 1438 3304 virtuosius
1467 3250 1562 3302 est
1588 3244 1812 3302 bonum
1842 3244 1903 3302 in
1934 3245 2198 3302 bonitate
2224 3259 2405 3317 quam
2427 3245 2489 3301 in
2517 3259 2644 3303 ma·

213 3316 347 3374 litia
373 3317 594 3374 malum
625 3316 784 3374 sicut
804 3318 883 3374 ‘cx
911 3315 1323 3388 superioribus
1353 3315 1425 3388 (c.
1461 3315 1548 3388 12)
1616 3321 1751 3374 atet.
1786 3316 1974 3387 igitur
1998 3329 2122 3373 non
2149 3314 2323 3373 debet
2366 3328 2472 3387 per
2495 3314 2645 3374 divi-

211 3399 356 3446 nam
385 3387 819 3459 providentiam
852 3387 1116 3445 totaliter
1140 3387 1362 3444 malum
1390 3387 1562 3443 exclu
1611 3386 1627 3443 i
1657 3400 1694 3444 a
1723 3386 1924 3445 rebus.

285 3460 559 3529 Amplius,
594 3458 817 3516 bonum
855 3457 1042 3515 totius
1086 3459 1432 3527 praeeminet
1474 3457 1633 3514 bono
1682 3457 1885 3527 partis.
1930 3455 2013 3513 Ad
2062 3456 2412 3537 prudentem
2462 3456 2649 3529 igitur

209 3529 672 3660 gubernatorem
705 3529 960 3600 pertinet
988 3528 1291 3600 negligere
1322 3528 1582 3609 aliquem
1612 3527 1907 3586 defectum
1940 3526 2231 3605 bonitatis
2256 3528 2319 3585 in
2363 3533 2547 3599 parte,
2581 3532 2645 3586 ut

260 3605 321 3656 at
349 3607 733 3673 augmentum
777 3598 1064 3657 bonitatis
1092 3598 1153 3654 in
1182 3604 1344 3666 toto;
1378 3604 1532 3656 sicut
1574 3598 1786 3656 artifex
1830 3597 2145 3655 abscondit
2188 3597 2640 3656 fundamentum

210 3670 329 3729 sub
357 3676 530 3739 terra,
563 3676 628 3727 ut
656 3675 780 3727 tota
804 3670 1020 3728 domus
1053 3669 1269 3726 babeat
1303 3668 1661 3728 firmitatem.
1692 3667 1824 3736 Sed,
1855 3669 1908 3727 si
1953 3668 2175 3725 malurn
2204 3684 2241 3726 a
2282 3668 2640 3740 quibusdam

205 3740 483 3813 partibus
511 3741 777 3798 universi
825 3739 1290 3808 subtraheretur,
1323 3740 1575 3817 multum
1625 3738 1920 3812 deperiret
1946 3739 2331 3811 perfectionis
2352 3738 2638 3809 universi,

205 3812 387 3883 cujus
419 3811 798 3882 pulchritudo
824 3825 895 3868 ex
924 3810 1199 3868 ordinata
1225 3810 1519 3868 bonorum
1562 3814 1622 3868 et
1663 3810 1954 3869 malorum
2000 3810 2361 3868 adunatione
2390 3823 2643 3867 consur-

202 3882 320 4011 git,
353 3882 493 3938 dum
525 3883 680 3939 mala
710 3896 783 3939 ex
807 3882 951 3940 boni
982 3881 1397 3939 deficientibus
1429 3882 1803 3952 proveniunt,
1835 3886 1893 3938 et
1919 3885 2115 3938 tamen
2148 3896 2220 3937 ex
2250 3881 2346 3961 eis·
2368 3880 2639 3951 quaedam

254 3964 378 4009 ona
402 3959 852 4022 consequuntur
881 3967 950 4010 ex
979 3952 1353 4024 providentia
1380 3952 1791 4023 gubernantis,
1825 3951 1982 4010 sicut
2009 3951 2299 4008 etsilentii
2330 3951 2647 4022 interposi·

200 4024 300 4081 tio
331 4021 470 4078 facit
501 4022 856 4080 cantilenam
889 4037 1023 4081 esse
1052 4035 1316 4081 suavem.
1347 4024 1479 4079 Non
1526 4023 1712 4094 igitur
1750 4034 1857 4096 per
1899 4021 2160 4079 divinam
2208 4021 2640 4092 providentiam

204 4092 421 4154 debuit
448 4092 670 4149 malum
701 4106 737 4150 a
758 4092 937 4151 rebus
963 4092 1218 4151 excludi.

281 4163 505 4231 Adhuc,
544 4176 637 4219 res
665 4162 816 4241 alite,
847 4169 906 4221 et
930 4164 1226 4237 praecipue
1254 4161 1574 4220 inferiores
1603 4162 1677 4220 ad
1713 4161 1937 4220 bonurn
1977 4162 2242 4222 hominis
2289 4164 2644 4224 ordinantur

206 4236 370 4296 sicut
400 4233 475 4290 ad
523 4231 723 4289 finem.
753 4233 815 4289 Si
850 4240 1045 4291 autem
1077 4234 1244 4292 nulla
1287 4234 1448 4292 mala
1477 4233 1772 4290 essentia
1822 4232 2023 4301 rebus,
2054 4234 2307 4291 multum
2362 4235 2435 4294 de·
2477 4236 2641 4294 bono

205 4305 480 4365 hominis
530 4303 981 4373 diminueretur,
1011 4311 1067 4361 et
1094 4309 1380 4377 quantum
1412 4303 1483 4360 ad
1511 4303 1940 4383 cognitionem,
1972 4306 2031 4359 et
2055 4310 2340 4375 quantum
2373 4305 2444 4363 ad
2494 4304 2639 4362 boni

207 4376 578 4435 desiderium
607 4373 702 4431 vel
732 4386 995 4431 amorem
1017 4393 1035 4444 3
1067 4388 1204 4432 nam
1241 4374 1464 4433 bonum
1495 4388 1571 4432 ex
1612 4377 2055 4445 comparatione
2104 4373 2249 4431 mali
2300 4376 2492 4445 magis
2540 4386 2638 4430 co-

203 4446 545 4519 gnescitur‚
571 4448 657 4515 et,
687 4443 831 4505 dum
859 4444 1060 4518 aliqua
1100 4446 1259 4504 mala
1282 4448 1713 4518 perpetrantur,
1761 4443 2068 4502 ardentius
2112 4444 2273 4503 bona
2322 4452 2639 4516 optamus;
