3076 5025
1077 269 1240 326 Lm.
1282 271 1380 339 ΠΙ,
1420 272 1574 327 CAP.
1613 273 1785 329 XXIX.
2553 280 2659 336 295

1147 488 1420 556 CAPUT
1460 492 1732 557 XXVIII.

2231 615 2237 654 i

716 656 872 711 Quot)
907 658 1214 708 Functus
1247 662 1368 708 NON
1407 663 1705 709 CONSISI'IT
1737 663 1801 710 m
1837 662 2184 716 Eunomus.

295 815 378 873 Ex
405 813 711 885 praedictis
738 819 900 886 patet
926 815 1088 898 quod
1116 817 1297 874 etiam
1327 817 1532 874 necin
1561 816 1899 877 honoribus
1933 822 2026 878 est
2052 833 2356 879 summum
2386 822 2654 883 hominis

223 883 457 965 bonum
489 885 651 957 quod
684 892 778 943 est
804 885 1084 945 relicuas.

292 958 464 1013 Finis
492 956 652 1013 enim
673 956 926 1015 ultimus
954 957 1221 1015 hominis
1245 963 1305 1015 et
1333 971 1446 1016 sua
1473 958 1731 1018 felicitas
1759 966 1854 1018 est
1875 960 2005 1033 ejus
2033 961 2473 1031 perfectissima
2518 977 2661 1037 ope·

218 1026 404 1106 tatio,
457 1030 522 1107 ut
543 1041 638 1108 ‘ex
682 1028 1100 1099 superioribus
1145 1026 1222 1100 (c.
1252 1031 1323 1086 26
1351 1034 1412 1085 et
1434 1030 1526 1100 27)
1556 1034 1739 1100 patet.
1769 1032 1974 1089 Honor
2009 1036 2206 1088 autem
2240 1031 2507 1090 hominis
2535 1047 2661 1093 non

219 1101 512 1157 consistit
538 1111 602 1154 in
629 1110 743 1155 sua
762 1101 1112 1169 operatione
1140 1098 1244 1157 sed
1272 1100 1520 1157 alterius
1548 1100 1622 1157 ad
1652 1101 1873 1171 ipsum,
1891 1100 1993 1174 qui
2015 1101 2068 1158 ei
2089 1104 2478 1160 reverentiam
2499 1104 2662 1163 exhi-

219 1166 343 1227 bet.
377 1169 506 1225 Non
548 1173 636 1226 est
666 1169 681 1224 i
731 1168 850 1227 itur
878 1169 1136 1228 felicitas
1166 1169 1432 1227 hominis
1460 1171 1520 1226 in
1549 1171 1882 1230 honoribus
1910 1172 2206 1252 ponenda.

291 1237 515 1319 Adhuc²
559 1183 728 1312 quoff
766 1244 859 1297 est
903 1244 1143 1312 propter
1182 1240 1431 1297 alterum
1464 1241 1687 1321 bouum
1717 1247 1776 1298 et
1802 1242 2194 1300 desiderabile
2226 1254 2347 1298 non
2388 1248 2479 1301 est
2519 1244 2660 1304 ulti-

223 1321 365 1367 mus
409 1308 569 1390 finis=
605 1310 740 1366 Tale
789 1315 985 1368 autem
1031 1319 1124 1368 est
1148 1310 1379 1379 honoi·;
1407 1325 1525 1367 non
1559 1325 1718 1369 enim
1750 1313 1970 1385 aliquis
1994 1319 2151 1371 recte
2180 1313 2511 1371 honoratur
2539 1315 2659 1375 nisi

220 1385 467 1454 propter
490 1380 734 1452 aliquod
764 1380 991 1438 bonum
1020 1380 1083 1438 in
1114 1393 1185 1438 eo
1215 1381 1518 1450 existens;
1552 1387 1608 1439 et
1633 1388 1872 1454 propter
1898 1384 2013 1441 hoc
2053 1383 2329 1440 homines
2374 1383 2658 1444 honorari

222 1456 518 1522 quaerunt,
556 1451 733 1532 quasi
761 1449 902 1509 boni
934 1450 1187 1523 aliqu'us
1212 1452 1374 1523 quod
1401 1454 1461 1508 in
1491 1452 1580 1510 eis
1601 1458 1694 1511 est
1712 1453 2121 1512 testimonium
2144 1454 2360 1512 habere
2378 1454 2651 1516 volentes

221 1521 383 1579 unde
412 1525 472 1578 et
517 1534 576 1578 m
661 1535 715 1579 is
759 1521 1023 1594 gaudent
1053 1522 1330 1579 homines
1359 1537 1396 1579 a
1424 1525 1662 1596 magnis
1692 1529 1751 1580 et
1778 1524 2150 1595 sapientibus
2188 1525 2492 1582 honorari.
2525 1529 2657 1584 Non

223 1597 316 1649 est
344 1591 530 1663 igitur
553 1591 616 1648 in
686 1592 977 1650 oneribus
998 1591 1255 1650 felicitas
1283 1593 1549 1651 hominis
1579 1594 1875 1665 ponenda.

292 1663 573 1731 Amplius,
600 1662 673 1719 ad
704 1663 1046 1720 felicitatem
1120 1678 1183 1719 er
1205 1663 1478 1721 virtutem
1511 1665 1869 1735 pervenitur.
1902 1667 1948 1724 Ο
1992 1665 2293 1723 crationes
2322 1670 2518 1723 autern
2546 1666 2662 1726 vir-

220 1736 418 1791 tutum
447 1737 592 1791 sunt
617 1733 1007 1802 voluntariae3
1040 1748 1075 1791 a
1101 1733 1214 1790 iter
1236 1735 1392 1791 enim
1420 1747 1542 1792 non
1573 1742 1778 1792 essent
1826 1736 1925 1793 lau
1970 1736 2176 1793 abiles.
2206 1737 2450 1806 Oportet
2476 1736 2660 1809 igitur

222 1802 572 1861 felicitatem
620 1817 757 1861 esse
798 1805 1039 1877 aliquod
1087 1804 1312 1861 bonum
1353 1806 1425 1862 ad
1457 1806 1614 1877 quod
1650 1807 1830 1864 homo
1857 1821 1969 1865 sua
1994 1807 2298 1863 voluntate
2331 1807 2654 1877 perveniat,

226 1876 382 1955 Hoc·
404 1880 602 1953 autem
632 1874 793 1946 quod
823 1875 1112 1933 bonorem
1157 1883 1512 1947 assequatur
1543 1890 1664 1933 non
1694 1883 1787 1935 est
1817 1877 1879 1934 in
1950 1882 2201 1934 otestate
2233 1876 2520 1948 hominis,
2550 1877 2660 1939 sed

220 1956 421 2016 magis
464 1958 529 2001 in
565 1950 862 2073 pogestate
909 1946 1286 2005 honorantis.
1318 1950 1449 2004 Non
1479 1953 1573 2005 est
1599 1948 1785 2020 igitur
1807 1948 1872 2004 in
1945 1946 2237 2005 onoribus
2264 1947 2519 2005 felicitas
2546 1948 2658 2007 hu·

223 2028 410 2074 mana
433 2027 630 2087 ponen
677 2030 733 2073 a.

293 2089 448 2149 Item,
480 2099 660 2145 omne
686 2086 936 2159 dignum
966 2087 1196 2146 honore
1224 2100 1348 2145 non
1373 2093 1573 2159 potest
1600 2088 1717 2146 nisi
1749 2088 1929 2147 bonis
1956 2088 2179 2148 inesse.
2211 2089 2506 2147 Honorati
2553 2103 2658 2149 au-

221 2160 346 2215 tem
375 2162 637 2238 possunt
677 2158 856 2239 etiam
885 2157 1049 2215 mali.
1079 2159 1292 2216 Melius
1321 2164 1413 2217 est
1453 2159 1638 2231 igitur
1664 2158 1795 2217 fleri
1823 2159 2051 2217 honore
2079 2160 2327 2232 dignum
2352 2173 2532 2233 quam
2558 2160 2662 2219 ho·

222 2240 448 2286 norati.
480 2231 613 2287 Non
641 2234 734 2286 est
753 2229 938 2301 igitur
965 2229 1161 2287 honor
1182 2242 1482 2287 summum
1512 2231 1780 2288 hominis
1807 2229 2055 2288 bonum.

292 2301 580 2362 Praeterea,
634 2312 937 2357 summum
983 2299 1212 2358 honum
1256 2306 1348 2358 est
1434 2301 1720 2358 errectum
1762 2300 2007 2358 bonum.
2063 2301 2396 2359 Perfectum
2458 2306 2659 2364 autem

147 2391 155 2398 ·
222 2368 601 2450 bonum-non
634 2370 994 2441 compatitur
1016 2370 1256 2443 aliquod
1295 2314 1558 2440 mafum;
1592 2372 1688 2428 cui
1724 2376 1923 2428 autem
1962 2371 2121 2428 inest
2144 2370 2385 2443 aliquod
2433 2372 2660 2432 malum

223 2439 605 2506 impossibile
634 2446 725 2498 est
752 2454 890 2499 esse
920 2440 1178 2498 beatum.
1206 2441 1587 2511 Impossibile
1617 2446 1710 2499 est
1737 2441 1922 2570 ifiimr
1945 2454 2080 2499 esse
2111 2440 2335 2498 malum
2364 2442 2462 2499 cui
2492 2442 2661 2500 adest

222 2524 526 2571 summum
546 2511 794 2570 bonum.
822 2514 1026 2570 Potest
1051 2517 1246 2570 autem
1276 2512 1496 2584 aliquis
1533 2512 1731 2570 malus
1802 2525 2050 2571 onorem
2077 2511 2392 2588 consequi.
2413 2515 2544 2573 Non
2567 2516 2662 2573 est

221 2582 410 2657 igitur
437 2583 633 2645 honor
661 2594 966 2644 summum
986 2582 1253 2643 hominis
1275 2582 1523 2641 honum.
1546 2585 1684 2655 (1-11,
1715 2596 1773 2656 q.
1797 2594 1880 2655 x1,
1903 2587 2013 2642 art.
2038 2582 2123 2655 2.)

1191 2799 1450 2865 CAPUT
1484 2800 1700 2866 XXIX.

476 2982 630 3036 QUOD
661 2981 966 3030 mucius
998 2980 1248 3030 nonnus
1283 2980 1401 3031 NON
1437 2979 1741 3030 CONSISTIT
1774 2980 1842 3026 m
1877 2978 2091 3028 emm
2130 2981 2404 3032 nummu.

295 3149 394 3228 Ex·
420 3156 542 3227 quo
591 3146 770 3204 etiam
813 3152 1061 3275 apparet
1081 3147 1248 3229 qaod
1284 3159 1397 3204 nec
1425 3146 1490 3204 in
1519 3146 1717 3219 gloria
1741 3159 1876 3219 quae
1900 3151 1995 3204 est
2019 3146 2086 3206 in
2116 3145 2458 3206 celebritate
2484 3147 2657 3207 famoe

219 3222 506 3278 consistit
531 3230 835 3275 summum
907 3230 1130 3276 ominis
1157 3218 1403 3275 bonum.

293 3289 396 3345 Est
441 3288 600 3345 enim
648 3288 862 3360 gloria,
909 3288 1240 3346 secundum
1275 3288 1559 3357 Tullium,
1611 3308 1645 3338 «
1670 3288 1957 3361 frequens
1997 3286 2073 3345 de
2100 3287 2304 3360 aliquo
2332 3289 2489 3346 fama
2517 3299 2655 3349 cum

219 3357 400 3416 laude
427 3377 480 3422 n,
513 3362 592 3427 et,
643 3359 978 3416 secundum
1018 3358 1422 3428 Ambrosium,
1454 3377 1486 3409 ‹-
1510 3359 1672 3416 clara
1711 3370 1850 3417 cam
1897 3357 2073 3416 laude
2101 3359 2313 3417 notitia
2341 3378 2398 3415 ιν.
2426 3357 2510 3414 Ad
2540 3357 2657 3419 hoc

225 3434 426 3487 autem
454 3429 664 3486 volunt
706 3428 983 3487 homines
1032 3429 1409 3487 innotescere
1439 3444 1575 3486 cum
1608 3428 1780 3487 laude
1809 3433 1867 3486 et
1890 3428 2159 3486 claritate
2231 3427 2463 3496 uadam,
2495 3429 2656 3489 utab

219 3500 313 3557 eis
338 3498 564 3577 quibus
587 3499 934 3558 inotescunt
960 3500 1348 3557 honorentur.
1383 3502 1481 3557 Est
1512 3500 1696 3572 igitur
1722 3499 1915 3572 gloria
1936 3505 2179 3571 propter
2237 3510 2657 3573 onoremquae·

218 3570 357 3629 sita.
389 3571 447 3626 Si
475 3569 660 3642 igitur
688 3571 884 3628 honor
908 3583 1028 3628 non
1056 3575 1147 3628 est
1178 3583 1480 3629 summum
1505 3570 1752 3640 honum,
1782 3569 1973 3628 multo
1998 3570 2201 3627 minus
2230 3570 2443 3642 gloria.

288 3639 508 3709 Adhuc,
541 3640 868 3699 laudabilia
886 3641 1044 3699 bona
1066 3646 1212 3699 sunt
1237 3642 1572 3699 secundum
1599 3654 1731 3713 quai
1749 3640 1972 3713 aliquis
1991 3639 2327 3698 ostenditur
2341 3640 2653 3701 ordinatus

217 3710 293 3770 ad
321 3710 523 3769 finem.
554 3712 667 3780 Qui
699 3716 898 3769 autem
928 3712 1239 3769 ordinatur
1258 3712 1331 3769 ad
1365 3711 1545 3769 finem
1577 3711 1843 3769 nondum
1867 3716 1962 3769 est
1980 3709 2258 3768 ultimum
2284 3710 2465 3769 finem
2492 3721 2656 3770 asse-

214 3785 416 3840 cutus.
447 3784 600 3840 Laus
627 3781 811 3853 igitur
839 3794 963 3839 non
992 3781 1337 3840 attribuitur
1363 3783 1416 3840 ei
1448 3782 1551 3855 qui
1575 3785 1696 3854 jam
1727 3787 1819 3840 est
1861 3781 2138 3840 ultimum
2186 3780 2365 3839 finem
2408 3793 2654 3841 assecu-

212 3856 337 3922 tus,
387 3851 495 3909 sed
546 3853 740 3923 magis
770 3853 983 3921 honor,
1043 3858 1109 3910 ut
1135 3852 1542 3924 Philosophus
1573 3852 1719 3909 dicit
1747 3851 1977 3925 (Ethic.,
2004 3865 2027 3910 1
2070 3867 2122 3910 c.
2152 3852 2261 3923 ¹6).
2293 3855 2425 3910 Non
2455 3854 2654 3923 potest

212 3923 405 4048 ἰᾳίἷὲξ
462 3921 657 3993 gloria
695 3935 831 3982 esse
871 3935 1182 3982 summum
1229 3923 1453 3983 bonum
1512 3936 1699 3996 quum
1752 3894 2160 3995 principaliter
2203 3923 2268 3980 in
2309 3921 2484 3980 laude
2512 3934 2650 3980 con-

211 4006 306 4052 sis
402 4033 415 4048 .
2200 4010 2211 4015 ·

286 4061 567 4134 Amplius.
599 4076 968 4135 cognoscere
986 4062 1256 4123 nobilius
1276 4069 1369 4122 est
1388 4078 1567 4136 quam
1588 4063 1881 4137 cognosci
1902 4081 1921 4131 ;
1947 4076 2071 4122 non
2090 4062 2251 4121 enim
2270 4067 2649 4136 cognoscunt

213 4134 337 4194 nisi
367 4146 503 4207 quae
527 4138 672 4190 ‘sunt
692 4134 992 4193 nobiliora
1017 4135 1079 4192 in
1103 4135 1284 4194 rebus
1308 4153 1323 4205 3
1355 4139 1806 4206 cognoscuntur
1832 4134 2011 4192 etiam
2036 4132 2260 4191 infima.
2287 4136 2420 4193 Non
2445 4136 2650 4206 potest

214 4205 401 4331 iffiituij
453 4204 1075 4332 summummhrominis
1115 4204 1341 4265 bonum
1368 4219 1501 4264 esse
1531 4206 1745 4279 gloria,
1773 4217 1906 4279 quae
1934 4204 2214 4263 consistit
2241 4204 2302 4261 in
2333 4205 2454 4263 hoc
2481 4202 2645 4278 quod

217 4285 253 4333 a
285 4345 316 4402 1
334 4288 439 4411 εηιξ
456 4287 764 4419 ἷῖἓῗιῖξῖῗ
811 4317 1032 4426 aliquis
1055 4359 1203 4427 ‚non
1256 4344 1556 4404 desiderat
1597 4347 1718 4406 nisi
1773 4347 1838 4406 in
1889 4345 2070 4427 bonis
2088 4361 2117 4427 ς,
2141 4345 2206 4402 in
2242 4344 2418 4404 malis
2442 4350 2643 4404 autem

217 4417 424 4487 quierit
465 4417 674 4477 latere.
704 4417 1004 4489 cognosci
1045 4422 1230 4492 igitur
1271 4416 1496 4476 bonum
1544 4422 1641 4476 est
1684 4421 1749 4476 et
1783 4414 2180 4477 desiderabile
2207 4421 2451 4490 propter
2481 4416 2642 4474 bona
