3076 5025
357 274 462 331 394
1228 267 1363 324 LIB.
1403 266 1502 334 111,
1541 265 1695 323 CAP.
1732 264 1937 322 XCVII.

357 392 615 453 diversis
636 389 1028 462 perfectionis
1052 388 1369 462 gradibus;
1399 403 1504 460 per
1524 387 1765 460 pondus
1789 400 1930 445 vero
1959 385 2384 466 inclinationes
2412 383 2677 466 diversas
2701 383 2767 443 ad

357 464 635 537 proprios
660 460 833 524 fines,
863 467 923 518 et
950 460 1362 541 operationes,
1382 465 1441 516 et
1464 459 1726 531 agentia,
1751 464 1811 516 et
1832 456 2140 530 patientia,
2168 460 2230 514 et
2256 455 2605 525 accidentia,
2649 467 2767 528 quae

358 547 427 595 se
473 538 696 592 uuntur
723 531 1174 590 distinctionem
1204 543 1559 602 specierum.
2190 595 2201 609 .
2248 595 2261 608 ⁰
2553 594 2565 607 ⁶
2709 594 2722 606 ⁶

459 617 500 660 n
570 602 811 661 raedicto
841 607 1040 659 autem
1065 600 1298 669 ordine,
1349 598 1682 657 secundum
1728 611 1908 671 quem
1952 598 2104 657 ratio
2142 595 2359 655 divinae
2402 594 2769 677 providentiae

358 679 522 733 atten
565 674 705 741 itur,
761 672 1020 744 primum
1066 684 1202 730 esse
1255 670 1518 729 diximus
1564 669 1828 728 divinam
1873 669 2225 737 bonitatem,
2279 679 2455 740 quasi
2508 665 2770 724 ultimum

357 743 565 812 finem,
594 742 698 816 qui
728 748 821 800 est
840 743 1096 814 primum
1122 741 1482 812 principium
1510 740 1574 798 in
1597 739 1846 812 agendis
1872 759 1887 797 :
1919 739 2059 797 dein
2085 750 2227 796 vero
2265 750 2474 818 rerum·
2508 749 2770 817 numero-

358 814 621 882 sitatem,
650 812 724 871 ad
766 825 946 885 quam
984 811 1465 869 constituendam
1491 824 1741 869 necesse
1770 814 1864 868 est
1890 808 2115 881 gradus
2143 808 2413 866 diversos
2457 820 2521 888 in
2551 807 2768 888 formis.

359 891 423 944 et
448 884 739 952 materiiS‚
771 889 830 940 et
855 881 1194 955 agentibus,
1221 887 1282 939 et
1306 881 1694 953 patientibus,
1740 885 1801 938 et
1852 879 2213 943 actionibus,
2274 883 2335 936 et
2380 876 2773 958 accidentibus

361 968 524 1013 esse.
577 955 743 1011 Sicut
803 967 948 1026 ergo
1020 965 1258 1011 summa
1311 952 1465 1010 ratio
1519 950 1739 1010 divinae
1811 950 2198 1023 providentiae
2275 948 2629 1029 simpliciter
2694 951 2775 1005 est

362 1024 567 1085 divina
587 1024 850 1087 bonitas,
904 1023 988 1080 ita
1013 1024 1207 1095 prima
1234 1023 1388 1080 ratio
1423 1022 1489 1081 in
1527 1020 1819 1081 creaturis
1856 1027 1948 1079 est
1993 1032 2202 1079 eorum
2246 1024 2668 1100 numerositas,
2709 1014 2776 1075 ad

362 1096 539 1167 cujus
564 1094 1004 1152 institutionem
1031 1097 1088 1151 et
1115 1092 1632 1150 conservationem
1676 1092 1882 1150 omnia
1925 1089 2048 1149 alia
2098 1090 2362 1171 ordinari
2384 1088 2691 1171 ,videntun
2718 1088 2776 1170 lit

363 1164 700 1226 secundum
731 1165 849 1222 hoc
877 1163 1313 1221 rationabiliter
1334 1162 1569 1221 videtur
1602 1175 1738 1221 esse
1766 1175 1803 1220 a
1853 1162 2059 1219 Boetio
2102 1161 2349 1229 dictum,
2378 1172 2443 1216 in
2498 1170 2775 1231 principio

364 1249 493 1296 suae
513 1236 846 1294 Aritmeticae
872 1234 998 1307 (lib.
1019 1247 1064 1303 ι,
1093 1247 1224 1304 cap.
1244 1232 1323 1305 2),
1348 1232 1509 1307 quod
1542 1232 1746 1291 omnia
1773 1245 2164 1313 qnaecumque
2191 1245 2229 1289 a
2275 1231 2557 1302 primaeva
2595 1241 2777 1287 rerum

369 1312 588 1365 natura
613 1305 943 1364 constituta
971 1308 1134 1373 sunt,
1165 1318 1239 1361 ex
1261 1316 1649 1362 numerorum
1677 1302 1952 1360 videntur
1973 1308 2205 1360 ratione
2235 1314 2370 1359 esse
2401 1300 2675 1359 formata.

438 1379 541 1434 Est
567 1381 765 1434 autem
790 1373 1317 1443 considerandum,
1344 1374 1505 1446 quod
1534 1387 1572 1432 o
1614 1373 1837 1431 erativa
1864 1373 2018 1431 ratio
2056 1377 2117 1430 et
2161 1371 2530 1443 speculativa
2572 1370 2777 1452 partim

366 1446 609 1520 quidem
637 1445 1024 1512 conveniunt,
1053 1445 1272 1515 partim
1316 1457 1457 1503 vero
1505 1388 1809 1503 digerunt.
1856 1443 2230 1502 Conveniunt
2272 1441 2514 1516 quidem
2567 1454 2631 1498 in
2676 1440 2779 1521 hoc

367 1516 550 1645 flmm’
577 1516 734 1575 sicut
762 1515 915 1574 ratio
958 1514 1325 1595 speculativa
1350 1515 1563 1586 incipit
1614 1513 1690 1573 ab
1718 1514 1922 1587 aliquo
1950 1513 2247 1594 principio
2318 1517 2392 1594 ‚et-
2435 1525 2546 1585 per
2599 1510 2781 1592 media

411 1586 607 1644 evenit
630 1588 703 1645 ad
732 1586 1181 1644 conclusionem
1217 1585 1529 1654 intentam,
1558 1584 1643 1642 ita
1674 1584 1826 1643 ratio
1866 1584 2169 1655 operativa
2212 1588 2425 1655 incipit
2466 1582 2544 1641 ab
2592 1582 2778 1653 aliquo

367 1657 665 1738 principio
718 1660 775 1713 et
826 1670 932 1727 per
958 1655 1161 1727 aliqua
1200 1654 1398 1712 media
1436 1654 1706 1727 pervenit
1753 1653 1828 1713 ad
1882 1654 2286 1726 operationem
2338 1651 2433 1710 vel
2485 1658 2778 1724 operatum

370 1725 533 1801 quod
558 1726 906 1783 intenditur.
933 1725 1298 1795 Principium
1318 1729 1518 1783 autem
1542 1726 1605 1782 in
1630 1738 1662 1783 s
1705 1724 2015 1782 eculativis
2041 1730 2136 1782 est
2162 1724 2375 1792 forma,
2397 1728 2457 1781 et
2489 1723 2636 1795 quod
2661 1719 2781 1793 quid

369 1801 477 1865 cst3
494 1797 561 1853 in
587 1796 908 1868 operativis
935 1808 1075 1852 vero
1102 1794 1264 1864 finis,
1294 1796 1452 1868 quod
1482 1810 1644 1868 quan
1687 1809 1840 1867 oque
1863 1795 2104 1868 quidem
2128 1798 2221 1852 est
2261 1794 2476 1863 forma,
2527 1792 2781 1867 quando·

371 1881 488 1939 que
516 1866 741 1939 aliquid
772 1865 954 1924 aliud.
985 1866 1350 1945 Principium
1377 1867 1556 1924 etiam
1587 1866 1651 1922 in
1682 1865 2067 1936 speculativis
2107 1878 2344 1936 semper
2370 1869 2607 1935 oportet
2658 1875 2782 1922 esse

371 1936 811 2004 necessariiim3
841 1935 904 1992 in
927 1941 1247 2007 operativis
1263 1941 1458 2016 autem
1480 1936 1841 2008 quandoque
1863 1941 1956 1993 est
1979 1936 2411 2004 necessarium,
2433 1934 2780 2007 quandoque

372 2013 572 2065 autem
599 2018 724 2063 non
755 2024 770 2062 z
802 2006 1211 2064 necessarium
1240 2018 1402 2063 enim
1422 2012 1516 2064 est
1543 2006 1847 2064 hominem
1869 2005 2020 2063 velle
2045 2005 2388 2064 felicitatem
2439 2010 2507 2062 ut
2548 2004 2721 2063 finem
2763 2020 2778 2060 ι

372 2089 497 2134 non
526 2077 934 2134 necessarium
959 2081 1158 2133 autem
1187 2075 1340 2133 velle
1361 2075 1578 2134 domus
1611 2075 2086 2134 aedificationem.
2117 2076 2404 2134 Similiter
2445 2076 2513 2134 in
2557 2076 2783 2135 demon·

373 2147 637 2205 strativis
668 2160 905 2217 semper
936 2147 1271 2217 posteriora
1295 2146 1368 2204 ad
1399 2147 1600 2217 priora
1619 2146 1693 2204 de
1718 2146 2076 2205 necessitate
2104 2160 2170 2222 se
2215 2151 2440 2204 uuntur
2468 2164 2484 2214 ;
2530 2159 2652 2204 non
2695 2157 2782 2204 au·

372 2222 495 2275 tem
521 2217 586 2274 in
617 2217 938 2289 operativis
971 2230 1225 2288 semper,
1258 2216 1365 2274 sed
1387 2222 1531 2274 tnnc
1560 2217 1755 2275 solum
1785 2217 2027 2290 quando
2052 2216 2126 2275 ad
2215 2230 2352 2274 nem
2401 2216 2649 2276 nonnisi
2727 2227 2783 2273 er

373 2287 530 2345 hanc
551 2287 709 2345 viam
735 2287 1030 2358 perveniri
1055 2292 1282 2358 potest;
1314 2288 1472 2345 sicut
1499 2288 1907 2345 necessarium
1948 2292 2041 2345 est
2080 2287 2303 2345 volenti
2353 2285 2649 2346 aedificare
2725 2298 2783 2344 o·

372 2371 539 2415 mum
570 2357 729 2430 quod
759 2364 982 2430 quaerat
1011 2357 1206 2430 ligna3
1226 2357 1331 2415 sed
1359 2358 1518 2430 quod
1550 2363 1776 2431 quaerat
1797 2358 1963 2430 ligna
1989 2357 2268 2426 ebetius,
2300 2358 2415 2415 hoc
2434 2372 2510 2414 ex
2538 2354 2780 2435 simplici

373 2428 680 2486 voluntate
709 2428 904 2499 ipsius
933 2427 1244 2499 dependet,
1276 2441 1399 2485 non
1429 2433 1627 2488 autem
1656 2443 1730 2486 ex
1782 2429 2014 2486 ratione
2097 2442 2273 2487 omns
2314 2426 2695 2488 aedificandae.
2730 2426 2782 2486 Si

374 2499 560 2571 igitur
581 2499 738 2571 quod
771 2500 929 2557 Deus
957 2512 1129 2557 suam
1149 2498 1476 2558 bonitatem
1516 2504 1694 2569 amet,
1725 2497 1841 2558 hoc
1886 2499 2293 2557 necessarium
2341 2503 2461 2568 est;
2526 2499 2631 2559 sed
2680 2498 2782 2557 hoc

373 2581 497 2627 non
527 2571 872 2628 necessario
898 2571 1170 2643 sequitur
1197 2570 1356 2642 quod
1428 2584 1494 2628 er
1513 2576 1819 2629 creaturas
1847 2576 2323 2642 repraesentetur,
2353 2582 2490 2628 cum
2523 2572 2656 2629 sine
2678 2569 2783 2627 hoc

375 2639 578 2697 divina
603 2639 844 2699 bonitas
866 2640 947 2697 sit
973 2640 1253 2711 perfecta.
1288 2642 1375 2697 Un
1419 2655 1451 2698 e
1479 2641 1640 2713 quod
1669 2646 1951 2699 creaturae
1981 2641 2045 2698 in
2074 2654 2209 2699 esse
2236 2639 2660 2712 producantur,
2681 2637 2781 2698 etsi

375 2724 448 2768 ex
466 2709 697 2767 ratione
718 2709 933 2767 divinae
960 2710 1248 2769 bonitatis
1276 2711 1569 2783 originem
1599 2711 1834 2782 habeat,
1863 2716 2063 2769 tamen
2092 2725 2165 2769 ex
2188 2711 2448 2782 simplici
2467 2712 2576 2769 Dei
2593 2711 2783 2770 volun·

371 2785 493 2837 tate
523 2778 833 2851 dependet.
866 2781 1189 2851 supposito
1237 2786 1435 2840 autem
1478 2780 1638 2854 quod
1688 2783 1848 2839 Deus
1901 2782 2191 2840 creaturis
2244 2794 2415 2839 suam
2467 2779 2782 2840 bonitatem

374 2850 842 2919 communicare,
872 2851 1203 2909 secundum
1232 2850 1394 2932 quod
1422 2856 1515 2909 est
1578 2851 1849 2921 ossibile,
1878 2852 2020 2909 velit
2097 2866 2162 2910 er
2209 2850 2629 2911 similitudinis
2667 2864 2782 2909 mo-

374 2919 540 2990 dum,
571 2934 644 3000 ex
670 2919 787 2977 hoc
813 2921 1104 2978 rationem
1136 2921 1353 2992 accipit
1387 2935 1507 2994 quo
1577 2922 1701 2981 sint
1725 2926 2011 2981 creaturae
2080 2922 2320 2992 iversae;
2348 2934 2473 2979 non
2501 2928 2697 2981 autem
2719 2934 2785 2980 ex

372 2995 734 3048 necessitate
763 2990 1036 3063 sequitur
1066 2991 1227 3064 quod
1255 2992 1588 3050 secundum
1617 2991 1773 3050 hane
1798 2993 1893 3051 vel
1927 2993 2095 3051 illam
2119 2991 2510 3064 pei-rectionis
2554 3005 2785 3051 mensu·

371 3073 524 3142 ram,
554 3066 658 3119 aut
687 3061 1017 3120 secundum
1044 3061 1206 3119 hunc
1231 3062 1326 3119 vel
1353 3061 1525 3120 illum
1555 3075 1870 3122 numerum
1898 3076 2118 3123 rerum.
2150 3063 2472 3135 supposito
2496 3070 2692 3123 autem
2720 3074 2784 3120 ex

374 3130 582 3212 dmm!
607 3131 913 3190 voluntate
961 3132 1121 3204 quod
1172 3131 1336 3190 hunc
1372 3146 1690 3192 numerum
1736 3132 1801 3191 in
1828 3133 2008 3191 rebus
2042 3139 2301 3192 statuere
2333 3132 2478 3191 velit
2531 3140 2591 3191 et
2642 3134 2785 3192 hanc

372 3214 701 3274 unicuique
730 3202 815 3258 rei
832 3201 1217 3273 perfectionis
1244 3215 1611 3273 mensuram,
1632 3218 1706 3262 ex
1724 3202 1840 3261 hoc
1855 3204 2147 3263 rationem
2167 3203 2383 3276 accipit
2400 3204 2562 3276 qnod
2584 3203 2786 3263 habeat

371 3272 628 3329 formam
651 3272 851 3341 talem,
882 3276 941 3328 et
967 3272 1276 3329 materiam
1304 3273 1514 3342 talem;
1557 3279 1615 3331 et
1641 3273 1921 3332 similiter
1963 3274 2025 3332 in
2069 3274 2581 3347 consequentibus
2614 3276 2782 3346 patet.

369 3341 752 3400 Manifestum
781 3342 965 3414 igitur
990 3340 1057 3398 fit
1083 3341 1244 3414 quod
1272 3343 1646 3414 providentia
1672 3344 2005 3403 secundum
2028 3345 2321 3403 rationem
2351 3345 2671 3418 quamdam
2695 3354 2784 3402 res

372 3411 701 3493 dispensat,
733 3417 791 3469 et
812 3416 1013 3469 tamen
1044 3411 1170 3492 haec
1197 3413 1351 3471 ratio
1371 3416 1630 3472 sumitur
1655 3429 1729 3473 ex
1754 3427 1868 3486 sup
1910 3415 2174 3474 ositione
2201 3415 2528 3475 voluntatis
2556 3415 2782 3475 divinae.

442 3484 538 3541 Sic
567 3487 752 3554 igitur
770 3495 876 3552 per
901 3495 1215 3553 praemissa
1243 3483 1461 3555 duplex
1487 3498 1655 3543 error
1679 3486 1851 3544 exclu
1895 3485 2049 3544 itur:
2071 3499 2281 3545 eorum
2297 3485 2642 3560 scilicetqui
2668 3497 2783 3543 cre·

373 3551 524 3611 dunt
550 3553 708 3625 quod
739 3552 951 3634 omnia·
973 3552 1308 3633 simplicem
1333 3555 1698 3613 voluntatem
1726 3561 2057 3629 sequantur
2102 3556 2329 3629 absque
2374 3556 2643 3626 ratione;
2690 3552 2784 3628 qui

373 3629 466 3680 est
495 3635 661 3680 error
686 3622 1060 3695 loquentium
1086 3636 1150 3680 in
1178 3625 1310 3698 lege
1339 3626 1793 3697 Saracenorum,
1820 3631 1887 3684 ut
1912 3626 2081 3685 rabbi
2108 3629 2345 3699 Moyses
2377 3626 2554 3685 dicit:
2586 3637 2787 3686 secun·

373 3692 514 3751 dum
553 3706 707 3767 quos
738 3693 904 3751 nulla
931 3692 1268 3752 differentia
1294 3696 1575 3768 estquod
1603 3696 1767 3768 ignis
1815 3696 2126 3756 calefaciat
2178 3703 2237 3754 et
2289 3696 2619 3770 infrigidet,
2672 3691 2784 3753 nisi

371 3764 516 3845 quia
542 3766 700 3823 Deus
729 3764 982 3845 ita-vult.
1015 3765 1359 3824 Excluditur
1384 3766 1563 3824 etiam
1591 3779 1759 3824 error
1786 3780 1995 3826 eorum
2045 3767 2150 3841 qui
2202 3766 2429 3830 dicunt,
2474 3775 2784 3826 causarum

372 3834 644 3893 ordinem
676 3848 750 3893 ex
773 3835 975 3893 divina
993 3835 1367 3906 providentia
1388 3849 1493 3916 per
1511 3835 1758 3896 modum
1774 3837 2156 3898 necessitatis
2167 3837 2503 3910 provenire.
2525 3838 2782 3906 Quorum

371 3909 692 3978 utrumque
720 3910 881 3976 patet
907 3919 1043 3965 esse
1068 3905 1286 3964 falsum
1315 3920 1387 3965 ex
1415 3906 1613 3965 dictis.

444 3975 596 4033 Sunt
618 3981 816 4034 autem
845 3975 1118 4049 quaedam
1144 3976 1323 4035 verba
1348 3988 1534 4035 sacrat
1562 3978 1879 4050 scripturae
1906 3991 2041 4052 quae
2066 3976 2343 4038 videntur
2378 3976 2638 4050 simplici
2683 3987 2781 4033 vo·

372 4044 588 4103 luntati
607 4045 823 4105 divinae
850 4049 1056 4105 omnia
1083 4047 1401 4105 attribuere
1430 4066 1446 4104 ε
1473 4062 1607 4121 quae
1633 4062 1759 4107 non
1788 4049 2069 4108 dicuntur
2094 4048 2170 4107 ad
2197 4048 2313 4108 hoc
2342 4054 2409 4107 ut
2433 4049 2586 4107 ratio
2616 4045 2781 4124 tolla:

371 4119 471 4173 tur
500 4128 537 4173 a
562 4117 950 4186 providentiae
979 4117 1451 4189 dispensatione,
1481 4119 1590 4178 sed
1619 4125 1685 4177 ut
1709 4120 1979 4177 omnium
2004 4119 2265 4192 primum
2292 4118 2655 4194 principium
2679 4118 2777 4174 Dei

371 4185 650 4244 voluntas
679 4185 1047 4258 ostendatur,
1076 4188 1232 4247 sicut
1254 4189 1379 4261 jam
1409 4202 1592 4262 supra
1618 4188 1843 4249 dictum
1872 4194 1986 4260 est,
2012 4189 2172 4249 sicut
2196 4189 2377 4249 estin
2404 4192 2504 4249 ΡΒ.
2533 4197 2777 4253 cxxxiv,

372 4258 406 4312 6
433 4273 447 4312 ι
480 4255 676 4312 Omnia
706 4272 1052 4330 quaecumque
1065 4260 1256 4323 voluit,
1292 4262 1556 4319 Dominus
1578 4263 1731 4330 reci&
1756 4263 1821 4317 et
1844 4258 1975 4327 lob,
2003 4271 2089 4331 lx,
2119 4263 2154 4318 3
2183 4277 2199 4317 :
2230 4260 2365 4328 Quis
2391 4262 2444 4317 ei
2480 4260 2655 4316 dicere
2687 4269 2781 4329 po-

372 4329 475 4405 test
494 4344 512 4379 .·
544 4326 759 4407 θην-ἱείς
780 4329 925 4395 facis
953 4332 985 4383 Υ
1009 4334 1068 4386 et
1095 4331 1288 4399 Rom„
1312 4342 1400 4399 ix,
1435 4334 1501 4388 19
1532 4349 1547 4387 ε
1581 4331 1867 4388 Voluntati
1895 4331 2013 4401 ejus
2040 4334 2168 4402 quis
2193 4332 2401 4388 resistit
2425 4332 2456 4386 t>
2474 4335 2533 4388 et
2556 4333 2781 4400 Augus·

371 4400 535 4453 tinus
560 4396 704 4453 dicit
730 4409 793 4453 in
821 4397 995 4456 tertio
1023 4401 1101 4456 De
1130 4401 1282 4458 mn.
1315 4399 1466 4473 (cap.
1494 4405 1529 4459 3
1559 4405 1620 4459 et
1657 4400 1712 4473 4)
1747 4418 1761 4458 :
1800 4423 1830 4454 α
1856 4401 2109 4461 Nonnisi
2153 4400 2259 4461 Dei
2306 4400 2582 4462 voluntas
2603 4406 2784 4458 causa
