3076 5025
426 261 534 315 256
1179 212 1216 219 ⁴*
1374 252 1508 315 un.
1546 254 1621 324 11,
1660 253 1813 313 CAP.
1853 253 1915 312 c.

430 393 533 439 eas
561 376 786 450 aliquid
815 380 1216 449 cognoscatur
1241 390 1349 448 per
1375 375 1805 434 similitudines
1833 387 2029 432 rerum
2059 373 2483 455 materialium,
2504 372 2872 433 substantiae

431 454 715 521 separatae
741 461 865 506 non
893 446 1092 505 solum
1119 452 1496 519 cognoscunt
1522 459 1620 503 res
1649 444 1989 504 materiales
2019 443 2350 503 secundum
2374 450 2664 503 rationem
2686 457 2878 517 gene-

430 521 515 579 ris
543 520 636 576 vel
667 517 912 590 speciei,
945 517 1103 575 sicut
1130 516 1469 596 intellectus
1499 520 1726 596 noster,
1757 514 1864 573 sed
1894 515 2072 596 etiam
2098 514 2427 573 secundum
2460 513 2794 595 individua.

502 591 694 658 Quum
724 588 882 645 enim
915 587 1148 658 species
1174 600 1372 643 rerum
1402 598 1467 641 in
1495 586 1802 644 intellectu
1832 590 2157 644 existentes
2187 599 2223 643 o
2268 589 2459 644 orteat
2484 598 2622 643 esse
2649 597 2864 643 imma-

430 659 690 726 teriales,
722 671 843 716 non
879 662 1177 729 poterunt.
1226 655 1557 714 secundum
1597 655 1755 728 quod
1804 660 1946 714 sunt
1989 655 2052 713 in
2095 654 2218 714 inte
2246 655 2400 715 lectu
2448 661 2683 725 nostro,
2725 668 2863 713 esse

429 729 789 802 principium
819 725 1223 799 cognoscendi
1250 725 1604 798 singularia,
1636 739 1768 798 quae
1794 740 1901 797 per
1926 725 2234 784 materiam
2283 725 2755 794 individuantur,
2786 737 2857 783 eo

430 799 590 872 quod
621 799 853 872 species
884 798 1221 855 intellectus
1251 796 1441 854 nostri
1484 796 1550 853 iii
1594 801 1823 854 tantum
1872 800 2016 854 sunt
2051 801 2369 854 contractae
2418 795 2656 854 virtutis
2702 794 2858 869 quod

432 884 554 929 una
580 870 743 927 ducit
772 868 969 927 solum
1010 867 1073 924 in
1117 867 1523 939 cognitionem
1571 867 1791 936 unius;
1822 865 2002 935 unde,
2052 867 2207 924 sicut
2257 865 2588 923 similitudo
2633 871 2861 924 naturae

431 941 671 1013 generis
700 953 823 996 non
851 942 1046 1010 potest
1075 936 1290 995 ducere
1319 937 1380 993 in
1410 937 1819 1009 cognitionem
1863 937 2102 1009 generis
2131 942 2206 1018 et·
2236 935 2609 1019 differentiae,
2642 939 2710 994 ut
2752 948 2861 1063 ger

431 1025 561 1069 eam
591 1009 824 1082 species
852 1013 1270 1081 cognoscatur,
1298 1007 1382 1065 ita
1410 1006 1744 1066 similitudo
1772 1013 2000 1065 naturae
2046 1020 2266 1079 speciei
2298 1019 2418 1065 non
2449 1010 2645 1078 potest
2674 1005 2748 1064 de
2792 1020 2859 1064 u-

431 1095 564 1138 cere
594 1081 658 1137 in
687 1078 1093 1152 cognitionem
1137 1077 1569 1150 principiorum
1622 1078 1844 1150 speciei
1886 1083 1945 1135 et
1984 1076 2485 1136 individuantium
2535 1090 2667 1150 quae
2721 1081 2867 1135 sunt

431 1151 724 1223 principia
756 1148 1107 1218 materialia,
1134 1152 1203 1205 ut
1214 1162 1326 1230 per
1352 1162 1482 1206 eam
1515 1146 1886 1206 individuum
1917 1148 1982 1205 in
2011 1161 2123 1206 sua
2151 1147 2567 1221 singularitate
2601 1159 2866 1228 coguos-

430 1228 618 1280 catur.
649 1218 986 1278 Similitudo
1027 1231 1168 1277 vero
1210 1218 1552 1277 intellectus
1582 1218 1934 1277 substantiae
1966 1222 2276 1290 separatae,
2303 1232 2488 1291 quum
2517 1217 2598 1276 sit
2622 1230 2869 1298 univer·

431 1291 581 1350 salis
607 1290 864 1361 virtutiS,
893 1303 1016 1347 una
1041 1294 1102 1347 et
1124 1287 1536 1347 immaterialis
1567 1288 1851 1358 existenS,
1882 1294 2078 1361 potest
2118 1288 2332 1346 ducere
2356 1289 2421 1346 in
2450 1288 2866 1361 cognitionem

430 1362 863 1442 principiorum
888 1359 1108 1433 speciei
1156 1364 1216 1417 et
1258 1357 1781 1429 individuantium‚
1831 1373 1964 1433 quae
2003 1363 2147 1417 sunt
2181 1359 2476 1431 principia
2505 1358 2865 1427 materialia,

431 1437 516 1490 ita
539 1431 699 1511 quod
728 1444 833 1503 per
860 1444 990 1489 eam
1038 1429 1374 1489 substantia
1419 1434 1695 1502 separata
1736 1443 1859 1488 non
1908 1428 2106 1489 solum
2153 1430 2461 1487 materiam
2510 1429 2754 1501 generis
2805 1433 2872 1487 et

344 1508 353 1512 “
432 1502 677 1574 speciei,
708 1501 812 1559 sed
843 1501 1020 1558 etiam
1050 1500 1340 1557 individui
1368 1512 1734 1573 cognoscere
1761 1499 1958 1570 possit
1978 1513 2086 1571 per
2111 1513 2288 1557 suuni
2318 1499 2711 1558 intellectum.
2744 1499 2869 1558 Nec

434 1572 707 1645 sequitur
726 1570 894 1699 guod
925 1571 1116 1628 forma
1134 1583 1442 1652 per-quam
1474 1570 1791 1643 cognoscit
1818 1571 1899 1629 sit
1924 1570 2274 1641 materialis,
2294 1571 2388 1630 vel
2412 1569 2574 1644 quod
2598 1567 2869 1628 sintinfi·

431 1648 508 1700 tae
538 1654 723 1699 secun
770 1655 867 1698 um
898 1653 1211 1699 numerum
1238 1640 1705 1699 individuorum.

501 1712 719 1780 Adhuc,
751 1711 912 1784 quod
940 1715 1135 1783 potest
1163 1710 1412 1768 inferior
1434 1711 1626 1769 virtus
1670 1715 1868 1783 potest
1891 1716 1951 1768 et
1977 1712 2272 1783 superior,
2303 1710 2410 1770 sed
2450 1711 2860 1781 eminentius;

435 1781 591 1840 unde
619 1783 806 1840 virtus
834 1782 1085 1840 inferior
1124 1786 1402 1852 operatur
1443 1794 1550 1854 pei·
1593 1780 1800 1850 multa,
1832 1779 1935 1839 ubi
1975 1782 2166 1840 virtus
2210 1782 2486 1855 superior
2531 1795 2637 1854 per
2667 1795 2861 1841 unum

432 1856 663 1933 tantum
693 1856 1010 1923 operatur3
1041 1850 1230 1932 virtus
1258 1850 1418 1931 enim
1444 1855 1668 1934 quanto
1697 1856 1790 1933 est
1812 1852 2105 1934 superior,
2135 1857 2303 1911 tanto
2334 1852 2529 1978 mag-is
2556 1851 2869 1925 colligitur

435 1927 494 1979 et
519 1928 757 1992 unitur;
789 1936 821 1979 e
854 1927 1153 1979 contrario
1177 1935 1318 1979 vero
1347 1927 1536 1979 virtus
1566 1922 1816 1980 inferior
1839 1921 2123 1981 div1ditur
2144 1928 2203 1980 et
2230 1923 2442 1994 multip
2469 1927 2678 1992 icatur,
2702 1922 2866 1981 unde

432 1992 707 2051 videmus
733 1992 893 2064 quod
921 1992 1156 2049 diversa
1182 2005 1405 2064 genera
1431 1992 1833 2062 sensibilium,
1863 2005 1997 2065 quae
2035 1993 2300 2067 quinque
2340 2004 2561 2052 sensus
2604 1993 2864 2053 exterio·

434 2076 532 2120 res
555 2063 909 2134 percipiunt,
935 2075 1059 2120 una
1083 2061 1175 2120 vis
1205 2074 1424 2119 sensus
1453 2063 1794 2121 communis
1822 2062 2232 2134 apprehendit.
2262 2064 2474 2121 Anima
2500 2069 2701 2122 autem
2750 2063 2865 2124 hu-

434 2145 614 2190 mana
635 2138 727 2190 est
752 2133 1000 2191 inferior
1021 2131 1230 2191 ordine
1269 2137 1496 2190 naturae
1537 2146 1717 2206 quam
1765 2133 2102 2197 substantia
2156 2140 2464 2207 separata;
2493 2134 2627 2215 ipsa
2659 2139 2864 2192 autem

433 2202 843 2275 cognoscitiva
867 2208 960 2260 est
990 2202 1416 2260 universalium
1447 2207 1505 2259 et
1534 2202 1930 2275 singularium
1970 2218 2077 2275 per
2117 2203 2237 2262 duo
2283 2204 2597 2285 principia,
2628 2204 2866 2264 scilicet

433 2287 542 2345 per
569 2286 817 2331 sensum
867 2278 926 2330 et
978 2271 1365 2330 intellectum.
1415 2273 1761 2332 Substantia
1809 2273 1991 2346 igitur
2044 2280 2336 2346 separata,
2367 2288 2500 2355 quae
2540 2280 2636 2333 est
2661 2275 2862 2346 altior,

435 2344 749 2416 cognoscit
776 2347 1093 2416 utrumque
1116 2341 1313 2400 altiori
1340 2343 1519 2401 modo
1548 2357 1655 2415 per
1682 2357 1870 2401 unum
1909 2343 2289 2416 principium,
2321 2345 2553 2403 scilicet
2590 2344 2866 2405 intellec·

438 2420 587 2471 tum.

504 2485 655 2549 Item,
687 2484 918 2557 species
947 2497 1143 2543 rerum
1172 2483 1581 2559 intelligibiles
1610 2484 1909 2544 contrario
1934 2484 2144 2544 ordine
2181 2485 2536 2558 perveniunt
2581 2485 2654 2544 ad
2683 2484 2863 2546 intel-

434 2557 654 2614 lectum
683 2561 952 2613 nostrum
982 2559 1040 2612 et
1067 2554 1431 2614 intellectum
1463 2555 1812 2615 substantiae
1838 2562 2162 2628 separatae;
2194 2556 2268 2614 ad
2296 2556 2662 2615 intellectum
2694 2558 2862 2616 enim

433 2630 708 2685 nostrum
736 2624 1088 2697 perveniunt
1130 2640 1236 2697 per
1261 2625 1417 2684 viam
1462 2626 1873 2696 resolutionis,
1903 2627 2136 2686 scilicet
2174 2641 2280 2700 per
2325 2626 2791 2686 abstractionem
2825 2642 2863 2688 a

434 2695 882 2755 conditionibus
911 2695 1318 2755 materialibus
1342 2703 1399 2754 et
1425 2696 1975 2767 individuantibus3
2016 2697 2175 2755 unde
2220 2711 2326 2769 per
2378 2711 2485 2756 eas
2521 2697 2860 2770 singularia

433 2779 473 2825 a
500 2765 677 2825 nobis
708 2766 992 2838 cognosci
1022 2780 1144 2825 non
1173 2772 1428 2838 possunt
1451 2785 1466 2836 ;
1497 2766 1573 2825 ad
1592 2767 1953 2826 intellectum
1976 2772 2172 2826 autem
2195 2767 2547 2826 substantiae
2567 2773 2859 2840 separatae

431 2836 787 2907 perveniunt
841 2836 1072 2917 species
1119 2836 1528 2910 intelligibiles
1576 2838 1749 2918 quasi
1795 2851 1901 2909 per
1936 2838 2094 2897 viam
2142 2838 2631 2910 compositionis;
2680 2837 2863 2896 babet

430 2907 596 2964 enim
622 2906 855 2977 species
876 2906 1284 2979 intelligibiles
1312 2921 1386 2964 ex
1413 2906 1847 2966 assimilatione
1877 2908 1973 2966 sui
2012 2907 2088 2966 ad
2124 2910 2378 2981 primam
2413 2908 2856 2982 intelligibilem

434 2976 695 3047 speciem
736 2975 1074 3035 intellectus
1100 2976 1283 3034 divini
1335 2992 1468 3049 quae
1509 2977 1747 3051 quidem
1793 2991 1912 3037 non
1957 2982 2050 3036 est
2083 2992 2121 3036 a
2170 2979 2348 3038 rebus
2397 2980 2715 3049 abstracta,
2746 2979 2856 3037 sed

431 3058 632 3127 rerum
662 3046 893 3127 factiva,
925 3049 1250 3129 Est-autem
1281 3019 1495 3106 factiva
1523 3061 1646 3105 nou
1673 3047 1871 3129 solum
1901 3048 2129 3117 formae,
2159 3049 2266 3108 sed
2295 3049 2577 3119 materiae,
2603 3062 2736 3121 quae
2765 3055 2866 3108 est

432 3115 926 3174 individuationis
954 3129 1333 3196 principium.
1364 3117 1606 3189 Species
1634 3118 1818 3191 igitur
1834 3119 2174 3178 intellectus
2196 3118 2545 3178 substantiae
2566 3125 2861 3201 separatae

431 3191 618 3266 totam
644 3199 765 3242 rem
795 3186 1141 3257 respiciunt,
1168 3194 1224 3245 et
1254 3201 1375 3245 non
1404 3189 1603 3246 solum
1630 3189 1923 3261 principia
1955 3188 2198 3270 speciei,
2228 3190 2334 3248 sed
2355 3191 2534 3249 etiam
2562 3189 2865 3262 principia

431 3256 885 3314 individuantia.
917 3258 1046 3314 Non
1079 3257 1213 3315 esti
1260 3257 1378 3315 itur
1396 3258 1791 3331 singularium
1835 3260 2101 3333 cognitio
2150 3259 2554 3319 subtrahenda
2576 3259 2862 3318 substan-

429 3326 535 3386 tiis
560 3327 871 3407 separatiS,
902 3326 1037 3384 licet
1064 3326 1207 3385 intel
1236 3332 1403 3387 ectus
1430 3335 1638 3387 noster
1664 3330 1996 3403 singularia
2022 3343 2388 3403 cognoscere
2418 3344 2537 3390 non
2569 3330 2781 3403 possit.

501 3398 787 3465 Praeterea,
818 3410 868 3454 si
896 3409 1147 3468 coi-pora
1175 3397 1444 3457 coelestia
1470 3406 1786 3458 moventur
1812 3414 1848 3457 a
1893 3400 2252 3459 substantiis
2299 3402 2612 3473 separatis,
2642 3414 2862 3460 secun-

432 3464 572 3524 dum
621 3466 1116 3538 pbilosophorum
1162 3468 1525 3539 positionem
1573 3470 1939 3543 metaphys„
1970 3483 2077 3540 xri,
2106 3476 2246 3528 text.
2296 3485 2513 3530 comm.
2543 3476 2611 3528 36
2657 3477 2716 3529 et
2741 3471 2837 3545 37)

431 3549 616 3609 quum
640 3536 994 3618 substantia}
1015 3544 1301 3611 separatae
1328 3544 1509 3612 agant
1529 3546 1588 3598 et
1612 3546 1889 3599 moveant
1906 3554 2013 3613 per
2031 3540 2421 3611 intellectum,
2436 3547 2672 3615 oportet
2693 3515 2861 3616 quod

432 3613 799 3688 cognoscant
836 3608 1056 3667 mobile
1097 3608 1258 3682 quod
1301 3614 1561 3679 movent,
1609 3610 1769 3692 quod
1811 3615 1903 3669 est
1948 3610 2247 3685 quoddam
2297 3613 2690 3685 particulare;
2717 3625 2860 3672 nam

347 3702 360 3712 s
429 3677 793 3736 universalia
820 3678 1154 3738 immobilia
1176 3684 1336 3739 sunt.
1367 3680 1528 3739 Situs
1558 3684 1756 3746 etiam,
1788 3681 1890 3753 qui
1919 3688 2283 3740 renovantur
2308 3696 2415 3754 per
2441 3688 2692 3747 motum,
2716 3689 2863 3742 sunt

429 3747 700 3825 quiedam
725 3748 1060 3821 singularia
1088 3765 1221 3832 quae
1246 3763 1383 3832 non·
1396 3756 1653 3823 possunt
1679 3751 1696 3808 i
1786 3752 1946 3809 orari
1975 3765 2010 3810 a
2053 3752 2391 3811 substantia
2433 3757 2712 3812 movente
2752 3765 2862 3824 per

428 3816 1091 3900 intellectum20portet
1118 3825 1301 3893 igitur
1329 3819 1525 3879 dicere
1572 3835 1693 3893 quo
1780 3820 2133 3881 substantiae
2185 3827 2473 3895 separatae
2521 3821 2858 3898 singularia

361 3940 367 3946 .
428 3894 802 3959 cognoscant
825 3895 1078 3950 istarum
1103 3890 1504 3950 materialium
1527 3904 1747 3952 rerum.
1778 3891 1824 3966 (1
1850 3897 2025 3965 part„
2055 3907 2115 3967 q.
2142 3905 2287 3965 nvn,
2316 3898 2425 3954 art.
2451 3893 2534 3967 7.)
