<?xml version="1.0" encoding="UTF-8"?>
<!DOCTYPE html PUBLIC "-//W3C//DTD XHTML 1.0 Transitional//EN"
    "http://www.w3.org/TR/xhtml1/DTD/xhtml1-transitional.dtd">
<html xmlns="http://www.w3.org/1999/xhtml" xml:lang="en" lang="en">
 <head>
  <title>
</title>
<meta http-equiv="Content-Type" content="text/html;charset=utf-8" />
  <meta name='ocr-system' content='tesseract 3.04.00' />
  <meta name='ocr-capabilities' content='ocr_page ocr_carea ocr_par ocr_line ocrx_word'/>
</head>
<body>
  <div class='ocr_page' id='page_1' title='image "./deveritatecatho00rubegoog_0091.png"; bbox 0 0 3076 5025; ppageno 0'>
   <div class='ocr_carea' id='block_1_1' title="bbox 1169 312 2633 380">
    <p class='ocr_par' dir='ltr' id='par_1_1' title="bbox 1169 312 2633 380">
     <span class='ocr_line' id='line_1_1' title="bbox 1169 312 2633 380; baseline 0.008 -12"><span class='ocrx_word' id='word_1_1' title='bbox 1169 312 1302 370; x_wconf 73' lang='grc' dir='ltr'><strong>ΠΒ.</strong></span> <span class='ocrx_word' id='word_1_2' title='bbox 1344 315 1387 377; x_wconf 85' lang='lat'><strong>1,</strong></span> <span class='ocrx_word' id='word_1_3' title='bbox 1426 315 1579 372; x_wconf 76' lang='lat' dir='ltr'><strong>CAP.</strong></span> <span class='ocrx_word' id='word_1_4' title='bbox 1617 315 1679 373; x_wconf 81' lang='lat' dir='ltr'><strong>L.</strong></span> <span class='ocrx_word' id='word_1_5' title='bbox 2562 322 2633 380; x_wconf 69' lang='lat'><strong>⁶⁸</strong></span> 
     </span>
    </p>
   </div>
   <div class='ocr_carea' id='block_1_2' title="bbox 1236 552 1602 646">
    <p class='ocr_par' dir='ltr' id='par_1_2' title="bbox 1236 552 1602 646">
     <span class='ocr_line' id='line_1_2' title="bbox 1236 552 1602 646; baseline -0.003 -1"><span class='ocrx_word' id='word_1_6' title='bbox 1236 552 1493 646; x_wconf 77' lang='lat' dir='ltr'>CAPUT</span> <span class='ocrx_word' id='word_1_7' title='bbox 1532 583 1602 645; x_wconf 79' lang='lat' dir='ltr'><strong>L.</strong></span> 
     </span>
    </p>
   </div>
   <div class='ocr_carea' id='block_1_3' title="bbox 422 739 2391 816">
    <p class='ocr_par' dir='ltr' id='par_1_3' title="bbox 422 739 2391 816">
     <span class='ocr_line' id='line_1_3' title="bbox 422 739 2391 816; baseline 0.004 -8"><span class='ocrx_word' id='word_1_8' title='bbox 422 760 584 815; x_wconf 84' lang='lat' dir='ltr'><strong>onon</strong></span> <span class='ocrx_word' id='word_1_9' title='bbox 620 739 789 807; x_wconf 68' lang='grc' dir='ltr'><strong>ππ·</strong></span> <span class='ocrx_word' id='word_1_10' title='bbox 814 759 1010 807; x_wconf 74' lang='lat' dir='ltr'><strong>mm</strong></span> <span class='ocrx_word' id='word_1_11' title='bbox 1030 759 1329 807; x_wconf 70' lang='lat' dir='ltr'><strong>rani-amr</strong></span> <span class='ocrx_word' id='word_1_12' title='bbox 1354 761 1756 811; x_wconf 74' lang='lat' dir='ltr'><strong>coemmm</strong></span> <span class='ocrx_word' id='word_1_13' title='bbox 1787 763 1865 811; x_wconf 67' lang='lat' dir='ltr'><strong>mi</strong></span> <span class='ocrx_word' id='word_1_14' title='bbox 1901 764 2086 812; x_wconf 77' lang='lat' dir='ltr'><strong>mus</strong></span> <span class='ocrx_word' id='word_1_15' title='bbox 2114 765 2391 816; x_wconf 75' lang='lat' dir='ltr'><strong>omns.</strong></span> 
     </span>
    </p>
   </div>
   <div class='ocr_carea' id='block_1_4' title="bbox 189 922 2632 4522">
    <p class='ocr_par' dir='ltr' id='par_1_4' title="bbox 189 922 2632 1642">
     <span class='ocr_line' id='line_1_4' title="bbox 260 922 2623 1006; baseline 0.005 -25"><span class='ocrx_word' id='word_1_16' title='bbox 260 923 417 995; x_wconf 82' lang='lat' dir='ltr'><strong>Quia</strong></span> <span class='ocrx_word' id='word_1_17' title='bbox 439 936 591 980; x_wconf 86' lang='lat' dir='ltr'><strong>vero</strong></span> <span class='ocrx_word' id='word_1_18' title='bbox 627 923 876 1003; x_wconf 78' lang='lat' dir='ltr'><strong>quidam</strong></span> <span class='ocrx_word' id='word_1_19' title='bbox 904 922 1180 982; x_wconf 85' lang='lat' dir='ltr'><strong>dixerunt</strong></span> <span class='ocrx_word' id='word_1_20' title='bbox 1206 923 1364 996; x_wconf 84' lang='lat' dir='ltr'><strong>qnod</strong></span> <span class='ocrx_word' id='word_1_21' title='bbox 1396 927 1555 983; x_wconf 79' lang='lat' dir='ltr'><strong>Dens</strong></span> <span class='ocrx_word' id='word_1_22' title='bbox 1583 928 1657 984; x_wconf 90' lang='lat' dir='ltr'><strong>de</strong></span> <span class='ocrx_word' id='word_1_23' title='bbox 1684 926 1823 985; x_wconf 83' lang='lat' dir='ltr'><strong>aliis</strong></span> <span class='ocrx_word' id='word_1_24' title='bbox 1849 927 2030 987; x_wconf 89' lang='lat' dir='ltr'><strong>rebus</strong></span> <span class='ocrx_word' id='word_1_25' title='bbox 2055 941 2176 988; x_wconf 92' lang='lat' dir='ltr'><strong>non</strong></span> <span class='ocrx_word' id='word_1_26' title='bbox 2209 929 2389 989; x_wconf 87' lang='lat' dir='ltr'><strong>habet</strong></span> <span class='ocrx_word' id='word_1_27' title='bbox 2414 933 2623 1006; x_wconf 88' lang='lat' dir='ltr'><strong>cogni-</strong></span> 
     </span>
     <span class='ocr_line' id='line_1_5' title="bbox 190 992 2621 1075; baseline 0.003 -21"><span class='ocrx_word' id='word_1_28' title='bbox 190 995 420 1054; x_wconf 84' lang='lat' dir='ltr'><strong>tionem</strong></span> <span class='ocrx_word' id='word_1_29' title='bbox 454 994 581 1051; x_wconf 87' lang='lat' dir='ltr'><strong>nisi</strong></span> <span class='ocrx_word' id='word_1_30' title='bbox 606 992 1030 1063; x_wconf 83' lang='lat' dir='ltr'><strong>universalem,</strong></span> <span class='ocrx_word' id='word_1_31' title='bbox 1062 1000 1125 1051; x_wconf 90' lang='lat' dir='ltr'><strong>ut</strong></span> <span class='ocrx_word' id='word_1_32' title='bbox 1210 1000 1266 1051; x_wconf 90' lang='lat' dir='ltr'><strong>te</strong></span> <span class='ocrx_word' id='word_1_33' title='bbox 1293 1009 1670 1067; x_wconf 89' lang='lat' dir='ltr'><strong>cognoscens</strong></span> <span class='ocrx_word' id='word_1_34' title='bbox 1699 1011 1770 1055; x_wconf 89' lang='lat' dir='ltr'><strong>ea</strong></span> <span class='ocrx_word' id='word_1_35' title='bbox 1815 998 1879 1054; x_wconf 90' lang='lat' dir='ltr'><strong>in</strong></span> <span class='ocrx_word' id='word_1_36' title='bbox 1916 1006 2204 1070; x_wconf 83' lang='lat' dir='ltr'><strong>quantum</strong></span> <span class='ocrx_word' id='word_1_37' title='bbox 2247 1006 2391 1059; x_wconf 89' lang='lat' dir='ltr'><strong>suut</strong></span> <span class='ocrx_word' id='word_1_38' title='bbox 2434 1003 2621 1075; x_wconf 80' lang='lat' dir='ltr'>entia,</span> 
     </span>
     <span class='ocr_line' id='line_1_6' title="bbox 189 1063 2624 1146; baseline 0.003 -22"><span class='ocrx_word' id='word_1_39' title='bbox 189 1078 267 1124; x_wconf 79' lang='lat' dir='ltr'><strong>ex</strong></span> <span class='ocrx_word' id='word_1_40' title='bbox 292 1066 412 1123; x_wconf 83' lang='lat' dir='ltr'><strong>hoc</strong></span> <span class='ocrx_word' id='word_1_41' title='bbox 439 1063 606 1136; x_wconf 83' lang='lat' dir='ltr'><strong>quod</strong></span> <span class='ocrx_word' id='word_1_42' title='bbox 638 1070 911 1121; x_wconf 88' lang='lat' dir='ltr'><strong>naturam</strong></span> <span class='ocrx_word' id='word_1_43' title='bbox 933 1076 1108 1122; x_wconf 87' lang='lat' dir='ltr'><strong>essen</strong></span> <span class='ocrx_word' id='word_1_44' title='bbox 1152 1065 1171 1121; x_wconf 87' lang='lat' dir='ltr'><strong>i</strong></span> <span class='ocrx_word' id='word_1_45' title='bbox 1218 1068 1531 1146; x_wconf 84' lang='lat' dir='ltr'><strong>cognoscit</strong></span> <span class='ocrx_word' id='word_1_46' title='bbox 1550 1082 1653 1137; x_wconf 86' lang='lat' dir='ltr'><strong>per</strong></span> <span class='ocrx_word' id='word_1_47' title='bbox 1671 1068 2078 1141; x_wconf 89' lang='lat' dir='ltr'><strong>cognitionem</strong></span> <span class='ocrx_word' id='word_1_48' title='bbox 2097 1071 2413 1142; x_wconf 85' lang='lat' dir='ltr'><strong>suiipsius,</strong></span> <span class='ocrx_word' id='word_1_49' title='bbox 2435 1079 2624 1132; x_wconf 86' lang='lat' dir='ltr'><strong>restat</strong></span> 
     </span>
     <span class='ocr_line' id='line_1_7' title="bbox 193 1134 2622 1211; baseline 0.003 -16"><span class='ocrx_word' id='word_1_50' title='bbox 193 1135 641 1195; x_wconf 59' lang='lat' dir='ltr'><strong>ementiendum</strong></span> <span class='ocrx_word' id='word_1_51' title='bbox 672 1134 834 1207; x_wconf 91' lang='lat' dir='ltr'><strong>quod</strong></span> <span class='ocrx_word' id='word_1_52' title='bbox 861 1137 1016 1193; x_wconf 87' lang='lat' dir='ltr'><strong>Deus</strong></span> <span class='ocrx_word' id='word_1_53' title='bbox 1040 1142 1356 1208; x_wconf 80' lang='lat' dir='ltr'><strong>cognoscit</strong></span> <span class='ocrx_word' id='word_1_54' title='bbox 1379 1150 1591 1195; x_wconf 88' lang='lat' dir='ltr'><strong>omnes</strong></span> <span class='ocrx_word' id='word_1_55' title='bbox 1619 1137 1772 1203; x_wconf 52' lang='lat' dir='ltr'><strong>alias,</strong></span> <span class='ocrx_word' id='word_1_56' title='bbox 1813 1152 1932 1207; x_wconf 89' lang='lat' dir='ltr'><strong>res,</strong></span> <span class='ocrx_word' id='word_1_57' title='bbox 1982 1146 2160 1211; x_wconf 89' lang='lat' dir='ltr'><strong>prout</strong></span> <span class='ocrx_word' id='word_1_58' title='bbox 2200 1142 2274 1199; x_wconf 85' lang='lat' dir='ltr'><strong>ab</strong></span> <span class='ocrx_word' id='word_1_59' title='bbox 2323 1142 2622 1202; x_wconf 85' lang='lat' dir='ltr'><strong>invincem</strong></span> 
     </span>
     <span class='ocr_line' id='line_1_8' title="bbox 194 1206 2625 1289; baseline 0.003 -24"><span class='ocrx_word' id='word_1_60' title='bbox 194 1212 341 1287; x_wconf 80' lang='lat' dir='ltr'><strong>sunt</strong></span> <span class='ocrx_word' id='word_1_61' title='bbox 368 1206 673 1263; x_wconf 85' lang='lat' dir='ltr'><strong>distinctae</strong></span> <span class='ocrx_word' id='word_1_62' title='bbox 711 1210 771 1262; x_wconf 89' lang='lat' dir='ltr'><strong>et</strong></span> <span class='ocrx_word' id='word_1_63' title='bbox 820 1220 855 1262; x_wconf 89' lang='lat' dir='ltr'><strong>a</strong></span> <span class='ocrx_word' id='word_1_64' title='bbox 882 1208 1044 1286; x_wconf 78' lang='lat' dir='ltr'><strong>Deo:</strong></span> <span class='ocrx_word' id='word_1_65' title='bbox 1077 1206 1234 1279; x_wconf 87' lang='lat' dir='ltr'><strong>quod</strong></span> <span class='ocrx_word' id='word_1_66' title='bbox 1285 1212 1377 1264; x_wconf 88' lang='lat' dir='ltr'><strong>est</strong></span> <span class='ocrx_word' id='word_1_67' title='bbox 1423 1221 1787 1289; x_wconf 80' lang='lat' dir='ltr'><strong>cognoscere</strong></span> <span class='ocrx_word' id='word_1_68' title='bbox 1830 1223 1929 1267; x_wconf 90' lang='lat' dir='ltr'><strong>res</strong></span> <span class='ocrx_word' id='word_1_69' title='bbox 1979 1211 2309 1268; x_wconf 89' lang='lat' dir='ltr'><strong>secundum</strong></span> <span class='ocrx_word' id='word_1_70' title='bbox 2352 1216 2625 1283; x_wconf 88' lang='lat' dir='ltr'><strong>proprias</strong></span> 
     </span>
     <span class='ocr_line' id='line_1_9' title="bbox 192 1275 2619 1348; baseline 0.002 -14"><span class='ocrx_word' id='word_1_71' title='bbox 192 1282 463 1335; x_wconf 76' lang='lat' dir='ltr'><strong>rationes</strong></span> <span class='ocrx_word' id='word_1_72' title='bbox 490 1289 721 1333; x_wconf 85' lang='lat' dir='ltr'><strong>earum.</strong></span> <span class='ocrx_word' id='word_1_73' title='bbox 748 1275 837 1333; x_wconf 80' lang='lat' dir='ltr'><strong>Ad</strong></span> <span class='ocrx_word' id='word_1_74' title='bbox 865 1276 1045 1348; x_wconf 70' lang='lat' dir='ltr'><strong>hujus</strong></span> <span class='ocrx_word' id='word_1_75' title='bbox 1073 1282 1270 1334; x_wconf 86' lang='lat' dir='ltr'><strong>autem</strong></span> <span class='ocrx_word' id='word_1_76' title='bbox 1297 1283 1730 1346; x_wconf 84' lang='lat' dir='ltr'><strong>ostensionem,</strong></span> <span class='ocrx_word' id='word_1_77' title='bbox 1762 1281 1949 1337; x_wconf 90' lang='lat' dir='ltr'><strong>Deum</strong></span> <span class='ocrx_word' id='word_1_78' title='bbox 1981 1293 2117 1338; x_wconf 90' lang='lat' dir='ltr'><strong>esse</strong></span> <span class='ocrx_word' id='word_1_79' title='bbox 2146 1295 2387 1338; x_wconf 86' lang='lat' dir='ltr'><strong>causam</strong></span> <span class='ocrx_word' id='word_1_80' title='bbox 2417 1285 2619 1341; x_wconf 90' lang='lat' dir='ltr'><strong>omnis</strong></span> 
     </span>
     <span class='ocr_line' id='line_1_10' title="bbox 196 1346 2625 1427; baseline 0.002 -21"><span class='ocrx_word' id='word_1_81' title='bbox 196 1348 390 1417; x_wconf 79' lang='lat' dir='ltr'><strong>entiS‚</strong></span> <span class='ocrx_word' id='word_1_82' title='bbox 430 1351 810 1427; x_wconf 76' lang='lat' dir='ltr'><strong>supponatur</strong></span> <span class='ocrx_word' id='word_1_83' title='bbox 836 1346 996 1419; x_wconf 85' lang='lat' dir='ltr'><strong>quod</strong></span> <span class='ocrx_word' id='word_1_84' title='bbox 1029 1361 1102 1404; x_wconf 81' lang='lat' dir='ltr'><strong>ex</strong></span> <span class='ocrx_word' id='word_1_85' title='bbox 1139 1348 1497 1418; x_wconf 83' lang='lat' dir='ltr'><strong>supradictis</strong></span> <span class='ocrx_word' id='word_1_86' title='bbox 1536 1349 1614 1406; x_wconf 84' lang='lat' dir='ltr'><strong>aii</strong></span> <span class='ocrx_word' id='word_1_87' title='bbox 1661 1354 1914 1408; x_wconf 86' lang='lat' dir='ltr'><strong>uatenus</strong></span> <span class='ocrx_word' id='word_1_88' title='bbox 1944 1355 2124 1422; x_wconf 87' lang='lat' dir='ltr'><strong>patet,</strong></span> <span class='ocrx_word' id='word_1_89' title='bbox 2145 1355 2205 1408; x_wconf 91' lang='lat' dir='ltr'><strong>et</strong></span> <span class='ocrx_word' id='word_1_90' title='bbox 2226 1351 2381 1409; x_wconf 79' lang='lat' dir='ltr'><strong>infra</strong></span> <span class='ocrx_word' id='word_1_91' title='bbox 2405 1354 2530 1425; x_wconf 81' lang='lat' dir='ltr'><strong>(tib.</strong></span> <span class='ocrx_word' id='word_1_92' title='bbox 2559 1365 2625 1418; x_wconf 83' lang='lat'><strong>11,</strong></span> 
     </span>
     <span class='ocr_line' id='line_1_11' title="bbox 196 1417 2625 1495; baseline 0.002 -18"><span class='ocrx_word' id='word_1_93' title='bbox 196 1432 327 1489; x_wconf 71' lang='lat' dir='ltr'><strong>cup.</strong></span> <span class='ocrx_word' id='word_1_94' title='bbox 364 1418 457 1489; x_wconf 78' lang='lat'><strong>15)</strong></span> <span class='ocrx_word' id='word_1_95' title='bbox 492 1418 735 1489; x_wconf 80' lang='lat' dir='ltr'><strong>plenius</strong></span> <span class='ocrx_word' id='word_1_96' title='bbox 773 1417 1140 1475; x_wconf 83' lang='lat' dir='ltr'><strong>ostendetur.</strong></span> <span class='ocrx_word' id='word_1_97' title='bbox 1190 1418 1289 1476; x_wconf 89' lang='lat' dir='ltr'><strong>Sic</strong></span> <span class='ocrx_word' id='word_1_98' title='bbox 1333 1419 1518 1491; x_wconf 88' lang='lat' dir='ltr'><strong>igitur</strong></span> <span class='ocrx_word' id='word_1_99' title='bbox 1560 1420 1619 1475; x_wconf 92' lang='lat' dir='ltr'><strong>ni</strong></span> <span class='ocrx_word' id='word_1_100' title='bbox 1670 1420 1710 1477; x_wconf 87' lang='lat' dir='ltr'><strong>il</strong></span> <span class='ocrx_word' id='word_1_101' title='bbox 1757 1419 1822 1476; x_wconf 89' lang='lat' dir='ltr'><strong>in</strong></span> <span class='ocrx_word' id='word_1_102' title='bbox 1867 1420 1947 1478; x_wconf 88' lang='lat' dir='ltr'><strong>ali</strong></span> <span class='ocrx_word' id='word_1_103' title='bbox 1994 1436 2071 1479; x_wconf 88' lang='lat' dir='ltr'><strong>ua</strong></span> <span class='ocrx_word' id='word_1_104' title='bbox 2113 1435 2179 1479; x_wconf 89' lang='lat' dir='ltr'><strong>re</strong></span> <span class='ocrx_word' id='word_1_105' title='bbox 2230 1435 2366 1480; x_wconf 88' lang='lat' dir='ltr'><strong>esse</strong></span> <span class='ocrx_word' id='word_1_106' title='bbox 2407 1428 2625 1495; x_wconf 88' lang='lat' dir='ltr'><strong>potest,</strong></span> 
     </span>
     <span class='ocr_line' id='line_1_12' title="bbox 196 1487 2632 1564; baseline 0.003 -19"><span class='ocrx_word' id='word_1_107' title='bbox 196 1488 362 1562; x_wconf 71' lang='lat' dir='ltr'><strong>quod</strong></span> <span class='ocrx_word' id='word_1_108' title='bbox 390 1501 511 1545; x_wconf 89' lang='lat' dir='ltr'><strong>non</strong></span> <span class='ocrx_word' id='word_1_109' title='bbox 540 1487 619 1546; x_wconf 86' lang='lat' dir='ltr'><strong>sit</strong></span> <span class='ocrx_word' id='word_1_110' title='bbox 649 1487 726 1544; x_wconf 86' lang='lat' dir='ltr'><strong>ab</strong></span> <span class='ocrx_word' id='word_1_111' title='bbox 751 1501 825 1546; x_wconf 87' lang='lat' dir='ltr'><strong>eo</strong></span> <span class='ocrx_word' id='word_1_112' title='bbox 853 1494 1186 1557; x_wconf 83' lang='lat' dir='ltr'><strong>causatum,</strong></span> <span class='ocrx_word' id='word_1_113' title='bbox 1216 1488 1309 1546; x_wconf 79' lang='lat' dir='ltr'><strong>vel</strong></span> <span class='ocrx_word' id='word_1_114' title='bbox 1350 1489 1609 1547; x_wconf 85' lang='lat' dir='ltr'><strong>mediate</strong></span> <span class='ocrx_word' id='word_1_115' title='bbox 1645 1490 1735 1547; x_wconf 85' lang='lat' dir='ltr'><strong>vei</strong></span> <span class='ocrx_word' id='word_1_116' title='bbox 1774 1489 1954 1549; x_wconf 92' lang='lat' dir='ltr'><strong>imme</strong></span> <span class='ocrx_word' id='word_1_117' title='bbox 1995 1492 2135 1550; x_wconf 88' lang='lat' dir='ltr'><strong>iate.</strong></span> <span class='ocrx_word' id='word_1_118' title='bbox 2165 1493 2413 1564; x_wconf 85' lang='lat' dir='ltr'><strong>Cognita</strong></span> <span class='ocrx_word' id='word_1_119' title='bbox 2432 1498 2632 1552; x_wconf 86' lang='lat' dir='ltr'><strong>autem</strong></span> 
     </span>
     <span class='ocr_line' id='line_1_13' title="bbox 202 1557 2624 1642; baseline 0.002 -25"><span class='ocrx_word' id='word_1_120' title='bbox 202 1572 389 1617; x_wconf 77' lang='lat' dir='ltr'><strong>causa</strong></span> <span class='ocrx_word' id='word_1_121' title='bbox 417 1558 810 1639; x_wconf 73' lang='lat' dir='ltr'><strong>cognoscitur</strong></span> <span class='ocrx_word' id='word_1_122' title='bbox 836 1557 967 1631; x_wconf 79' lang='lat' dir='ltr'><strong>eJ‘us</strong></span> <span class='ocrx_word' id='word_1_123' title='bbox 993 1557 1262 1617; x_wconf 82' lang='lat' dir='ltr'><strong>effectus.</strong></span> <span class='ocrx_word' id='word_1_124' title='bbox 1292 1560 1585 1642; x_wconf 79' lang='lat' dir='ltr'><strong>Quicquid</strong></span> <span class='ocrx_word' id='word_1_125' title='bbox 1614 1561 1797 1633; x_wconf 90' lang='lat' dir='ltr'><strong>igitur</strong></span> <span class='ocrx_word' id='word_1_126' title='bbox 1841 1567 1934 1619; x_wconf 87' lang='lat' dir='ltr'><strong>est</strong></span> <span class='ocrx_word' id='word_1_127' title='bbox 1983 1561 2046 1619; x_wconf 93' lang='lat' dir='ltr'><strong>in</strong></span> <span class='ocrx_word' id='word_1_128' title='bbox 2111 1576 2485 1635; x_wconf 85' lang='lat' dir='ltr'><strong>quacumque</strong></span> <span class='ocrx_word' id='word_1_129' title='bbox 2537 1576 2624 1635; x_wconf 89' lang='lat' dir='ltr'><strong>re,</strong></span> 
     </span>
    </p>

    <p class='ocr_par' dir='ltr' id='par_1_5' title="bbox 284 1630 2631 1705">
     <span class='ocr_line' id='line_1_14' title="bbox 284 1630 2631 1705; baseline 0.003 -20"><span class='ocrx_word' id='word_1_130' title='bbox 284 1634 402 1686; x_wconf 82' lang='lat' dir='ltr'><strong>test</strong></span> <span class='ocrx_word' id='word_1_131' title='bbox 446 1642 733 1701; x_wconf 79' lang='lat' dir='ltr'><strong>cognosci</strong></span> <span class='ocrx_word' id='word_1_132' title='bbox 783 1630 1025 1699; x_wconf 85' lang='lat' dir='ltr'><strong>cognito</strong></span> <span class='ocrx_word' id='word_1_133' title='bbox 1069 1631 1212 1700; x_wconf 86' lang='lat' dir='ltr'><strong>Deo,</strong></span> <span class='ocrx_word' id='word_1_134' title='bbox 1243 1635 1299 1687; x_wconf 91' lang='lat' dir='ltr'><strong>et</strong></span> <span class='ocrx_word' id='word_1_135' title='bbox 1328 1632 1609 1689; x_wconf 81' lang='lat' dir='ltr'><strong>omnibus</strong></span> <span class='ocrx_word' id='word_1_136' title='bbox 1639 1634 1840 1690; x_wconf 89' lang='lat' dir='ltr'><strong>causis</strong></span> <span class='ocrx_word' id='word_1_137' title='bbox 1883 1633 2121 1701; x_wconf 90' lang='lat' dir='ltr'><strong>mediis,</strong></span> <span class='ocrx_word' id='word_1_138' title='bbox 2150 1646 2285 1705; x_wconf 79' lang='lat' dir='ltr'><strong>quae</strong></span> <span class='ocrx_word' id='word_1_139' title='bbox 2313 1635 2631 1692; x_wconf 88' lang='lat' dir='ltr'><strong>suntinter</strong></span> 
     </span>
    </p>

    <p class='ocr_par' dir='ltr' id='par_1_6' title="bbox 200 1698 2630 2337">
     <span class='ocr_line' id='line_1_15' title="bbox 340 1698 2629 1777; baseline 0.003 -21"><span class='ocrx_word' id='word_1_140' title='bbox 340 1713 405 1756; x_wconf 87' lang='lat' dir='ltr'><strong>m</strong></span> <span class='ocrx_word' id='word_1_141' title='bbox 426 1705 481 1756; x_wconf 85' lang='lat' dir='ltr'><strong>et</strong></span> <span class='ocrx_word' id='word_1_142' title='bbox 502 1713 622 1757; x_wconf 82' lang='lat' dir='ltr'><strong>res.</strong></span> <span class='ocrx_word' id='word_1_143' title='bbox 647 1698 765 1757; x_wconf 89' lang='lat' dir='ltr'><strong>Sed</strong></span> <span class='ocrx_word' id='word_1_144' title='bbox 792 1702 950 1757; x_wconf 89' lang='lat' dir='ltr'><strong>Deus</strong></span> <span class='ocrx_word' id='word_1_145' title='bbox 979 1699 1243 1771; x_wconf 86' lang='lat' dir='ltr'><strong>seipsum</strong></span> <span class='ocrx_word' id='word_1_146' title='bbox 1274 1702 1607 1773; x_wconf 83' lang='lat' dir='ltr'><strong>cognoscit,</strong></span> <span class='ocrx_word' id='word_1_147' title='bbox 1639 1706 1698 1758; x_wconf 96' lang='lat' dir='ltr'><strong>et</strong></span> <span class='ocrx_word' id='word_1_148' title='bbox 1723 1713 1934 1760; x_wconf 90' lang='lat' dir='ltr'><strong>omnes</strong></span> <span class='ocrx_word' id='word_1_149' title='bbox 1960 1716 2176 1761; x_wconf 80' lang='lat' dir='ltr'><strong>causas</strong></span> <span class='ocrx_word' id='word_1_150' title='bbox 2206 1704 2454 1773; x_wconf 89' lang='lat' dir='ltr'><strong>medias,</strong></span> <span class='ocrx_word' id='word_1_151' title='bbox 2493 1719 2629 1777; x_wconf 83' lang='lat' dir='ltr'><strong>quae</strong></span> 
     </span>
     <span class='ocr_line' id='line_1_16' title="bbox 214 1770 2625 1851; baseline 0.002 -23"><span class='ocrx_word' id='word_1_152' title='bbox 214 1770 528 1851; x_wconf 63' lang='lat' dir='ltr'><strong>nnntinter</strong></span> <span class='ocrx_word' id='word_1_153' title='bbox 548 1770 774 1842; x_wconf 87' lang='lat' dir='ltr'><strong>ipsum,</strong></span> <span class='ocrx_word' id='word_1_154' title='bbox 806 1774 864 1827; x_wconf 87' lang='lat' dir='ltr'><strong>et</strong></span> <span class='ocrx_word' id='word_1_155' title='bbox 881 1784 1015 1828; x_wconf 86' lang='lat' dir='ltr'><strong>-rem</strong></span> <span class='ocrx_word' id='word_1_156' title='bbox 1043 1771 1386 1843; x_wconf 82' lang='lat' dir='ltr'><strong>quamlibet.</strong></span> <span class='ocrx_word' id='word_1_157' title='bbox 1417 1772 1587 1840; x_wconf 84' lang='lat' dir='ltr'><strong>Quod</strong></span> <span class='ocrx_word' id='word_1_158' title='bbox 1608 1772 1767 1829; x_wconf 92' lang='lat' dir='ltr'><strong>enim</strong></span> <span class='ocrx_word' id='word_1_159' title='bbox 1796 1773 2061 1844; x_wconf 87' lang='lat' dir='ltr'><strong>seipsum</strong></span> <span class='ocrx_word' id='word_1_160' title='bbox 2090 1774 2348 1845; x_wconf 78' lang='lat' dir='ltr'><strong>perfecte</strong></span> <span class='ocrx_word' id='word_1_161' title='bbox 2369 1788 2625 1848; x_wconf 84' lang='lat' dir='ltr'><strong>cognos-</strong></span> 
     </span>
     <span class='ocr_line' id='line_1_17' title="bbox 214 1840 2627 1915; baseline 0.002 -18"><span class='ocrx_word' id='word_1_162' title='bbox 214 1846 331 1905; x_wconf 78' lang='lat' dir='ltr'><strong>cat,</strong></span> <span class='ocrx_word' id='word_1_163' title='bbox 350 1854 467 1910; x_wconf 79' lang='lat' dir='ltr'><strong>Jam</strong></span> <span class='ocrx_word' id='word_1_164' title='bbox 492 1847 808 1898; x_wconf 87' lang='lat' dir='ltr'><strong>ostensum</strong></span> <span class='ocrx_word' id='word_1_165' title='bbox 832 1845 924 1899; x_wconf 89' lang='lat' dir='ltr'><strong>est</strong></span> <span class='ocrx_word' id='word_1_166' title='bbox 966 1840 1115 1914; x_wconf 87' lang='lat' dir='ltr'><strong>(cap.</strong></span> <span class='ocrx_word' id='word_1_167' title='bbox 1152 1841 1264 1915; x_wconf 74' lang='grc'><strong>47).</strong></span> <span class='ocrx_word' id='word_1_168' title='bbox 1291 1842 1502 1913; x_wconf 84' lang='lat' dir='ltr'><strong>seipso</strong></span> <span class='ocrx_word' id='word_1_169' title='bbox 1549 1848 1746 1901; x_wconf 87' lang='lat' dir='ltr'><strong>autem</strong></span> <span class='ocrx_word' id='word_1_170' title='bbox 1796 1843 2060 1915; x_wconf 91' lang='lat' dir='ltr'><strong>cognito,</strong></span> <span class='ocrx_word' id='word_1_171' title='bbox 2111 1856 2185 1901; x_wconf 94' lang='lat' dir='ltr'><strong>co</strong></span> <span class='ocrx_word' id='word_1_172' title='bbox 2231 1846 2427 1902; x_wconf 88' lang='lat' dir='ltr'><strong>noscit</strong></span> <span class='ocrx_word' id='word_1_173' title='bbox 2507 1845 2627 1904; x_wconf 89' lang='lat' dir='ltr'><strong>uod</strong></span> 
     </span>
     <span class='ocr_line' id='line_1_18' title="bbox 208 1909 2627 1985; baseline 0.002 -17"><span class='ocrx_word' id='word_1_174' title='bbox 208 1909 445 1981; x_wconf 73' lang='lat' dir='ltr'><strong>abipso</strong></span> <span class='ocrx_word' id='word_1_175' title='bbox 469 1911 815 1969; x_wconf 87' lang='lat' dir='ltr'><strong>immediate</strong></span> <span class='ocrx_word' id='word_1_176' title='bbox 840 1916 953 1979; x_wconf 87' lang='lat' dir='ltr'><strong>est,</strong></span> <span class='ocrx_word' id='word_1_177' title='bbox 985 1925 1105 1983; x_wconf 85' lang='lat' dir='ltr'><strong>quo</strong></span> <span class='ocrx_word' id='word_1_178' title='bbox 1133 1925 1205 1970; x_wconf 93' lang='lat' dir='ltr'><strong>co</strong></span> <span class='ocrx_word' id='word_1_179' title='bbox 1292 1913 1377 1970; x_wconf 90' lang='lat' dir='ltr'><strong>ito</strong></span> <span class='ocrx_word' id='word_1_180' title='bbox 1407 1914 1721 1985; x_wconf 89' lang='lat' dir='ltr'><strong>cognoscit</strong></span> <span class='ocrx_word' id='word_1_181' title='bbox 1739 1914 1952 1971; x_wconf 87' lang='lat' dir='ltr'><strong>iterum</strong></span> <span class='ocrx_word' id='word_1_182' title='bbox 2022 1913 2139 1971; x_wconf 91' lang='lat' dir='ltr'><strong>uod</strong></span> <span class='ocrx_word' id='word_1_183' title='bbox 2249 1915 2354 1972; x_wconf 81' lang='lat' dir='ltr'><strong>iiio</strong></span> <span class='ocrx_word' id='word_1_184' title='bbox 2370 1928 2464 1973; x_wconf 89' lang='lat' dir='ltr'><strong>me</strong></span> <span class='ocrx_word' id='word_1_185' title='bbox 2510 1917 2627 1974; x_wconf 88' lang='lat' dir='ltr'><strong>iate</strong></span> 
     </span>
     <span class='ocr_line' id='line_1_19' title="bbox 208 1981 2627 2057; baseline 0.002 -18"><span class='ocrx_word' id='word_1_186' title='bbox 208 1987 318 2049; x_wconf 73' lang='lat' dir='ltr'><strong>est,</strong></span> <span class='ocrx_word' id='word_1_187' title='bbox 346 1987 406 2038; x_wconf 81' lang='lat' dir='ltr'><strong>et</strong></span> <span class='ocrx_word' id='word_1_188' title='bbox 436 1982 527 2038; x_wconf 89' lang='lat' dir='ltr'><strong>sic</strong></span> <span class='ocrx_word' id='word_1_189' title='bbox 556 1981 846 2040; x_wconf 83' lang='lat' dir='ltr'><strong>omnibus</strong></span> <span class='ocrx_word' id='word_1_190' title='bbox 873 1982 1077 2039; x_wconf 85' lang='lat' dir='ltr'><strong>causis</strong></span> <span class='ocrx_word' id='word_1_191' title='bbox 1106 1995 1199 2039; x_wconf 90' lang='lat' dir='ltr'><strong>me</strong></span> <span class='ocrx_word' id='word_1_192' title='bbox 1242 1983 1320 2040; x_wconf 91' lang='lat' dir='ltr'><strong>iis</strong></span> <span class='ocrx_word' id='word_1_193' title='bbox 1348 1996 1541 2055; x_wconf 84' lang='lat' dir='ltr'><strong>usque</strong></span> <span class='ocrx_word' id='word_1_194' title='bbox 1572 1984 1646 2041; x_wconf 92' lang='lat' dir='ltr'><strong>ad</strong></span> <span class='ocrx_word' id='word_1_195' title='bbox 1670 1983 1942 2042; x_wconf 89' lang='lat' dir='ltr'><strong>ultimum</strong></span> <span class='ocrx_word' id='word_1_196' title='bbox 1966 1999 1997 2042; x_wconf 92' lang='lat' dir='ltr'><strong>e</strong></span> <span class='ocrx_word' id='word_1_197' title='bbox 2047 1990 2261 2042; x_wconf 85' lang='lat' dir='ltr'><strong>ectum.</strong></span> <span class='ocrx_word' id='word_1_198' title='bbox 2291 1988 2443 2057; x_wconf 80' lang='lat' dir='ltr'><strong>Ergo</strong></span> <span class='ocrx_word' id='word_1_199' title='bbox 2469 1988 2627 2044; x_wconf 84' lang='lat' dir='ltr'><strong>Deus</strong></span> 
     </span>
     <span class='ocr_line' id='line_1_20' title="bbox 204 2051 2626 2130; baseline 0.002 -21"><span class='ocrx_word' id='word_1_200' title='bbox 204 2052 525 2130; x_wconf 78' lang='lat' dir='ltr'><strong>cognoscit</strong></span> <span class='ocrx_word' id='word_1_201' title='bbox 551 2051 837 2124; x_wconf 83' lang='lat' dir='ltr'><strong>quicquid</strong></span> <span class='ocrx_word' id='word_1_202' title='bbox 867 2052 1034 2109; x_wconf 87' lang='lat' dir='ltr'><strong>estin</strong></span> <span class='ocrx_word' id='word_1_203' title='bbox 1066 2067 1148 2121; x_wconf 90' lang='lat' dir='ltr'><strong>re,</strong></span> <span class='ocrx_word' id='word_1_204' title='bbox 1172 2053 1288 2111; x_wconf 88' lang='lat' dir='ltr'><strong>hoc</strong></span> <span class='ocrx_word' id='word_1_205' title='bbox 1306 2058 1503 2111; x_wconf 88' lang='lat' dir='ltr'><strong>autem</strong></span> <span class='ocrx_word' id='word_1_206' title='bbox 1522 2061 1616 2111; x_wconf 86' lang='lat' dir='ltr'><strong>est</strong></span> <span class='ocrx_word' id='word_1_207' title='bbox 1637 2054 1853 2111; x_wconf 88' lang='lat' dir='ltr'><strong>habere</strong></span> <span class='ocrx_word' id='word_1_208' title='bbox 1865 2056 2166 2127; x_wconf 85' lang='lat' dir='ltr'><strong>propriam</strong></span> <span class='ocrx_word' id='word_1_209' title='bbox 2189 2062 2249 2112; x_wconf 93' lang='lat' dir='ltr'><strong>et</strong></span> <span class='ocrx_word' id='word_1_210' title='bbox 2269 2055 2626 2127; x_wconf 83' lang='lat' dir='ltr'><strong>completam</strong></span> 
     </span>
     <span class='ocr_line' id='line_1_21' title="bbox 200 2122 2630 2205; baseline 0.002 -26"><span class='ocrx_word' id='word_1_211' title='bbox 200 2123 616 2193; x_wconf 81' lang='lat' dir='ltr'><strong>cognitionem</strong></span> <span class='ocrx_word' id='word_1_212' title='bbox 646 2122 721 2179; x_wconf 90' lang='lat' dir='ltr'><strong>de</strong></span> <span class='ocrx_word' id='word_1_213' title='bbox 751 2136 836 2190; x_wconf 90' lang='lat' dir='ltr'><strong>re,</strong></span> <span class='ocrx_word' id='word_1_214' title='bbox 866 2135 1229 2194; x_wconf 79' lang='lat' dir='ltr'><strong>cognoscere</strong></span> <span class='ocrx_word' id='word_1_215' title='bbox 1260 2124 1491 2182; x_wconf 90' lang='lat' dir='ltr'><strong>scilicet</strong></span> <span class='ocrx_word' id='word_1_216' title='bbox 1518 2125 1726 2182; x_wconf 87' lang='lat' dir='ltr'><strong>omnia</strong></span> <span class='ocrx_word' id='word_1_217' title='bbox 1755 2139 1887 2205; x_wconf 84' lang='lat' dir='ltr'><strong>quae</strong></span> <span class='ocrx_word' id='word_1_218' title='bbox 1915 2126 1978 2182; x_wconf 94' lang='lat' dir='ltr'><strong>in</strong></span> <span class='ocrx_word' id='word_1_219' title='bbox 2005 2140 2069 2183; x_wconf 92' lang='lat' dir='ltr'><strong>re</strong></span> <span class='ocrx_word' id='word_1_220' title='bbox 2097 2129 2241 2183; x_wconf 91' lang='lat' dir='ltr'><strong>sunt</strong></span> <span class='ocrx_word' id='word_1_221' title='bbox 2281 2129 2630 2188; x_wconf 86' lang='lat' dir='ltr'><strong>communia</strong></span> 
     </span>
     <span class='ocr_line' id='line_1_22' title="bbox 203 2193 2625 2274; baseline 0.002 -25"><span class='ocrx_word' id='word_1_222' title='bbox 203 2198 262 2249; x_wconf 89' lang='lat' dir='ltr'><strong>et</strong></span> <span class='ocrx_word' id='word_1_223' title='bbox 288 2193 553 2264; x_wconf 87' lang='lat' dir='ltr'><strong>propria.</strong></span> <span class='ocrx_word' id='word_1_224' title='bbox 587 2194 747 2251; x_wconf 88' lang='lat' dir='ltr'><strong>Deus</strong></span> <span class='ocrx_word' id='word_1_225' title='bbox 774 2206 916 2274; x_wconf 80' lang='lat' dir='ltr'><strong>ergo</strong></span> <span class='ocrx_word' id='word_1_226' title='bbox 951 2194 1250 2274; x_wconf 81' lang='lat' dir='ltr'><strong>propriam</strong></span> <span class='ocrx_word' id='word_1_227' title='bbox 1280 2195 1353 2252; x_wconf 92' lang='lat' dir='ltr'><strong>de</strong></span> <span class='ocrx_word' id='word_1_228' title='bbox 1393 2194 1576 2253; x_wconf 88' lang='lat' dir='ltr'><strong>rebus</strong></span> <span class='ocrx_word' id='word_1_229' title='bbox 1617 2196 2024 2267; x_wconf 81' lang='lat' dir='ltr'><strong>cognitionem</strong></span> <span class='ocrx_word' id='word_1_230' title='bbox 2071 2196 2248 2253; x_wconf 87' lang='lat' dir='ltr'><strong>habet</strong></span> <span class='ocrx_word' id='word_1_231' title='bbox 2293 2197 2625 2256; x_wconf 90' lang='lat' dir='ltr'><strong>secundum</strong></span> 
     </span>
     <span class='ocr_line' id='line_1_23' title="bbox 203 2263 1948 2337; baseline 0.001 -16"><span class='ocrx_word' id='word_1_232' title='bbox 203 2264 363 2336; x_wconf 80' lang='lat' dir='ltr'><strong>quod</strong></span> <span class='ocrx_word' id='word_1_233' title='bbox 397 2269 544 2321; x_wconf 84' lang='lat' dir='ltr'><strong>sunt</strong></span> <span class='ocrx_word' id='word_1_234' title='bbox 570 2263 645 2320; x_wconf 86' lang='lat' dir='ltr'><strong>ab</strong></span> <span class='ocrx_word' id='word_1_235' title='bbox 670 2264 969 2321; x_wconf 80' lang='lat' dir='ltr'><strong>invincem</strong></span> <span class='ocrx_word' id='word_1_236' title='bbox 996 2264 1311 2323; x_wconf 81' lang='lat' dir='ltr'><strong>distinctae.</strong></span> <span class='ocrx_word' id='word_1_237' title='bbox 1943 2332 1948 2337; x_wconf 38' lang='grc'>,</span> 
     </span>
    </p>

    <p class='ocr_par' dir='ltr' id='par_1_7' title="bbox 202 2334 2627 2747">
     <span class='ocr_line' id='line_1_24' title="bbox 272 2334 2626 2410; baseline 0.003 -19"><span class='ocrx_word' id='word_1_238' title='bbox 272 2334 501 2397; x_wconf 74' lang='lat' dir='ltr'><strong>Adhuc,</strong></span> <span class='ocrx_word' id='word_1_239' title='bbox 530 2346 710 2391; x_wconf 89' lang='lat' dir='ltr'><strong>omne</strong></span> <span class='ocrx_word' id='word_1_240' title='bbox 739 2334 899 2406; x_wconf 90' lang='lat' dir='ltr'><strong>quod</strong></span> <span class='ocrx_word' id='word_1_241' title='bbox 928 2334 1053 2407; x_wconf 88' lang='lat' dir='ltr'><strong>agit</strong></span> <span class='ocrx_word' id='word_1_242' title='bbox 1078 2349 1184 2406; x_wconf 88' lang='lat' dir='ltr'><strong>per</strong></span> <span class='ocrx_word' id='word_1_243' title='bbox 1210 2335 1598 2406; x_wconf 86' lang='lat' dir='ltr'><strong>intellectum,</strong></span> <span class='ocrx_word' id='word_1_244' title='bbox 1631 2335 1807 2394; x_wconf 87' lang='lat' dir='ltr'><strong>habet</strong></span> <span class='ocrx_word' id='word_1_245' title='bbox 1834 2337 2238 2410; x_wconf 86' lang='lat' dir='ltr'><strong>cognitionem</strong></span> <span class='ocrx_word' id='word_1_246' title='bbox 2261 2336 2334 2394; x_wconf 89' lang='lat' dir='ltr'><strong>de</strong></span> <span class='ocrx_word' id='word_1_247' title='bbox 2353 2350 2417 2395; x_wconf 90' lang='lat' dir='ltr'><strong>re</strong></span> <span class='ocrx_word' id='word_1_248' title='bbox 2485 2352 2626 2397; x_wconf 89' lang='lat' dir='ltr'><strong>uam</strong></span> 
     </span>
     <span class='ocr_line' id='line_1_25' title="bbox 204 2404 2626 2479; baseline 0.002 -18"><span class='ocrx_word' id='word_1_249' title='bbox 204 2405 351 2477; x_wconf 81' lang='lat' dir='ltr'><strong>agit,</strong></span> <span class='ocrx_word' id='word_1_250' title='bbox 384 2404 719 2462; x_wconf 87' lang='lat' dir='ltr'><strong>secundum</strong></span> <span class='ocrx_word' id='word_1_251' title='bbox 745 2405 1042 2476; x_wconf 87' lang='lat' dir='ltr'><strong>propriam</strong></span> <span class='ocrx_word' id='word_1_252' title='bbox 1099 2404 1234 2463; x_wconf 82' lang='lat' dir='ltr'><strong>sacti</strong></span> <span class='ocrx_word' id='word_1_253' title='bbox 1264 2407 1578 2475; x_wconf 86' lang='lat' dir='ltr'><strong>rationem,</strong></span> <span class='ocrx_word' id='word_1_254' title='bbox 1609 2406 1751 2479; x_wconf 88' lang='lat' dir='ltr'><strong>quia</strong></span> <span class='ocrx_word' id='word_1_255' title='bbox 1799 2407 2066 2479; x_wconf 86' lang='lat' dir='ltr'><strong>cognitio</strong></span> <span class='ocrx_word' id='word_1_256' title='bbox 2115 2407 2388 2465; x_wconf 84' lang='lat' dir='ltr'><strong>facientis</strong></span> <span class='ocrx_word' id='word_1_257' title='bbox 2476 2414 2626 2466; x_wconf 89' lang='lat' dir='ltr'><strong>eter-</strong></span> 
     </span>
     <span class='ocr_line' id='line_1_26' title="bbox 202 2474 2627 2549; baseline 0.001 -15"><span class='ocrx_word' id='word_1_258' title='bbox 202 2476 397 2534; x_wconf 86' lang='lat' dir='ltr'><strong>minat</strong></span> <span class='ocrx_word' id='word_1_259' title='bbox 425 2474 678 2534; x_wconf 85' lang='lat' dir='ltr'><strong>sormam</strong></span> <span class='ocrx_word' id='word_1_260' title='bbox 708 2474 888 2533; x_wconf 81' lang='lat' dir='ltr'><strong>sacto.</strong></span> <span class='ocrx_word' id='word_1_261' title='bbox 915 2478 1072 2533; x_wconf 90' lang='lat' dir='ltr'><strong>Deus</strong></span> <span class='ocrx_word' id='word_1_262' title='bbox 1099 2480 1296 2535; x_wconf 91' lang='lat' dir='ltr'><strong>autem</strong></span> <span class='ocrx_word' id='word_1_263' title='bbox 1322 2490 1506 2536; x_wconf 87' lang='lat' dir='ltr'><strong>causa</strong></span> <span class='ocrx_word' id='word_1_264' title='bbox 1524 2482 1616 2535; x_wconf 91' lang='lat' dir='ltr'><strong>est</strong></span> <span class='ocrx_word' id='word_1_265' title='bbox 1661 2490 1857 2535; x_wconf 87' lang='lat' dir='ltr'><strong>rerum</strong></span> <span class='ocrx_word' id='word_1_266' title='bbox 1899 2492 2005 2549; x_wconf 90' lang='lat' dir='ltr'><strong>per</strong></span> <span class='ocrx_word' id='word_1_267' title='bbox 2050 2477 2438 2549; x_wconf 86' lang='lat' dir='ltr'><strong>intellectum,</strong></span> <span class='ocrx_word' id='word_1_268' title='bbox 2489 2492 2627 2537; x_wconf 90' lang='lat' dir='ltr'><strong>cum</strong></span> 
     </span>
     <span class='ocr_line' id='line_1_27' title="bbox 209 2546 2625 2628; baseline 0.001 -24"><span class='ocrx_word' id='word_1_269' title='bbox 209 2560 387 2605; x_wconf 83' lang='lat' dir='ltr'><strong>sunm</strong></span> <span class='ocrx_word' id='word_1_270' title='bbox 418 2560 559 2605; x_wconf 85' lang='lat' dir='ltr'><strong>esse</strong></span> <span class='ocrx_word' id='word_1_271' title='bbox 589 2546 669 2603; x_wconf 91' lang='lat' dir='ltr'><strong>sit</strong></span> <span class='ocrx_word' id='word_1_272' title='bbox 697 2546 1256 2628; x_wconf 34' lang='lat' dir='ltr'><strong>suum-intelligere.</strong></span> <span class='ocrx_word' id='word_1_273' title='bbox 1305 2547 1775 2621; x_wconf 86' lang='lat' dir='ltr'><strong>Unumquodque</strong></span> <span class='ocrx_word' id='word_1_274' title='bbox 1821 2556 2016 2607; x_wconf 89' lang='lat' dir='ltr'><strong>autem</strong></span> <span class='ocrx_word' id='word_1_275' title='bbox 2065 2549 2190 2621; x_wconf 88' lang='lat' dir='ltr'><strong>agit</strong></span> <span class='ocrx_word' id='word_1_276' title='bbox 2233 2549 2296 2605; x_wconf 92' lang='lat' dir='ltr'><strong>in</strong></span> <span class='ocrx_word' id='word_1_277' title='bbox 2337 2555 2625 2621; x_wconf 84' lang='lat' dir='ltr'><strong>quantum</strong></span> 
     </span>
     <span class='ocr_line' id='line_1_28' title="bbox 204 2617 2626 2747; baseline 0.002 -74"><span class='ocrx_word' id='word_1_278' title='bbox 204 2622 487 2747; x_wconf 52' lang='lat' dir='ltr'><strong>ffiactp.</strong></span> <span class='ocrx_word' id='word_1_279' title='bbox 522 2619 601 2675; x_wconf 83' lang='lat' dir='ltr'><strong>Co</strong></span> <span class='ocrx_word' id='word_1_280' title='bbox 682 2617 844 2744; x_wconf 57' lang='lat' dir='ltr'><strong>glscit</strong></span> <span class='ocrx_word' id='word_1_281' title='bbox 871 2617 1054 2690; x_wconf 80' lang='lat' dir='ltr'><strong>igitur</strong></span> <span class='ocrx_word' id='word_1_282' title='bbox 1079 2623 1390 2676; x_wconf 86' lang='lat' dir='ltr'><strong>causatum</strong></span> <span class='ocrx_word' id='word_1_283' title='bbox 1421 2632 1600 2676; x_wconf 90' lang='lat' dir='ltr'><strong>suum</strong></span> <span class='ocrx_word' id='word_1_284' title='bbox 1646 2619 1905 2689; x_wconf 90' lang='lat' dir='ltr'><strong>proprie,</strong></span> <span class='ocrx_word' id='word_1_285' title='bbox 1955 2618 2283 2676; x_wconf 89' lang='lat' dir='ltr'><strong>secundum</strong></span> <span class='ocrx_word' id='word_1_286' title='bbox 2326 2619 2485 2692; x_wconf 90' lang='lat' dir='ltr'><strong>qnod</strong></span> <span class='ocrx_word' id='word_1_287' title='bbox 2532 2625 2626 2678; x_wconf 87' lang='lat' dir='ltr'><strong>est</strong></span> 
     </span>
    </p>

    <p class='ocr_par' dir='ltr' id='par_1_8' title="bbox 326 2701 839 2745">
     <span class='ocr_line' id='line_1_29' title="bbox 326 2701 839 2745; baseline 0 0"><span class='ocrx_word' id='word_1_288' title='bbox 326 2701 428 2745; x_wconf 88' lang='lat' dir='ltr'><strong>mc</strong></span> <span class='ocrx_word' id='word_1_289' title='bbox 454 2701 558 2744; x_wconf 90' lang='lat' dir='ltr'><strong>um</strong></span> <span class='ocrx_word' id='word_1_290' title='bbox 743 2701 839 2745; x_wconf 87' lang='lat' dir='ltr'><strong>ns.</strong></span> 
     </span>
    </p>

    <p class='ocr_par' dir='ltr' id='par_1_9' title="bbox 200 2756 2628 3734">
     <span class='ocr_line' id='line_1_30' title="bbox 274 2756 2626 2829; baseline 0.002 -15"><span class='ocrx_word' id='word_1_291' title='bbox 274 2759 559 2828; x_wconf 67' lang='lat' dir='ltr'><strong>Amplius,</strong></span> <span class='ocrx_word' id='word_1_292' title='bbox 595 2771 793 2815; x_wconf 86' lang='lat' dir='ltr'><strong>rernm</strong></span> <span class='ocrx_word' id='word_1_293' title='bbox 823 2756 1129 2815; x_wconf 86' lang='lat' dir='ltr'><strong>distinctio</strong></span> <span class='ocrx_word' id='word_1_294' title='bbox 1154 2769 1275 2814; x_wconf 88' lang='lat' dir='ltr'><strong>non</strong></span> <span class='ocrx_word' id='word_1_295' title='bbox 1299 2761 1497 2829; x_wconf 88' lang='lat' dir='ltr'><strong>potest</strong></span> <span class='ocrx_word' id='word_1_296' title='bbox 1526 2770 1664 2815; x_wconf 90' lang='lat' dir='ltr'><strong>esse</strong></span> <span class='ocrx_word' id='word_1_297' title='bbox 1692 2770 1730 2814; x_wconf 85' lang='lat' dir='ltr'><strong>a</strong></span> <span class='ocrx_word' id='word_1_298' title='bbox 1757 2769 1922 2815; x_wconf 88' lang='lat' dir='ltr'><strong>casu.</strong></span> <span class='ocrx_word' id='word_1_299' title='bbox 1955 2757 2139 2815; x_wconf 81' lang='lat' dir='ltr'><strong>Habet</strong></span> <span class='ocrx_word' id='word_1_300' title='bbox 2165 2758 2326 2814; x_wconf 89' lang='lat' dir='ltr'><strong>enim</strong></span> <span class='ocrx_word' id='word_1_301' title='bbox 2353 2758 2626 2818; x_wconf 87' lang='lat' dir='ltr'><strong>ordinem</strong></span> 
     </span>
     <span class='ocr_line' id='line_1_31' title="bbox 205 2827 2625 2911; baseline -0.001 -21"><span class='ocrx_word' id='word_1_302' title='bbox 205 2835 454 2890; x_wconf 82' lang='lat' dir='ltr'><strong>certum.</strong></span> <span class='ocrx_word' id='word_1_303' title='bbox 487 2830 731 2900; x_wconf 85' lang='lat' dir='ltr'><strong>Oportet</strong></span> <span class='ocrx_word' id='word_1_304' title='bbox 748 2828 932 2901; x_wconf 88' lang='lat' dir='ltr'><strong>igitur</strong></span> <span class='ocrx_word' id='word_1_305' title='bbox 953 2842 1029 2886; x_wconf 84' lang='lat' dir='ltr'><strong>ex</strong></span> <span class='ocrx_word' id='word_1_306' title='bbox 1052 2827 1307 2909; x_wconf 74' lang='lat' dir='ltr'><strong>alicujus</strong></span> <span class='ocrx_word' id='word_1_307' title='bbox 1331 2841 1529 2911; x_wconf 68' lang='lat' dir='ltr'><strong>causae</strong></span> <span class='ocrx_word' id='word_1_308' title='bbox 1545 2827 1877 2885; x_wconf 88' lang='lat' dir='ltr'><strong>intentione</strong></span> <span class='ocrx_word' id='word_1_309' title='bbox 1897 2827 2339 2910; x_wconf 76' lang='lat' dir='ltr'><strong>distinctionem</strong></span> <span class='ocrx_word' id='word_1_310' title='bbox 2362 2829 2424 2885; x_wconf 91' lang='lat' dir='ltr'><strong>in</strong></span> <span class='ocrx_word' id='word_1_311' title='bbox 2447 2829 2625 2887; x_wconf 87' lang='lat' dir='ltr'><strong>rebus</strong></span> 
     </span>
     <span class='ocr_line' id='line_1_32' title="bbox 206 2898 2626 2969; baseline -0 -11"><span class='ocrx_word' id='word_1_312' title='bbox 206 2914 343 2959; x_wconf 86' lang='lat' dir='ltr'><strong>esse</strong></span> <span class='ocrx_word' id='word_1_313' title='bbox 376 2919 394 2967; x_wconf 86' lang='lat'>;</span> <span class='ocrx_word' id='word_1_314' title='bbox 426 2912 550 2956; x_wconf 91' lang='lat' dir='ltr'><strong>non</strong></span> <span class='ocrx_word' id='word_1_315' title='bbox 580 2905 778 2956; x_wconf 90' lang='lat' dir='ltr'><strong>autem</strong></span> <span class='ocrx_word' id='word_1_316' title='bbox 807 2913 879 2955; x_wconf 84' lang='lat' dir='ltr'><strong>ex</strong></span> <span class='ocrx_word' id='word_1_317' title='bbox 908 2900 1237 2956; x_wconf 81' lang='lat' dir='ltr'><strong>intentione</strong></span> <span class='ocrx_word' id='word_1_318' title='bbox 1266 2898 1420 2956; x_wconf 82' lang='lat' dir='ltr'><strong>alicu</strong></span> <span class='ocrx_word' id='word_1_319' title='bbox 1451 2912 1523 2957; x_wconf 92' lang='lat' dir='ltr'><strong>us</strong></span> <span class='ocrx_word' id='word_1_320' title='bbox 1547 2911 1745 2956; x_wconf 79' lang='lat' dir='ltr'><strong>causae</strong></span> <span class='ocrx_word' id='word_1_321' title='bbox 1785 2911 1892 2969; x_wconf 88' lang='lat' dir='ltr'><strong>per</strong></span> <span class='ocrx_word' id='word_1_322' title='bbox 1931 2904 2346 2957; x_wconf 81' lang='lat' dir='ltr'><strong>necessitatem</strong></span> <span class='ocrx_word' id='word_1_323' title='bbox 2399 2905 2626 2957; x_wconf 83' lang='lat' dir='ltr'><strong>naturae</strong></span> 
     </span>
     <span class='ocr_line' id='line_1_33' title="bbox 204 2968 2624 3044; baseline 0 -17"><span class='ocrx_word' id='word_1_324' title='bbox 204 2970 466 3044; x_wconf 82' lang='lat' dir='ltr'><strong>agentis,</strong></span> <span class='ocrx_word' id='word_1_325' title='bbox 503 2969 646 3042; x_wconf 87' lang='lat' dir='ltr'><strong>quia</strong></span> <span class='ocrx_word' id='word_1_326' title='bbox 672 2973 884 3034; x_wconf 77' lang='lat' dir='ltr'><strong>natura</strong></span> <span class='ocrx_word' id='word_1_327' title='bbox 913 2968 1338 3027; x_wconf 87' lang='lat' dir='ltr'><strong>determinatur</strong></span> <span class='ocrx_word' id='word_1_328' title='bbox 1366 2984 1400 3026; x_wconf 90' lang='lat' dir='ltr'><strong>a</strong></span> <span class='ocrx_word' id='word_1_329' title='bbox 1466 2983 1674 3038; x_wconf 82' lang='lat' dir='ltr'><strong>upum,</strong></span> <span class='ocrx_word' id='word_1_330' title='bbox 1707 2972 1767 3026; x_wconf 90' lang='lat' dir='ltr'><strong>et</strong></span> <span class='ocrx_word' id='word_1_331' title='bbox 1794 2970 1883 3027; x_wconf 88' lang='lat' dir='ltr'><strong>sic</strong></span> <span class='ocrx_word' id='word_1_332' title='bbox 1913 2968 2140 3027; x_wconf 89' lang='lat' dir='ltr'><strong>nullius</strong></span> <span class='ocrx_word' id='word_1_333' title='bbox 2161 2969 2245 3027; x_wconf 90' lang='lat' dir='ltr'><strong>rei</strong></span> <span class='ocrx_word' id='word_1_334' title='bbox 2273 2984 2376 3041; x_wconf 90' lang='lat' dir='ltr'><strong>per</strong></span> <span class='ocrx_word' id='word_1_335' title='bbox 2399 2975 2624 3028; x_wconf 66' lang='lat' dir='ltr'><strong>naturae</strong></span> 
     </span>
     <span class='ocr_line' id='line_1_34' title="bbox 208 3039 2628 3121; baseline 0 -23"><span class='ocrx_word' id='word_1_336' title='bbox 208 3040 631 3098; x_wconf 87' lang='lat' dir='ltr'><strong>necessitatem</strong></span> <span class='ocrx_word' id='word_1_337' title='bbox 668 3039 902 3112; x_wconf 88' lang='lat' dir='ltr'><strong>agentis</strong></span> <span class='ocrx_word' id='word_1_338' title='bbox 931 3039 1182 3097; x_wconf 91' lang='lat' dir='ltr'><strong>intentio</strong></span> <span class='ocrx_word' id='word_1_339' title='bbox 1226 3045 1423 3121; x_wconf 86' lang='lat' dir='ltr'><strong>potest</strong></span> <span class='ocrx_word' id='word_1_340' title='bbox 1464 3053 1599 3098; x_wconf 88' lang='lat' dir='ltr'><strong>esse</strong></span> <span class='ocrx_word' id='word_1_341' title='bbox 1629 3040 1702 3097; x_wconf 89' lang='lat' dir='ltr'><strong>ad</strong></span> <span class='ocrx_word' id='word_1_342' title='bbox 1731 3040 1938 3110; x_wconf 86' lang='lat' dir='ltr'><strong>multa,</strong></span> <span class='ocrx_word' id='word_1_343' title='bbox 1960 3040 2322 3112; x_wconf 87' lang='lat' dir='ltr'><strong>inquantum</strong></span> <span class='ocrx_word' id='word_1_344' title='bbox 2347 3040 2628 3099; x_wconf 87' lang='lat' dir='ltr'><strong>distincta</strong></span> 
     </span>
     <span class='ocr_line' id='line_1_35' title="bbox 202 3109 2621 3182; baseline -0 -12"><span class='ocrx_word' id='word_1_345' title='bbox 202 3116 367 3170; x_wconf 87' lang='lat' dir='ltr'><strong>sunt.</strong></span> <span class='ocrx_word' id='word_1_346' title='bbox 388 3113 595 3168; x_wconf 84' lang='lat' dir='ltr'><strong>Restat</strong></span> <span class='ocrx_word' id='word_1_347' title='bbox 621 3124 687 3167; x_wconf 91' lang='lat' dir='ltr'><strong>er</strong></span> <span class='ocrx_word' id='word_1_348' title='bbox 726 3124 764 3167; x_wconf 94' lang='lat' dir='ltr'><strong>o</strong></span> <span class='ocrx_word' id='word_1_349' title='bbox 794 3110 952 3182; x_wconf 84' lang='lat' dir='ltr'><strong>quod</strong></span> <span class='ocrx_word' id='word_1_350' title='bbox 978 3111 1282 3168; x_wconf 81' lang='lat' dir='ltr'><strong>distinctio</strong></span> <span class='ocrx_word' id='word_1_351' title='bbox 1311 3109 1374 3166; x_wconf 91' lang='lat' dir='ltr'><strong>in</strong></span> <span class='ocrx_word' id='word_1_352' title='bbox 1404 3110 1583 3168; x_wconf 87' lang='lat' dir='ltr'><strong>rebus</strong></span> <span class='ocrx_word' id='word_1_353' title='bbox 1610 3110 1880 3182; x_wconf 89' lang='lat' dir='ltr'><strong>provenit</strong></span> <span class='ocrx_word' id='word_1_354' title='bbox 1908 3125 1982 3167; x_wconf 86' lang='lat' dir='ltr'><strong>ex</strong></span> <span class='ocrx_word' id='word_1_355' title='bbox 2008 3110 2336 3168; x_wconf 88' lang='lat' dir='ltr'><strong>intentione</strong></span> <span class='ocrx_word' id='word_1_356' title='bbox 2364 3112 2621 3182; x_wconf 85' lang='lat' dir='ltr'><strong>aiicujus</strong></span> 
     </span>
     <span class='ocr_line' id='line_1_36' title="bbox 204 3180 2619 3254; baseline -0 -14"><span class='ocrx_word' id='word_1_357' title='bbox 204 3180 658 3254; x_wconf 83' lang='lat' dir='ltr'><strong>cognoscentis.</strong></span> <span class='ocrx_word' id='word_1_358' title='bbox 729 3181 923 3239; x_wconf 91' lang='lat' dir='ltr'><strong>idetur</strong></span> <span class='ocrx_word' id='word_1_359' title='bbox 940 3181 1099 3237; x_wconf 90' lang='lat' dir='ltr'><strong>enim</strong></span> <span class='ocrx_word' id='word_1_360' title='bbox 1120 3180 1458 3239; x_wconf 88' lang='lat' dir='ltr'><strong>intellectus</strong></span> <span class='ocrx_word' id='word_1_361' title='bbox 1478 3181 1782 3252; x_wconf 89' lang='lat' dir='ltr'><strong>proprium</strong></span> <span class='ocrx_word' id='word_1_362' title='bbox 1800 3193 1935 3239; x_wconf 87' lang='lat' dir='ltr'><strong>esse</strong></span> <span class='ocrx_word' id='word_1_363' title='bbox 1955 3196 2152 3239; x_wconf 85' lang='lat' dir='ltr'><strong>rerum</strong></span> <span class='ocrx_word' id='word_1_364' title='bbox 2173 3182 2619 3239; x_wconf 90' lang='lat' dir='ltr'><strong>distinctionem</strong></span> 
     </span>
     <span class='ocr_line' id='line_1_37' title="bbox 204 3251 2627 3324; baseline 0 -15"><span class='ocrx_word' id='word_1_365' title='bbox 204 3251 611 3310; x_wconf 86' lang='lat' dir='ltr'><strong>considerare.</strong></span> <span class='ocrx_word' id='word_1_366' title='bbox 645 3251 808 3308; x_wconf 87' lang='lat' dir='ltr'><strong>Unde</strong></span> <span class='ocrx_word' id='word_1_367' title='bbox 834 3255 894 3308; x_wconf 90' lang='lat' dir='ltr'><strong>et</strong></span> <span class='ocrx_word' id='word_1_368' title='bbox 922 3254 1303 3322; x_wconf 81' lang='lat' dir='ltr'><strong>Anaxagoras</strong></span> <span class='ocrx_word' id='word_1_369' title='bbox 1333 3251 1439 3323; x_wconf 84' lang='lat' dir='ltr'><strong>(Cf.</strong></span> <span class='ocrx_word' id='word_1_370' title='bbox 1467 3251 1711 3308; x_wconf 81' lang='lat' dir='ltr'><strong>Aristot.</strong></span> <span class='ocrx_word' id='word_1_371' title='bbox 1743 3251 2003 3324; x_wconf 70' lang='lat' dir='ltr'><strong>puysie„</strong></span> <span class='ocrx_word' id='word_1_372' title='bbox 2042 3264 2172 3315; x_wconf 81' lang='lat' dir='ltr'><strong>vm,</strong></span> <span class='ocrx_word' id='word_1_373' title='bbox 2201 3257 2341 3308; x_wconf 81' lang='lat' dir='ltr'><strong>text.</strong></span> <span class='ocrx_word' id='word_1_374' title='bbox 2368 3251 2484 3322; x_wconf 95' lang='grc'><strong>77.)</strong></span> <span class='ocrx_word' id='word_1_375' title='bbox 2509 3252 2627 3310; x_wconf 87' lang='lat' dir='ltr'><strong>dis-</strong></span> 
     </span>
     <span class='ocr_line' id='line_1_38' title="bbox 202 3321 2622 3392; baseline 0 -13"><span class='ocrx_word' id='word_1_376' title='bbox 202 3322 521 3380; x_wconf 84' lang='lat' dir='ltr'><strong>tinctionis</strong></span> <span class='ocrx_word' id='word_1_377' title='bbox 559 3321 918 3392; x_wconf 85' lang='lat' dir='ltr'><strong>principium</strong></span> <span class='ocrx_word' id='word_1_378' title='bbox 960 3321 1326 3378; x_wconf 83' lang='lat' dir='ltr'><strong>intellectum</strong></span> <span class='ocrx_word' id='word_1_379' title='bbox 1373 3321 1541 3378; x_wconf 83' lang='lat' dir='ltr'><strong>dixit.</strong></span> <span class='ocrx_word' id='word_1_380' title='bbox 1588 3321 1951 3380; x_wconf 82' lang='lat' dir='ltr'><strong>universalis</strong></span> <span class='ocrx_word' id='word_1_381' title='bbox 2001 3327 2198 3379; x_wconf 84' lang='lat' dir='ltr'><strong>autem</strong></span> <span class='ocrx_word' id='word_1_382' title='bbox 2252 3334 2447 3378; x_wconf 90' lang='lat' dir='ltr'><strong>rerum</strong></span> <span class='ocrx_word' id='word_1_383' title='bbox 2500 3321 2622 3379; x_wconf 90' lang='lat' dir='ltr'><strong>dis·</strong></span> 
     </span>
     <span class='ocr_line' id='line_1_39' title="bbox 201 3391 2615 3463; baseline -0 -13"><span class='ocrx_word' id='word_1_384' title='bbox 201 3393 439 3459; x_wconf 87' lang='lat' dir='ltr'><strong>tinctio,</strong></span> <span class='ocrx_word' id='word_1_385' title='bbox 464 3405 590 3449; x_wconf 90' lang='lat' dir='ltr'><strong>non</strong></span> <span class='ocrx_word' id='word_1_386' title='bbox 657 3398 813 3449; x_wconf 88' lang='lat' dir='ltr'><strong>otest</strong></span> <span class='ocrx_word' id='word_1_387' title='bbox 852 3403 987 3448; x_wconf 90' lang='lat' dir='ltr'><strong>esse</strong></span> <span class='ocrx_word' id='word_1_388' title='bbox 1034 3405 1106 3448; x_wconf 84' lang='lat' dir='ltr'><strong>ex</strong></span> <span class='ocrx_word' id='word_1_389' title='bbox 1150 3391 1485 3449; x_wconf 87' lang='lat' dir='ltr'><strong>intentione</strong></span> <span class='ocrx_word' id='word_1_390' title='bbox 1531 3391 1786 3463; x_wconf 77' lang='lat' dir='ltr'><strong>aliquus</strong></span> <span class='ocrx_word' id='word_1_391' title='bbox 1831 3405 2146 3450; x_wconf 89' lang='lat' dir='ltr'><strong>causarum</strong></span> <span class='ocrx_word' id='word_1_392' title='bbox 2197 3391 2615 3460; x_wconf 86' lang='lat' dir='ltr'><strong>secundarum,</strong></span> 
     </span>
     <span class='ocr_line' id='line_1_40' title="bbox 201 3461 2627 3538; baseline -0.001 -19"><span class='ocrx_word' id='word_1_393' title='bbox 201 3464 349 3538; x_wconf 83' lang='lat' dir='ltr'><strong>quia</strong></span> <span class='ocrx_word' id='word_1_394' title='bbox 378 3475 592 3519; x_wconf 89' lang='lat' dir='ltr'><strong>omnes</strong></span> <span class='ocrx_word' id='word_1_395' title='bbox 666 3462 963 3532; x_wconf 87' lang='lat' dir='ltr'><strong>ujusmodi</strong></span> <span class='ocrx_word' id='word_1_396' title='bbox 994 3474 1192 3519; x_wconf 81' lang='lat' dir='ltr'><strong>causae</strong></span> <span class='ocrx_word' id='word_1_397' title='bbox 1220 3467 1364 3519; x_wconf 87' lang='lat' dir='ltr'><strong>sunt</strong></span> <span class='ocrx_word' id='word_1_398' title='bbox 1401 3461 1474 3519; x_wconf 93' lang='lat' dir='ltr'><strong>de</strong></span> <span class='ocrx_word' id='word_1_399' title='bbox 1518 3463 1903 3520; x_wconf 85' lang='lat' dir='ltr'><strong>universitate</strong></span> <span class='ocrx_word' id='word_1_400' title='bbox 1953 3467 2333 3520; x_wconf 85' lang='lat' dir='ltr'><strong>causatorum</strong></span> <span class='ocrx_word' id='word_1_401' title='bbox 2378 3461 2627 3518; x_wconf 87' lang='lat' dir='ltr'><strong>distinc-</strong></span> 
     </span>
     <span class='ocr_line' id='line_1_41' title="bbox 200 3528 2625 3613; baseline -0.001 -22"><span class='ocrx_word' id='word_1_402' title='bbox 200 3539 428 3591; x_wconf 88' lang='lat' dir='ltr'><strong>torum.</strong></span> <span class='ocrx_word' id='word_1_403' title='bbox 459 3535 561 3589; x_wconf 81' lang='lat' dir='ltr'><strong>Est</strong></span> <span class='ocrx_word' id='word_1_404' title='bbox 588 3532 771 3613; x_wconf 80' lang='lat' dir='ltr'><strong>igitur</strong></span> <span class='ocrx_word' id='word_1_405' title='bbox 798 3531 912 3589; x_wconf 88' lang='lat' dir='ltr'><strong>hoc</strong></span> <span class='ocrx_word' id='word_1_406' title='bbox 937 3533 1142 3603; x_wconf 78' lang='lat' dir='ltr'><strong>primae</strong></span> <span class='ocrx_word' id='word_1_407' title='bbox 1171 3545 1369 3590; x_wconf 83' lang='lat' dir='ltr'><strong>causae</strong></span> <span class='ocrx_word' id='word_1_408' title='bbox 1405 3545 1537 3604; x_wconf 84' lang='lat' dir='ltr'><strong>quae</strong></span> <span class='ocrx_word' id='word_1_409' title='bbox 1592 3545 1698 3603; x_wconf 91' lang='lat' dir='ltr'><strong>per</strong></span> <span class='ocrx_word' id='word_1_410' title='bbox 1736 3532 1997 3602; x_wconf 86' lang='lat' dir='ltr'><strong>seipsam</strong></span> <span class='ocrx_word' id='word_1_411' title='bbox 2044 3530 2119 3589; x_wconf 87' lang='lat' dir='ltr'><strong>ab</strong></span> <span class='ocrx_word' id='word_1_412' title='bbox 2163 3528 2443 3589; x_wconf 88' lang='lat' dir='ltr'><strong>omnibus</strong></span> <span class='ocrx_word' id='word_1_413' title='bbox 2485 3530 2625 3590; x_wconf 88' lang='lat' dir='ltr'><strong>aliis</strong></span> 
     </span>
     <span class='ocr_line' id='line_1_42' title="bbox 205 3600 2624 3731; baseline -0.002 -69"><span class='ocrx_word' id='word_1_414' title='bbox 205 3603 616 3731; x_wconf 54' lang='lat' dir='ltr'><strong>distiptggitur,</strong></span> <span class='ocrx_word' id='word_1_415' title='bbox 632 3617 649 3658; x_wconf 85' lang='lat'>1</span> <span class='ocrx_word' id='word_1_416' title='bbox 647 3601 938 3730; x_wconf 48' lang='lat' dir='ltr'><strong>Quaere</strong></span> <span class='ocrx_word' id='word_1_417' title='bbox 958 3601 1404 3661; x_wconf 87' lang='lat' dir='ltr'><strong>distinctionem</strong></span> <span class='ocrx_word' id='word_1_418' title='bbox 1417 3600 1688 3660; x_wconf 90' lang='lat' dir='ltr'><strong>omnium</strong></span> <span class='ocrx_word' id='word_1_419' title='bbox 1705 3616 1921 3661; x_wconf 88' lang='lat' dir='ltr'><strong>rerum.</strong></span> <span class='ocrx_word' id='word_1_420' title='bbox 1935 3604 2093 3660; x_wconf 89' lang='lat' dir='ltr'><strong>Deus</strong></span> <span class='ocrx_word' id='word_1_421' title='bbox 2105 3601 2291 3675; x_wconf 89' lang='lat' dir='ltr'><strong>igitur</strong></span> <span class='ocrx_word' id='word_1_422' title='bbox 2309 3601 2624 3674; x_wconf 87' lang='lat' dir='ltr'><strong>cognoscit</strong></span> 
     </span>
     <span class='ocr_line' id='line_1_43' title="bbox 206 3680 762 3734; baseline -0.009 0"><span class='ocrx_word' id='word_1_423' title='bbox 206 3687 304 3734; x_wconf 80' lang='lat' dir='ltr'><strong>res</strong></span> <span class='ocrx_word' id='word_1_424' title='bbox 467 3680 645 3730; x_wconf 82' lang='lat' dir='ltr'><strong>istinc</strong></span> <span class='ocrx_word' id='word_1_425' title='bbox 747 3715 762 3730; x_wconf 91' lang='lat'><strong>.</strong></span> 
     </span>
    </p>

    <p class='ocr_par' dir='ltr' id='par_1_10' title="bbox 205 3740 2623 4315">
     <span class='ocr_line' id='line_1_44' title="bbox 272 3740 2620 3817; baseline -0.001 -15"><span class='ocrx_word' id='word_1_426' title='bbox 272 3747 428 3809; x_wconf 80' lang='lat' dir='ltr'><strong>Item,</strong></span> <span class='ocrx_word' id='word_1_427' title='bbox 459 3742 745 3817; x_wconf 86' lang='lat' dir='ltr'><strong>quicquid</strong></span> <span class='ocrx_word' id='word_1_428' title='bbox 772 3744 929 3801; x_wconf 88' lang='lat' dir='ltr'><strong>Dens</strong></span> <span class='ocrx_word' id='word_1_429' title='bbox 954 3741 1286 3815; x_wconf 85' lang='lat' dir='ltr'><strong>cognoscit,</strong></span> <span class='ocrx_word' id='word_1_430' title='bbox 1314 3741 1748 3815; x_wconf 81' lang='lat' dir='ltr'><strong>perfectissime</strong></span> <span class='ocrx_word' id='word_1_431' title='bbox 1772 3740 2104 3815; x_wconf 86' lang='lat' dir='ltr'><strong>cognoscit,</strong></span> <span class='ocrx_word' id='word_1_432' title='bbox 2134 3746 2226 3800; x_wconf 87' lang='lat' dir='ltr'><strong>est</strong></span> <span class='ocrx_word' id='word_1_433' title='bbox 2255 3741 2414 3800; x_wconf 89' lang='lat' dir='ltr'><strong>enim</strong></span> <span class='ocrx_word' id='word_1_434' title='bbox 2444 3740 2508 3799; x_wconf 90' lang='lat' dir='ltr'><strong>in</strong></span> <span class='ocrx_word' id='word_1_435' title='bbox 2547 3753 2620 3800; x_wconf 91' lang='lat' dir='ltr'><strong>eo</strong></span> 
     </span>
     <span class='ocr_line' id='line_1_45' title="bbox 211 3811 2622 3886; baseline -0.001 -12"><span class='ocrx_word' id='word_1_436' title='bbox 211 3816 408 3874; x_wconf 88' lang='lat' dir='ltr'><strong>omnis</strong></span> <span class='ocrx_word' id='word_1_437' title='bbox 437 3813 724 3886; x_wconf 77' lang='lat' dir='ltr'><strong>perfectio</strong></span> <span class='ocrx_word' id='word_1_438' title='bbox 750 3813 908 3871; x_wconf 89' lang='lat' dir='ltr'><strong>sicut</strong></span> <span class='ocrx_word' id='word_1_439' title='bbox 928 3813 987 3870; x_wconf 92' lang='lat' dir='ltr'><strong>in</strong></span> <span class='ocrx_word' id='word_1_440' title='bbox 1018 3813 1369 3884; x_wconf 86' lang='lat' dir='ltr'><strong>simpliciter</strong></span> <span class='ocrx_word' id='word_1_441' title='bbox 1385 3813 1668 3885; x_wconf 84' lang='lat' dir='ltr'><strong>perfecto,</strong></span> <span class='ocrx_word' id='word_1_442' title='bbox 1691 3817 1962 3886; x_wconf 89' lang='lat' dir='ltr'><strong>utsupra</strong></span> <span class='ocrx_word' id='word_1_443' title='bbox 1990 3811 2140 3886; x_wconf 83' lang='lat' dir='ltr'><strong>(cap.</strong></span> <span class='ocrx_word' id='word_1_444' title='bbox 2172 3811 2263 3884; x_wconf 80' lang='lat'><strong>28)</strong></span> <span class='ocrx_word' id='word_1_445' title='bbox 2311 3818 2622 3871; x_wconf 84' lang='lat' dir='ltr'><strong>ostensum</strong></span> 
     </span>
     <span class='ocr_line' id='line_1_46' title="bbox 216 3882 2623 3966; baseline -0.002 -21"><span class='ocrx_word' id='word_1_446' title='bbox 216 3893 318 3945; x_wconf 61' lang='lat' dir='ltr'><strong>est.</strong></span> <span class='ocrx_word' id='word_1_447' title='bbox 353 3885 526 3956; x_wconf 85' lang='lat' dir='ltr'><strong>Quod</strong></span> <span class='ocrx_word' id='word_1_448' title='bbox 558 3889 756 3943; x_wconf 86' lang='lat' dir='ltr'><strong>autem</strong></span> <span class='ocrx_word' id='word_1_449' title='bbox 784 3884 1173 3966; x_wconf 84' lang='lat' dir='ltr'><strong>cognoscitur</strong></span> <span class='ocrx_word' id='word_1_450' title='bbox 1199 3883 1265 3940; x_wconf 90' lang='lat' dir='ltr'><strong>in</strong></span> <span class='ocrx_word' id='word_1_451' title='bbox 1295 3883 1597 3942; x_wconf 90' lang='lat' dir='ltr'><strong>communi</strong></span> <span class='ocrx_word' id='word_1_452' title='bbox 1629 3888 1877 3954; x_wconf 89' lang='lat' dir='ltr'><strong>tantum,</strong></span> <span class='ocrx_word' id='word_1_453' title='bbox 1907 3897 2029 3943; x_wconf 90' lang='lat' dir='ltr'><strong>non</strong></span> <span class='ocrx_word' id='word_1_454' title='bbox 2071 3882 2326 3955; x_wconf 82' lang='lat' dir='ltr'><strong>perfecte</strong></span> <span class='ocrx_word' id='word_1_455' title='bbox 2363 3895 2437 3941; x_wconf 89' lang='lat' dir='ltr'><strong>co</strong></span> <span class='ocrx_word' id='word_1_456' title='bbox 2481 3896 2623 3942; x_wconf 90' lang='lat' dir='ltr'><strong>nos-</strong></span> 
     </span>
     <span class='ocr_line' id='line_1_47' title="bbox 216 3953 2621 4035; baseline -0 -20"><span class='ocrx_word' id='word_1_457' title='bbox 216 3956 378 4016; x_wconf 86' lang='lat' dir='ltr'><strong>citur.</strong></span> <span class='ocrx_word' id='word_1_458' title='bbox 411 3959 774 4030; x_wconf 82' lang='lat' dir='ltr'><strong>lgnorantnr</strong></span> <span class='ocrx_word' id='word_1_459' title='bbox 804 3968 960 4013; x_wconf 86' lang='lat' dir='ltr'><strong>emm</strong></span> <span class='ocrx_word' id='word_1_460' title='bbox 992 3969 1062 4012; x_wconf 89' lang='lat' dir='ltr'><strong>ea</strong></span> <span class='ocrx_word' id='word_1_461' title='bbox 1089 3967 1222 4027; x_wconf 80' lang='lat' dir='ltr'><strong>quae</strong></span> <span class='ocrx_word' id='word_1_462' title='bbox 1250 3960 1390 4012; x_wconf 86' lang='lat' dir='ltr'><strong>sunt</strong></span> <span class='ocrx_word' id='word_1_463' title='bbox 1414 3954 1712 4035; x_wconf 86' lang='lat' dir='ltr'><strong>principia</strong></span> <span class='ocrx_word' id='word_1_464' title='bbox 1755 3954 1922 4012; x_wconf 85' lang='lat' dir='ltr'><strong>iltius</strong></span> <span class='ocrx_word' id='word_1_465' title='bbox 1966 3953 2074 4022; x_wconf 86' lang='lat' dir='ltr'><strong>rei,</strong></span> <span class='ocrx_word' id='word_1_466' title='bbox 2118 3953 2349 4012; x_wconf 85' lang='lat' dir='ltr'><strong>scilicet</strong></span> <span class='ocrx_word' id='word_1_467' title='bbox 2394 3967 2434 4011; x_wconf 91' lang='lat' dir='ltr'><strong>u</strong></span> <span class='ocrx_word' id='word_1_468' title='bbox 2460 3954 2621 4014; x_wconf 78' lang='lat' dir='ltr'><strong>timoe</strong></span> 
     </span>
     <span class='ocr_line' id='line_1_48' title="bbox 207 4023 2618 4100; baseline -0.001 -15"><span class='ocrx_word' id='word_1_469' title='bbox 207 4029 626 4100; x_wconf 80' lang='lat' dir='ltr'><strong>perfectiones.</strong></span> <span class='ocrx_word' id='word_1_470' title='bbox 658 4024 877 4098; x_wconf 86' lang='lat' dir='ltr'><strong>quibus</strong></span> <span class='ocrx_word' id='word_1_471' title='bbox 905 4024 1206 4097; x_wconf 79' lang='lat' dir='ltr'><strong>perficitur</strong></span> <span class='ocrx_word' id='word_1_472' title='bbox 1231 4037 1530 4095; x_wconf 80' lang='lat' dir='ltr'><strong>proprium</strong></span> <span class='ocrx_word' id='word_1_473' title='bbox 1564 4037 1700 4082; x_wconf 89' lang='lat' dir='ltr'><strong>esse</strong></span> <span class='ocrx_word' id='word_1_474' title='bbox 1744 4023 1894 4097; x_wconf 84' lang='lat' dir='ltr'><strong>eius.</strong></span> <span class='ocrx_word' id='word_1_475' title='bbox 1926 4023 2089 4081; x_wconf 87' lang='lat' dir='ltr'><strong>Unde</strong></span> <span class='ocrx_word' id='word_1_476' title='bbox 2130 4023 2232 4082; x_wconf 85' lang='lat' dir='ltr'><strong>tali</strong></span> <span class='ocrx_word' id='word_1_477' title='bbox 2275 4024 2618 4096; x_wconf 87' lang='lat' dir='ltr'><strong>cognitione</strong></span> 
     </span>
     <span class='ocr_line' id='line_1_49' title="bbox 205 4093 2612 4172; baseline -0.002 -14"><span class='ocrx_word' id='word_1_478' title='bbox 205 4098 397 4172; x_wconf 86' lang='lat' dir='ltr'><strong>magis</strong></span> <span class='ocrx_word' id='word_1_479' title='bbox 427 4095 823 4172; x_wconf 86' lang='lat' dir='ltr'><strong>cognoscitur</strong></span> <span class='ocrx_word' id='word_1_480' title='bbox 848 4109 945 4154; x_wconf 82' lang='lat' dir='ltr'><strong>res</strong></span> <span class='ocrx_word' id='word_1_481' title='bbox 973 4096 1034 4154; x_wconf 92' lang='lat' dir='ltr'><strong>in</strong></span> <span class='ocrx_word' id='word_1_482' title='bbox 1067 4095 1329 4165; x_wconf 88' lang='lat' dir='ltr'><strong>potentia</strong></span> <span class='ocrx_word' id='word_1_483' title='bbox 1352 4108 1531 4167; x_wconf 86' lang='lat' dir='ltr'><strong>quam</strong></span> <span class='ocrx_word' id='word_1_484' title='bbox 1560 4095 1626 4153; x_wconf 90' lang='lat' dir='ltr'><strong>in</strong></span> <span class='ocrx_word' id='word_1_485' title='bbox 1654 4099 1813 4153; x_wconf 86' lang='lat' dir='ltr'><strong>actu.</strong></span> <span class='ocrx_word' id='word_1_486' title='bbox 1862 4094 1921 4152; x_wconf 88' lang='lat' dir='ltr'><strong>si</strong></span> <span class='ocrx_word' id='word_1_487' title='bbox 1950 4093 2133 4167; x_wconf 89' lang='lat' dir='ltr'><strong>igitur</strong></span> <span class='ocrx_word' id='word_1_488' title='bbox 2159 4096 2316 4153; x_wconf 87' lang='lat' dir='ltr'><strong>Deus</strong></span> <span class='ocrx_word' id='word_1_489' title='bbox 2357 4107 2612 4167; x_wconf 85' lang='lat' dir='ltr'><strong>cognos-</strong></span> 
     </span>
     <span class='ocr_line' id='line_1_50' title="bbox 206 4163 2616 4240; baseline -0.002 -12"><span class='ocrx_word' id='word_1_490' title='bbox 206 4170 393 4229; x_wconf 80' lang='lat' dir='ltr'><strong>cendo</strong></span> <span class='ocrx_word' id='word_1_491' title='bbox 413 4168 748 4228; x_wconf 87' lang='lat' dir='ltr'><strong>essentiam</strong></span> <span class='ocrx_word' id='word_1_492' title='bbox 770 4179 965 4234; x_wconf 78' lang='lat' dir='ltr'><strong>snam,</strong></span> <span class='ocrx_word' id='word_1_493' title='bbox 988 4166 1302 4239; x_wconf 85' lang='lat' dir='ltr'><strong>cognoscit</strong></span> <span class='ocrx_word' id='word_1_494' title='bbox 1325 4165 1530 4223; x_wconf 90' lang='lat' dir='ltr'><strong>omnia</strong></span> <span class='ocrx_word' id='word_1_495' title='bbox 1549 4163 1616 4223; x_wconf 91' lang='lat' dir='ltr'><strong>in</strong></span> <span class='ocrx_word' id='word_1_496' title='bbox 1639 4163 1982 4236; x_wconf 85' lang='lat' dir='ltr'><strong>universali,</strong></span> <span class='ocrx_word' id='word_1_497' title='bbox 2007 4169 2239 4237; x_wconf 89' lang='lat' dir='ltr'><strong>oportet</strong></span> <span class='ocrx_word' id='word_1_498' title='bbox 2257 4164 2435 4224; x_wconf 89' lang='lat' dir='ltr'><strong>etiam</strong></span> <span class='ocrx_word' id='word_1_499' title='bbox 2453 4164 2616 4240; x_wconf 88' lang='lat' dir='ltr'><strong>qnod</strong></span> 
     </span>
     <span class='ocr_line' id='line_1_51' title="bbox 206 4236 1519 4315; baseline -0.005 -15"><span class='ocrx_word' id='word_1_500' title='bbox 206 4242 509 4315; x_wconf 80' lang='lat' dir='ltr'><strong>propriam</strong></span> <span class='ocrx_word' id='word_1_501' title='bbox 543 4238 762 4296; x_wconf 86' lang='lat' dir='ltr'><strong>habeat</strong></span> <span class='ocrx_word' id='word_1_502' title='bbox 787 4237 1190 4309; x_wconf 88' lang='lat' dir='ltr'><strong>cognitionem</strong></span> <span class='ocrx_word' id='word_1_503' title='bbox 1217 4236 1291 4294; x_wconf 90' lang='lat' dir='ltr'><strong>de</strong></span> <span class='ocrx_word' id='word_1_504' title='bbox 1319 4236 1519 4294; x_wconf 85' lang='lat' dir='ltr'><strong>rebus.</strong></span> 
     </span>
    </p>

    <p class='ocr_par' dir='ltr' id='par_1_11' title="bbox 203 4303 2622 4522">
     <span class='ocr_line' id='line_1_52' title="bbox 269 4303 2618 4387; baseline -0.003 -17"><span class='ocrx_word' id='word_1_505' title='bbox 269 4313 492 4374; x_wconf 74' lang='lat' dir='ltr'><strong>Adhuc,</strong></span> <span class='ocrx_word' id='word_1_506' title='bbox 527 4309 891 4382; x_wconf 87' lang='lat' dir='ltr'><strong>quicumque</strong></span> <span class='ocrx_word' id='word_1_507' title='bbox 937 4307 1247 4380; x_wconf 81' lang='lat' dir='ltr'><strong>cognoscit</strong></span> <span class='ocrx_word' id='word_1_508' title='bbox 1274 4312 1546 4364; x_wconf 84' lang='lat' dir='ltr'><strong>naturam</strong></span> <span class='ocrx_word' id='word_1_509' title='bbox 1592 4304 1873 4387; x_wconf 48' lang='lat' dir='ltr'><strong>aliquam.</strong></span> <span class='ocrx_word' id='word_1_510' title='bbox 1906 4303 2216 4386; x_wconf 79' lang='lat' dir='ltr'><strong>cognoscit</strong></span> <span class='ocrx_word' id='word_1_511' title='bbox 2237 4317 2342 4377; x_wconf 87' lang='lat' dir='ltr'><strong>per</strong></span> <span class='ocrx_word' id='word_1_512' title='bbox 2367 4318 2436 4365; x_wconf 86' lang='lat' dir='ltr'><strong>se</strong></span> <span class='ocrx_word' id='word_1_513' title='bbox 2459 4305 2618 4366; x_wconf 87' lang='lat' dir='ltr'><strong>acci-</strong></span> 
     </span>
     <span class='ocr_line' id='line_1_53' title="bbox 205 4376 2619 4449; baseline -0.005 -7"><span class='ocrx_word' id='word_1_514' title='bbox 205 4380 403 4441; x_wconf 85' lang='lat' dir='ltr'><strong>dentia</strong></span> <span class='ocrx_word' id='word_1_515' title='bbox 434 4381 607 4438; x_wconf 85' lang='lat' dir='ltr'><strong>iilius</strong></span> <span class='ocrx_word' id='word_1_516' title='bbox 656 4383 905 4436; x_wconf 66' lang='lat' dir='ltr'><strong>naturae.</strong></span> <span class='ocrx_word' id='word_1_517' title='bbox 937 4379 1047 4435; x_wconf 84' lang='lat' dir='ltr'><strong>Per</strong></span> <span class='ocrx_word' id='word_1_518' title='bbox 1072 4390 1137 4435; x_wconf 81' lang='lat' dir='ltr'><strong>se</strong></span> <span class='ocrx_word' id='word_1_519' title='bbox 1166 4382 1362 4434; x_wconf 86' lang='lat' dir='ltr'><strong>autem</strong></span> <span class='ocrx_word' id='word_1_520' title='bbox 1390 4376 1718 4435; x_wconf 83' lang='lat' dir='ltr'><strong>accidentia</strong></span> <span class='ocrx_word' id='word_1_521' title='bbox 1745 4381 1921 4443; x_wconf 84' lang='lat' dir='ltr'><strong>entis,</strong></span> <span class='ocrx_word' id='word_1_522' title='bbox 1952 4388 2015 4433; x_wconf 81' lang='lat' dir='ltr'><strong>tn</strong></span> <span class='ocrx_word' id='word_1_523' title='bbox 2055 4381 2341 4449; x_wconf 84' lang='lat' dir='ltr'><strong>quantum</strong></span> <span class='ocrx_word' id='word_1_524' title='bbox 2368 4378 2461 4434; x_wconf 91' lang='lat' dir='ltr'><strong>est</strong></span> <span class='ocrx_word' id='word_1_525' title='bbox 2487 4387 2619 4443; x_wconf 82' lang='lat' dir='ltr'><strong>ens,</strong></span> 
     </span>
     <span class='ocr_line' id='line_1_54' title="bbox 203 4445 2622 4522; baseline -0.007 -6"><span class='ocrx_word' id='word_1_526' title='bbox 203 4459 341 4516; x_wconf 73' lang='lat' dir='ltr'><strong>sunt</strong></span> <span class='ocrx_word' id='word_1_527' title='bbox 368 4463 568 4514; x_wconf 91' lang='lat' dir='ltr'><strong>unum</strong></span> <span class='ocrx_word' id='word_1_528' title='bbox 598 4453 660 4509; x_wconf 88' lang='lat' dir='ltr'><strong>et</strong></span> <span class='ocrx_word' id='word_1_529' title='bbox 683 4448 893 4521; x_wconf 84' lang='lat' dir='ltr'><strong>multa,</strong></span> <span class='ocrx_word' id='word_1_530' title='bbox 911 4451 978 4509; x_wconf 87' lang='lat' dir='ltr'><strong>ut</strong></span> <span class='ocrx_word' id='word_1_531' title='bbox 1002 4449 1287 4522; x_wconf 79' lang='lat' dir='ltr'><strong>probatur</strong></span> <span class='ocrx_word' id='word_1_532' title='bbox 1302 4448 1368 4507; x_wconf 89' lang='lat' dir='ltr'><strong>in</strong></span> <span class='ocrx_word' id='word_1_533' title='bbox 1385 4451 1598 4522; x_wconf 85' lang='lat' dir='ltr'><strong>quarto</strong></span> <span class='ocrx_word' id='word_1_534' title='bbox 1613 4447 1854 4519; x_wconf 66' lang='lat' dir='ltr'><strong>Metapa.</strong></span> <span class='ocrx_word' id='word_1_535' title='bbox 1877 4445 2040 4521; x_wconf 87' lang='lat' dir='ltr'><strong>(text.</strong></span> <span class='ocrx_word' id='word_1_536' title='bbox 2055 4458 2269 4506; x_wconf 87' lang='lat' dir='ltr'><strong>comm.</strong></span> <span class='ocrx_word' id='word_1_537' title='bbox 2291 4451 2347 4517; x_wconf 79' lang='grc'><strong>3,</strong></span> <span class='ocrx_word' id='word_1_538' title='bbox 2363 4445 2440 4518; x_wconf 74' lang='grc'><strong>4).</strong></span> <span class='ocrx_word' id='word_1_539' title='bbox 2463 4445 2622 4504; x_wconf 84' lang='lat' dir='ltr'><strong>Deus</strong></span> 
     </span>
    </p>
   </div>
  </div>
 </body>
</html>
