<?xml version="1.0" encoding="UTF-8"?>
<!DOCTYPE html PUBLIC "-//W3C//DTD XHTML 1.0 Transitional//EN"
    "http://www.w3.org/TR/xhtml1/DTD/xhtml1-transitional.dtd">
<html xmlns="http://www.w3.org/1999/xhtml" xml:lang="en" lang="en">
 <head>
  <title>
</title>
<meta http-equiv="Content-Type" content="text/html;charset=utf-8" />
  <meta name='ocr-system' content='tesseract 3.04.00' />
  <meta name='ocr-capabilities' content='ocr_page ocr_carea ocr_par ocr_line ocrx_word'/>
</head>
<body>
  <div class='ocr_page' id='page_1' title='image "./deveritatecatho00rubegoog_0262.png"; bbox 0 0 3076 5025; ppageno 0'>
   <div class='ocr_carea' id='block_1_1' title="bbox 1811 66 1840 92">
    <p class='ocr_par' dir='ltr' id='par_1_1' title="bbox 1811 66 1840 92">
     <span class='ocr_line' id='line_1_1' title="bbox 1811 66 1840 92; baseline 0 0"><span class='ocrx_word' id='word_1_1' title='bbox 1811 66 1840 92; x_wconf 68' lang='lat' dir='ltr'><em>t</em></span> 
     </span>
    </p>
   </div>
   <div class='ocr_carea' id='block_1_2' title="bbox 503 278 2086 351">
    <p class='ocr_par' dir='ltr' id='par_1_2' title="bbox 503 278 2086 351">
     <span class='ocr_line' id='line_1_2' title="bbox 503 278 2086 351; baseline -0.002 -11"><span class='ocrx_word' id='word_1_2' title='bbox 503 283 610 340; x_wconf 76' lang='lat'>228</span> <span class='ocrx_word' id='word_1_3' title='bbox 1336 280 1471 339; x_wconf 81' lang='lat' dir='ltr'>Lm.</span> <span class='ocrx_word' id='word_1_4' title='bbox 1510 280 1585 351; x_wconf 87' lang='grc' dir='ltr'>Π,</span> <span class='ocrx_word' id='word_1_5' title='bbox 1621 278 1778 338; x_wconf 80' lang='lat' dir='ltr'>CAP.</span> <span class='ocrx_word' id='word_1_6' title='bbox 1814 278 2086 338; x_wconf 81' lang='lat' dir='ltr'>LXXXIII.</span> 
     </span>
    </p>
   </div>
   <div class='ocr_carea' id='block_1_3' title="bbox 505 402 2859 2665">
    <p class='ocr_par' dir='ltr' id='par_1_3' title="bbox 506 402 2843 476">
     <span class='ocr_line' id='line_1_3' title="bbox 506 402 2843 476; baseline 0.001 -14"><span class='ocrx_word' id='word_1_7' title='bbox 506 405 924 476; x_wconf 79' lang='lat' dir='ltr'>interrogetur,</span> <span class='ocrx_word' id='word_1_8' title='bbox 950 416 1072 462; x_wconf 90' lang='lat' dir='ltr'>non</span> <span class='ocrx_word' id='word_1_9' title='bbox 1109 404 1492 476; x_wconf 78' lang='lat' dir='ltr'>respondebit</span> <span class='ocrx_word' id='word_1_10' title='bbox 1518 403 1824 462; x_wconf 78' lang='lat' dir='ltr'>veritatem</span> <span class='ocrx_word' id='word_1_11' title='bbox 1852 403 1972 462; x_wconf 91' lang='lat' dir='ltr'>nisi</span> <span class='ocrx_word' id='word_1_12' title='bbox 2002 402 2076 461; x_wconf 91' lang='lat' dir='ltr'>de</span> <span class='ocrx_word' id='word_1_13' title='bbox 2104 402 2545 463; x_wconf 86' lang='lat' dir='ltr'>universalibus</span> <span class='ocrx_word' id='word_1_14' title='bbox 2572 405 2740 476; x_wconf 88' lang='lat' dir='ltr'>princi</span> <span class='ocrx_word' id='word_1_15' title='bbox 2773 406 2843 476; x_wconf 73' lang='lat' dir='ltr'>iis,</span> 
     </span>
    </p>

    <p class='ocr_par' dir='ltr' id='par_1_4' title="bbox 506 421 2844 555">
     <span class='ocr_line' id='line_1_4' title="bbox 506 421 2844 555; baseline 0.001 -23"><span class='ocrx_word' id='word_1_16' title='bbox 506 489 638 547; x_wconf 74' lang='lat' dir='ltr'>quae</span> <span class='ocrx_word' id='word_1_17' title='bbox 684 475 888 532; x_wconf 90' lang='lat' dir='ltr'>nullus</span> <span class='ocrx_word' id='word_1_18' title='bbox 934 474 1189 547; x_wconf 83' lang='lat' dir='ltr'>ignorat,</span> <span class='ocrx_word' id='word_1_19' title='bbox 1220 475 1326 533; x_wconf 91' lang='lat' dir='ltr'>sed</span> <span class='ocrx_word' id='word_1_20' title='bbox 1365 479 1506 533; x_wconf 90' lang='lat' dir='ltr'>sunt</span> <span class='ocrx_word' id='word_1_21' title='bbox 1558 473 1632 532; x_wconf 87' lang='lat' dir='ltr'>ab</span> <span class='ocrx_word' id='word_1_22' title='bbox 1670 473 1952 555; x_wconf 84' lang='lat' dir='ltr'>omnibus</span> <span class='ocrx_word' id='word_1_23' title='bbox 1995 473 2206 532; x_wconf 89' lang='lat' dir='ltr'>eodem</span> <span class='ocrx_word' id='word_1_24' title='bbox 2250 474 2428 532; x_wconf 90' lang='lat' dir='ltr'>modo</span> <span class='ocrx_word' id='word_1_25' title='bbox 2476 481 2536 532; x_wconf 91' lang='lat' dir='ltr'>et</span> <span class='ocrx_word' id='word_1_26' title='bbox 2569 421 2844 536; x_wconf 62' lang='lat' dir='ltr'>naturaplitoe</span> 
     </span>
    </p>

    <p class='ocr_par' dir='ltr' id='par_1_5' title="bbox 505 544 2841 618">
     <span class='ocr_line' id='line_1_5' title="bbox 505 544 2841 618; baseline 0.001 -15"><span class='ocrx_word' id='word_1_27' title='bbox 505 545 781 618; x_wconf 79' lang='lat' dir='ltr'>cognita3</span> <span class='ocrx_word' id='word_1_28' title='bbox 812 544 1191 616; x_wconf 90' lang='lat' dir='ltr'>postmodum</span> <span class='ocrx_word' id='word_1_29' title='bbox 1221 551 1419 603; x_wconf 89' lang='lat' dir='ltr'>autem</span> <span class='ocrx_word' id='word_1_30' title='bbox 1448 544 1720 603; x_wconf 86' lang='lat' dir='ltr'>ordinate</span> <span class='ocrx_word' id='word_1_31' title='bbox 1751 550 2172 616; x_wconf 85' lang='lat' dir='ltr'>interrogatus,</span> <span class='ocrx_word' id='word_1_32' title='bbox 2199 544 2582 617; x_wconf 80' lang='lat' dir='ltr'>respondebit</span> <span class='ocrx_word' id='word_1_33' title='bbox 2606 548 2841 606; x_wconf 67' lang='lat' dir='ltr'>veritam</span> 
     </span>
    </p>

    <p class='ocr_par' dir='ltr' id='par_1_6' title="bbox 508 613 2847 688">
     <span class='ocr_line' id='line_1_6' title="bbox 508 613 2847 688; baseline 0.001 -15"><span class='ocrx_word' id='word_1_34' title='bbox 508 615 582 673; x_wconf 90' lang='lat' dir='ltr'>de</span> <span class='ocrx_word' id='word_1_35' title='bbox 610 615 708 673; x_wconf 88' lang='lat' dir='ltr'>his</span> <span class='ocrx_word' id='word_1_36' title='bbox 743 629 875 687; x_wconf 73' lang='lat' dir='ltr'>quae</span> <span class='ocrx_word' id='word_1_37' title='bbox 918 620 1060 673; x_wconf 91' lang='lat' dir='ltr'>sunt</span> <span class='ocrx_word' id='word_1_38' title='bbox 1090 616 1422 688; x_wconf 86' lang='lat' dir='ltr'>propinqua</span> <span class='ocrx_word' id='word_1_39' title='bbox 1472 613 1806 687; x_wconf 84' lang='lat' dir='ltr'>principiis,</span> <span class='ocrx_word' id='word_1_40' title='bbox 1833 614 2036 673; x_wconf 87' lang='lat' dir='ltr'>habito</span> <span class='ocrx_word' id='word_1_41' title='bbox 2080 621 2353 687; x_wconf 90' lang='lat' dir='ltr'>respectu</span> <span class='ocrx_word' id='word_1_42' title='bbox 2394 615 2469 673; x_wconf 88' lang='lat' dir='ltr'>ad</span> <span class='ocrx_word' id='word_1_43' title='bbox 2510 615 2691 688; x_wconf 88' lang='lat' dir='ltr'>princi</span> <span class='ocrx_word' id='word_1_44' title='bbox 2727 618 2847 686; x_wconf 59' lang='lat' dir='ltr'>luet</span> 
     </span>
    </p>

    <p class='ocr_par' dir='ltr' id='par_1_7' title="bbox 508 685 2844 759">
     <span class='ocr_line' id='line_1_7' title="bbox 508 685 2844 759; baseline -0 -13"><span class='ocrx_word' id='word_1_45' title='bbox 508 686 597 746; x_wconf 88' lang='lat' dir='ltr'>sic</span> <span class='ocrx_word' id='word_1_46' title='bbox 625 685 929 757; x_wconf 85' lang='lat' dir='ltr'>deinceps,</span> <span class='ocrx_word' id='word_1_47' title='bbox 967 698 1164 759; x_wconf 84' lang='lat' dir='ltr'>quous</span> <span class='ocrx_word' id='word_1_48' title='bbox 1207 701 1281 743; x_wconf 89' lang='lat' dir='ltr'>ue</span> <span class='ocrx_word' id='word_1_49' title='bbox 1314 686 1621 744; x_wconf 74' lang='lat' dir='ltr'>veritatem</span> <span class='ocrx_word' id='word_1_50' title='bbox 1707 686 1994 743; x_wconf 87' lang='lat' dir='ltr'>rimorum</span> <span class='ocrx_word' id='word_1_51' title='bbox 2022 686 2452 757; x_wconf 87' lang='lat' dir='ltr'>principiorum</span> <span class='ocrx_word' id='word_1_52' title='bbox 2480 686 2556 744; x_wconf 87' lang='lat' dir='ltr'>ad</span> <span class='ocrx_word' id='word_1_53' title='bbox 2585 700 2656 744; x_wconf 88' lang='lat' dir='ltr'>ea</span> <span class='ocrx_word' id='word_1_54' title='bbox 2713 688 2844 759; x_wconf 74' lang='lat' dir='ltr'>eqni·</span> 
     </span>
    </p>

    <p class='ocr_par' dir='ltr' id='par_1_8' title="bbox 508 755 2845 969">
     <span class='ocr_line' id='line_1_8' title="bbox 508 755 2844 837; baseline 0 -23"><span class='ocrx_word' id='word_1_55' title='bbox 508 756 623 814; x_wconf 90' lang='lat' dir='ltr'>bus</span> <span class='ocrx_word' id='word_1_56' title='bbox 650 757 1050 828; x_wconf 83' lang='lat' dir='ltr'>interrogatur</span> <span class='ocrx_word' id='word_1_57' title='bbox 1076 770 1188 828; x_wconf 90' lang='lat' dir='ltr'>app</span> <span class='ocrx_word' id='word_1_58' title='bbox 1215 756 1373 814; x_wconf 90' lang='lat' dir='ltr'>icare</span> <span class='ocrx_word' id='word_1_59' title='bbox 1410 762 1627 827; x_wconf 86' lang='lat' dir='ltr'>potest.</span> <span class='ocrx_word' id='word_1_60' title='bbox 1701 770 1737 813; x_wconf 86' lang='lat' dir='ltr'>x</span> <span class='ocrx_word' id='word_1_61' title='bbox 1776 756 1890 813; x_wconf 88' lang='lat' dir='ltr'>boc</span> <span class='ocrx_word' id='word_1_62' title='bbox 1912 755 2098 828; x_wconf 91' lang='lat' dir='ltr'>igitur</span> <span class='ocrx_word' id='word_1_63' title='bbox 2120 756 2434 814; x_wconf 79' lang='lat' dir='ltr'>manifeste</span> <span class='ocrx_word' id='word_1_64' title='bbox 2463 761 2701 837; x_wconf 85' lang='lat' dir='ltr'>apparet</span> <span class='ocrx_word' id='word_1_65' title='bbox 2721 757 2844 831; x_wconf 74' lang='lat' dir='ltr'>quod,</span> 
     </span>
     <span class='ocr_line' id='line_1_9' title="bbox 551 826 2845 907; baseline -0.001 -23"><span class='ocrx_word' id='word_1_66' title='bbox 551 841 615 884; x_wconf 91' lang='lat' dir='ltr'>er</span> <span class='ocrx_word' id='word_1_67' title='bbox 668 827 967 907; x_wconf 44' lang='lat' dir='ltr'>principia·</span> <span class='ocrx_word' id='word_1_68' title='bbox 989 826 1199 899; x_wconf 86' lang='lat' dir='ltr'>prima,</span> <span class='ocrx_word' id='word_1_69' title='bbox 1230 827 1293 884; x_wconf 90' lang='lat' dir='ltr'>in</span> <span class='ocrx_word' id='word_1_70' title='bbox 1326 839 1397 884; x_wconf 93' lang='lat' dir='ltr'>eo</span> <span class='ocrx_word' id='word_1_71' title='bbox 1436 827 1537 899; x_wconf 85' lang='lat' dir='ltr'>qui</span> <span class='ocrx_word' id='word_1_72' title='bbox 1580 827 1983 898; x_wconf 82' lang='lat' dir='ltr'>interrogatur</span> <span class='ocrx_word' id='word_1_73' title='bbox 2023 832 2306 886; x_wconf 86' lang='lat' dir='ltr'>causatur</span> <span class='ocrx_word' id='word_1_74' title='bbox 2332 829 2602 900; x_wconf 80' lang='lat' dir='ltr'>cognitio</span> <span class='ocrx_word' id='word_1_75' title='bbox 2629 828 2697 886; x_wconf 90' lang='lat' dir='ltr'>de</span> <span class='ocrx_word' id='word_1_76' title='bbox 2728 840 2845 886; x_wconf 76' lang='lat' dir='ltr'>neto.</span> 
     </span>
     <span class='ocr_line' id='line_1_10' title="bbox 561 897 2006 969; baseline 0 -14"><span class='ocrx_word' id='word_1_77' title='bbox 561 910 642 955; x_wconf 88' lang='lat' dir='ltr'>on</span> <span class='ocrx_word' id='word_1_78' title='bbox 670 903 854 969; x_wconf 87' lang='lat' dir='ltr'>igitur</span> <span class='ocrx_word' id='word_1_79' title='bbox 882 911 1047 969; x_wconf 91' lang='lat' dir='ltr'>prius</span> <span class='ocrx_word' id='word_1_80' title='bbox 1077 898 1294 956; x_wconf 83' lang='lat' dir='ltr'>babitae</span> <span class='ocrx_word' id='word_1_81' title='bbox 1324 898 1552 957; x_wconf 79' lang='lat' dir='ltr'>notitiae</span> <span class='ocrx_word' id='word_1_82' title='bbox 1579 897 2006 955; x_wconf 84' lang='lat' dir='ltr'>reminiscitur.</span> 
     </span>
    </p>

    <p class='ocr_par' dir='ltr' id='par_1_9' title="bbox 506 966 2854 1605">
     <span class='ocr_line' id='line_1_11' title="bbox 578 966 2842 1039; baseline 0 -14"><span class='ocrx_word' id='word_1_83' title='bbox 578 968 863 1031; x_wconf 67' lang='lat' dir='ltr'>Praeterea,</span> <span class='ocrx_word' id='word_1_84' title='bbox 908 968 962 1026; x_wconf 91' lang='lat' dir='ltr'>si</span> <span class='ocrx_word' id='word_1_85' title='bbox 1009 968 1093 1026; x_wconf 89' lang='lat' dir='ltr'>ita</span> <span class='ocrx_word' id='word_1_86' title='bbox 1131 973 1293 1026; x_wconf 90' lang='lat' dir='ltr'>esset</span> <span class='ocrx_word' id='word_1_87' title='bbox 1341 968 1556 1026; x_wconf 77' lang='lat' dir='ltr'>animae</span> <span class='ocrx_word' id='word_1_88' title='bbox 1594 966 1883 1026; x_wconf 88' lang='lat' dir='ltr'>naturalis</span> <span class='ocrx_word' id='word_1_89' title='bbox 1928 967 2195 1039; x_wconf 73' lang='lat' dir='ltr'>cognitio</span> <span class='ocrx_word' id='word_1_90' title='bbox 2244 968 2698 1027; x_wconf 90' lang='lat' dir='ltr'>conclusionum</span> <span class='ocrx_word' id='word_1_91' title='bbox 2748 967 2842 1026; x_wconf 73' lang='lat' dir='ltr'>siut</span> 
     </span>
     <span class='ocr_line' id='line_1_12' title="bbox 509 1037 2842 1110; baseline 0 -15"><span class='ocrx_word' id='word_1_92' title='bbox 509 1038 959 1110; x_wconf 87' lang='lat' dir='ltr'>principiorum,</span> <span class='ocrx_word' id='word_1_93' title='bbox 977 1039 1183 1096; x_wconf 90' lang='lat' dir='ltr'>eadem</span> <span class='ocrx_word' id='word_1_94' title='bbox 1221 1044 1381 1097; x_wconf 89' lang='lat' dir='ltr'>esset</span> <span class='ocrx_word' id='word_1_95' title='bbox 1418 1038 1672 1097; x_wconf 89' lang='lat' dir='ltr'>scientia</span> <span class='ocrx_word' id='word_1_96' title='bbox 1702 1038 1857 1110; x_wconf 86' lang='lat' dir='ltr'>apud</span> <span class='ocrx_word' id='word_1_97' title='bbox 1886 1050 2098 1096; x_wconf 88' lang='lat' dir='ltr'>omnes</span> <span class='ocrx_word' id='word_1_98' title='bbox 2144 1037 2217 1096; x_wconf 89' lang='lat' dir='ltr'>de</span> <span class='ocrx_word' id='word_1_99' title='bbox 2247 1039 2731 1097; x_wconf 84' lang='lat' dir='ltr'>conclusionibus</span> <span class='ocrx_word' id='word_1_100' title='bbox 2749 1039 2842 1096; x_wconf 79' lang='lat' dir='ltr'>sicit</span> 
     </span>
     <span class='ocr_line' id='line_1_13' title="bbox 509 1108 2847 1189; baseline -0 -23"><span class='ocrx_word' id='word_1_101' title='bbox 509 1108 582 1167; x_wconf 91' lang='lat' dir='ltr'>de</span> <span class='ocrx_word' id='word_1_102' title='bbox 601 1109 940 1180; x_wconf 88' lang='lat' dir='ltr'>principiis;</span> <span class='ocrx_word' id='word_1_103' title='bbox 971 1109 1112 1188; x_wconf 82' lang='lat' dir='ltr'>quia</span> <span class='ocrx_word' id='word_1_104' title='bbox 1139 1123 1273 1189; x_wconf 82' lang='lat' dir='ltr'>quae</span> <span class='ocrx_word' id='word_1_105' title='bbox 1300 1115 1444 1167; x_wconf 90' lang='lat' dir='ltr'>sunt</span> <span class='ocrx_word' id='word_1_106' title='bbox 1481 1110 1777 1168; x_wconf 86' lang='lat' dir='ltr'>naturalia</span> <span class='ocrx_word' id='word_1_107' title='bbox 1801 1114 1944 1168; x_wconf 91' lang='lat' dir='ltr'>sunt</span> <span class='ocrx_word' id='word_1_108' title='bbox 1982 1109 2188 1166; x_wconf 89' lang='lat' dir='ltr'>eadem</span> <span class='ocrx_word' id='word_1_109' title='bbox 2218 1109 2374 1182; x_wconf 87' lang='lat' dir='ltr'>apud</span> <span class='ocrx_word' id='word_1_110' title='bbox 2401 1122 2638 1167; x_wconf 81' lang='lat' dir='ltr'>omnes,</span> <span class='ocrx_word' id='word_1_111' title='bbox 2670 1112 2847 1189; x_wconf 68' lang='lat' dir='ltr'>Noites</span> 
     </span>
     <span class='ocr_line' id='line_1_14' title="bbox 507 1178 2846 1250; baseline -0 -13"><span class='ocrx_word' id='word_1_112' title='bbox 507 1185 707 1237; x_wconf 89' lang='lat' dir='ltr'>autem</span> <span class='ocrx_word' id='word_1_113' title='bbox 738 1181 945 1237; x_wconf 89' lang='lat' dir='ltr'>eadem</span> <span class='ocrx_word' id='word_1_114' title='bbox 965 1185 1217 1238; x_wconf 86' lang='lat' dir='ltr'>scientia</span> <span class='ocrx_word' id='word_1_115' title='bbox 1240 1180 1395 1250; x_wconf 87' lang='lat' dir='ltr'>apud</span> <span class='ocrx_word' id='word_1_116' title='bbox 1423 1193 1635 1238; x_wconf 90' lang='lat' dir='ltr'>omnes</span> <span class='ocrx_word' id='word_1_117' title='bbox 1655 1181 1728 1238; x_wconf 92' lang='lat' dir='ltr'>de</span> <span class='ocrx_word' id='word_1_118' title='bbox 1747 1179 2265 1249; x_wconf 77' lang='lat' dir='ltr'>conclusionibu8‚</span> <span class='ocrx_word' id='word_1_119' title='bbox 2296 1178 2404 1239; x_wconf 88' lang='lat' dir='ltr'>sed</span> <span class='ocrx_word' id='word_1_120' title='bbox 2429 1180 2634 1238; x_wconf 88' lang='lat' dir='ltr'>solum</span> <span class='ocrx_word' id='word_1_121' title='bbox 2659 1180 2723 1236; x_wconf 91' lang='lat' dir='ltr'>de</span> <span class='ocrx_word' id='word_1_122' title='bbox 2743 1190 2846 1249; x_wconf 76' lang='lat' dir='ltr'>pnn-</span> 
     </span>
     <span class='ocr_line' id='line_1_15' title="bbox 508 1249 2845 1323; baseline -0 -17"><span class='ocrx_word' id='word_1_123' title='bbox 508 1250 705 1321; x_wconf 90' lang='lat' dir='ltr'>cipiis.</span> <span class='ocrx_word' id='word_1_124' title='bbox 733 1251 899 1307; x_wconf 83' lang='lat' dir='ltr'>Patet</span> <span class='ocrx_word' id='word_1_125' title='bbox 932 1249 1117 1321; x_wconf 86' lang='lat' dir='ltr'>igitur</span> <span class='ocrx_word' id='word_1_126' title='bbox 1158 1250 1320 1323; x_wconf 84' lang='lat' dir='ltr'>quod</span> <span class='ocrx_word' id='word_1_127' title='bbox 1348 1264 1420 1308; x_wconf 90' lang='lat' dir='ltr'>co</span> <span class='ocrx_word' id='word_1_128' title='bbox 1466 1251 1614 1308; x_wconf 88' lang='lat' dir='ltr'>nitio</span> <span class='ocrx_word' id='word_1_129' title='bbox 1661 1249 2090 1322; x_wconf 88' lang='lat' dir='ltr'>principiorum</span> <span class='ocrx_word' id='word_1_130' title='bbox 2121 1255 2214 1308; x_wconf 89' lang='lat' dir='ltr'>est</span> <span class='ocrx_word' id='word_1_131' title='bbox 2242 1251 2419 1308; x_wconf 90' lang='lat' dir='ltr'>nobis</span> <span class='ocrx_word' id='word_1_132' title='bbox 2447 1250 2746 1318; x_wconf 83' lang='lat' dir='ltr'>naturalis,</span> <span class='ocrx_word' id='word_1_133' title='bbox 2768 1260 2845 1305; x_wconf 78' lang='lat' dir='ltr'>non</span> 
     </span>
     <span class='ocr_line' id='line_1_16' title="bbox 508 1265 2852 1447; baseline -0 -69"><span class='ocrx_word' id='word_1_134' title='bbox 508 1325 710 1378; x_wconf 90' lang='lat' dir='ltr'>autem</span> <span class='ocrx_word' id='word_1_135' title='bbox 750 1319 1232 1380; x_wconf 86' lang='lat' dir='ltr'>conclusionum.</span> <span class='ocrx_word' id='word_1_136' title='bbox 1264 1265 1662 1447; x_wconf 51' lang='lat' dir='ltr'>quofautem</span> <span class='ocrx_word' id='word_1_137' title='bbox 1718 1334 1843 1402; x_wconf 79' lang='lat' dir='ltr'>non</span> <span class='ocrx_word' id='word_1_138' title='bbox 1895 1324 1987 1378; x_wconf 89' lang='lat' dir='ltr'>est</span> <span class='ocrx_word' id='word_1_139' title='bbox 2025 1320 2294 1402; x_wconf 75' lang='lat' dir='ltr'>naturale</span> <span class='ocrx_word' id='word_1_140' title='bbox 2349 1320 2534 1380; x_wconf 90' lang='lat' dir='ltr'>nobis</span> <span class='ocrx_word' id='word_1_141' title='bbox 2563 1319 2852 1399; x_wconf 63' lang='lat' dir='ltr'>acquirimus</span> 
     </span>
     <span class='ocr_line' id='line_1_17' title="bbox 508 1390 2851 1467; baseline -0.001 -18"><span class='ocrx_word' id='word_1_142' title='bbox 508 1404 616 1462; x_wconf 86' lang='lat' dir='ltr'>per</span> <span class='ocrx_word' id='word_1_143' title='bbox 641 1390 703 1448; x_wconf 89' lang='lat' dir='ltr'>id</span> <span class='ocrx_word' id='word_1_144' title='bbox 750 1391 911 1463; x_wconf 86' lang='lat' dir='ltr'>quod</span> <span class='ocrx_word' id='word_1_145' title='bbox 954 1396 1046 1449; x_wconf 91' lang='lat' dir='ltr'>est</span> <span class='ocrx_word' id='word_1_146' title='bbox 1073 1396 1284 1449; x_wconf 89' lang='lat' dir='ltr'>natura</span> <span class='ocrx_word' id='word_1_147' title='bbox 1309 1405 1362 1460; x_wconf 91' lang='lat' dir='ltr'>e,</span> <span class='ocrx_word' id='word_1_148' title='bbox 1392 1398 1554 1450; x_wconf 90' lang='lat' dir='ltr'>sicut</span> <span class='ocrx_word' id='word_1_149' title='bbox 1602 1392 1781 1450; x_wconf 88' lang='lat' dir='ltr'>etiam</span> <span class='ocrx_word' id='word_1_150' title='bbox 1825 1403 1890 1448; x_wconf 85' lang='lat' dir='ltr'>in</span> <span class='ocrx_word' id='word_1_151' title='bbox 1918 1391 2316 1450; x_wconf 83' lang='lat' dir='ltr'>exterioribus</span> <span class='ocrx_word' id='word_1_152' title='bbox 2369 1405 2476 1463; x_wconf 90' lang='lat' dir='ltr'>per</span> <span class='ocrx_word' id='word_1_153' title='bbox 2505 1393 2851 1467; x_wconf 66' lang='lat' dir='ltr'>manusinsti-</span> 
     </span>
     <span class='ocr_line' id='line_1_18' title="bbox 506 1458 2854 1542; baseline -0 -25"><span class='ocrx_word' id='word_1_154' title='bbox 506 1461 737 1520; x_wconf 91' lang='lat' dir='ltr'>tuimus</span> <span class='ocrx_word' id='word_1_155' title='bbox 761 1461 966 1542; x_wconf 73' lang='lat' dir='ltr'>omnia</span> <span class='ocrx_word' id='word_1_156' title='bbox 995 1460 1356 1542; x_wconf 38' lang='lat' dir='ltr'>‚artificia-lia.</span> <span class='ocrx_word' id='word_1_157' title='bbox 1388 1464 1520 1520; x_wconf 86' lang='lat' dir='ltr'>Non</span> <span class='ocrx_word' id='word_1_158' title='bbox 1567 1474 1712 1535; x_wconf 89' lang='lat' dir='ltr'>ergo</span> <span class='ocrx_word' id='word_1_159' title='bbox 1752 1460 2209 1520; x_wconf 90' lang='lat' dir='ltr'>conclusionum</span> <span class='ocrx_word' id='word_1_160' title='bbox 2237 1462 2497 1520; x_wconf 85' lang='lat' dir='ltr'>scientia</span> <span class='ocrx_word' id='word_1_161' title='bbox 2523 1467 2619 1520; x_wconf 90' lang='lat' dir='ltr'>est</span> <span class='ocrx_word' id='word_1_162' title='bbox 2654 1462 2713 1517; x_wconf 90' lang='lat' dir='ltr'>in</span> <span class='ocrx_word' id='word_1_163' title='bbox 2734 1458 2854 1516; x_wconf 77' lang='lat' dir='ltr'>nobis</span> 
     </span>
     <span class='ocr_line' id='line_1_19' title="bbox 509 1531 2559 1605; baseline 0 -15"><span class='ocrx_word' id='word_1_164' title='bbox 509 1531 632 1591; x_wconf 88' lang='lat' dir='ltr'>nisi</span> <span class='ocrx_word' id='word_1_165' title='bbox 659 1546 733 1589; x_wconf 86' lang='lat' dir='ltr'>ex</span> <span class='ocrx_word' id='word_1_166' title='bbox 757 1532 1068 1602; x_wconf 79' lang='lat' dir='ltr'>principiis</span> <span class='ocrx_word' id='word_1_167' title='bbox 1096 1532 1407 1605; x_wconf 86' lang='lat' dir='ltr'>acquisita.</span> <span class='ocrx_word' id='word_1_168' title='bbox 2550 1536 2559 1545; x_wconf 84' lang='lat'><strong>‘</strong></span> 
     </span>
    </p>

    <p class='ocr_par' dir='ltr' id='par_1_10' title="bbox 508 1601 2858 2508">
     <span class='ocr_line' id='line_1_20' title="bbox 579 1601 2858 1680; baseline 0 -21"><span class='ocrx_word' id='word_1_169' title='bbox 579 1602 799 1671; x_wconf 75' lang='lat' dir='ltr'>Adhuc,</span> <span class='ocrx_word' id='word_1_170' title='bbox 830 1616 1015 1674; x_wconf 88' lang='lat' dir='ltr'>quum</span> <span class='ocrx_word' id='word_1_171' title='bbox 1061 1607 1275 1661; x_wconf 87' lang='lat' dir='ltr'>natura</span> <span class='ocrx_word' id='word_1_172' title='bbox 1301 1616 1540 1674; x_wconf 87' lang='lat' dir='ltr'>semper</span> <span class='ocrx_word' id='word_1_173' title='bbox 1584 1603 1892 1662; x_wconf 87' lang='lat' dir='ltr'>ordinetur</span> <span class='ocrx_word' id='word_1_174' title='bbox 1917 1602 1990 1661; x_wconf 85' lang='lat' dir='ltr'>ad</span> <span class='ocrx_word' id='word_1_175' title='bbox 2043 1615 2252 1673; x_wconf 89' lang='lat' dir='ltr'>unum,</span> <span class='ocrx_word' id='word_1_176' title='bbox 2283 1602 2465 1661; x_wconf 89' lang='lat' dir='ltr'>unius</span> <span class='ocrx_word' id='word_1_177' title='bbox 2492 1601 2724 1660; x_wconf 78' lang='lat' dir='ltr'>virtutis</span> <span class='ocrx_word' id='word_1_178' title='bbox 2744 1611 2858 1680; x_wconf 72' lang='lat' dir='ltr'>opor·</span> 
     </span>
     <span class='ocr_line' id='line_1_21' title="bbox 508 1671 2855 1747; baseline -0 -19"><span class='ocrx_word' id='word_1_179' title='bbox 508 1672 657 1730; x_wconf 86' lang='lat' dir='ltr'>tebit</span> <span class='ocrx_word' id='word_1_180' title='bbox 710 1685 843 1730; x_wconf 89' lang='lat' dir='ltr'>esse</span> <span class='ocrx_word' id='word_1_181' title='bbox 893 1672 1241 1731; x_wconf 81' lang='lat' dir='ltr'>naturaliter</span> <span class='ocrx_word' id='word_1_182' title='bbox 1285 1686 1472 1733; x_wconf 89' lang='lat' dir='ltr'>unum</span> <span class='ocrx_word' id='word_1_183' title='bbox 1509 1674 1829 1747; x_wconf 86' lang='lat' dir='ltr'>objectum,</span> <span class='ocrx_word' id='word_1_184' title='bbox 1859 1673 2016 1732; x_wconf 90' lang='lat' dir='ltr'>sicut</span> <span class='ocrx_word' id='word_1_185' title='bbox 2047 1673 2219 1731; x_wconf 86' lang='lat' dir='ltr'>visus</span> <span class='ocrx_word' id='word_1_186' title='bbox 2267 1674 2535 1731; x_wconf 88' lang='lat' dir='ltr'>colorem</span> <span class='ocrx_word' id='word_1_187' title='bbox 2584 1678 2653 1730; x_wconf 87' lang='lat' dir='ltr'>et·</span> <span class='ocrx_word' id='word_1_188' title='bbox 2683 1671 2855 1730; x_wconf 80' lang='lat' dir='ltr'>auditus</span> 
     </span>
     <span class='ocr_line' id='line_1_22' title="bbox 512 1739 2857 1823; baseline -0.001 -22"><span class='ocrx_word' id='word_1_189' title='bbox 512 1755 754 1823; x_wconf 79' lang='lat' dir='ltr'>sonum.</span> <span class='ocrx_word' id='word_1_190' title='bbox 814 1743 1156 1801; x_wconf 85' lang='lat' dir='ltr'>Intellectus</span> <span class='ocrx_word' id='word_1_191' title='bbox 1201 1743 1404 1817; x_wconf 81' lang='lat' dir='ltr'>igitur,</span> <span class='ocrx_word' id='word_1_192' title='bbox 1446 1757 1629 1818; x_wconf 88' lang='lat' dir='ltr'>quum</span> <span class='ocrx_word' id='word_1_193' title='bbox 1675 1745 1751 1802; x_wconf 88' lang='lat' dir='ltr'>sit</span> <span class='ocrx_word' id='word_1_194' title='bbox 1797 1756 1919 1802; x_wconf 91' lang='lat' dir='ltr'>una</span> <span class='ocrx_word' id='word_1_195' title='bbox 1961 1744 2074 1813; x_wconf 77' lang='lat' dir='ltr'>viS,</span> <span class='ocrx_word' id='word_1_196' title='bbox 2106 1749 2200 1802; x_wconf 92' lang='lat' dir='ltr'>est</span> <span class='ocrx_word' id='word_1_197' title='bbox 2239 1743 2370 1815; x_wconf 85' lang='lat' dir='ltr'>ejus</span> <span class='ocrx_word' id='word_1_198' title='bbox 2417 1757 2613 1801; x_wconf 89' lang='lat' dir='ltr'>unum</span> <span class='ocrx_word' id='word_1_199' title='bbox 2660 1739 2857 1802; x_wconf 74' lang='lat' dir='ltr'>naturale</span> 
     </span>
     <span class='ocr_line' id='line_1_23' title="bbox 511 1812 2855 1887; baseline -0.001 -17"><span class='ocrx_word' id='word_1_200' title='bbox 511 1812 830 1884; x_wconf 67' lang='lat' dir='ltr'>objectum,</span> <span class='ocrx_word' id='word_1_201' title='bbox 874 1813 1046 1886; x_wconf 78' lang='lat' dir='ltr'>quus</span> <span class='ocrx_word' id='word_1_202' title='bbox 1097 1828 1202 1886; x_wconf 88' lang='lat' dir='ltr'>per</span> <span class='ocrx_word' id='word_1_203' title='bbox 1246 1828 1314 1872; x_wconf 88' lang='lat' dir='ltr'>se</span> <span class='ocrx_word' id='word_1_204' title='bbox 1362 1820 1421 1872; x_wconf 89' lang='lat' dir='ltr'>et</span> <span class='ocrx_word' id='word_1_205' title='bbox 1472 1815 1822 1873; x_wconf 88' lang='lat' dir='ltr'>naturaliter</span> <span class='ocrx_word' id='word_1_206' title='bbox 1871 1814 2277 1887; x_wconf 88' lang='lat' dir='ltr'>cognitionem</span> <span class='ocrx_word' id='word_1_207' title='bbox 2326 1812 2529 1871; x_wconf 87' lang='lat' dir='ltr'>habet.</span> <span class='ocrx_word' id='word_1_208' title='bbox 2565 1816 2684 1871; x_wconf 76' lang='lat' dir='ltr'>Hoc</span> <span class='ocrx_word' id='word_1_209' title='bbox 2723 1816 2855 1869; x_wconf 71' lang='lat' dir='ltr'>aum</span> 
     </span>
     <span class='ocr_line' id='line_1_24' title="bbox 513 1881 2855 1963; baseline 0 -22"><span class='ocrx_word' id='word_1_210' title='bbox 513 1888 747 1963; x_wconf 85' lang='lat' dir='ltr'>oportet</span> <span class='ocrx_word' id='word_1_211' title='bbox 792 1897 927 1941; x_wconf 87' lang='lat' dir='ltr'>esse</span> <span class='ocrx_word' id='word_1_212' title='bbox 956 1884 1016 1941; x_wconf 92' lang='lat' dir='ltr'>id</span> <span class='ocrx_word' id='word_1_213' title='bbox 1064 1885 1177 1943; x_wconf 89' lang='lat' dir='ltr'>sub</span> <span class='ocrx_word' id='word_1_214' title='bbox 1215 1898 1335 1957; x_wconf 88' lang='lat' dir='ltr'>quo</span> <span class='ocrx_word' id='word_1_215' title='bbox 1364 1885 1951 1957; x_wconf 87' lang='lat' dir='ltr'>comprehenduntur</span> <span class='ocrx_word' id='word_1_216' title='bbox 1977 1885 2182 1942; x_wconf 88' lang='lat' dir='ltr'>omnia</span> <span class='ocrx_word' id='word_1_217' title='bbox 2218 1883 2293 1942; x_wconf 86' lang='lat' dir='ltr'>ab</span> <span class='ocrx_word' id='word_1_218' title='bbox 2321 1884 2637 1942; x_wconf 91' lang='lat' dir='ltr'>intellectu</span> <span class='ocrx_word' id='word_1_219' title='bbox 2665 1881 2855 1960; x_wconf 63' lang='lat' dir='ltr'>cognita,</span> 
     </span>
     <span class='ocr_line' id='line_1_25' title="bbox 513 1954 2856 2036; baseline -0.001 -25"><span class='ocrx_word' id='word_1_220' title='bbox 513 1958 673 2034; x_wconf 77' lang='lat' dir='ltr'>sicut</span> <span class='ocrx_word' id='word_1_221' title='bbox 714 1954 827 2011; x_wconf 91' lang='lat' dir='ltr'>sub</span> <span class='ocrx_word' id='word_1_222' title='bbox 855 1954 1056 2012; x_wconf 87' lang='lat' dir='ltr'>colore</span> <span class='ocrx_word' id='word_1_223' title='bbox 1105 1956 1691 2036; x_wconf 83' lang='lat' dir='ltr'>comprehenduntur</span> <span class='ocrx_word' id='word_1_224' title='bbox 1719 1968 1930 2014; x_wconf 91' lang='lat' dir='ltr'>omnes</span> <span class='ocrx_word' id='word_1_225' title='bbox 1956 1954 2213 2023; x_wconf 79' lang='lat' dir='ltr'>coloreS,</span> <span class='ocrx_word' id='word_1_226' title='bbox 2242 1954 2346 2026; x_wconf 87' lang='lat' dir='ltr'>qui</span> <span class='ocrx_word' id='word_1_227' title='bbox 2385 1961 2537 2013; x_wconf 90' lang='lat' dir='ltr'>sunt</span> <span class='ocrx_word' id='word_1_228' title='bbox 2561 1967 2667 2026; x_wconf 91' lang='lat' dir='ltr'>per</span> <span class='ocrx_word' id='word_1_229' title='bbox 2691 1962 2856 2011; x_wconf 73' lang='lat' dir='ltr'>sevis·</span> 
     </span>
     <span class='ocr_line' id='line_1_26' title="bbox 513 2023 2857 2098; baseline -0.001 -18"><span class='ocrx_word' id='word_1_230' title='bbox 513 2023 698 2093; x_wconf 83' lang='lat' dir='ltr'>biles;</span> <span class='ocrx_word' id='word_1_231' title='bbox 724 2025 884 2096; x_wconf 88' lang='lat' dir='ltr'>quod</span> <span class='ocrx_word' id='word_1_232' title='bbox 913 2038 1036 2083; x_wconf 92' lang='lat' dir='ltr'>non</span> <span class='ocrx_word' id='word_1_233' title='bbox 1062 2030 1154 2084; x_wconf 91' lang='lat' dir='ltr'>est</span> <span class='ocrx_word' id='word_1_234' title='bbox 1193 2026 1357 2084; x_wconf 87' lang='lat' dir='ltr'>aliud</span> <span class='ocrx_word' id='word_1_235' title='bbox 1384 2040 1564 2098; x_wconf 85' lang='lat' dir='ltr'>quam</span> <span class='ocrx_word' id='word_1_236' title='bbox 1597 2039 1727 2085; x_wconf 91' lang='lat' dir='ltr'>ens.</span> <span class='ocrx_word' id='word_1_237' title='bbox 1749 2024 2107 2084; x_wconf 82' lang='lat' dir='ltr'>Naturaliter</span> <span class='ocrx_word' id='word_1_238' title='bbox 2133 2025 2317 2098; x_wconf 88' lang='lat' dir='ltr'>igitur</span> <span class='ocrx_word' id='word_1_239' title='bbox 2344 2024 2687 2084; x_wconf 86' lang='lat' dir='ltr'>intellectus</span> <span class='ocrx_word' id='word_1_240' title='bbox 2718 2025 2857 2079; x_wconf 65' lang='lat' dir='ltr'>nom</span> 
     </span>
     <span class='ocr_line' id='line_1_27' title="bbox 513 2093 2856 2172; baseline -0 -20"><span class='ocrx_word' id='word_1_241' title='bbox 513 2095 829 2166; x_wconf 79' lang='lat' dir='ltr'>cognoscit</span> <span class='ocrx_word' id='word_1_242' title='bbox 855 2109 965 2154; x_wconf 91' lang='lat' dir='ltr'>ens</span> <span class='ocrx_word' id='word_1_243' title='bbox 990 2099 1049 2153; x_wconf 89' lang='lat' dir='ltr'>et</span> <span class='ocrx_word' id='word_1_244' title='bbox 1069 2109 1138 2155; x_wconf 87' lang='lat' dir='ltr'>ea</span> <span class='ocrx_word' id='word_1_245' title='bbox 1166 2111 1299 2170; x_wconf 82' lang='lat' dir='ltr'>quae</span> <span class='ocrx_word' id='word_1_246' title='bbox 1329 2102 1471 2156; x_wconf 88' lang='lat' dir='ltr'>sunt</span> <span class='ocrx_word' id='word_1_247' title='bbox 1491 2110 1598 2170; x_wconf 89' lang='lat' dir='ltr'>per</span> <span class='ocrx_word' id='word_1_248' title='bbox 1628 2111 1696 2156; x_wconf 91' lang='lat' dir='ltr'>se</span> <span class='ocrx_word' id='word_1_249' title='bbox 1724 2096 1881 2154; x_wconf 88' lang='lat' dir='ltr'>entis</span> <span class='ocrx_word' id='word_1_250' title='bbox 1909 2096 1974 2153; x_wconf 89' lang='lat' dir='ltr'>in</span> <span class='ocrx_word' id='word_1_251' title='bbox 1996 2101 2285 2169; x_wconf 84' lang='lat' dir='ltr'>quantum</span> <span class='ocrx_word' id='word_1_252' title='bbox 2310 2094 2697 2167; x_wconf 82' lang='lat' dir='ltr'>hujusmodi;</span> <span class='ocrx_word' id='word_1_253' title='bbox 2722 2093 2856 2172; x_wconf 67' lang='lat' dir='ltr'>inq!</span> 
     </span>
     <span class='ocr_line' id='line_1_28' title="bbox 512 2157 2852 2240; baseline -0.001 -18"><span class='ocrx_word' id='word_1_254' title='bbox 512 2177 587 2222; x_wconf 90' lang='lat' dir='ltr'>co</span> <span class='ocrx_word' id='word_1_255' title='bbox 634 2165 858 2222; x_wconf 87' lang='lat' dir='ltr'>uitione</span> <span class='ocrx_word' id='word_1_256' title='bbox 887 2167 1172 2225; x_wconf 87' lang='lat' dir='ltr'>fundatur</span> <span class='ocrx_word' id='word_1_257' title='bbox 1206 2168 1534 2239; x_wconf 88' lang='lat' dir='ltr'>primorum</span> <span class='ocrx_word' id='word_1_258' title='bbox 1574 2166 2004 2240; x_wconf 88' lang='lat' dir='ltr'>principiorum</span> <span class='ocrx_word' id='word_1_259' title='bbox 2049 2166 2281 2234; x_wconf 89' lang='lat' dir='ltr'>notitia,</span> <span class='ocrx_word' id='word_1_260' title='bbox 2303 2171 2368 2222; x_wconf 92' lang='lat' dir='ltr'>ut</span> <span class='ocrx_word' id='word_1_261' title='bbox 2409 2179 2542 2223; x_wconf 91' lang='lat' dir='ltr'>non</span> <span class='ocrx_word' id='word_1_262' title='bbox 2573 2178 2704 2224; x_wconf 89' lang='lat' dir='ltr'>esse</span> <span class='ocrx_word' id='word_1_263' title='bbox 2738 2157 2852 2222; x_wconf 64' lang='lat' dir='ltr'>sid</span> 
     </span>
     <span class='ocr_line' id='line_1_29' title="bbox 512 2178 2855 2317; baseline -0.001 -25"><span class='ocrx_word' id='word_1_264' title='bbox 512 2178 810 2293; x_wconf 52' lang='lat' dir='ltr'>afffrmare</span> <span class='ocrx_word' id='word_1_265' title='bbox 838 2241 897 2294; x_wconf 91' lang='lat' dir='ltr'>et</span> <span class='ocrx_word' id='word_1_266' title='bbox 925 2250 1165 2309; x_wconf 88' lang='lat' dir='ltr'>negare,</span> <span class='ocrx_word' id='word_1_267' title='bbox 1194 2244 1255 2295; x_wconf 87' lang='lat' dir='ltr'>et</span> <span class='ocrx_word' id='word_1_268' title='bbox 1278 2238 1398 2296; x_wconf 87' lang='lat' dir='ltr'>alia</span> <span class='ocrx_word' id='word_1_269' title='bbox 1424 2237 1791 2310; x_wconf 82' lang='lat' dir='ltr'>hujusmodi.</span> <span class='ocrx_word' id='word_1_270' title='bbox 1814 2240 1950 2295; x_wconf 82' lang='lat' dir='ltr'>Hoec</span> <span class='ocrx_word' id='word_1_271' title='bbox 1976 2236 2160 2309; x_wconf 88' lang='lat' dir='ltr'>igitur</span> <span class='ocrx_word' id='word_1_272' title='bbox 2186 2236 2316 2294; x_wconf 86' lang='lat' dir='ltr'>sola</span> <span class='ocrx_word' id='word_1_273' title='bbox 2343 2236 2647 2317; x_wconf 79' lang='lat' dir='ltr'>principia</span> <span class='ocrx_word' id='word_1_274' title='bbox 2670 2231 2855 2315; x_wconf 72' lang='lat' dir='ltr'>intellet-</span> 
     </span>
     <span class='ocr_line' id='line_1_30' title="bbox 512 2307 2857 2381; baseline -0.001 -19"><span class='ocrx_word' id='word_1_275' title='bbox 512 2310 613 2363; x_wconf 88' lang='lat' dir='ltr'>tus</span> <span class='ocrx_word' id='word_1_276' title='bbox 643 2311 849 2365; x_wconf 89' lang='lat' dir='ltr'>noster</span> <span class='ocrx_word' id='word_1_277' title='bbox 876 2309 1226 2366; x_wconf 88' lang='lat' dir='ltr'>naturaliter</span> <span class='ocrx_word' id='word_1_278' title='bbox 1252 2310 1587 2381; x_wconf 86' lang='lat' dir='ltr'>cognoscit,</span> <span class='ocrx_word' id='word_1_279' title='bbox 1616 2308 2041 2366; x_wconf 86' lang='lat' dir='ltr'>conclusiones</span> <span class='ocrx_word' id='word_1_280' title='bbox 2094 2312 2290 2365; x_wconf 82' lang='lat' dir='ltr'>autem</span> <span class='ocrx_word' id='word_1_281' title='bbox 2319 2319 2424 2376; x_wconf 89' lang='lat' dir='ltr'>per</span> <span class='ocrx_word' id='word_1_282' title='bbox 2451 2320 2615 2380; x_wconf 86' lang='lat' dir='ltr'>ipsa,</span> <span class='ocrx_word' id='word_1_283' title='bbox 2645 2307 2857 2380; x_wconf 60' lang='lat' dir='ltr'>sicutpq</span> 
     </span>
     <span class='ocr_line' id='line_1_31' title="bbox 511 2376 2858 2508; baseline -0.002 -75"><span class='ocrx_word' id='word_1_284' title='bbox 511 2376 775 2504; x_wconf 65' lang='lat' dir='ltr'><strong>ffi¹·⁰rem</strong></span> <span class='ocrx_word' id='word_1_285' title='bbox 817 2380 1131 2508; x_wconf 39' lang='lat' dir='ltr'>cog-nioscit</span> <span class='ocrx_word' id='word_1_286' title='bbox 1177 2379 1346 2439; x_wconf 77' lang='lat' dir='ltr'>visus</span> <span class='ocrx_word' id='word_1_287' title='bbox 1375 2380 1580 2438; x_wconf 87' lang='lat' dir='ltr'>omnia</span> <span class='ocrx_word' id='word_1_288' title='bbox 1607 2378 1941 2449; x_wconf 89' lang='lat' dir='ltr'>sensibilia,</span> <span class='ocrx_word' id='word_1_289' title='bbox 1969 2383 2092 2436; x_wconf 85' lang='lat' dir='ltr'>tam</span> <span class='ocrx_word' id='word_1_290' title='bbox 2119 2377 2463 2436; x_wconf 86' lang='lat' dir='ltr'>communia</span> <span class='ocrx_word' id='word_1_291' title='bbox 2512 2390 2693 2452; x_wconf 83' lang='lat' dir='ltr'>quam</span> <span class='ocrx_word' id='word_1_292' title='bbox 2733 2383 2858 2432; x_wconf 70' lang='lat' dir='ltr'>seini-</span> 
     </span>
    </p>

    <p class='ocr_par' dir='ltr' id='par_1_11' title="bbox 552 2461 1112 2520">
     <span class='ocr_line' id='line_1_32' title="bbox 552 2461 1112 2520; baseline 0.013 -17"><span class='ocrx_word' id='word_1_293' title='bbox 552 2461 571 2504; x_wconf 92' lang='lat' dir='ltr'>i</span> <span class='ocrx_word' id='word_1_294' title='bbox 600 2461 657 2505; x_wconf 87' lang='lat' dir='ltr'>ia</span> <span class='ocrx_word' id='word_1_295' title='bbox 681 2461 786 2520; x_wconf 89' lang='lat' dir='ltr'>per</span> <span class='ocrx_word' id='word_1_296' title='bbox 817 2463 943 2507; x_wconf 86' lang='lat' dir='ltr'>acci</span> <span class='ocrx_word' id='word_1_297' title='bbox 987 2463 1112 2510; x_wconf 90' lang='lat' dir='ltr'>ens.</span> 
     </span>
    </p>

    <p class='ocr_par' dir='ltr' id='par_1_12' title="bbox 511 2515 2859 2665">
     <span class='ocr_line' id='line_1_33' title="bbox 580 2515 2859 2595; baseline -0.001 -19"><span class='ocrx_word' id='word_1_298' title='bbox 580 2521 864 2583; x_wconf 72' lang='lat' dir='ltr'>Praeterea.</span> <span class='ocrx_word' id='word_1_299' title='bbox 895 2520 957 2579; x_wconf 90' lang='lat' dir='ltr'>id</span> <span class='ocrx_word' id='word_1_300' title='bbox 1002 2521 1165 2594; x_wconf 87' lang='lat' dir='ltr'>quod</span> <span class='ocrx_word' id='word_1_301' title='bbox 1210 2535 1318 2594; x_wconf 87' lang='lat' dir='ltr'>per</span> <span class='ocrx_word' id='word_1_302' title='bbox 1359 2533 1607 2580; x_wconf 89' lang='lat' dir='ltr'>sensum</span> <span class='ocrx_word' id='word_1_303' title='bbox 1662 2521 1727 2578; x_wconf 90' lang='lat' dir='ltr'>iu</span> <span class='ocrx_word' id='word_1_304' title='bbox 1757 2520 1932 2579; x_wconf 90' lang='lat' dir='ltr'>nobis</span> <span class='ocrx_word' id='word_1_305' title='bbox 1978 2519 2306 2592; x_wconf 86' lang='lat' dir='ltr'>acquiritur</span> <span class='ocrx_word' id='word_1_306' title='bbox 2344 2531 2467 2577; x_wconf 89' lang='lat' dir='ltr'>non</span> <span class='ocrx_word' id='word_1_307' title='bbox 2501 2515 2859 2595; x_wconf 73' lang='lat' dir='ltr'>infuitanim</span> 
     </span>
     <span class='ocr_line' id='line_1_34' title="bbox 511 2588 2858 2665; baseline -0.003 -17"><span class='ocrx_word' id='word_1_308' title='bbox 511 2596 648 2648; x_wconf 89' lang='lat' dir='ltr'>ante</span> <span class='ocrx_word' id='word_1_309' title='bbox 675 2604 914 2662; x_wconf 89' lang='lat' dir='ltr'>corpus.</span> <span class='ocrx_word' id='word_1_310' title='bbox 944 2592 1054 2650; x_wconf 88' lang='lat' dir='ltr'>Sed</span> <span class='ocrx_word' id='word_1_311' title='bbox 1083 2594 1350 2665; x_wconf 90' lang='lat' dir='ltr'>ipsorum</span> <span class='ocrx_word' id='word_1_312' title='bbox 1374 2591 1805 2663; x_wconf 88' lang='lat' dir='ltr'>principiorum</span> <span class='ocrx_word' id='word_1_313' title='bbox 1833 2590 2100 2664; x_wconf 89' lang='lat' dir='ltr'>cognitio</span> <span class='ocrx_word' id='word_1_314' title='bbox 2129 2590 2191 2647; x_wconf 89' lang='lat' dir='ltr'>in</span> <span class='ocrx_word' id='word_1_315' title='bbox 2222 2590 2397 2648; x_wconf 89' lang='lat' dir='ltr'>nobis</span> <span class='ocrx_word' id='word_1_316' title='bbox 2422 2604 2500 2647; x_wconf 87' lang='lat' dir='ltr'>ex</span> <span class='ocrx_word' id='word_1_317' title='bbox 2530 2588 2858 2648; x_wconf 73' lang='lat' dir='ltr'>sensibilibus</span> 
     </span>
    </p>
   </div>
   <div class='ocr_carea' id='block_1_4' title="bbox 510 2662 2948 2804">
    <p class='ocr_par' dir='ltr' id='par_1_13' title="bbox 510 2662 2948 2804">
     <span class='ocr_line' id='line_1_35' title="bbox 511 2662 2948 2736; baseline 0 -18"><span class='ocrx_word' id='word_1_318' title='bbox 511 2667 826 2730; x_wconf 88' lang='lat' dir='ltr'>causatur;</span> <span class='ocrx_word' id='word_1_319' title='bbox 858 2662 979 2721; x_wconf 90' lang='lat' dir='ltr'>nisi</span> <span class='ocrx_word' id='word_1_320' title='bbox 1007 2664 1167 2721; x_wconf 88' lang='lat' dir='ltr'>enim</span> <span class='ocrx_word' id='word_1_321' title='bbox 1197 2662 1440 2736; x_wconf 85' lang='lat' dir='ltr'>aliquod</span> <span class='ocrx_word' id='word_1_322' title='bbox 1478 2666 1670 2720; x_wconf 90' lang='lat' dir='ltr'>totum</span> <span class='ocrx_word' id='word_1_323' title='bbox 1710 2674 1895 2720; x_wconf 89' lang='lat' dir='ltr'>sensu</span> <span class='ocrx_word' id='word_1_324' title='bbox 1924 2663 2422 2733; x_wconf 82' lang='lat' dir='ltr'>percepissemuS,</span> <span class='ocrx_word' id='word_1_325' title='bbox 2443 2673 2576 2718; x_wconf 89' lang='lat' dir='ltr'>non</span> <span class='ocrx_word' id='word_1_326' title='bbox 2605 2664 2857 2735; x_wconf 55' lang='lat' dir='ltr'>possemus</span> <span class='ocrx_word' id='word_1_327' title='bbox 2947 2680 2948 2683; x_wconf 42' lang='lat'>¹</span> 
     </span>
     <span class='ocr_line' id='line_1_36' title="bbox 510 2729 2948 2804; baseline -0.001 -17"><span class='ocrx_word' id='word_1_328' title='bbox 510 2731 845 2804; x_wconf 89' lang='lat' dir='ltr'>intelligere</span> <span class='ocrx_word' id='word_1_329' title='bbox 882 2733 1043 2804; x_wconf 85' lang='lat' dir='ltr'>quod</span> <span class='ocrx_word' id='word_1_330' title='bbox 1070 2739 1261 2792; x_wconf 88' lang='lat' dir='ltr'>totum</span> <span class='ocrx_word' id='word_1_331' title='bbox 1308 2738 1469 2791; x_wconf 88' lang='lat' dir='ltr'>esset</span> <span class='ocrx_word' id='word_1_332' title='bbox 1495 2732 1691 2804; x_wconf 83' lang='lat' dir='ltr'>majus</span> <span class='ocrx_word' id='word_1_333' title='bbox 1719 2737 1904 2804; x_wconf 90' lang='lat' dir='ltr'>parte,</span> <span class='ocrx_word' id='word_1_334' title='bbox 1927 2731 2081 2790; x_wconf 90' lang='lat' dir='ltr'>sicut</span> <span class='ocrx_word' id='word_1_335' title='bbox 2126 2744 2237 2788; x_wconf 86' lang='lat' dir='ltr'>nec</span> <span class='ocrx_word' id='word_1_336' title='bbox 2265 2744 2462 2789; x_wconf 83' lang='lat' dir='ltr'>caecus</span> <span class='ocrx_word' id='word_1_337' title='bbox 2485 2738 2673 2790; x_wconf 88' lang='lat' dir='ltr'>natus</span> <span class='ocrx_word' id='word_1_338' title='bbox 2699 2729 2764 2788; x_wconf 84' lang='lat' dir='ltr'>ali</span> <span class='ocrx_word' id='word_1_339' title='bbox 2833 2794 2842 2803; x_wconf 89' lang='lat'>.</span> <span class='ocrx_word' id='word_1_340' title='bbox 2947 2730 2948 2775; x_wconf 73' lang='grc'><strong>1</strong></span> 
     </span>
    </p>
   </div>
   <div class='ocr_carea' id='block_1_5' title="bbox 499 2802 2862 4494">
    <p class='ocr_par' dir='ltr' id='par_1_14' title="bbox 510 2802 2860 3016">
     <span class='ocr_line' id='line_1_37' title="bbox 510 2802 2709 2876; baseline 0 -18"><span class='ocrx_word' id='word_1_341' title='bbox 510 2802 760 2873; x_wconf 89' lang='lat' dir='ltr'>percipit</span> <span class='ocrx_word' id='word_1_342' title='bbox 810 2804 882 2861; x_wconf 89' lang='lat' dir='ltr'>de</span> <span class='ocrx_word' id='word_1_343' title='bbox 925 2803 1251 2863; x_wconf 88' lang='lat' dir='ltr'>coloribus.</span> <span class='ocrx_word' id='word_1_344' title='bbox 1290 2805 1445 2876; x_wconf 87' lang='lat' dir='ltr'>Ergo</span> <span class='ocrx_word' id='word_1_345' title='bbox 1490 2816 1600 2860; x_wconf 91' lang='lat' dir='ltr'>nec</span> <span class='ocrx_word' id='word_1_346' title='bbox 1643 2804 1914 2875; x_wconf 90' lang='lat' dir='ltr'>ipsorum</span> <span class='ocrx_word' id='word_1_347' title='bbox 2002 2802 2391 2874; x_wconf 88' lang='lat' dir='ltr'>rincipiorum</span> <span class='ocrx_word' id='word_1_348' title='bbox 2437 2802 2709 2875; x_wconf 86' lang='lat' dir='ltr'>cognitio</span> 
     </span>
     <span class='ocr_line' id='line_1_38' title="bbox 510 2868 2860 2954; baseline -0.002 -24"><span class='ocrx_word' id='word_1_349' title='bbox 510 2872 728 2930; x_wconf 83' lang='lat' dir='ltr'>animae</span> <span class='ocrx_word' id='word_1_350' title='bbox 774 2879 910 2931; x_wconf 88' lang='lat' dir='ltr'>ante</span> <span class='ocrx_word' id='word_1_351' title='bbox 947 2887 1206 2945; x_wconf 85' lang='lat' dir='ltr'>corpus;</span> <span class='ocrx_word' id='word_1_352' title='bbox 1234 2874 1425 2932; x_wconf 89' lang='lat' dir='ltr'>multo</span> <span class='ocrx_word' id='word_1_353' title='bbox 1452 2874 1638 2954; x_wconf 84' lang='lat' dir='ltr'>igitur</span> <span class='ocrx_word' id='word_1_354' title='bbox 1681 2873 1885 2931; x_wconf 89' lang='lat' dir='ltr'>minus</span> <span class='ocrx_word' id='word_1_355' title='bbox 1914 2886 1951 2930; x_wconf 90' lang='lat' dir='ltr'>a</span> <span class='ocrx_word' id='word_1_356' title='bbox 1978 2873 2193 2930; x_wconf 89' lang='lat' dir='ltr'>iorum.</span> <span class='ocrx_word' id='word_1_357' title='bbox 2226 2874 2357 2929; x_wconf 85' lang='lat' dir='ltr'>Non</span> <span class='ocrx_word' id='word_1_358' title='bbox 2403 2870 2598 2944; x_wconf 88' lang='lat' dir='ltr'>igitur</span> <span class='ocrx_word' id='word_1_359' title='bbox 2642 2868 2860 2930; x_wconf 74' lang='lat' dir='ltr'>tii-maest</span> 
     </span>
     <span class='ocr_line' id='line_1_39' title="bbox 510 2942 2445 3016; baseline -0.001 -17"><span class='ocrx_word' id='word_1_360' title='bbox 510 2942 780 3001; x_wconf 84' lang='lat' dir='ltr'>Platonis</span> <span class='ocrx_word' id='word_1_361' title='bbox 810 2944 980 3014; x_wconf 82' lang='lat' dir='ltr'>ratio,</span> <span class='ocrx_word' id='word_1_362' title='bbox 1010 2944 1170 3016; x_wconf 91' lang='lat' dir='ltr'>quod</span> <span class='ocrx_word' id='word_1_363' title='bbox 1199 2945 1402 3002; x_wconf 87' lang='lat' dir='ltr'>anima</span> <span class='ocrx_word' id='word_1_364' title='bbox 1427 2944 1538 3001; x_wconf 85' lang='lat' dir='ltr'>suit</span> <span class='ocrx_word' id='word_1_365' title='bbox 1560 2948 1877 3016; x_wconf 88' lang='lat' dir='ltr'>antequam</span> <span class='ocrx_word' id='word_1_366' title='bbox 1900 2943 2171 3001; x_wconf 88' lang='lat' dir='ltr'>uniretur</span> <span class='ocrx_word' id='word_1_367' title='bbox 2188 2942 2445 3015; x_wconf 89' lang='lat' dir='ltr'>corpori.</span> 
     </span>
    </p>

    <p class='ocr_par' dir='ltr' id='par_1_15' title="bbox 502 3013 2862 4283">
     <span class='ocr_line' id='line_1_40' title="bbox 581 3013 2857 3087; baseline -0.001 -18"><span class='ocrx_word' id='word_1_368' title='bbox 581 3013 734 3081; x_wconf 66' lang='lat' dir='ltr'>lieni,</span> <span class='ocrx_word' id='word_1_369' title='bbox 783 3013 836 3071; x_wconf 88' lang='lat' dir='ltr'>si</span> <span class='ocrx_word' id='word_1_370' title='bbox 881 3027 1091 3073; x_wconf 90' lang='lat' dir='ltr'>omnes</span> <span class='ocrx_word' id='word_1_371' title='bbox 1141 3015 1357 3073; x_wconf 81' lang='lat' dir='ltr'>animae</span> <span class='ocrx_word' id='word_1_372' title='bbox 1393 3015 1870 3087; x_wconf 76' lang='lat' dir='ltr'>praeexstiterunt</span> <span class='ocrx_word' id='word_1_373' title='bbox 1914 3013 2268 3085; x_wconf 89' lang='lat' dir='ltr'>corporibus</span> <span class='ocrx_word' id='word_1_374' title='bbox 2313 3013 2542 3085; x_wconf 88' lang='lat' dir='ltr'>quibus</span> <span class='ocrx_word' id='word_1_375' title='bbox 2598 3014 2857 3075; x_wconf 81' lang='lat' dir='ltr'>uniuntur,</span> 
     </span>
     <span class='ocr_line' id='line_1_41' title="bbox 512 3083 2862 3160; baseline 0 -19"><span class='ocrx_word' id='word_1_376' title='bbox 512 3093 894 3156; x_wconf 90' lang='lat' dir='ltr'>consequens</span> <span class='ocrx_word' id='word_1_377' title='bbox 935 3083 1167 3142; x_wconf 84' lang='lat' dir='ltr'>videtur</span> <span class='ocrx_word' id='word_1_378' title='bbox 1206 3085 1367 3158; x_wconf 84' lang='lat' dir='ltr'>quod</span> <span class='ocrx_word' id='word_1_379' title='bbox 1404 3085 1610 3142; x_wconf 89' lang='lat' dir='ltr'>eadem</span> <span class='ocrx_word' id='word_1_380' title='bbox 1650 3085 1871 3153; x_wconf 85' lang='lat' dir='ltr'>anima,</span> <span class='ocrx_word' id='word_1_381' title='bbox 1903 3084 2232 3142; x_wconf 88' lang='lat' dir='ltr'>secundum</span> <span class='ocrx_word' id='word_1_382' title='bbox 2274 3084 2744 3143; x_wconf 78' lang='lat' dir='ltr'>vicissitudinem</span> <span class='ocrx_word' id='word_1_383' title='bbox 2767 3085 2862 3160; x_wconf 62' lang='lat' dir='ltr'>tem·</span> 
     </span>
     <span class='ocr_line' id='line_1_42' title="bbox 508 3154 2861 3236; baseline 0 -26"><span class='ocrx_word' id='word_1_384' title='bbox 508 3164 746 3225; x_wconf 87' lang='lat' dir='ltr'>porum,</span> <span class='ocrx_word' id='word_1_385' title='bbox 787 3154 1042 3213; x_wconf 86' lang='lat' dir='ltr'>diversis</span> <span class='ocrx_word' id='word_1_386' title='bbox 1078 3155 1432 3227; x_wconf 89' lang='lat' dir='ltr'>corporibus</span> <span class='ocrx_word' id='word_1_387' title='bbox 1482 3155 1756 3236; x_wconf 79' lang='lat' dir='ltr'>uniatur;</span> <span class='ocrx_word' id='word_1_388' title='bbox 1803 3154 1965 3227; x_wconf 85' lang='lat' dir='ltr'>quod</span> <span class='ocrx_word' id='word_1_389' title='bbox 1990 3155 2241 3236; x_wconf 43' lang='lat' dir='ltr'>quidem·</span> <span class='ocrx_word' id='word_1_390' title='bbox 2276 3160 2476 3225; x_wconf 86' lang='lat' dir='ltr'>aperte</span> <span class='ocrx_word' id='word_1_391' title='bbox 2534 3154 2861 3234; x_wconf 72' lang='lat' dir='ltr'>consequitur</span> 
     </span>
     <span class='ocr_line' id='line_1_43' title="bbox 508 3225 2859 3298; baseline 0.001 -16"><span class='ocrx_word' id='word_1_392' title='bbox 508 3230 802 3296; x_wconf 88' lang='lat' dir='ltr'>ponentes</span> <span class='ocrx_word' id='word_1_393' title='bbox 823 3226 1210 3284; x_wconf 74' lang='lat' dir='ltr'>aeternitatem</span> <span class='ocrx_word' id='word_1_394' title='bbox 1240 3225 1467 3284; x_wconf 89' lang='lat' dir='ltr'>mundi.</span> <span class='ocrx_word' id='word_1_395' title='bbox 1487 3226 1548 3283; x_wconf 86' lang='lat' dir='ltr'>Si</span> <span class='ocrx_word' id='word_1_396' title='bbox 1576 3237 1737 3283; x_wconf 91' lang='lat' dir='ltr'>enim</span> <span class='ocrx_word' id='word_1_397' title='bbox 1753 3230 2059 3298; x_wconf 83' lang='lat' dir='ltr'>generatio</span> <span class='ocrx_word' id='word_1_398' title='bbox 2081 3225 2392 3282; x_wconf 88' lang='lat' dir='ltr'>bominum</span> <span class='ocrx_word' id='word_1_399' title='bbox 2423 3229 2517 3282; x_wconf 92' lang='lat' dir='ltr'>est</span> <span class='ocrx_word' id='word_1_400' title='bbox 2539 3229 2859 3297; x_wconf 69' lang='lat' dir='ltr'>sempiterm·</span> 
     </span>
     <span class='ocr_line' id='line_1_44' title="bbox 510 3294 2858 3369; baseline -0.002 -17"><span class='ocrx_word' id='word_1_401' title='bbox 510 3300 745 3366; x_wconf 88' lang='lat' dir='ltr'>oportet</span> <span class='ocrx_word' id='word_1_402' title='bbox 771 3294 1005 3354; x_wconf 84' lang='lat' dir='ltr'>infinita</span> <span class='ocrx_word' id='word_1_403' title='bbox 1036 3310 1289 3369; x_wconf 87' lang='lat' dir='ltr'>corpora</span> <span class='ocrx_word' id='word_1_404' title='bbox 1318 3296 1581 3354; x_wconf 88' lang='lat' dir='ltr'>humana</span> <span class='ocrx_word' id='word_1_405' title='bbox 1615 3296 1887 3368; x_wconf 85' lang='lat' dir='ltr'>generari</span> <span class='ocrx_word' id='word_1_406' title='bbox 1918 3300 1978 3354; x_wconf 89' lang='lat' dir='ltr'>et</span> <span class='ocrx_word' id='word_1_407' title='bbox 2019 3295 2340 3366; x_wconf 89' lang='lat' dir='ltr'>corrumpi,</span> <span class='ocrx_word' id='word_1_408' title='bbox 2371 3297 2704 3354; x_wconf 84' lang='lat' dir='ltr'>secundum</span> <span class='ocrx_word' id='word_1_409' title='bbox 2725 3299 2858 3350; x_wconf 73' lang='lat' dir='ltr'>totum</span> 
     </span>
     <span class='ocr_line' id='line_1_45' title="bbox 510 3364 2858 3439; baseline 0 -17"><span class='ocrx_word' id='word_1_410' title='bbox 510 3366 797 3437; x_wconf 87' lang='lat' dir='ltr'>temporis</span> <span class='ocrx_word' id='word_1_411' title='bbox 829 3366 1168 3425; x_wconf 88' lang='lat' dir='ltr'>decursum.</span> <span class='ocrx_word' id='word_1_412' title='bbox 1198 3370 1311 3425; x_wconf 81' lang='lat' dir='ltr'>Aut</span> <span class='ocrx_word' id='word_1_413' title='bbox 1336 3380 1479 3439; x_wconf 86' lang='lat' dir='ltr'>ergo</span> <span class='ocrx_word' id='word_1_414' title='bbox 1517 3366 1811 3438; x_wconf 89' lang='lat' dir='ltr'>oportebit</span> <span class='ocrx_word' id='word_1_415' title='bbox 1841 3366 2039 3424; x_wconf 89' lang='lat' dir='ltr'>dicere</span> <span class='ocrx_word' id='word_1_416' title='bbox 2066 3366 2301 3424; x_wconf 88' lang='lat' dir='ltr'>animas</span> <span class='ocrx_word' id='word_1_417' title='bbox 2331 3364 2858 3437; x_wconf 65' lang='lat' dir='ltr'>pmeexstitisseact!</span> 
     </span>
     <span class='ocr_line' id='line_1_46' title="bbox 508 3428 2858 3512; baseline 0.001 -20"><span class='ocrx_word' id='word_1_418' title='bbox 508 3434 799 3507; x_wconf 82' lang='lat' dir='ltr'>infinitas,</span> <span class='ocrx_word' id='word_1_419' title='bbox 828 3436 881 3495; x_wconf 90' lang='lat' dir='ltr'>si</span> <span class='ocrx_word' id='word_1_420' title='bbox 910 3437 1166 3510; x_wconf 81' lang='lat' dir='ltr'>singulae</span> <span class='ocrx_word' id='word_1_421' title='bbox 1196 3438 1411 3496; x_wconf 81' lang='lat' dir='ltr'>animae</span> <span class='ocrx_word' id='word_1_422' title='bbox 1452 3435 1714 3509; x_wconf 86' lang='lat' dir='ltr'>singulis</span> <span class='ocrx_word' id='word_1_423' title='bbox 1757 3436 2111 3509; x_wconf 88' lang='lat' dir='ltr'>corporibus</span> <span class='ocrx_word' id='word_1_424' title='bbox 2140 3437 2462 3494; x_wconf 88' lang='lat' dir='ltr'>uniuntur·</span> <span class='ocrx_word' id='word_1_425' title='bbox 2495 3444 2607 3495; x_wconf 86' lang='lat' dir='ltr'>aut</span> <span class='ocrx_word' id='word_1_426' title='bbox 2631 3428 2858 3512; x_wconf 36' lang='lat' dir='ltr'>oport-eh!⁸</span> 
     </span>
     <span class='ocr_line' id='line_1_47' title="bbox 509 3479 2857 3587; baseline -0.001 -23"><span class='ocrx_word' id='word_1_427' title='bbox 509 3504 727 3577; x_wconf 88' lang='lat' dir='ltr'>dicere,</span> <span class='ocrx_word' id='word_1_428' title='bbox 758 3508 810 3565; x_wconf 89' lang='lat' dir='ltr'>si</span> <span class='ocrx_word' id='word_1_429' title='bbox 853 3508 1068 3566; x_wconf 79' lang='lat' dir='ltr'>animis</span> <span class='ocrx_word' id='word_1_430' title='bbox 1097 3514 1240 3566; x_wconf 90' lang='lat' dir='ltr'>sunt</span> <span class='ocrx_word' id='word_1_431' title='bbox 1266 3508 1447 3565; x_wconf 65' lang='lat' dir='ltr'>finitae</span> <span class='ocrx_word' id='word_1_432' title='bbox 1495 3508 1656 3579; x_wconf 89' lang='lat' dir='ltr'>quod</span> <span class='ocrx_word' id='word_1_433' title='bbox 1698 3507 1919 3566; x_wconf 83' lang='lat' dir='ltr'>eaedem</span> <span class='ocrx_word' id='word_1_434' title='bbox 1950 3508 2235 3565; x_wconf 89' lang='lat' dir='ltr'>uniantur</span> <span class='ocrx_word' id='word_1_435' title='bbox 2261 3479 2553 3587; x_wconf 56' lang='lat' dir='ltr'>nuncjiis</span> <span class='ocrx_word' id='word_1_436' title='bbox 2601 3519 2749 3564; x_wconf 86' lang='lat' dir='ltr'>nunc</span> <span class='ocrx_word' id='word_1_437' title='bbox 2775 3499 2857 3583; x_wconf 65' lang='lat' dir='ltr'>illis</span> 
     </span>
     <span class='ocr_line' id='line_1_48' title="bbox 509 3549 2857 3659; baseline -0.002 -25"><span class='ocrx_word' id='word_1_438' title='bbox 509 3577 881 3649; x_wconf 87' lang='lat' dir='ltr'>corporibus.</span> <span class='ocrx_word' id='word_1_439' title='bbox 935 3577 1094 3636; x_wconf 89' lang='lat' dir='ltr'>ldem</span> <span class='ocrx_word' id='word_1_440' title='bbox 1127 3584 1327 3636; x_wconf 89' lang='lat' dir='ltr'>autem</span> <span class='ocrx_word' id='word_1_441' title='bbox 1374 3549 1608 3635; x_wconf 73' lang='lat' dir='ltr'>videtur</span> <span class='ocrx_word' id='word_1_442' title='bbox 1648 3579 1852 3652; x_wconf 87' lang='lat' dir='ltr'>sequi,</span> <span class='ocrx_word' id='word_1_443' title='bbox 1903 3578 2302 3658; x_wconf 39' lang='lat' dir='ltr'>si0ponantur</span> <span class='ocrx_word' id='word_1_444' title='bbox 2342 3589 2570 3659; x_wconf 46' lang='lat' dir='ltr'>animae·</span> <span class='ocrx_word' id='word_1_445' title='bbox 2611 3574 2857 3649; x_wconf 71' lang='lat' dir='ltr'>praemisst</span> 
     </span>
     <span class='ocr_line' id='line_1_49' title="bbox 507 3646 2856 3721; baseline -0.002 -16"><span class='ocrx_word' id='word_1_446' title='bbox 507 3648 881 3720; x_wconf 88' lang='lat' dir='ltr'>corporibus,</span> <span class='ocrx_word' id='word_1_447' title='bbox 912 3662 1095 3721; x_wconf 87' lang='lat' dir='ltr'>quum</span> <span class='ocrx_word' id='word_1_448' title='bbox 1134 3653 1192 3707; x_wconf 88' lang='lat' dir='ltr'>et</span> <span class='ocrx_word' id='word_1_449' title='bbox 1234 3649 1363 3706; x_wconf 73' lang='lat' dir='ltr'>haec</span> <span class='ocrx_word' id='word_1_450' title='bbox 1407 3649 1715 3721; x_wconf 88' lang='lat' dir='ltr'>generatio</span> <span class='ocrx_word' id='word_1_451' title='bbox 1760 3661 1880 3707; x_wconf 92' lang='lat' dir='ltr'>non</span> <span class='ocrx_word' id='word_1_452' title='bbox 1929 3652 2010 3706; x_wconf 88' lang='lat' dir='ltr'>sit</span> <span class='ocrx_word' id='word_1_453' title='bbox 2048 3653 2289 3706; x_wconf 83' lang='lat' dir='ltr'>aeterna.</span> <span class='ocrx_word' id='word_1_454' title='bbox 2320 3649 2442 3704; x_wconf 83' lang='lat' dir='ltr'>Etsi</span> <span class='ocrx_word' id='word_1_455' title='bbox 2472 3661 2639 3706; x_wconf 91' lang='lat' dir='ltr'>enim</span> <span class='ocrx_word' id='word_1_456' title='bbox 2664 3646 2856 3719; x_wconf 67' lang='lat' dir='ltr'>ponatur</span> 
     </span>
     <span class='ocr_line' id='line_1_50' title="bbox 507 3716 2853 3798; baseline -0.001 -23"><span class='ocrx_word' id='word_1_457' title='bbox 507 3716 772 3778; x_wconf 88' lang='lat' dir='ltr'>humana</span> <span class='ocrx_word' id='word_1_458' title='bbox 823 3719 1131 3792; x_wconf 88' lang='lat' dir='ltr'>generatio</span> <span class='ocrx_word' id='word_1_459' title='bbox 1176 3732 1299 3776; x_wconf 90' lang='lat' dir='ltr'>non</span> <span class='ocrx_word' id='word_1_460' title='bbox 1341 3732 1579 3790; x_wconf 90' lang='lat' dir='ltr'>semper</span> <span class='ocrx_word' id='word_1_461' title='bbox 1626 3718 1839 3785; x_wconf 82' lang='lat' dir='ltr'>fuisse,</span> <span class='ocrx_word' id='word_1_462' title='bbox 1881 3723 2080 3776; x_wconf 90' lang='lat' dir='ltr'>tamen</span> <span class='ocrx_word' id='word_1_463' title='bbox 2124 3717 2292 3798; x_wconf 41' lang='lat' dir='ltr'>nulli·</span> <span class='ocrx_word' id='word_1_464' title='bbox 2321 3716 2575 3776; x_wconf 87' lang='lat' dir='ltr'>dubium</span> <span class='ocrx_word' id='word_1_465' title='bbox 2622 3723 2711 3776; x_wconf 89' lang='lat' dir='ltr'>est</span> <span class='ocrx_word' id='word_1_466' title='bbox 2741 3720 2853 3795; x_wconf 69' lang='lat'>§1¹¹²</span> 
     </span>
     <span class='ocr_line' id='line_1_51' title="bbox 507 3788 2752 3869; baseline -0.001 -24"><span class='ocrx_word' id='word_1_467' title='bbox 507 3791 838 3848; x_wconf 89' lang='lat' dir='ltr'>secundum</span> <span class='ocrx_word' id='word_1_468' title='bbox 858 3795 1152 3857; x_wconf 89' lang='lat' dir='ltr'>naturam,</span> <span class='ocrx_word' id='word_1_469' title='bbox 1177 3789 1243 3847; x_wconf 92' lang='lat' dir='ltr'>in</span> <span class='ocrx_word' id='word_1_470' title='bbox 1265 3788 1564 3848; x_wconf 81' lang='lat' dir='ltr'>inlinitum</span> <span class='ocrx_word' id='word_1_471' title='bbox 1594 3789 1791 3861; x_wconf 86' lang='lat' dir='ltr'>possit</span> <span class='ocrx_word' id='word_1_472' title='bbox 1812 3789 2061 3856; x_wconf 85' lang='lat' dir='ltr'>durare;</span> <span class='ocrx_word' id='word_1_473' title='bbox 2088 3788 2179 3845; x_wconf 88' lang='lat' dir='ltr'>sic</span> <span class='ocrx_word' id='word_1_474' title='bbox 2197 3800 2358 3846; x_wconf 89' lang='lat' dir='ltr'>enim</span> <span class='ocrx_word' id='word_1_475' title='bbox 2380 3793 2472 3869; x_wconf 75' lang='lat' dir='ltr'>est</span> <span class='ocrx_word' id='word_1_476' title='bbox 2500 3800 2752 3861; x_wconf 83' lang='lat' dir='ltr'>unusqui</span> 
     </span>
     <span class='ocr_line' id='line_1_52' title="bbox 505 3856 2756 3935; baseline 0.001 -21"><span class='ocrx_word' id='word_1_477' title='bbox 505 3861 854 3920; x_wconf 88' lang='lat' dir='ltr'>naturaliter</span> <span class='ocrx_word' id='word_1_478' title='bbox 888 3859 1219 3930; x_wconf 87' lang='lat' dir='ltr'>institutus,</span> <span class='ocrx_word' id='word_1_479' title='bbox 1252 3858 1370 3917; x_wconf 89' lang='lat' dir='ltr'>nisi</span> <span class='ocrx_word' id='word_1_480' title='bbox 1399 3873 1504 3931; x_wconf 89' lang='lat' dir='ltr'>per</span> <span class='ocrx_word' id='word_1_481' title='bbox 1530 3858 1809 3919; x_wconf 89' lang='lat' dir='ltr'>accidens</span> <span class='ocrx_word' id='word_1_482' title='bbox 1841 3857 2218 3931; x_wconf 88' lang='lat' dir='ltr'>impediatur,</span> <span class='ocrx_word' id='word_1_483' title='bbox 2246 3864 2332 3927; x_wconf 90' lang='lat' dir='ltr'>ut,</span> <span class='ocrx_word' id='word_1_484' title='bbox 2362 3864 2521 3916; x_wconf 88' lang='lat' dir='ltr'>sicut</span> <span class='ocrx_word' id='word_1_485' title='bbox 2557 3864 2652 3918; x_wconf 88' lang='lat' dir='ltr'>est</span> <span class='ocrx_word' id='word_1_486' title='bbox 2691 3856 2756 3935; x_wconf 73' lang='lat' dir='ltr'>ab</span> 
     </span>
     <span class='ocr_line' id='line_1_53' title="bbox 504 3920 2850 4009; baseline -0.002 -23"><span class='ocrx_word' id='word_1_487' title='bbox 504 3938 846 4009; x_wconf 82' lang='lat' dir='ltr'>generatus,</span> <span class='ocrx_word' id='word_1_488' title='bbox 876 3931 958 3988; x_wconf 89' lang='lat' dir='ltr'>ita</span> <span class='ocrx_word' id='word_1_489' title='bbox 994 3931 1188 4002; x_wconf 89' lang='lat' dir='ltr'>possit</span> <span class='ocrx_word' id='word_1_490' title='bbox 1232 3931 1418 3988; x_wconf 88' lang='lat' dir='ltr'>alium</span> <span class='ocrx_word' id='word_1_491' title='bbox 1459 3944 1766 4003; x_wconf 88' lang='lat' dir='ltr'>generare.</span> <span class='ocrx_word' id='word_1_492' title='bbox 1797 3932 1918 3988; x_wconf 85' lang='lat' dir='ltr'>Hoc</span> <span class='ocrx_word' id='word_1_493' title='bbox 1947 3933 2147 3988; x_wconf 88' lang='lat' dir='ltr'>autem</span> <span class='ocrx_word' id='word_1_494' title='bbox 2187 3933 2281 3986; x_wconf 91' lang='lat' dir='ltr'>est</span> <span class='ocrx_word' id='word_1_495' title='bbox 2307 3928 2486 3986; x_wconf 87' lang='lat' dir='ltr'>etiam</span> <span class='ocrx_word' id='word_1_496' title='bbox 2516 3920 2850 4007; x_wconf 68' lang='lat' dir='ltr'>impossibile-</span> 
     </span>
     <span class='ocr_line' id='line_1_54' title="bbox 503 3997 2850 4075; baseline -0.001 -21"><span class='ocrx_word' id='word_1_497' title='bbox 503 4011 583 4067; x_wconf 84' lang='lat' dir='ltr'>si,</span> <span class='ocrx_word' id='word_1_498' title='bbox 632 4002 947 4059; x_wconf 90' lang='lat' dir='ltr'>animabus</span> <span class='ocrx_word' id='word_1_499' title='bbox 993 4000 1387 4059; x_wconf 86' lang='lat' dir='ltr'>existentibus</span> <span class='ocrx_word' id='word_1_500' title='bbox 1431 3999 1649 4069; x_wconf 85' lang='lat' dir='ltr'>finitis,</span> <span class='ocrx_word' id='word_1_501' title='bbox 1693 4014 1815 4059; x_wconf 90' lang='lat' dir='ltr'>una</span> <span class='ocrx_word' id='word_1_502' title='bbox 1858 3998 2133 4073; x_wconf 88' lang='lat' dir='ltr'>pluribus</span> <span class='ocrx_word' id='word_1_503' title='bbox 2186 3999 2542 4070; x_wconf 88' lang='lat' dir='ltr'>corporibus</span> <span class='ocrx_word' id='word_1_504' title='bbox 2587 4000 2737 4056; x_wconf 90' lang='lat' dir='ltr'>uniri</span> <span class='ocrx_word' id='word_1_505' title='bbox 2757 3997 2850 4075; x_wconf 72' lang='lat' dir='ltr'>⁸titt!</span> 
     </span>
     <span class='ocr_line' id='line_1_55' title="bbox 502 4070 2844 4147; baseline -0.002 -22"><span class='ocrx_word' id='word_1_506' title='bbox 502 4070 726 4141; x_wconf 80' lang='lat' dir='ltr'>possit3</span> <span class='ocrx_word' id='word_1_507' title='bbox 760 4072 914 4129; x_wconf 90' lang='lat' dir='ltr'>unde</span> <span class='ocrx_word' id='word_1_508' title='bbox 944 4076 1001 4129; x_wconf 91' lang='lat' dir='ltr'>et</span> <span class='ocrx_word' id='word_1_509' title='bbox 1020 4072 1222 4142; x_wconf 87' lang='lat' dir='ltr'>plures</span> <span class='ocrx_word' id='word_1_510' title='bbox 1252 4071 1599 4142; x_wconf 89' lang='lat' dir='ltr'>ponentium</span> <span class='ocrx_word' id='word_1_511' title='bbox 1630 4072 1865 4130; x_wconf 86' lang='lat' dir='ltr'>animas</span> <span class='ocrx_word' id='word_1_512' title='bbox 1896 4076 2033 4129; x_wconf 90' lang='lat' dir='ltr'>ante</span> <span class='ocrx_word' id='word_1_513' title='bbox 2062 4083 2312 4140; x_wconf 87' lang='lat' dir='ltr'>corpora</span> <span class='ocrx_word' id='word_1_514' title='bbox 2338 4074 2573 4141; x_wconf 90' lang='lat' dir='ltr'>ponunt</span> <span class='ocrx_word' id='word_1_515' title='bbox 2596 4070 2844 4147; x_wconf 66' lang='lat' dir='ltr'>transitu</span> 
     </span>
     <span class='ocr_line' id='line_1_56' title="bbox 502 4136 2844 4218; baseline 0.001 -25"><span class='ocrx_word' id='word_1_516' title='bbox 502 4138 719 4218; x_wconf 78' lang='lat' dir='ltr'>animae</span> <span class='ocrx_word' id='word_1_517' title='bbox 769 4142 840 4199; x_wconf 92' lang='lat' dir='ltr'>de</span> <span class='ocrx_word' id='word_1_518' title='bbox 895 4154 1142 4213; x_wconf 88' lang='lat' dir='ltr'>corpore</span> <span class='ocrx_word' id='word_1_519' title='bbox 1180 4142 1245 4198; x_wconf 88' lang='lat' dir='ltr'>in</span> <span class='ocrx_word' id='word_1_520' title='bbox 1290 4153 1529 4212; x_wconf 82' lang='lat' dir='ltr'>corpuS.</span> <span class='ocrx_word' id='word_1_521' title='bbox 1561 4144 1683 4200; x_wconf 83' lang='lat' dir='ltr'>Hoc</span> <span class='ocrx_word' id='word_1_522' title='bbox 1724 4147 1921 4200; x_wconf 88' lang='lat' dir='ltr'>autem</span> <span class='ocrx_word' id='word_1_523' title='bbox 1968 4146 2063 4200; x_wconf 90' lang='lat' dir='ltr'>est</span> <span class='ocrx_word' id='word_1_524' title='bbox 2113 4140 2508 4212; x_wconf 89' lang='lat' dir='ltr'>impossibile.</span> <span class='ocrx_word' id='word_1_525' title='bbox 2548 4142 2680 4197; x_wconf 80' lang='lat' dir='ltr'>Non</span> <span class='ocrx_word' id='word_1_526' title='bbox 2721 4136 2844 4207; x_wconf 59' lang='lat' dir='ltr'>igi&amp;</span> 
     </span>
     <span class='ocr_line' id='line_1_57' title="bbox 503 4211 2834 4283; baseline 0.003 -19"><span class='ocrx_word' id='word_1_527' title='bbox 503 4221 719 4267; x_wconf 74' lang='lat' dir='ltr'>animae</span> <span class='ocrx_word' id='word_1_528' title='bbox 749 4218 885 4269; x_wconf 87' lang='lat' dir='ltr'>ante</span> <span class='ocrx_word' id='word_1_529' title='bbox 913 4225 1167 4283; x_wconf 89' lang='lat' dir='ltr'>corpora</span> <span class='ocrx_word' id='word_1_530' title='bbox 1198 4211 1695 4283; x_wconf 77' lang='lat' dir='ltr'>praeexstiterunt.</span> <span class='ocrx_word' id='word_1_531' title='bbox 2792 4266 2834 4283; x_wconf 75' lang='grc'>,,</span> 
     </span>
    </p>

    <p class='ocr_par' dir='ltr' id='par_1_16' title="bbox 499 4279 2848 4421">
     <span class='ocr_line' id='line_1_58' title="bbox 541 4279 2848 4360; baseline -0.002 -24"><span class='ocrx_word' id='word_1_532' title='bbox 541 4279 745 4360; x_wconf 34' lang='lat' dir='ltr'>‘Quod</span> <span class='ocrx_word' id='word_1_533' title='bbox 790 4288 985 4339; x_wconf 87' lang='lat' dir='ltr'>autem</span> <span class='ocrx_word' id='word_1_534' title='bbox 1016 4283 1096 4340; x_wconf 89' lang='lat' dir='ltr'>sit</span> <span class='ocrx_word' id='word_1_535' title='bbox 1133 4280 1510 4352; x_wconf 88' lang='lat' dir='ltr'>impossibile</span> <span class='ocrx_word' id='word_1_536' title='bbox 1553 4295 1732 4339; x_wconf 84' lang='lat' dir='ltr'>unam</span> <span class='ocrx_word' id='word_1_537' title='bbox 1762 4281 2024 4341; x_wconf 88' lang='lat' dir='ltr'>animam</span> <span class='ocrx_word' id='word_1_538' title='bbox 2062 4281 2316 4340; x_wconf 83' lang='lat' dir='ltr'>diversis</span> <span class='ocrx_word' id='word_1_539' title='bbox 2343 4279 2696 4353; x_wconf 85' lang='lat' dir='ltr'>corporibus</span> <span class='ocrx_word' id='word_1_540' title='bbox 2721 4282 2848 4333; x_wconf 74' lang='lat' dir='ltr'>utun.</span> 
     </span>
     <span class='ocr_line' id='line_1_59' title="bbox 499 4358 795 4421; baseline 0.007 -14"><span class='ocrx_word' id='word_1_541' title='bbox 499 4361 594 4407; x_wconf 86' lang='lat' dir='ltr'>sic</span> <span class='ocrx_word' id='word_1_542' title='bbox 617 4358 795 4421; x_wconf 88' lang='lat' dir='ltr'>patet.</span> 
     </span>
    </p>

    <p class='ocr_par' dir='ltr' id='par_1_17' title="bbox 569 4420 2846 4494">
     <span class='ocr_line' id='line_1_60' title="bbox 569 4420 2846 4494; baseline -0.005 -12"><span class='ocrx_word' id='word_1_543' title='bbox 569 4424 795 4483; x_wconf 77' lang='lat' dir='ltr'>Animae</span> <span class='ocrx_word' id='word_1_544' title='bbox 823 4421 985 4481; x_wconf 91' lang='lat' dir='ltr'>enim</span> <span class='ocrx_word' id='word_1_545' title='bbox 1034 4422 1310 4481; x_wconf 66' lang='lat' dir='ltr'>humanae</span> <span class='ocrx_word' id='word_1_546' title='bbox 1360 4435 1484 4483; x_wconf 89' lang='lat' dir='ltr'>non</span> <span class='ocrx_word' id='word_1_547' title='bbox 1518 4421 1805 4482; x_wconf 83' lang='lat' dir='ltr'>differunt</span> <span class='ocrx_word' id='word_1_548' title='bbox 1851 4422 2051 4494; x_wconf 88' lang='lat' dir='ltr'>specie</span> <span class='ocrx_word' id='word_1_549' title='bbox 2075 4421 2153 4481; x_wconf 83' lang='lat' dir='ltr'>ab</span> <span class='ocrx_word' id='word_1_550' title='bbox 2202 4421 2479 4491; x_wconf 80' lang='lat' dir='ltr'>invicem,</span> <span class='ocrx_word' id='word_1_551' title='bbox 2506 4420 2614 4480; x_wconf 88' lang='lat' dir='ltr'>sed</span> <span class='ocrx_word' id='word_1_552' title='bbox 2656 4420 2846 4476; x_wconf 79' lang='lat' dir='ltr'>numero</span> 
     </span>
    </p>
   </div>
  </div>
 </body>
</html>
