3076 5025
1142 268 1275 327 Ltss.
1315 270 1415 338 111,
1453 268 1608 326 GAP.
1645 268 1804 328 xcn.
2584 274 2691 333 383

331 392 652 453 Sciendum
689 398 784 452 est
809 391 1011 461 etiam,
1038 392 1201 467 quod
1229 392 1325 452 vis
1355 391 1551 451 activa
1577 390 1911 473 spiritualis
1934 395 2185 462 naturae,
2213 391 2375 452 sicut
2398 397 2491 453 est
2515 393 2694 455 altior

255 477 445 538 quam
466 477 540 522 co
614 463 822 533 oraliS,
852 462 937 522 ita
964 462 1142 522 etiam
1173 467 1267 522 est
1301 462 1742 521 universalior:
1773 462 1933 520 unde
1956 475 2080 522 non
2118 462 2194 521 ad
2224 463 2431 522 omnia
2456 462 2531 522 ad
2558 477 2692 537 quae

256 548 329 593 se
387 539 562 592 exten
606 534 652 593 it
703 534 970 593 humana
1017 533 1255 614 electi0,
1283 545 1353 592 se
1405 532 1672 615 extendit
1718 531 2037 604 dispositio
2076 533 2345 592 coelestis
2394 535 2689 607 corporis.

255 607 495 663 Rursus
521 606 713 664 virtus
750 604 1032 663 humanae
1073 617 1292 662 ammae
1337 604 1430 662 vel
1464 608 1646 662 etiam
1687 603 1885 676 angeli
1917 606 2010 663 est
2036 603 2415 676 particularis
2442 605 2508 663 in
2533 617 2693 666 com·

254 675 573 749 paratione
622 673 698 734 ad
737 675 1014 733 virtutem
1064 675 1350 744 divinam,
1387 688 1519 748 quae
1568 673 1809 747 quidem
1861 677 1956 732 est
2008 674 2366 734 universalis
2415 682 2692 747 respectu

257 746 535 805 omnium
582 743 831 803 entium.
862 745 958 803 Sic
986 757 1130 817 ergo
1169 744 1411 818 aliquod
1461 744 1690 802 bonum
1737 743 2005 803 accidere
2033 748 2230 816 potest
2256 745 2487 804 homiui
2508 747 2691 807 etiam

254 821 476 888 praeter
502 816 803 889 propriam
829 815 1246 883 intentionem,
1276 821 1338 873 et
1381 820 1594 886 praeter
1632 814 2085 873 inclinationem
2115 815 2451 876 coelestium
2478 830 2691 889 corpo·

255 899 420 956 rum,
450 893 509 945 et
534 892 749 958 praeter
781 886 1134 960 angelorum
1174 886 1718 954 illuminationem;
1750 898 1873 944 non
1917 890 2115 944 autem
2162 891 2373 958 praeter
2426 886 2691 947 divinam

254 956 721 1030 providentiam,
749 971 883 1029 quae
911 962 1004 1016 est
1125 955 1454 1027 bernativa‚
1485 956 1643 1015 sicut
1673 961 1733 1013 et
1776 955 1990 1014 factiva
2015 956 2173 1014 entis
2199 957 2264 1013 in
2290 963 2578 1029 quantum
2599 963 2695 1019 est

258 1042 377 1087 ens
406 1046 422 1085 :
452 1027 612 1086 unde
638 1030 874 1099 oportet
941 1040 1022 1086 uo
1090 1027 1297 1086 omnia
1327 1028 1441 1086 sub
1468 1041 1535 1086 se
1575 1026 1897 1084 contineat.
1929 1025 2027 1085 Sic
2055 1039 2198 1099 ergo
2224 1026 2450 1100 aliquid
2489 1028 2694 1088 fortui-

257 1103 394 1157 tum
420 1098 668 1167 bonum,
692 1098 789 1156 vel
821 1111 921 1156 ma
947 1111 1051 1158 um
1082 1102 1283 1169 potest
1305 1098 1655 1170 contingere
1685 1097 1938 1166 homini,
1970 1101 2028 1154 et
2050 1111 2157 1169 per
2184 1097 2693 1170 comparationem

182 1178 192 1186 ·
260 1168 341 1228 ad
379 1168 601 1242 ipsum,
622 1172 683 1227 et
728 1182 834 1241 per
879 1169 1385 1240 comparationem
1423 1168 1499 1226 ad
1536 1168 1808 1226 coelestia
1839 1180 2111 1240 corpora,
2142 1172 2201 1225 et
2231 1182 2338 1239 per
2383 1180 2691 1240 compara·

257 1240 490 1298 tionem
537 1239 614 1298 ad
665 1239 936 1311 angelos,
964 1252 1089 1296 non
1128 1245 1328 1298 autem
1367 1253 1477 1312 per
1508 1238 2018 1312 comparationem
2047 1237 2121 1296 ad
2150 1239 2357 1297 Deum.
2387 1241 2536 1297 Nam
2584 1253 2693 1314 per

259 1309 772 1391 comparationem
824 1310 901 1369 ad
944 1308 1144 1382 ipsum
1203 1322 1328 1369 non
1374 1310 1575 1369 solum
1630 1310 1693 1366 in
1737 1309 1917 1367 rebus
1966 1308 2272 1381 humanis,
2298 1307 2410 1369 sed
2463 1321 2575 1369 nec
2625 1311 2691 1369 in

258 1379 528 1454 quallhet
547 1381 668 1439 alia
688 1393 775 1450 re,
806 1383 1004 1452 potest
1022 1393 1160 1439 esse
1187 1379 1416 1453 aliquid
1445 1379 1688 1439 casuale
1713 1384 1772 1437 et
1799 1380 2213 1461 improvisum.

334 1451 490 1520 Quia
514 1464 656 1508 vero
681 1450 927 1509 fortuita
955 1455 1100 1508 sunt
1125 1465 1259 1524 quae
1288 1456 1431 1509 sunt
1456 1455 1671 1524 praeter
1693 1452 2107 1520 intentionem,
2141 1450 2303 1509 bona
2347 1455 2546 1511 autem
2567 1465 2691 1513 mo-

256 1521 414 1581 ralia
441 1525 656 1593 praeter
691 1520 1094 1579 intentionem.
1128 1534 1264 1580 esse
1291 1534 1413 1580 non
1497 1525 1735 1589 ossunt,
1766 1534 1901 1578 cum
1926 1520 1990 1578 in
2018 1520 2310 1579 electione
2331 1523 2687 1593 consistant,

256 1597 541 1663 respectu
590 1604 800 1649 eorum
836 1604 960 1649 non
1005 1596 1206 1673 potest
1259 1591 1377 1650 dici
1418 1605 1454 1649 a
1480 1591 1641 1664 iquis
1685 1591 1840 1649 bene
1861 1591 1955 1651 vel
1982 1591 2135 1649 male
2164 1591 2523 1658 fortunatus,
2550 1593 2692 1654 licet

257 1667 542 1733 respectu
591 1674 802 1720 eorum
852 1667 1051 1735 possit
1101 1662 1321 1735 aliquis
1376 1661 1495 1721 dici
1542 1662 1696 1720 bene
1750 1662 1843 1719 vel
1885 1661 2042 1719 male
2095 1668 2293 1729 natus,
2334 1662 2574 1734 quando
2616 1676 2692 1723 ex

257 1731 522 1791 naturali
577 1731 977 1804 dispositione
1027 1733 1301 1805 corporis
1327 1737 1444 1813 ,est
1488 1738 1670 1803 aptus
1728 1731 1802 1790 ad
1854 1731 2181 1791 electiones
2231 1733 2538 1803 virtutum,
2595 1733 2691 1794 vel

258 1803 568 1863 vitiorum.
597 1803 891 1873 Respectu
920 1807 1120 1862 autem
1158 1806 1520 1863 extenorum
1543 1803 1863 1871 bonorum,
1888 1817 2025 1874 quae
2058 1806 2269 1873 praeter
2296 1803 2690 1862 intentionem

259 1872 500 1932 homini
535 1873 775 1931 evenire
816 1878 1099 1944 possunt,
1127 1877 1328 1945 potest
1370 1873 1488 1932 dici
1517 1873 1701 1931 homo
1732 1877 1791 1930 et
1828 1872 1981 1930 bene
2023 1878 2224 1944 natus»,
2250 1878 2308 1931 et
2326 1871 2480 1933 bene
2507 1874 2691 1934 fortu-

260 1947 468 2013 natuS,
496 1947 558 2001 et
582 1958 620 2000 a
638 1945 760 2001 Deo
783 1941 1175 2015 gubernatus,
1202 1948 1263 2002 et
1288 1943 1364 2002 ab
1390 1944 1624 2016 angelis
1655 1943 2014 2002 custoditus.
2430 1967 2443 1990 ι

334 2013 736 2087 Consequitur
760 2019 959 2072 autem
1000 2027 1074 2072 ex
1115 2014 1532 2086 superioribus
1575 2013 1779 2072 causis
1804 2019 1864 2071 et
1890 2013 2054 2072 aliud
2080 2013 2368 2073 auxilium
2396 2019 2690 2088 quantum

259 2082 340 2144 ad
388 2085 586 2142 exitus
628 2096 876 2143 suarum
917 2084 1243 2143 actionum.
1278 2086 1421 2143 Cum
1467 2084 1629 2147 enim
1673 2085 1855 2142 homo
1884 2089 1943 2141 et
1966 2084 2188 2156 eligere
2234 2085 2451 2144 habeat
2472 2090 2530 2143 et
2598 2099 2691 2146 ro-

261 2155 438 2227 sequi
456 2154 619 2227 quod
648 2153 847 2226 elegit,
877 2154 942 2212 in
973 2159 1226 2227 utroque
1254 2169 1291 2212 a
1317 2156 1522 2213 causis
1575 2155 1988 2226 superioribus
2033 2154 2346 2226 adjuvatur
2389 2156 2545 2214 inter
2588 2168 2690 2215 um
2781 2171 2790 2181 ·

257 2224 357 2282 vel
400 2227 580 2283 etiam
635 2224 987 2292 impeditur:
1010 2224 1342 2281 secundum
1387 2225 1742 2281 electionem
1778 2225 2042 2294 quidem,
2091 2231 2158 2280 ut
2206 2225 2432 2282 dictum
2479 2231 2589 2294 est,
2624 2227 2691 2284 in

254 2301 555 2366 quantum
585 2293 769 2350 bomo
795 2291 889 2349 vel
918 2291 1259 2362 disponitur
1278 2293 1352 2350 ad
1380 2292 1610 2364 aliquid
1634 2292 1977 2372 eligendum
1998 2306 2105 2365 per
2124 2293 2393 2351 coelestia
2410 2307 2685 2366 corpora,

257 2363 357 2422 vel
406 2362 580 2436 quasi
607 2362 944 2443 illustratur
985 2376 1092 2435 per
1118 2363 1468 2435 angelorum
1495 2362 1854 2432 custodiam,
1884 2362 1980 2420 vel
2027 2363 2206 2443 etiam
2235 2363 2557 2422 inclinatur
2583 2380 2692 2437 per

261 2433 673 2505 operationem
715 2432 1013 2501 divinam3
1043 2432 1375 2493 secundum
1405 2433 1819 2491 executionem
1860 2445 2023 2501 vero,
2067 2446 2129 2489 tn
2168 2438 2458 2505 quantum
2506 2435 2690 2494 homo

260 2504 659 2578 consequitur
684 2518 758 2561 ex
781 2503 984 2576 aliqua
1011 2502 1306 2576 superiori
1335 2509 1522 2563 causa
1546 2502 1731 2561 robur
1759 2507 1816 2561 et
1856 2502 2182 2563 efficaciam
2207 2503 2283 2562 ad
2320 2504 2691 2576 implendum

260 2575 429 2649 quod
469 2575 681 2648 elegit;
711 2588 846 2647 quae
869 2574 1109 2647 quidem
1157 2587 1282 2632 non
1320 2574 1519 2632 solum
1566 2588 1600 2631 a
1630 2577 1752 2632 Deo
1800 2577 1957 2654 etan
2003 2573 2134 2656 elis·
2164 2587 2299 2633 esse
2331 2580 2546 2646 potest,
2580 2578 2691 2637 sed

257 2646 447 2705 etiam
477 2660 515 2704 a
540 2643 897 2716 corporibus
930 2644 1300 2711 coelestibus,
1329 2645 1394 2702 in
1414 2648 1703 2716 quantum
1738 2643 1879 2702 talis
1908 2657 1941 2701 e
2012 2657 2178 2703 cacia
2201 2644 2266 2701 in
2294 2658 2544 2716 corpore
2573 2648 2691 2706 sita

239 2722 378 2776 est.
401 2716 782 2774 Manitestum
814 2719 908 2773 est
933 2715 1095 2773 enim
1113 2714 1273 2787 quod
1303 2715 1482 2772 etiam
1504 2714 1835 2772 inanimata
1852 2727 2104 2785 corpora
2129 2714 2420 2788 quasdam
2443 2716 2602 2775 vires
2632 2722 2691 2776 et

259 2785 571 2848 efficacias
613 2800 650 2844 a
675 2784 1023 2845 coelestibus
1061 2783 1416 2857 corporibus
1459 2790 1932 2857 consequuntur,
1960 2785 2140 2843 etiam
2179 2790 2394 2856 praeter
2420 2801 2525 2846 eas
2554 2802 2688 2869 quae

259 2856 343 2916 ad
367 2856 689 2929 qualitates
717 2856 943 2914 activas
965 2860 1023 2913 et
1051 2856 1326 2928 passivas
1368 2855 1800 2914 elementorum
1830 2861 2300 2928 consequuntur,
2327 2871 2480 2930 quas
2509 2864 2688 2916 etiam

258 2940 391 2986 non
421 2932 514 2986 est
530 2926 778 2985 dubium
797 2924 1146 2985 coelestibus
1174 2925 1526 2996 corporibus
1548 2938 1684 2983 esse
1713 2925 2045 2996 subjectas;
2072 2926 2231 2984 sicut
2249 2927 2410 3000 quod
2439 2941 2689 3001 magnes

258 2997 511 3057 attrahit
551 2997 796 3065 ferrum,
825 2995 1005 3055 habet
1031 3010 1106 3055 ex
1131 2996 1346 3055 virtute
1374 2996 1638 3054 coelestis
1669 2996 1960 3068 corporis,
1990 3001 2051 3054 et
2072 2997 2303 3068 lapides
2332 2998 2600 3070 quidam,
2631 3004 2690 3058 et

260 3066 469 3127 herbae
495 3066 647 3126 alias
685 3067 955 3125 occultas
998 3066 1271 3127 virtutes,
1316 3066 1478 3124 Unde
1523 3066 1676 3125 nibil
1719 3066 1996 3138 prohibet
2038 3067 2197 3140 quod
2232 3068 2412 3126 etiam
2466 3068 2690 3142 aliquis

261 3138 453 3197 homo
467 3137 684 3196 habeat
709 3151 784 3195 ex
809 3137 1211 3209 impressione
1235 3138 1501 3196 coelestis
1522 3138 1795 3208 corporis
1833 3137 2095 3210 aliquam
2130 3137 2459 3198 efficaciam
2487 3140 2554 3197 in
2582 3139 2688 3198 ali·

261 3207 489 3281 quibus
547 3206 830 3280 operibus
869 3207 1182 3276 faciendis,
1230 3220 1382 3280 quas
1436 3207 1595 3266 alius
1649 3220 1775 3265 non
1830 3207 2046 3277 babet;
2098 3214 2243 3279 puta
2294 3209 2566 3268 medicus
2624 3210 2690 3268 in

259 3276 561 3348 sanando,
591 3283 653 3337 et
690 3292 725 3337 a
799 3277 956 3337 icola
1006 3277 1072 3337 in
1117 3276 1468 3349 plantando,
1489 3281 1550 3335 et
1595 3278 1774 3337 miles
1825 3278 1890 3335 in
1929 3279 2274 3350 pugnando.
2302 3282 2464 3338 Hanc
2489 3285 2689 3340 autem

257 3348 594 3430 efficaciam
620 3292 813 3407 muftlo
839 3347 1160 3420 perfectius
1189 3350 1347 3407 Deus
1387 3348 1738 3430 homin-ibus
1762 3348 2015 3430 largitur
2040 3349 2114 3406 ad
2142 3362 2255 3408 sua
2280 3363 2465 3422 opera
2489 3349 2691 3411 effica-

255 3424 417 3480 citer
466 3417 833 3491 exequenda.
859 3419 1160 3488 Quantum
1192 3432 1338 3493 ergo
1386 3418 1461 3476 ad
1514 3431 1776 3489 primum
1825 3419 2139 3490 auxilium,
2171 3420 2334 3492 quod
2361 3424 2456 3480 est
2494 3421 2558 3479 in
2586 3421 2695 3480 eli·

259 3489 485 3563 gendo,
511 3489 731 3549 dicitur
781 3490 943 3548 Deus
984 3489 1291 3548 hominem
1345 3487 1603 3561 dirigere
1628 3507 1645 3558 ;
1692 3494 1981 3562 quantum
2029 3504 2172 3549 vero
2226 3491 2303 3550 ad
2354 3492 2691 3552 secundum

256 3558 579 3629 auxilium,
607 3559 827 3618 dicitur
869 3559 1176 3618 hominem
1203 3560 1581 3626 contortare3
1609 3563 1668 3616 et
1694 3559 1822 3617 haec
1850 3558 2079 3619 auxilia
2116 3564 2220 3620 tan
2269 3565 2450 3621 untur
2500 3562 2685 3622 simul

253 3628 329 3691 in
358 3631 457 3688 Ps.
485 3642 682 3700 xxvl„
711 3634 768 3694 1,
804 3627 910 3688 ubi
952 3629 1172 3688 dicitur
1198 3647 1216 3685 ε
1245 3631 1509 3688 Dominus
1549 3629 1880 3685 illuminatio
1920 3644 2062 3695 mea,
2090 3635 2144 3688 et
2165 3645 2194 3687 s
2254 3646 2319 3687 us
2341 3647 2501 3687 mea=
2527 3647 2687 3702 quem

258 3699 458 3827 tianebto
475 3702 506 3756 P
530 3703 822 3830 mximum
870 3698 949 3829 gd
1001 3699 1263 3772 primum
1286 3716 1307 3760 z
1334 3701 1480 3758 Deus
1497 3702 1774 3768 protector
1795 3700 1924 3759 vitae
1944 3714 2075 3760 meae
2098 3719 2119 3757 ε
2146 3716 2187 3758 a
2209 3716 2318 3773 quo
2354 3700 2638 3774 trepidabo
2655 3704 2688 3760 7

259 3784 300 3844 q
335 3840 452 3900 Sed
477 3841 636 3899 inter
671 3840 801 3899 haec
826 3840 950 3899 duo
991 3840 1219 3900 auxilia
1244 3845 1341 3899 est
1374 3839 1713 3900 differentia
1737 3841 1976 3913 duplex.
2019 3842 2221 3901 Prima
2243 3842 2484 3924 quidem
2582 3843 2686 3904 uia

258 3923 339 3970 ex
359 3910 587 3971 auxilio
608 3910 803 3993 primo
830 3925 866 3970 a
912 3910 1145 3970 ‘uvatur
1166 3911 1350 3969 homo
1370 3916 1493 3969 tam
1518 3912 1588 3992 jn
1615 3911 1713 3972 his
1783 3926 1873 3993 uae
1893 3913 2096 3971 virtuti
2121 3913 2388 3973 hominis
2412 3885 2535 3995 sub·
2572 3926 2684 3974 un·

257 3985 380 4045 tur,
406 3993 588 4054 quam
612 3993 676 4038 in
703 3980 864 4040 alus.
934 3980 1009 4041 ed
1035 3980 1367 4041 secundum
1395 3982 1685 4039 auxihum
1714 3995 1749 4040 a
1823 3982 1927 4040 illa
1947 3987 2179 4042 tantum
2206 3997 2276 4042 se
2302 3983 2584 4054 extend1t‚
2609 3984 2685 4044 ad

303 4064 400 4108 uae
426 4050 619 4108 virtus
653 4050 918 4109 hominis
942 4050 1120 4109 valet.
1151 4051 1323 4121 Quod
1350 4051 1512 4110 enim
1542 4051 1724 4109 homo
1758 4052 1997 4111 fodiens
2032 4054 2375 4124 sepulcrum
2421 4054 2687 4115 inveniat

254 4126 284 4177 t
333 4130 637 4200 esaurum,
663 4121 949 4201 expulla
973 4120 1240 4181 hominis
1276 4120 1490 4179 virtute
1540 4122 1841 4193 procedit;
1869 4122 2024 4181 unde
2068 4128 2345 4195 respectu
2379 4124 2521 4183 talis
2547 4137 2685 4198 pro·

256 4194 480 4249 ventus
511 4189 774 4261 adjuvan
801 4195 1000 4261 potest
1025 4192 1209 4250 homo
1238 4190 1305 4249 in
1331 4191 1448 4251 hoc
1484 4191 1644 4263 quod
1674 4193 1994 4264 instigetur
2042 4191 2117 4251 ad
2194 4195 2537 4254 uaerendum
2580 4193 2685 4254 ubi

185 4266 196 4279 ¹
259 4264 360 4320 est
387 4259 733 4341 thesaurus,
768 4273 894 4318 non
929 4265 1126 4320 autem
1149 4262 1214 4319 in
1251 4260 1368 4322 hoo
1409 4260 1573 4333 quod
1602 4262 1657 4318 ei
1688 4262 1888 4334 aliqua
1909 4262 2099 4322 virtus
2144 4208 2317 4321 getur
2340 4264 2416 4323 ad
2445 4265 2684 4323 thesau-

261 4343 403 4390 rum
437 4328 885 4390 inveniendum.
903 4332 970 4388 ln
997 4332 1114 4390 hoc
1142 4336 1343 4390 autem
1372 4330 1534 4404 quod
1561 4332 1833 4390 medicus
1853 4336 2044 4402 sanet,
2072 4331 2166 4390 vel
2187 4332 2364 4393 miles
2391 4334 2455 4391 in
2482 4344 2685 4406 pugna

258 4401 488 4474 vincat,
511 4403 712 4474 potest
757 4398 1026 4474 adjuvari
1069 4401 1135 4472 in
1165 4402 1300 4483 ‘hoc
1342 4399 1506 4475 quod
1540 4401 1725 4479 eligat
1757 4401 2175 4468 convenientia
2199 4403 2276 4468 ad
2301 4403 2503 4472 finem,
2534 4407 2594 4485 et
2618 4399 2681 4457 in
