3076 5025
1038 184 1171 239 ΗΒ.
1212 183 1303 252 IV,
1342 184 1495 240 CAP.
1533 183 1677 239 xm.
2461 187 2568 244 515

147 307 352 378 ceptio,
384 306 716 364 secundum
744 304 971 385 scilicet
997 304 1155 377 quod
1183 307 1340 363 Deus
1371 304 1642 376 intelligit
1676 303 1939 375 seipsum
1994 310 2226 376 oportet
2253 306 2412 379 quod
2462 320 2568 379 po·

147 377 323 435 tentia
346 379 422 435 ad
450 376 858 456 generandum
883 389 945 457 in
976 377 1098 433 Deo
1117 375 1198 456 sit
1220 376 1390 457 sicut·
1402 375 1666 446 potentia
1693 374 1784 456 ad·
1797 348 2246 449 intelligendum
2276 377 2564 448 seipsum.

147 450 231 517 Et,
258 461 441 520 quum
471 446 800 527 intelligere
822 460 1084 517 seipsum
1111 460 1174 503 in
1205 447 1325 503 Deo
1341 452 1419 503 sit
1445 459 1630 526 unum
1654 450 1714 503 et
1736 445 2003 517 simplex,
2022 450 2255 518 oportet
2278 451 2336 505 et
2362 452 2569 519 poten·

143 519 286 576 tiam
317 516 686 590 intelligendi
711 517 1141 589 seipsum‚quae
1161 529 1283 575 non
1313 520 1407 574 est
1432 516 1592 573 aliud
1662 530 1801 573 uam
1830 530 1980 574 suus
2009 522 2199 585 actus,
2220 531 2355 576 csse
2384 532 2567 577 unam
2637 547 2645 554 ·

141 593 390 646 tantum.
421 590 504 645 Ex
531 587 738 646 eadem
765 600 908 660 ergo
937 587 1201 659 potentia
1220 592 1312 645 est
1338 591 1396 644 et
1422 586 1584 659 quod
1653 586 1860 644 erbum
1887 588 2255 659 concipiatur
2298 592 2355 647 et
2405 588 2570 661 quod
2635 630 2641 638 -

145 659 345 718 dicens
366 657 623 715 Verbum
650 657 979 729 concipiat;
1009 657 1168 715 unde
1196 672 1270 715 ex
1294 657 1502 715 eadem
1530 657 1795 737 potentia
1819 663 1912 715 est
1938 658 2098 729 quod
2127 661 2299 716 Pater
2327 662 2573 733 generet

144 734 202 787 et
228 728 385 802 quod
416 728 595 787 Filius
621 732 956 802 generetur.
989 728 1224 786 Nullam
1264 741 1409 800 ergo
1440 732 1764 798 potentiam
1813 727 1992 785 habet
2018 731 2190 786 Pater
2222 744 2402 801 quam
2442 743 2569 788 non

143 799 357 858 habeat
384 799 597 869 Filius3
628 798 737 857 sed
765 801 935 856 Pater
958 797 1138 856 habet
1164 798 1237 855 ad
1281 812 1567 871 generare
1595 798 1992 870 generativam
2016 799 2361 869 potentiam,
2384 799 2569 858 Filius
2636 850 2644 857 .

145 873 342 929 autem
374 870 447 928 ad
460 869 770 951 generari3
799 882 931 942 quae
960 869 1093 927 sola
1115 868 1398 926 relatione
1439 867 1673 926 differre
1702 882 1773 925 ex
1803 869 1972 927 dictis
1996 874 2175 940 patet.
2638 921 2644 928 .

211 940 343 1008 Sed,
416 955 514 997 uia
532 939 854 1012 Apostolus
879 938 1088 997 Filium
1113 939 1216 996 Dei
1245 938 1383 997 dicit
1418 939 1664 996 verbum
1691 938 1929 1007 habere,
1961 954 2035 996 ex
2058 954 2179 1012 quo
2210 941 2380 1013 sequi
2406 940 2570 1000 vide·
2662 984 2665 987 >

145 1015 242 1070 tur
267 1024 385 1083 quo
453 1010 581 1067 Filii
607 1010 684 1068 sit
712 1008 873 1068 filius
901 1015 958 1067 et
981 1008 1149 1067 Verbi
1177 1009 1445 1080 verbum,
1471 1009 1970 1067 considerandum
2000 1013 2093 1066 est
2111 1011 2363 1082 qualiter
2386 1011 2572 1071 verba

146 1081 409 1166 Apostoli
435 1079 550 1139 hoc
574 1079 829 1139 dicentis
860 1080 981 1138 sint
1006 1079 1411 1153 intelligenda.
1441 1080 1592 1137 Dicit
1617 1079 1775 1136 enim
1803 1098 1817 1135 z
1848 1081 2050 1136 Diebus
2076 1083 2198 1136 istis
2241 1082 2448 1138 locutus
2488 1087 2573 1139 est

147 1151 296 1233 nobas
318 1154 381 1206 in
405 1151 564 1221 Filio,
594 1155 654 1208 et
675 1155 884 1235 postea
913 1168 929 1207 z
959 1151 1275 1236 Qua-quum
1300 1153 1375 1207 sit
1409 1151 1667 1221 splendor
1703 1152 1890 1220 qloriae
1942 1153 1993 1206 et
2030 1153 2213 1247 liqui-o
2253 1151 2573 1231 substqmiae

148 1220 1775 1373 tt}imittssttmattffgt&immenti-'tta‘
1812 1221 2448 1374 fflssztussffftissssffi
2459 1237 2573 1374 ῥέἓῐ

152 1376 304 1421 enun
331 1362 494 1435 quod
521 1365 828 1445 conceptio
858 1367 1180 1434 saplentlae‚
1223 1375 1356 1444 quae
1384 1366 1477 1420 est
1548 1361 1776 1430 erbum,
1808 1366 2110 1442 sapientiae
2160 1363 2286 1444 sihi·
2314 1364 2575 1423 vindicat

151 1446 387 1491 nomen.
417 1433 673 1491 Ulterius
702 1437 901 1490 autem
926 1432 1386 1504 procedentibus
1411 1436 1655 1504 apparet
1679 1431 1841 1504 quod
1881 1438 2060 1490 etiam
2108 1439 2364 1491 exterior
2391 1432 2572 1492 effec-

151 1509 251 1562 tus
274 1518 344 1561 ex
369 1502 762 1576 conceptione
791 1502 1095 1574 sapientiae
1121 1504 1477 1575 proveniens
1506 1502 1797 1585 sapientia
1824 1502 1939 1562 dici
1965 1507 2181 1574 potest,
2202 1517 2307 1584 per
2324 1504 2572 1563 modum

152 1588 274 1647 quo
301 1571 546 1632 effectus
573 1587 795 1632 nomen
823 1587 1020 1632 causae
1048 1573 1161 1632 sibi
1186 1573 1475 1643 assumit;
1522 1573 1737 1632 dicitur
1781 1573 1939 1631 enim
1981 1573 2271 1644 sapientia
2316 1573 2573 1646 alicujus

156 1657 290 1703 esse
317 1657 436 1703 non
463 1643 660 1703 solum
684 1644 744 1702 id
774 1644 934 1718 quod
959 1645 1257 1715 sapienter
1279 1644 1596 1717 excogitat,
1627 1644 1733 1702 sed
1758 1643 1932 1702 etiam
1962 1643 2025 1701 id
2065 1644 2226 1715 quod
2271 1645 2575 1716 sapienter

153 1714 295 1773 facit
319 1734 334 1781 ;
359 1729 432 1773 ex
465 1728 585 1787 quo
615 1713 910 1794 contingit
928 1719 993 1772 ut
1020 1714 1195 1772 etiam
1227 1714 1536 1786 explicatio
1569 1714 1783 1772 divinae
1827 1714 2132 1786 sapientiae
2180 1729 2283 1784 per
2328 1728 2482 1786 opus
2507 1715 2575 1773 in

153 1784 327 1844 rebus
352 1785 568 1844 creatis
596 1785 697 1842 Dei
718 1785 1008 1857 sapientia
1034 1785 1281 1856 dicatur,
1302 1785 1634 1844 secundum
1660 1783 1846 1843 illud:
1875 1787 1996 1855 Ipse
2021 1788 2225 1840 creavit
2250 1787 2424 1850 illam,
2456 1786 2576 1845 sci-

153 1855 284 1914 licet
309 1855 679 1928 sapientiam,
705 1858 763 1910 in
787 1857 1002 1928 spiritu
1024 1860 1241 1923 sanct03
1272 1860 1331 1914 et
1356 1860 1567 1927 postea
1584 1855 1761 1913 dicit:
1790 1858 1863 1913 Et
1886 1855 2083 1926 effudit
2103 1858 2259 1912 illam
2281 1871 2444 1927 super
2468 1871 2579 1912 om·

151 1929 246 1983 nia
268 1941 434 1996 opera
457 1942 580 1983 sua.
612 1927 823 1999 (Eccli.‚
847 1940 892 1994 1,
919 1930 974 1986 9.
1009 1925 1118 1998 10.)
1144 1927 1238 1985 Sic
1264 1926 1449 1999 igitur
1475 1931 1531 1984 et
1549 1926 1607 1985 id
1637 1926 1799 1998 quod
1826 1940 1901 1984 ex
1923 1926 2115 1984 Verbo
2138 1926 2392 1985 efficitur
2411 1926 2579 1985 verbi

153 2009 367 2055 nomen
401 1996 663 2069 accepit;
697 2010 834 2054 nam
861 2002 922 2054 et
949 1997 1012 2053 in
1040 1996 1215 2055 nobis
1244 1996 1549 2078 expressio
1598 1996 1896 2055 interioris
1938 1996 2101 2054 verbi
2126 2011 2233 2078 per
2261 2010 2467 2056 vocem
2494 1997 2580 2056 di·

153 2069 299 2125 citur
322 2066 590 2130 verbum,
614 2067 788 2141 quasi
806 2065 882 2126 sit
909 2068 1152 2125 verbum
1183 2067 1366 2137 verbi,
1396 2067 1540 2141 quia
1567 2071 1660 2126 est
1680 2067 1978 2125 interioris
1993 2066 2156 2125 verbi
2181 2068 2575 2126 ostensivum.

153 2138 248 2196 Sic
270 2137 452 2211 igitur
490 2150 614 2196 non
636 2137 834 2195 solum
862 2137 1043 2195 divini
1070 2138 1409 2197 intellectus
1436 2137 1748 2210 conceptio
1777 2137 1992 2196 dicitur
2011 2139 2285 2209 Verbum,
2302 2137 2463 2211 quod
2483 2142 2579 2196 est

153 2207 352 2273 Filius,
386 2207 493 2266 sed
519 2208 693 2265 etiam
723 2207 1038 2279 explicatio
1078 2208 1257 2266 divini
1285 2215 1613 2280 conceptus
1643 2222 1748 2280 per
1785 2222 1967 2279 opera
1992 2210 2284 2267 exteriora
2328 2209 2578 2267 verbum

151 2278 320 2337 Verbi
352 2277 713 2336 nominatur.
745 2280 814 2336 Et
840 2278 929 2336 sic
957 2283 1190 2351 oportet
1210 2278 1398 2336 intelli
1448 2278 1645 2351 ‘quod
1691 2278 1872 2336 Filius
1920 2284 2116 2349 portet
2156 2279 2359 2337 omnia
2394 2279 2579 2338 verbo

149 2348 384 2408 virtutis
414 2361 560 2420 suae,
590 2348 745 2407 sicut
767 2352 826 2406 et
850 2348 908 2406 id
935 2349 1096 2422 quod
1123 2350 1377 2422 legitur:
1432 2352 1578 2418 onis,
1623 2349 1857 2417 orando,
1905 2351 2026 2413 nix,
2118 2350 2299 2413 lactes,
2345 2351 2579 2419 spiriti&

148 2420 534 2492 procellarum,
583 2434 704 2490 quae
740 2420 956 2488 faciunt
999 2419 1221 2475 verbum
1261 2419 1404 2489 ejus.
1458 2419 1707 2489 (psalm,
1748 2430 1991 2486 CXLVIII,
2042 2422 2076 2476 8
2118 2460 2135 2488 ,
2171 2419 2311 2491 quia
2351 2418 2579 2478 scilicet

148 2489 542 2619 pgfiugmmes
584 2494 990 2549 creaturarum
1037 2489 1406 2561 explicantur
1459 2488 1671 2546 divinae
1721 2488 2133 2561 conceptionis
2190 2487 2439 2547 effectus
2509 2487 2580 2547 in

219 2633 415 2701 Quum
443 2644 586 2689 vero
611 2633 790 2700 DeuS,
818 2630 1209 2710 intelligendo
1238 2630 1523 2702 seipsum,
1555 2630 1757 2688 omnia
1784 2630 1901 2688 alia
1926 2630 2241 2706 intelligat,
2266 2637 2331 2689 ut
2352 2631 2578 2691 dictum

153 2706 260 2765 est.
291 2706 525 2773 oportet
552 2702 712 2774 quod
741 2701 992 2759 verbum
1028 2714 1092 2757 in
1120 2702 1243 2758 Deo
1270 2703 1647 2770 conceptum,
1678 2714 1753 2758 ex
1793 2714 1866 2759 eo
1892 2701 2053 2773 quod
2101 2702 2365 2773 seipsum
2410 2701 2581 2760 intel·

155 2772 308 2845 tigit,
340 2773 422 2830 sit
444 2771 622 2830 etiam
646 2772 893 2829 verbum
921 2784 1108 2828 unum
1138 2775 1197 2827 et
1223 2769 1381 2828 idem
1410 2771 1681 2828 omnium
1727 2784 1947 2829 rerum.
1979 2775 2110 2829 Non
2138 2778 2338 2829 tamen
2364 2771 2578 2830 eodem

149 2842 333 2901 modo
359 2846 454 2901 est
479 2841 732 2900 Verbum
759 2842 862 2899 Dei
894 2845 953 2900 et
997 2841 1249 2898 aliarum
1295 2854 1532 2909 rerum3
1578 2854 1718 2898 nam
1761 2841 1866 2899 Dei
1912 2842 2152 2914 quidem
2187 2841 2440 2900 Verbum
2484 2846 2582 2902 est

152 2913 310 2971 sicut
334 2912 407 2970 ab
438 2925 511 2969 eo
539 2912 891 2983 procede-ne,
922 2911 1171 2969 aliarum
1203 2917 1400 2968 autem
1427 2924 1627 2992 rerum
1655 2925 1780 2970 non
1808 2912 1967 2970 sicut
1994 2926 2067 2972 ex
2091 2913 2181 2972 eis
2205 2912 2579 2984 procedens;

151 2994 277 3041 non
322 2984 483 3041 enim
522 2984 684 3040 Deus
725 2997 762 3040 a
806 2983 986 3040 rebus
1026 2982 1340 3040 scientiam
1387 2987 1593 3050 sumit,
1642 2982 1748 3040 sed
1782 2982 1980 3055 magis
2016 2997 2123 3054 per
2166 2995 2338 3042 suam
2380 2984 2581 3042 scien·

147 3053 299 3111 tiam
325 3066 419 3112 res
451 3053 518 3110 in
554 3066 690 3111 esse
730 3053 1025 3124 producit,
1055 3059 1122 3109 ut
1166 3066 1349 3124 supra
1394 3058 1708 3110 ostensum
1750 3058 1862 3112 est.
1912 3054 2154 3124 Oportet
2188 3054 2373 3128 igitur
2460 3052 2581 3112 uod

148 3123 403 3182 Verbum
439 3122 562 3204 ,Dei
614 3123 879 3181 omnium
926 3136 1061 3202 quae
1111 3121 1268 3204 facta
1306 3128 1452 3180 sunt
1502 3123 1676 3205 ratio·
1709 3124 1978 3205 perfecta,
2010 3125 2276 3205 exsistat:
2315 3125 2445 3192 Qua
2473 3124 2583 3182 'ter

149 3198 350 3251 antem
401 3193 779 3257 singulorum
825 3205 1074 3261 propria
1117 3197 1273 3249 ratio
1321 3205 1460 3253 esse
1512 3198 1740 3258 possit.
1793 3207 1867 3252 ex
1919 3194 2016 3253 his
2069 3208 2203 3263 (1¹1ae
2255 3208 2319 3253 in
2378 3195 2583 3263 primo

157 3263 318 3322 libro
382 3269 630 3321 tractata
679 3268 823 3320 sunt
884 3262 1264 3319 manifestum
1325 3267 1451 3328 est,
1515 3259 1620 3316 ubi
1674 3263 1980 3317 ostensum
2047 3265 2139 3318 est
2197 3259 2356 3332 quod
2412 3263 2575 3318 Deus

156 3333 433 3391 omnium
485 3333 785 3404 propriam
828 3330 1232 3404 cognitionem
1268 3329 1464 3387 habet.
1519 3329 1886 3402 Quicumque
1930 3332 2126 3388 autem
2170 3330 2313 3388 facit
2345 3328 2575 3403 aliquid

154 3417 266 3531 {3³
278 3402 1025 3530 hfflloeslgffiusspiii‘ihu‘
1079 3414 1184 3528 {³125
1234 3400 1798 3527 {gl‘iflefftattiiim
1820 3398 2575 3529 fifiaffifflaffiifflttffrssmt‘}

159 3543 382 3601 domus
410 3515 701 3600 rationem
727 3554 906 3614 quam
931 3484 1110 3621 habgt
1132 3539 1193 3597 in
1224 3543 1456 3619 mente..
1471 3511 1791 3618 ostensum
1831 3543 1922 3597 est
1953 3543 2149 3597 autem
2192 3553 2377 3620 supra
2401 3485 2575 3620 mam

157 3614 328 3670 Deus
354 3625 452 3670 res
479 3612 543 3669 in
572 3625 709 3669 esse
736 3609 1027 3682 producit,
1055 3622 1179 3667 non
1208 3609 1459 3666 naturali
1492 3613 1871 3677 necessitate,
1901 3607 2007 3667 sed
2035 3623 2207 3682 quasi
2251 3623 2358 3680 per
2396 3608 2575 3667 intel·
2682 3658 2695 3677 ,

157 3680 386 3740 lectum
412 3686 472 3739 et
498 3681 858 3739 voluntatem
883 3692 1094 3754 agens.
1131 3679 1290 3736 Fecit
1316 3677 1499 3751 igitur
1526 3680 1683 3737 Deus
1711 3678 1916 3735 omnia
1947 3693 2053 3749 per
2080 3679 2332 3737 Verbum
2370 3692 2570 3742 suum,
2644 3706 2652 3726 =

158 3751 329 3824 quod
358 3754 449 3809 est
477 3751 629 3810 ratio
658 3763 855 3809 rerum
879 3749 1167 3808 factarum
1194 3747 1267 3829 atq
1292 3747 1447 3819 ipso.
1477 3748 1626 3806 Hinc
1653 3752 1745 3806 est
1770 3748 1930 3876 {⁰⁰⁶¹
1968 3748 2184 3807 dicitur
2210 3764 2225 3803 ε
2256 3750 2576 3830 Ouinia-pei·

147 3824 342 3892 ipsimi
363 3823 519 3888 facta
539 3823 668 3877 sunt
693 3819 932 3893 (Iocum,
958 3832 1003 3889 I,
1033 3818 1128 3891 3);
1169 3831 1267 3876 cui
1315 3822 1610 3876 consonat
1647 3831 1766 3898 quo
1847 3819 2103 3890 Moyses,
2135 3818 2342 3876 mundi
2381 3832 2571 3903 origi-

148 3903 297 3947 nem
324 3889 689 3961 describens,
717 3889 783 3947 in
823 3887 1083 3961 singulis
1122 3886 1401 3960 operibus
1441 3886 1548 3944 tali
1586 3892 1772 3945 utitur
1812 3887 1993 3946 modo
2020 3887 2302 3960 loquendi
2350 3907 2368 3944 ε
2414 3890 2577 3945 Dixit

143 3963 302 4016 Deus
333 3977 353 4013 ε
377 3962 506 4018 Fiat
529 3961 647 4028 lum,
692 3963 744 4016 et
779 3960 934 4028 tacta
975 3961 1057 4015 est
1094 3959 1192 4014 lucc
1198 3996 1304 4015 .....
1342 3959 1501 4013 Dioeit
1543 3971 1750 4028 quoque
1788 3959 1929 4015 Deus
1960 3975 1979 4014 ε
2014 3959 2141 4016 Fiat
2180 3961 2579 4029 {intrumentum

146 4029 343 4102 (aem,
369 4043 415 4098 1,
446 4033 477 4086 3
507 4035 564 4087 et
591 4029 644 4101 6)
668 4047 684 4097 ;
711 4031 771 4087 et
795 4030 885 4086 sic
913 4027 986 4084 de
1012 4027 1167 4086 aliis.
1208 4028 1349 4094 Quae
1377 4026 1582 4084 omnia
1629 4027 1947 4107 Psalmista
1989 4027 2453 4098 comprehendit,
2487 4028 2613 4103 diff

144 4112 305 4157 cens
334 4115 350 4156 t
376 4100 500 4170 Ipse
524 4100 705 4167 dixin
728 4102 781 4155 et
803 4101 958 4166 facta
981 4100 1128 4153 sunt.
1170 4097 1374 4153 Psalm.
1403 4107 1645 4167 mvm,
1670 4096 1748 4169 5.)
1776 4098 1979 4154 Dicere
2016 4097 2174 4154 enim
2210 4102 2303 4155 est
2330 4098 2578 4158 verbum

193 4168 513 4227 roducere.
543 4169 641 4226 Sic
667 4180 809 4240 ergo
837 4166 1026 4224 intelli
1071 4180 1143 4223 en
1190 4179 1290 4224 um
1317 4169 1410 4223 est
1446 4164 1609 4240 quod
1638 4169 1779 4223 Deus
1805 4166 1972 4238 dixit,
2003 4171 2056 4222 et
2076 4167 2233 4235 tacta
2256 4172 2402 4233 sunt,
2433 4170 2578 4242 quia

195 4238 415 4297 erbum
438 4238 736 4310 produxit,
815 4251 880 4293 ei·
914 4248 1034 4309 quo
1101 4249 1200 4293 res
1233 4237 1295 4291 in
1325 4246 1461 4292 esse
1488 4233 1767 4306 produxit
1791 4235 1949 4293 sicut
1994 4248 2098 4307 per
2148 4250 2352 4297 earum
2393 4239 2575 4298 ratio—

149 4320 293 4366 nem
354 4308 697 4381 perfectam.
800 4306 895 4377 ed,
942 4305 1085 4378 quia
1135 4305 1293 4362 idem
1345 4307 1438 4362 est
1493 4316 1679 4362 causa
1742 4305 2217 4366 conservationis
2270 4322 2470 4367 rerum
2516 4314 2578 4365 et
