3076 5025
1138 221 1272 284 Lis.
1310 223 1410 298 111,
1450 223 1603 285 citi).
1644 227 1862 285 cxxv1.
2616 231 2714 294 tei

265 343 484 421 ginem
512 345 865 421 conjunotoe.
896 345 1066 417 Nam,
1091 355 1230 407 cum
1275 343 1341 404 in
1389 345 1775 405 matrimonio
1801 347 1884 405 sit
1909 343 2278 408 diversarum
2325 361 2721 422 personarum

277 415 650 490 conjunctio,
680 417 797 476 illei
845 429 1117 490 personae
1154 429 1286 489 quae
1332 429 1400 475 se
1448 415 1666 474 debent
1710 423 1982 498 reputare
2029 420 2203 492 quasi
2243 433 2432 478 unuin
2519 428 2722 494 roptei·

279 488 552 548 eamdem
588 487 882 561 originem
911 487 1334 547 convenienter
1376 499 1415 545 a
1450 487 1835 568 matrimonio
1880 488 2298 560 excluduntur,
2330 496 2415 561 ut,
2508 506 2608 552 um
2650 506 2720 552 se

276 571 393 635 per
423 560 533 617 hoc
561 572 746 617 unum
775 573 912 618 esse
937 561 1400 630 recognoscunt,
1432 556 1759 615 ferventius
1789 571 1856 617 se
1884 557 2158 632 diligant.

355 631 506 694 Item.
535 644 672 688 cum
702 644 774 687 ea
840 643 932 688 uae
959 630 1114 688 inter
1139 629 1333 685 virum
1362 631 1422 684 et
1449 641 1695 686 uxorem
1806 697 1819 710 ⁶
1847 634 1984 687 ntur
2035 631 2355 703 quamdam
2382 634 2722 694 naturalem

278 698 703 759 verecundiam
743 699 822 759 lia
864 704 1031 770 eant,
1076 697 1153 758 ab
1205 697 1302 756 his
1348 702 1559 756 mutuo
1606 711 1759 770 agen
1805 713 1858 758 is
1903 698 2042 758 illas
2082 714 2374 772 personas
2413 704 2719 776 prohiberi

278 771 547 844 oportuit
568 771 788 844 quibus
851 776 1051 843 ropter
1074 765 1562 842 conjunctionem
1592 768 1912 841 sanguinis
1935 772 2267 830 reverentia
2290 772 2557 832 debetur.
2579 775 2723 843 Quae

278 842 526 915 quidem
554 842 707 900 ratio
729 842 786 898 vi
832 846 963 899 etur
993 841 1059 900 in
1087 838 1274 897 veteri
1315 837 1447 912 lege
1482 838 1731 907 indicta,
1759 853 1864 911 per
1890 840 2005 899 hoc
2032 841 2210 924 quod·
2244 842 2481 915 dicitur,
2510 845 2720 918 Levit„

273 919 461 982 tvm,
491 916 524 969 9
577 931 591 969 :
626 909 1040 985 mutitudinem
1064 911 1265 967 sororis
1291 911 1422 967 ωε.
1441 950 1457 968 .
1478 953 1493 967 .
1528 924 1639 966 non
1662 909 1959 978 revelabis3
1989 915 2048 968 et
2073 912 2351 972 similiter
2378 914 2450 972 de
2478 915 2637 974 aliis.

353 983 639 1046 Praeteoea,
666 983 738 1042 ad
769 982 1212 1054 corruptionem
1237 979 1799 1062 bonorummorum
1829 980 2084 1053 pertinet
2111 982 2271 1056 quod
2296 984 2575 1045 homines
2597 987 2724 1047 sint

277 1053 469 1114 nimis
498 1052 677 1114 dediti
707 1052 782 1113 ad
808 1053 1169 1125 voluptatem
1192 1051 1426 1109 coitus:
1458 1063 1619 1125 quia,
1650 1063 1785 1109 cum
1807 1049 1938 1110 haic
1963 1051 2240 1125 voluptas
2269 1056 2523 1114 maxime
2552 1069 2723 1119 men·

273 1129 404 1184 tem
432 1125 768 1194 absorbeat,
798 1122 1185 1196 impediretur
1206 1120 1366 1204 ‘ratio
1395 1119 1469 1179 ah
1498 1121 1603 1203 ¹³¹³.
1624 1134 1758 1194 quae
1786 1128 1960 1204 recte·
1980 1122 2216 1204 agenda
2244 1130 2469 1185 essent.
2498 1128 2720 1201 seque-

265 1202 449 1255 ·retur
467 1202 664 1254 autem
689 1195 913 1253 nimius
932 1194 1256 1264 voluptatis
1282 1203 1432 1251 usus
1485 1203 1537 1250 si
1565 1192 1771 1250 liceret
1799 1192 2029 1251 homini
2058 1208 2165 1266 per
2186 1195 2410 1255 coitum
2433 1198 2720 1271 conjungi

279 1261 412 1325 illis
438 1265 712 1338 personis
781 1264 961 1324 uibus
989 1261 1399 1345 commorandi
1437 1231 1629 1344 hahet,
1654 1263 2097 1334 necessitatem,
2126 1264 2286 1324 sicut
2314 1268 2629 1328 sororibus
2658 1275 2720 1328 et

282 1335 428 1395 aliis
454 1336 746 1418 propinqu
773 1349 826 1406 s,
855 1336 998 1409 quia
1023 1333 1245 1415 talibus
1270 1338 1736 1415 occasiocoitus
1762 1333 2034 1415 subtrahi
2074 1348 2198 1395 non
2240 1342 2467 1418 posset.
2494 1340 2719 1400 Conve-

284 1406 463 1466 niens
491 1407 673 1480 igitur
699 1407 813 1464 fuit
838 1404 1016 1466 honis
1043 1403 1314 1463 moribus
1341 1409 1408 1462 ut
1434 1403 1575 1462 talis
1602 1410 1948 1485 conjunctio
1977 1404 2216 1486 legibus
2243 1408 2634 1470 inhiberetur.

355 1477 570 1541 Adhuc,
602 1476 917 1535 delectatio
943 1474 1141 1535 coitus
1189 1475 1445 1533 maxime
1490 1480 1820 1546 corrumpit
1861 1476 2320 1536 aestimationem
2409 1479 2719 1541 rudentiae.

281 1547 695 1620 nultiplicatio
717 1548 898 1620 igitur
919 1547 1058 1605 talis
1081 1544 1496 1604 delectationis
1515 1551 1806 1618 repugnat
1825 1545 2005 1605 bonis
2026 1548 2317 1607 moribus.
2384 1549 2500 1609 alis
2519 1555 2721 1612 autem

281 1613 601 1678 delectatio
650 1621 903 1691 augetur
982 1629 1047 1675 er
1092 1626 1357 1697 amorem
1404 1627 1800 1698 person-arum
1849 1629 1984 1690 quae
2037 1617 2257 1691 conjun
2305 1624 2504 1680 untur.
2548 1623 2723 1682 Esset

278 1687 469 1763 igitur
514 1690 880 1748 contrarium
925 1629 1105 1770 {onis
1151 1683 1421 1745 moribus
1465 1698 1821 1768 propinquis
1850 1687 2159 1761 conjungi,
2189 1701 2269 1762 qu
2296 1704 2334 1772 a
2359 1689 2425 1750 in
2450 1691 2542 1751 eis
2572 1703 2718 1752 con-

271 1757 631 1833 jungeretur
655 1769 825 1819 amor
904 1771 964 1816 ui
996 1762 1088 1816 est
1114 1771 1187 1814 ex
1212 1768 1639 1815 communione
1682 1755 1937 1829 originis
1965 1762 2025 1815 et
2049 1760 2494 1821 connutritione
2524 1762 2719 1823 amori

278 1829 822 1959 concutssscentffli?
838 1843 872 1889 e
901 1870 918 1898 .
935 1825 1329 1901 multiplicato
1354 1839 1582 1897 amore.
1611 1839 1863 1888 necesse
1890 1833 1986 1887 est
2011 1828 2273 1889 animam
2298 1832 2494 1905 magis
2520 1833 2716 1894 deleo·

274 1908 493 1962 tattoni
540 1915 614 1961 us
637 1913 711 1960 su
795 1913 839 1958 1.

350 1973 628 2054 Amplius,
657 1971 721 2030 in
746 1968 1031 2029 societate
1059 1965 1324 2028 humana
1347 1967 1466 2028 hoc
1493 1975 1589 2029 est
1614 1968 1874 2050 maxime
1921 1972 2332 2032 necessarium
2365 1978 2432 2034 ut
2460 1975 2542 2035 sit
2569 1978 2718 2036 ami-

279 2041 428 2101 citia
455 2048 612 2101 inter
638 2042 881 2100 multos.
911 2037 1329 2121 multiplicatur
1350 2043 1547 2120 autem
1579 2046 1845 2099 amicitia
1887 2038 2043 2100 inter
2070 2039 2349 2104 homines
2401 2043 2544 2106 dum
2627 2061 2718 2107 er·

275 2123 451 2172 sonae
478 2118 771 2171 extraneae
796 2123 902 2183 per
920 2107 1302 2193 matrimonia
1326 2106 1708 2182 colligantur.
1731 2107 2107 2171 Conveniens
2131 2113 2316 2187 igitur
2342 2089 2456 2174 {tiit
2481 2118 2536 2176 le
2643 2129 2717 2178 us

277 2184 548 2243 ordinari
574 2182 734 2264 quod
752 2187 1145 2264 ‚matrimonia
1169 2181 1666 2243 contraherentur
1689 2191 1829 2239 cuni
1853 2183 2154 2243 extraneis
2180 2187 2482 2258 personiS,
2508 2192 2568 2246 et
2590 2200 2718 2249 non

271 2268 448 2407 cuffd
485 2266 1043 2405 &PliffiglnS-reniens
1089 2326 1182 2380 est
1217 2326 1285 2379 ut
1323 2321 1450 2379 illis
1473 2323 1773 2401 ,personis
1818 2323 2041 2396 aliquis
2086 2324 2392 2385 socialiter
2441 2328 2719 2411 'ungatur

275 2395 504 2469 quibus
548 2395 898 2453 naturaliter
924 2393 1099 2451 dehet
1133 2405 1271 2450 esse
1312 2390 1610 2472 subditus.
1643 2393 1921 2473 Naturale
1949 2398 2148 2452 autem
2179 2402 2271 2454 est
2298 2410 2420 2468 quo
2490 2399 2570 2455 ali
2615 2414 2712 2459 uis

276 2465 632 2541 parentibus
674 2465 754 2523 sit
800 2463 1125 2537 subjectus.
1155 2464 1310 2535 Ergo
1338 2474 1770 2543 inconveniens
1797 2468 1962 2521 esset
1985 2465 2147 2537 quod
2184 2478 2323 2524 cum
2370 2475 2598 2539 parenti
2646 2483 2717 2530 us

275 2537 503 2617 aliquis
533 2535 979 2665 matrglmonium
1005 2533 1404 2601 contraheret,
1430 2545 1570 2591 cum
1608 2545 1674 2590 in
1699 2533 2086 2594 matrimonio
2129 2534 2213 2593 sit
2254 2537 2529 2609 quaedam
2572 2553 2717 2600 con·

303 2613 511 2667 unctio
537 2620 664 2665 soci
729 2620 806 2665 is.

270 2608 298 2681 j
353 2678 503 2736 Hinc
531 2683 623 2736 est
650 2677 810 2750 quod
836 2675 1054 2734 dicitur
1106 2673 1313 2741 Levit„
1340 2684 1516 2737 xvm,
1544 2676 1621 2730 6:
1652 2673 1840 2735 Omnis
1867 2675 2022 2732 homo
2048 2672 2125 2732 ad
2145 2679 2463 2747 proximam
2485 2684 2716 2751 sanqui-

273 2750 369 2805 πίε
401 2750 491 2805 sm·
513 2763 624 2804 non
651 2748 891 2804 accedat.
921 2749 1038 2828 Per
1057 2717 1173 2803 hoc
1201 2748 1399 2802 autem
1433 2740 1770 2803 excluditur
1797 2742 2172 2806 consuetudo
2196 2758 2406 2808 eorum
2444 2750 2550 2823 qui
2576 2764 2715 2825 pro·

275 2818 527 2893 pinquis
559 2815 691 2877 suis
720 2830 787 2876 se
815 2814 1135 2876 carnaliter
1160 2814 1574 2874 commiscent.
1677 2884 1689 2897 ⁸

349 2888 669 2948 Sciendum
694 2892 784 2947 est
812 2890 1009 2947 autem
1040 2885 1223 2959 quod,
1249 2886 1407 2945 sicut
1435 2882 1727 2944 naturalis
1754 2884 2069 2946 inclinatio
2096 2892 2189 2947 est
2215 2886 2291 2948 ad
2318 2902 2393 2950 ea
2413 2904 2547 2965 quae
2575 2898 2719 2951 sunt

276 2960 440 3020 utin
468 2956 762 3031 pluribus,
796 2959 882 3017 ita
920 2956 1099 3016 etiam
1144 2956 1242 3038 leit
1279 2954 1480 3038 posita
1523 2960 1617 3014 est
1660 2956 1992 3039 secundum
2026 2954 2090 3017 id
2129 2956 2293 3033 quod
2335 2960 2399 3019 in
2442 2962 2716 3035 pluribus

278 3030 517 3090 accidit.
541 3032 674 3088 Non
698 3035 792 3088 est
818 3034 1015 3088 autem
1039 3026 1339 3100 praedlctls
1364 3024 1701 3086 rationibus
1726 3033 2114 3099 contrarium,
2135 3029 2190 3088 si
2219 3031 2284 3089 in
2311 3032 2516 3106 atiquo
2546 3030 2718 3092 aliter

275 3100 477 3174 possit
503 3100 771 3159 accidere
794 3118 809 3157 ι
829 3110 953 3158 non
984 3098 1143 3157 enim
1173 3102 1415 3180 propter
1429 3098 1656 3157 bonum
1686 3099 1869 3156 unius
1893 3098 2069 3180 dehet
2094 3103 2462 3173 praetermitti
2490 3104 2716 3163 bonum

278 3170 630 3242 multorum,
666 3183 804 3229 cum
851 3169 1079 3229 honum
1123 3168 1528 3251 multitudinis
1577 3180 1813 3241 semper
1852 3175 1935 3229 sit
1969 3170 2236 3231 divinius
2263 3186 2443 3247 quam
2488 3172 2716 3234 bonum

279 3242 487 3301 nnius.
529 3245 615 3300 Ne
653 3247 855 3300 tamen
883 3240 1152 3299 defectus
1183 3240 1287 3312 qui
1314 3239 1380 3297 in
1409 3240 1613 3311 aliquo
1650 3245 1857 3312 posset
1883 3238 2154 3300 accidere
2209 3245 2460 3303 omnino
2489 3245 2598 3304 abs
2643 3260 2715 3303 ue

280 3311 514 3371 medela
541 3317 866 3381 remaneat,
894 3311 1118 3370 residet
1144 3310 1303 3393 apud
1332 3309 1712 3384 legislatores
1740 3315 1801 3368 et
1827 3309 1918 3369 eis
1957 3312 2190 3372 similes
2240 3315 2567 3374 auctoritas
2596 3260 2717 3374 gis·

277 3382 573 3455 pensandi
603 3383 668 3441 in
691 3396 764 3441 eo
791 3381 951 3454 quod
980 3384 1377 3440 communiter
1398 3386 1491 3440 est
1516 3386 1826 3450 statutum,
1849 3382 2181 3441 secundum
2208 3385 2368 3457 quod
2406 3391 2500 3445 est
2518 3398 2721 3445 neces-

279 3453 508 3513 sarium
538 3454 603 3511 in
627 3453 832 3527 aliquo
850 3465 997 3512 casu
1022 3451 1388 3525 particulari.
1411 3452 1498 3523 Et,
1528 3453 1584 3534 si
1613 3451 1852 3525 quidem
1878 3453 1974 3510 lex
1990 3453 2071 3511 sit
2097 3454 2381 3525 humana,
2403 3470 2511 3529 per
2528 3456 2718 3515 homi-

277 3536 394 3583 nes
440 3525 701 3583 similem
747 3528 1100 3596 potestatem
1155 3520 1445 3581 hahentes
1491 3521 1828 3594 dispensari
1870 3528 2088 3595 potest.
2125 3525 2183 3583 Si
2232 3530 2429 3585 autem
2487 3527 2584 3585 lex
2635 3528 2717 3586 sit

279 3593 569 3654 divinitus
593 3593 810 3676 posita,
834 3593 1186 3653 auctoritate
1211 3591 1415 3651 divina
1440 3591 1811 3673 dispensatio
1839 3590 1969 3652 fieri
1997 3598 2231 3667 potest;
2262 3597 2421 3656 sicut
2437 3597 2501 3654 in
2529 3599 2714 3656 veteri

277 3662 415 3739 lege
444 3679 518 3724 ex
558 3665 1005 3737 dispensatione
1055 3661 1355 3724 indultum
1401 3661 1641 3743 videtur
1679 3674 1900 3725 uxores
1924 3664 2130 3738 plures
2158 3665 2378 3728 hahere
2402 3673 2465 3727 et
2491 3680 2713 3731 concu-

269 3734 486 3808 binas,
504 3740 567 3797 et
593 3732 800 3796 uxoris
827 3732 1162 3809 repudium.

1209 3950 1469 4022 carm·
1520 3950 1785 4023 CXXVI.

638 4128 791 4185 QUOD
823 4132 942 4180 NON
985 4131 1164 4183 om
1205 4132 1495 4184 namus
1535 4132 1868 4187 (ΣΟΠῙΧῚἹΟ
1900 4134 1999 4190 811·
2032 4131 2363 4191 mmmm·

356 4290 553 4376 Sicut,
571 4297 769 4353 autem
795 4300 1004 4355 contra
1028 4298 1319 4358 rationem
1346 4303 1442 4360 est
1461 4302 1531 4360 ut
1556 4298 1779 4376 aliquis
1806 4301 2031 4364 carnali
2061 4306 2483 4382 conjunctione
2508 4312 2707 4370 utatur

265 4368 495 4427 contra
535 4361 600 4424 id
647 4364 808 4439 quod
851 4370 1130 4430 convenit
1153 4370 1310 4445 proli
1337 4372 1697 4446 generandae
1721 4378 1785 4434 et
1808 4374 2156 4452 educandae,
2182 4379 2271 4443 ita
2288 4381 2469 4443 etiam
2493 4392 2706 4439 secun-
