3076 5025
511 279 617 330 5¹2
1433 271 1568 325 LlB.
1609 270 1698 330 lv,
1741 269 1892 324 CAP.
1932 270 2020 324 xl.

514 408 721 453 eorum
742 392 1148 465 cognitionem
1174 390 1588 449 ratiocinando
1610 391 1912 462 pertingit,
1944 389 2231 447 ethorum
2253 390 2665 461 conceptiones
2680 391 2895 449 inintel-

516 466 673 523 lectu
701 474 909 521 nostro
933 462 1276 519 naturaliter
1308 474 1428 518 non
1470 461 1751 528 existunt,
1783 461 1886 518 sed
1900 474 2035 517 cum
2059 460 2258 518 studio
2285 467 2644 533 quaeruntur.
2666 462 2896 520 Manifes-

512 543 639 594 tum
666 542 756 591 est
782 542 979 590 autem
1010 532 1169 604 quod
1192 534 1348 589 Deus
1370 530 1634 602 seipsum
1659 531 2008 587 naturaliter
2028 530 2309 603 intelligit
2331 531 2484 588 sicut
2506 538 2563 588 et
2591 532 2896 590 naturaliter

514 614 606 665 est
627 624 640 672 ;
665 619 841 661 suum
865 604 1020 660 enim
1044 603 1374 675 intelligere
1394 608 1487 659 est
1509 616 1687 659 suum
1707 614 1861 670 esse,
1891 607 1950 657 ut
1974 600 2288 681 probatum
2324 609 2417 660 est
2440 601 2501 672 (l.
2526 616 2567 669 1,
2590 616 2640 659 c.
2662 602 2764 672 45).
2785 605 2896 659 ver·

512 678 653 734 burn
686 676 866 748 igitur
897 675 1000 731 Dei
1023 673 1287 744 seipsum
1318 672 1708 745 intelligentis
1736 672 2081 728 naturaliter
2100 672 2176 729 ab
2203 672 2337 742 ipso
2365 672 2660 743 procedit3
2696 679 2749 728 et
2787 686 2896 729 cum

515 747 766 803 Verbum
789 744 889 801 Dei
909 745 987 802 sit
1009 743 1273 815 ejusdem
1297 748 1522 800 naturae
1545 757 1678 799 cum
1703 744 1823 799 Deo
1845 741 2076 798 dicente
2098 748 2154 798 et
2176 742 2593 800 sitsimilitudo
2616 742 2810 812 ipsius,
2829 754 2898 801 se·

516 819 718 890 quitur
734 815 892 887 quod
917 815 1009 871 hic
1038 813 1328 871 naturalis
1355 826 1675 885 processus
1702 813 1781 870 sit
1810 812 1871 869 in
1901 811 2351 870 similitudinem
2370 812 2499 884 ejus
2518 828 2555 871 a
2573 826 2689 884 quo
2710 817 2899 882 estpro-

518 887 717 946 cessio
734 900 868 942 cum
888 884 1192 941 identitate
1207 889 1452 941 naturae.
1469 886 1603 941 Haec
1615 888 1707 940 est
1722 888 1915 940 autem
1931 897 2083 939 verae
2100 883 2502 955 generationis
2524 883 2670 939 ratio
2683 884 2740 939 in
2757 883 2897 940 rebus

519 956 853 1013 viventibus
867 955 1025 1027 quod
1048 954 1107 1011 id
1128 954 1285 1027 quod
1298 960 1617 1027 generatur
1631 969 1665 1011 a
1680 960 2000 1026 generante
2017 953 2296 1024 procedat
2316 960 2380 1011 ut
2400 952 2724 1012 similitudo
2744 953 2895 1025 ipsius

520 1033 578 1085 et
605 1026 872 1097 eJusdem
906 1032 1132 1082 naturae
1160 1038 1298 1082 eum
1323 1025 1476 1095 ipsc.
1514 1027 1607 1082 Est
1639 1038 1782 1096 ergo
1813 1024 2065 1080 Verbum
2097 1023 2202 1080 Dei
2251 1024 2516 1096 genitum
2567 1037 2699 1080 vere
2742 1037 2775 1081 a
2807 1025 2893 1080 Deo

517 1097 751 1156 dicente
777 1114 791 1165 ;
820 1102 876 1153 ει
905 1095 1034 1168 ejus
1067 1095 1370 1165 processio
1399 1098 1674 1164 pancratio
1700 1094 1788 1151 vel
1826 1096 2091 1150 nativitas
2113 1094 2231 1151 dici
2262 1100 2475 1165 potest.
2502 1095 2648 1151 Hinc
2667 1092 2892 1164 estquod

519 1167 735 1225 dicitur
769 1182 783 1219 ι
812 1170 924 1235 Ερο
949 1167 1107 1220 hodie
1132 1168 1297 1235 qenai
1315 1170 1365 1220 te
1400 1167 1625 1236 (Psalm.
1660 1179 1724 1234 ιι,
1752 1164 1831 1237 7),
1863 1164 1922 1221 id
1952 1170 2042 1221 est
2070 1165 2132 1221 in
2160 1166 2504 1234 aeternitate,
2550 1178 2682 1237 quae
2709 1176 2894 1235 semper

526 1243 618 1296 est
644 1250 934 1308 praesens,
966 1241 1025 1294 et
1047 1237 1212 1293 nulla
1240 1241 1331 1293 cst
1357 1236 1418 1292 in
1450 1249 1522 1293 ea
1552 1235 1705 1293 ratio
1726 1235 2004 1306 praeteriti
2035 1241 2093 1291 et
2113 1235 2316 1294 futuri.

593 1309 756 1365 Unde
781 1313 942 1379 patet
969 1307 1188 1365 falsum
1220 1320 1355 1365 esse
1374 1306 1532 1377 quod
1562 1306 1762 1363 Ariani
1793 1306 2087 1374 dixerunt,
2111 1305 2270 1377 quod
2299 1309 2471 1362 Pater
2495 1303 2704 1376 genuit
2730 1303 2893 1361 Filium

520 1378 860 1447 voluntate;
892 1391 1024 1450 quae
1055 1377 1215 1434 enim
1251 1377 1581 1434 voluntarie
1612 1376 1762 1432 fiunt
1790 1389 1910 1433 non
1944 1376 2237 1433 naturalia
2267 1382 2430 1434 sunt.
2462 1376 2612 1443 Quia
2652 1387 2782 1432 vero
2805 1386 2895 1431 non

519 1450 720 1506 minus
751 1454 843 1506 est
869 1448 1027 1520 quod
1056 1450 1212 1505 Deus
1238 1447 1311 1504 de
1341 1447 1542 1518 seipso
1571 1446 1851 1519 intelligit
1876 1460 2052 1518 quam
2082 1446 2242 1518 quod
2271 1445 2333 1503 in
2366 1446 2498 1516 ipso
2521 1451 2616 1503 est
2635 1444 2893 1516 (aliasnon

520 1520 879 1591 intelligeret
898 1518 1164 1589 seipsum
1179 1518 1458 1588 perfecte,
1477 1531 1588 1574 nec
1602 1531 1777 1574 suum
1793 1530 1927 1574 esse
1945 1523 2105 1574 esset
2120 1530 2296 1573 suum
2316 1514 2696 1588 intelligere),
2712 1517 2897 1594 oportet

517 1591 772 1646 Verbum
801 1589 901 1646 Dei
929 1591 1048 1645 Deo
1076 1601 1212 1646 esse
1237 1587 1578 1646 essentiale.
1603 1590 1724 1644 Hoc
1744 1593 1937 1644 autem
1968 1591 2059 1644 est
2079 1587 2266 1645 Filius
2288 1587 2411 1645 Dei.
2438 1589 2539 1644 Est
2560 1586 2737 1658 igitur
2756 1585 2895 1662 Filius

524 1661 625 1716 Dei
654 1661 808 1716 Patri
835 1659 1193 1717 essentialis.
1222 1689 1293 1701 —
1316 1661 1438 1715 Hoc
1467 1658 1646 1715 etiam
1679 1658 1817 1716 binc
1858 1658 2236 1714 manifestum
2276 1663 2370 1714 est
2401 1657 2564 1730 quod
2604 1656 2776 1713 Filius
2808 1656 2893 1720 Dei,

521 1745 705 1801 quum
725 1731 804 1787 sit
826 1743 1002 1787 verus
1025 1729 1209 1796 filius,
1235 1728 1413 1786 habet
1441 1729 1700 1799 speciem
1723 1734 1780 1784 et
1810 1734 2078 1785 naturam
2112 1727 2320 1785 Patris·
2354 1728 2612 1786 Cuilibet
2633 1732 2813 1784 autem
2828 1737 2895 1781 na·

522 1806 672 1856 turre
690 1800 1080 1857 determinata
1108 1800 1410 1872 quantitas
1437 1799 1720 1867 debetur3
1752 1799 1909 1856 unde
1934 1798 2111 1855 etiam
2147 1799 2303 1868 apud
2332 1812 2445 1855 nos
2478 1797 2643 1854 tilius
2672 1795 2894 1867 adaequa·

520 1870 748 1926 litatem
773 1870 956 1940 patris
986 1870 1328 1940 perducitur
1350 1871 1412 1926 in
1437 1868 1555 1925 fine
1583 1868 1989 1949 generationis
2019 1874 2074 1924 et
2105 1869 2432 1941 augmenti,
2456 1868 2575 1925 nisi
2608 1867 2809 1939 aliquis
2829 1863 2894 1944 de·

525 1941 716 1996 sectus
728 1946 1003 2020 appareat
1021 1946 1255 2010 propter
1265 1939 1571 1996 materiam
1589 1939 2006 2010 indispositam
2020 1943 2075 1996 et
2088 1938 2699 2019 propterdebilitatem
2716 1937 2898 2015 virtutis

525 2011 729 2067 activae
766 2023 825 2066 ιι]
856 2011 1280 2081 generatione3
1312 2016 1370 2066 et
1404 2010 1641 2081 quidem
1718 2010 1833 2067 uod
1863 2024 1899 2066 a
1926 2009 2217 2080 principio
2247 2009 2407 2067 filius
2444 2015 2728 2067 nascatur
2752 2017 2899 2063 mmor

520 2088 708 2151 patre,
740 2080 1030 2152 contingit
1058 2094 1131 2136 ex
1159 2080 1274 2137 hoc
1300 2080 1459 2152 quod
1489 2080 1687 2136 anima
1713 2081 1765 2136 is
1793 2080 2089 2152 generati·
2217 2080 2414 2137 ocedlt
2460 2079 2535 2136 de
2573 2078 2817 2151 potentia
2845 2073 2901 2132 ad

525 2155 722 2207 actum
749 2156 806 2207 et
832 2150 1116 2220 paulatim
1147 2149 1380 2207 ducitur
1408 2150 1480 2207 de
1506 2150 1956 2220 imperfectione
1986 2150 2060 2207 ad
2098 2164 2161 2220 p·
2224 2150 2545 2207 actionem.
2580 2149 2733 2206 Nihil
2748 2153 2901 2205 autem

523 2220 739 2278 horum
772 2226 863 2278 est
889 2220 1174 2291 possibile
1196 2221 1260 2276 in
1289 2220 1491 2277 divina
1514 2221 1900 2293 generatione
1930 2220 2219 2287 accidere,
2253 2221 2391 2293 quia
2411 2221 2723 2294 generatio
2741 2217 2902 2276 divina

524 2304 648 2348 non
680 2296 771 2348 est
800 2305 872 2348 ex
899 2290 1144 2348 materia
1171 2304 1276 2361 per
1304 2291 1522 2347 exitum
1554 2289 1626 2347 de
1656 2291 1917 2361 potentia
1949 2292 2010 2347 in
2040 2294 2257 2360 actum,
2289 2305 2399 2348 nec
2429 2291 2621 2348 virtus
2649 2289 2744 2348 Dei
2766 2300 2905 2364 gene7

524 2361 710 2418 rantis
744 2366 940 2432 potest
990 2375 1125 2418 esse
1172 2359 1475 2429 deficiens,
1533 2376 1716 2433 quum
1762 2362 1839 2418 sit
1863 2361 2110 2419 infinita.
2144 2363 2387 2431 Oportet
2410 2360 2596 2434 igitur
2619 2361 2809 2417 Filium
2831 2359 2905 2414 Dei

525 2434 681 2490 Patri
714 2445 848 2489 esse
890 2431 1199 2502 aequalem.
1231 2434 1492 2497 -Item,
1534 2432 1587 2489 si
1616 2432 1795 2489 Filius
1823 2432 1899 2489 sit
1926 2432 2080 2489 Patri
2119 2431 2450 2504 inaequaliS,
2497 2435 2730 2503 oportet
2768 2428 2905 2486 aliam

526 2516 776 2560 numero
807 2516 941 2560 esse
969 2502 1436 2575 magnitudinem
1469 2502 1656 2560 Patris
1685 2508 1743 2560 et
1772 2502 1934 2566 Filii,
1967 2517 2104 2561 nam
2130 2502 2335 2560 eadem
2381 2517 2635 2560 numero
2659 2498 2906 2575 quantitas

526 2586 647 2630 non
692 2576 890 2645 potest
925 2574 1124 2645 seipsa
1161 2586 1296 2631 esse
1328 2573 1519 2643 major
1543 2579 1599 2630 et
1626 2575 1841 2630 minor.
1871 2573 2074 2630 Divina
2101 2580 2299 2630 autem
2330 2574 2683 2646 magnitudo
2712 2585 2819 2629 non
2838 2572 2906 2626 est

527 2643 686 2723 aliud
713 2658 891 2715 quam
920 2643 1050 2716 ejus
1079 2644 1361 2714 essentia,
1389 2647 1453 2700 ut
1471 2658 1544 2699 ex
1571 2644 1762 2714 primo
1791 2643 1943 2701 libro
1966 2643 2040 2715 (c.
2063 2649 2130 2701 22
2160 2645 2323 2715 ει23)
2355 2649 2623 2716 apparet.
2650 2640 2907 2713 Eritigitur

526 2714 643 2771 alia
697 2727 946 2771 numero
998 2715 1258 2772 essentia
1300 2714 1488 2772 Patris
1517 2719 1576 2771 et
1608 2713 1767 2781 Filii3
1800 2715 1971 2784 cujus
2005 2715 2367 2772 eontrarium
2405 2729 2592 2784 supra
2645 2720 2902 2791 ostensum

527 2789 636 2841 est.
670 2785 911 2854 Oportet
933 2784 1110 2856 igitur
1135 2784 1328 2842 dicere
1359 2783 1564 2842 Filium
1599 2784 1751 2841 Patri
1784 2798 1918 2843 esse
1946 2785 2254 2856 aequalem,
2277 2785 2421 2841 Hinc
2441 2792 2535 2842 est
2565 2783 2722 2858 quod
2742 2783 2903 2840 dicitur

526 2854 684 2926 quod
703 2857 878 2913 Jesus
910 2856 1123 2911 Patrem
1146 2870 1302 2910 suam
1329 2854 1542 2909 dicebat
1565 2858 1754 2917 Deum,
1783 2857 2043 2925 aequalem
2058 2871 2115 2911 se
2139 2857 2349 2922 faciens
2370 2858 2479 2911 Deo
2499 2855 2740 2927 (Ionum,
2756 2868 2802 2907 v.
2820 2852 2899 2919 lti-

526 2931 584 2981 et
612 2924 821 2981 dicitur
845 2925 1002 2996 quod
1032 2940 1140 2980 non
1179 2927 1434 2995 rapinam
1458 2926 1760 2980 arbitratus
1787 2931 1865 2980 est
1895 2941 2004 2980 esse
2029 2941 2086 2981 se
2107 2927 2367 2996 aequalem
2397 2928 2528 2982 Deo.
2564 2927 2751 2997 (Phia,
2777 2937 2831 2990 11,
2851 2891 2903 2986 6-5

597 2994 1106 3075 Considerandum
1154 2996 1329 3052 etiam
1376 2995 1622 3067 quodid
1653 2995 1810 3066 quod
1842 3000 2177 3068 generatur,
2210 2996 2491 3068 quamdiu
2532 2996 2594 3052 in
2637 2994 2903 3068 generante

525 3069 744 3133 manet,
778 3065 989 3122 dicitur
1033 3079 1168 3122 esse
1208 3072 1582 3136 conceptum.
1612 3065 1864 3124 Verbum
1894 3069 2088 3123 autem
2118 3067 2221 3123 Dei
2248 3066 2329 3124 ita
2357 3069 2449 3123 est
2475 3082 2514 3123 a
2541 3069 2664 3123 Deo
2691 3063 2903 3138 genitum

567 3135 683 3192 uod
714 3139 911 3192 tamen
941 3135 1015 3192 ab
1041 3136 1173 3206 ipso
1200 3149 1320 3193 non
1351 3136 1590 3204 recedit,
1614 3136 1796 3193 sedin
1828 3150 1899 3193 eo
1918 3142 2137 3205 manet,
2164 3141 2229 3193 ut
2251 3152 2323 3194 ex
2342 3137 2751 3218 superioribus
2770 3134 2902 3206 patet

575 3212 699 3262 ecte
729 3219 872 3277 ergo
901 3205 1154 3262 Verbum
1200 3206 1301 3263 Dei
1349 3210 1548 3277 potest
1575 3206 1688 3263 dici
1733 3221 1769 3263 a
1813 3209 1932 3264 Deo
1961 3208 2334 3277 conceptumt
2368 3210 2514 3265 Hinc
2544 3213 2634 3265 εει
2665 3204 2809 3279 quod
2833 3204 2903 3257 Dei

525 3276 814 3417 83,ρίεὲιέἰεί
867 3276 1006 3333 dicit
1049 3295 1067 3331 .·
1120 3276 1372 3335 Nondum
1411 3280 1571 3332 erant
1614 3277 1817 3349 abyssi,
1861 3282 1913 3332 et
1956 3293 2050 3346 eqo
2082 3277 2207 3346 jam
2242 3283 2497 3348 concepta
2534 3293 2707 3335 eram.
2744 3275 2903 3348 (Pi-ov..

522 3358 656 3415 vm,
764 3389 776 3402 .

595 3418 696 3473 Est
723 3421 920 3474 autem
949 3414 1275 3474 differentia
1317 3417 1470 3474 inter
1496 3416 1946 3487 conceptionem
1973 3417 2145 3474 Verbi
2174 3418 2275 3475 Dei
2303 3423 2362 3474 et
2396 3418 2761 3476 materialem
2799 3424 2903 3491 con·

524 3487 855 3558 ceptionem
881 3501 1013 3558 quae
1057 3488 1212 3559 apud
1250 3500 1364 3546 nos
1403 3488 1465 3544 in
1494 3488 1850 3545 animalibus
1879 3488 2191 3545 invenitur.
2241 3491 2385 3545 Nam
2412 3489 2641 3559 proles,
2672 3482 2905 3560 quamdiu

524 3561 811 3628 concepta
849 3561 939 3614 est
970 3557 1114 3614 etin
1159 3562 1327 3615 utero
1356 3558 1670 3627 clauditur,
1706 3558 1969 3615 nondum
2003 3558 2184 3615 habet
2210 3558 2478 3617 ultimam
2508 3558 2904 3630 perfectionem,

467 3678 472 3681 .
519 3632 591 3685 ut
635 3642 739 3698 per
783 3641 848 3685 se
879 3628 1185 3698 subsistat,
1214 3643 1249 3686 a
1276 3633 1598 3701 generante
1628 3630 1957 3686 secundum
1999 3629 2197 3686 locum
2241 3629 2507 3697 divers-013
2536 3629 2692 3686 unde
2720 3625 2909 3697 oportet

515 3698 705 3779 quod,
736 3698 796 3753 in
839 3699 1135 3769 corporali
1170 3699 1553 3772 generatione
1598 3699 1964 3767 animalium,
1995 3699 2154 3757 aliud
2184 3700 2261 3757 sit
2284 3701 2495 3773 genitae
2523 3700 2711 3771 prolis
2734 3706 2907 3755 conoe·

521 3772 657 3848 ptio·
669 3772 844 3840 atque
873 3768 1031 3826 aliud
1053 3773 1258 3841 partus
1275 3769 1484 3840 ipsius,
1510 3770 1839 3827 seeundum
1857 3784 2033 3842 quem
2058 3770 2235 3827 etiam
2262 3771 2394 3827 loco
2415 3775 2726 3841 separatur
2748 3764 2906 3845 proles

523 3845 724 3919 genita
748 3853 783 3895 a
810 3844 1150 3911 generante,
1181 3839 1254 3898 ab
1290 3844 1457 3898 utero
1498 3841 1839 3912 generantis
1869 3841 2200 3913 egrediens,
2225 3842 2477 3898 Verbum
2506 3849 2707 3899 autem
2735 3841 2841 3905 Dei,
2862 3843 2906 3889 ιιι

520 3922 654 3979 1pso
690 3911 809 3990 beo
849 3909 1077 3968 dicente
1122 3910 1404 3980 existens,
1435 3915 1525 3967 est
1553 3911 1874 3980 perfectum
1924 3911 1985 3967 in
2030 3925 2096 3968 se
2140 3911 2499 3979 subsistens»,
2541 3910 2909 3969 distinctuma

520 3981 645 4037 Deo
674 3979 942 4049 dicente;
987 3993 1110 4038 non
1153 3980 1312 4037 enim
1346 3986 1686 4051 expectatur
1712 3981 1793 4038 ibi
1818 3981 2028 4039 localis
2072 3981 2389 4051 distinctiO,
2420 3981 2472 4038 si
2501 3982 2635 4039 sola
2662 3977 2906 4055 relatione

522 4048 988 4131 distinguuntur,
1019 4054 1084 4108 ut
1110 4049 1331 4108 dietum
1356 4055 1466 4109 est.
1497 4051 1655 4108 idem
1685 4057 1777 4109 est
1814 4065 1956 4124 ergo
1999 4052 2061 4108 in
2104 4052 2487 4124 generatione
2526 4050 2697 4109 Verbi
2746 4050 2835 4106 Det
2864 4043 2905 4099 et

521 4128 832 4198 conceptio
863 4127 921 4178 et
945 4126 1151 4192 partus
1177 4138 1192 4190 ;
1225 4125 1284 4178 et
1307 4121 1462 4187 ideo,
1497 4125 1812 4193 postquam
1842 4137 1916 4179 ex
1943 4136 2047 4180 ore
2088 4122 2399 4193 sapientiae
2427 4123 2656 4180 dictum
2684 4125 2793 4177 est:
2816 4116 2902 4181 ΕΦ

507 4203 637 4257 jam
657 4196 911 4259 concepta
935 4206 1102 4255 eram,
1130 4196 1266 4263 post
1293 4205 1481 4263 pauca
1528 4192 1835 4249 subditur:
1866 4194 2013 4249 Ante
2038 4193 2193 4248 colles
2220 4208 2316 4261 eqo
2336 4194 2707 4262 parturiebar.
2737 4189 2899 4261 (Prom-

519 4270 651 4325 vm,
680 4261 793 4331 25.)
827 4261 961 4329 Sed,
992 4262 1131 4334 quia
1171 4262 1478 4334 conceptio
1507 4265 1566 4319 et
1640 4266 1802 4320 artus
1844 4262 1907 4319 in
1950 4262 2134 4321 rebus
2174 4263 2585 4334 corporalibus
2614 4274 2745 4319 cum
2771 4257 2901 4335 matu

520 4332 751 4408 suntet
777 4329 911 4410 ideo
940 4336 1172 4402 oportet
1195 4332 1258 4389 in
1284 4332 1371 4390 eis
1400 4346 1579 4405 quam
1623 4346 1716 4389 am
1749 4333 2196 4391 successionem
2224 4346 2381 4403 esse,
2407 4346 2587 4405 quum
2609 4332 2900 4400 conceptu?-

521 4409 615 4454 nis
644 4402 934 4457 terminus
960 4401 1039 4458 sit
1064 4415 1201 4459 esse
1228 4402 1500 4474 concepti
1527 4402 1591 4459 in
1618 4402 2010 4475 concipiente,
2051 4403 2343 4463 terminus
2389 4408 2585 4460 autem
2631 4403 2821 4471 partus
2842 4394 2898 4450 stt
