3076 5025
1199 285 1330 343 ΠΒ.
1373 286 1470 355 111,
1511 286 1663 342 ΠΛΡ.
1704 285 1808 343 XL.
2617 292 2716 347 303

1284 535 1537 605 CAPUT
1596 541 1720 605 XL.

624 719 776 773 QUOD
813 719 1111 768 macrus
1148 721 1401 767 amna
1436 721 1560 767 NON
1608 721 1909 768 CO'NSIS‘I'IT
1944 721 2009 768 m
2045 720 2392 771 memnon}

1106 808 1207 855 Dm
1245 809 1375 861 011AE
1409 809 1516 855 EST
1550 810 1664 855 PER
1696 810 1896 856 tunm.

363 971 467 1029 Est
485 974 683 1028 autem
716 974 775 1027 et
801 968 923 1028 alia
952 969 1058 1028 Dei
1087 969 1356 1043 cognitio
1384 975 1673 1043 quantum
1703 971 1778 1030 ad
1802 971 2028 1045 aliquid
2071 971 2345 1045 superior
2370 973 2715 1049 cognitione

280 1040 593 1172 Βῐωᾱίοω,
623 1055 741 1113 qua
763 1040 993 1099 scilicet
1017 1042 1175 1099 Deus
1202 1040 1278 1099 ab
1312 1040 1596 1099 omnibus
1624 1055 1730 1113 per
1752 1040 1927 1100 fidem
1957 1044 2372 1118 cognoscitur3
2414 1060 2546 1119 quae
2584 1048 2716 1120 qui-

328 1126 449 1181 em,
493 1116 779 1186 quantum
821 1110 896 1169 ad
939 1111 1074 1175 hoc.
1106 1111 1512 1184 cognitionem
1540 1126 1673 1185 quae
1721 1111 1793 1169 de
1831 1115 1952 1171 Deo
1991 1127 2099 1187 per
2141 1113 2717 1178 demonstrationem

288 1182 566 1247 babetur,
603 1181 853 1261 excedit,
884 1181 1027 1263 quia
1055 1181 1326 1254 quaedam
1356 1181 1429 1239 de
1472 1184 1592 1240 Deo
1620 1197 1725 1254 per
1767 1182 1945 1242 fldem
1993 1186 2421 1258 cognoscimus
2447 1186 2522 1245 ad
2561 1202 2717 1261 quae,

285 1258 535 1326 propter
558 1254 654 1311 sui
678 1257 1084 1322 eminentiam,
1112 1254 1266 1312 ratio
1297 1253 1717 1312 demonstrans
1743 1254 2052 1326 pervenire
2079 1269 2202 1314 non
2232 1260 2447 1327 potest,
2479 1258 2636 1316 sicut
2653 1259 2719 1317 in

282 1323 592 1397 principio
648 1322 829 1395 buJ'us
874 1323 1074 1394 operis
1131 1323 1353 1381 dictum
1392 1329 1486 1381 est
1513 1323 1576 1394 (l.
1606 1338 1724 1388 1‚c.
1755 1325 1866 1397 44).
1899 1327 2029 1383 Non
2069 1332 2162 1384 est
2190 1331 2390 1385 autem
2432 1328 2719 1400 possibile

285 1407 369 1454 ne
459 1408 491 1451 e
520 1393 584 1451 in
608 1394 721 1452 bac
749 1393 855 1451 Dei
886 1394 1232 1466 cognitione
1258 1393 1529 1451 ultimam
1561 1395 1825 1453 hominis
1852 1395 2195 1454 felicitatem
2222 1397 2576 1457 consistere.

410 1464 645 1523 elicitas
673 1464 833 1522 enim
861 1469 956 1522 est
985 1464 1247 1536 perfecta
1274 1464 1520 1522 humani
1552 1465 1892 1538 intellectus
1921 1467 2209 1539 operatio,
2232 1468 2390 1526 sicut
2425 1484 2499 1527 ex
2542 1468 2719 1529 dictis

281 1541 472 1609 patet.
509 1538 572 1593 ln
601 1548 674 1592 co
722 1535 954 1593 nitione
980 1539 1176 1592 autem
1206 1534 1344 1592 fidei
1383 1535 1684 1593 invenitur
1734 1537 2000 1607 operatio
2054 1537 2416 1608 intellectuS,
2445 1539 2720 1612 quamvis

283 1606 557 1665 maxima
583 1621 687 1677 pei·
713 1605 867 1662 ectio
897 1605 1234 1664 inveniatur
1261 1620 1333 1662 ex
1358 1611 1520 1676 parte
1548 1605 1764 1677 obJ‘ecti
1790 1626 1805 1675 ;
1832 1620 1955 1664 non
1982 1608 2143 1665 enim
2172 1609 2514 1668 intellectus
2562 1611 2720 1682 capit

283 1675 445 1735 illud
472 1676 570 1735 cui
599 1676 853 1734 assentit
881 1675 1199 1734 credendo.
1228 1679 1358 1733 Non
1385 1682 1478 1734 est
1515 1676 1700 1748 igitur
1728 1691 1922 1750 neque
1949 1677 2015 1736 in
2061 1679 2174 1737 hac
2220 1678 2325 1737 Dei
2368 1680 2717 1752 cognitione

283 1747 507 1807 ultima
531 1747 797 1806 bominis
821 1746 1096 1804 felicitas.

357 1820 515 1882 Item,
549 1822 862 1875 ostensum
893 1821 985 1875 est
1013 1831 1196 1890 supra
1222 1817 1298 1889 (c.
1335 1821 1407 1875 24
1431 1824 1490 1875 et
1516 1818 1608 1890 25)
1636 1818 1797 1892 quod
1828 1818 2038 1877 ultima
2062 1818 2319 1879 felicitas
2359 1833 2482 1878 non
2525 1821 2725 1881 consi·

286 1889 402 1946 stit
429 1889 835 1960 principaliter
863 1888 926 1944 in
955 1893 1090 1946 actu
1118 1888 1462 1946 voluntatis,
1495 1891 1563 1945 In
1592 1889 1937 1961 cognitione
1967 1894 2167 1948 autem
2210 1889 2349 1948 fidei
2375 1891 2721 1964 principali·

285 1965 475 2017 tatem
509 1959 687 2017 habet
714 1958 1031 2027 voluntas3
1064 1958 1403 2016 intellectus
1430 1959 1591 2016 enim
1623 1960 1877 2017 assentit
1915 1974 2020 2031 per
2065 1960 2242 2018 tidem
2285 1961 2385 2019 bis
2424 1976 2556 2034 quae
2603 1961 2721 2021 sibi

286 2036 735 2102 proponuntur,
767 2029 911 2101 quia
937 2029 1233 2110 vult‚·non
1274 2034 1470 2087 autem
1498 2044 1571 2086 ex
1598 2029 1732 2101 ipsa
1757 2030 2025 2089 veritatis
2052 2031 2349 2090 evidentia
2376 2034 2721 2092 necessario

289 2106 548 2159 tractuS.
581 2104 712 2158 Non
745 2105 835 2158 est
865 2100 1050 2179 igitur
1075 2113 1139 2156 in
1166 2101 1278 2157 bac
1306 2100 1651 2172 cognitione
1683 2100 1890 2158 ultima
1922 2101 2189 2160 bominis
2214 2102 2491 2161 felicitas.

363 2171 591 2239 Adhuc,
618 2170 721 2244 qui
755 2170 943 2227 credit
967 2183 1287 2228 assensum
1315 2171 1537 2242 praebet
1564 2171 1662 2229 his
1732 2186 1823 2230 uae
1850 2172 1967 2230 sibi
1996 2172 2072 2231 ab
2123 2173 2243 2231 alio
2283 2187 2391 2245 pro
2434 2180 2721 2247 oriuntur,

281 2255 428 2315 quae
456 2242 587 2313 ipse
617 2254 737 2298 non
767 2240 963 2309 videt;
995 2241 1154 2298 unde
1192 2240 1342 2300 tides
1385 2241 1581 2314 magis
1623 2242 1700 2300 ba
1742 2248 1800 2299 et
1842 2243 2249 2316 cognitionem
2287 2258 2361 2302 au
2408 2245 2518 2302 itui
2551 2245 2722 2308 simi-

283 2313 413 2371 lem
441 2327 622 2393 quam
665 2311 903 2392 visioni.
936 2314 1065 2370 Non
1107 2316 1307 2369 autem
1331 2312 1597 2370 crederet
1624 2313 1844 2384 aliquis
1872 2326 1996 2370 non
2022 2313 2195 2383 visis,
2226 2313 2302 2372 ab
2344 2315 2548 2387 aliquo
2580 2330 2718 2387 pro-

281 2382 531 2456 positis,
564 2383 682 2440 nisi
711 2387 1034 2440 aestimaret
1060 2396 1196 2439 eum
1225 2382 1638 2452 perfectiorem
1674 2384 2079 2455 cognitionem
2124 2384 2342 2441 habere
2390 2385 2463 2442 de
2504 2399 2720 2457 propo·

284 2454 434 2515 sitis
456 2467 633 2528 quam
667 2453 795 2526 ipse
826 2452 1042 2510 babeat
1067 2451 1169 2527 qui
1200 2465 1324 2509 non
1368 2452 1548 2510 videt.
1583 2458 1693 2510 Aut
1723 2453 1908 2529 igitur
1935 2454 2253 2511 aestimatio
2283 2453 2582 2514 credentis
2630 2460 2724 2516 est

283 2525 470 2591 falsa,
501 2530 604 2582 aut
629 2528 861 2596 oportet
887 2523 1048 2597 quod
1077 2537 1419 2595 proponens
1454 2523 1666 2582 babeat
1689 2524 2103 2596 perfectiorem
2131 2525 2537 2598 cognitionem
2583 2540 2721 2607 pro·

283 2596 631 2668 positorum
656 2614 670 2663 ;
699 2594 858 2668 quod
888 2599 948 2651 et
976 2594 1028 2652 si
1059 2594 1189 2665 ipse
1215 2607 1338 2651 non
1366 2594 1565 2651 solum
1595 2595 1911 2667 cognoscit
1938 2609 2030 2665 ea,
2061 2594 2169 2653 sed
2191 2595 2364 2667 quasi
2394 2595 2470 2653 ab
2516 2595 2720 2669 aliquo

285 2667 417 2725 alio
456 2666 729 2735 audiens,
762 2678 885 2723 non
915 2670 1110 2737 potest
1139 2665 1342 2722 hocin
1370 2663 1672 2722 infinitum
1710 2665 2066 2736 procedere;
2118 2671 2279 2723 esset
2324 2666 2485 2723 enim
2528 2680 2721 2726 vanus

286 2738 521 2810 absque
552 2736 905 2795 certitudine
932 2734 1070 2793 fidei
1096 2748 1430 2802 assensus3
1460 2748 1584 2791 non
1603 2735 1761 2792 enim
1793 2735 2159 2794 inveniretur
2209 2735 2413 2808 aliquo
2460 2737 2720 2808 primum

286 2823 367 2867 ex
396 2821 462 2865 se
491 2814 740 2875 certum,
771 2805 933 2880 quod
962 2805 1379 2863 certitudinem
1407 2804 1545 2862 fidei
1576 2806 1943 2863 credentium
1970 2804 2248 2875 afferret;
2280 2820 2401 2865 non
2433 2812 2526 2864 est
2558 2808 2721 2865 enim

330 2878 584 2936 ossibile
613 2877 750 2935 fidei
781 2877 1189 2950 cognitionem
1230 2890 1366 2935 esse
1397 2875 1611 2934 falsam
1656 2891 1851 2949 neque
1879 2891 2114 2946 vanam,
2147 2882 2212 2934 ut
2236 2891 2309 2934 ex
2333 2877 2512 2935 dictis
2560 2882 2725 2949 patet

283 2893 362 3022 fl.
411 2962 456 3018 1,
503 2963 557 3007 c.
589 2949 641 3020 6)
668 2968 682 3019 ;
714 2954 773 3006 et
814 2952 1033 3017 tamen,
1066 2947 1119 3005 si
1148 2952 1309 3005 esset
1355 2946 1510 3004 falsa
1538 2952 1597 3003 et
1624 2961 1795 3027 vana,
1827 2947 1887 3003 in
1916 2948 2018 3006 tali
2066 2947 2412 3029 cognitione
2460 2947 2720 3007 felicitas

288 3032 420 3077 non
447 3025 653 3090 posset
679 3019 1030 3076 consistere.
1064 3020 1165 3075 Est
1191 3017 1375 3090 igitur
1400 3018 1603 3090 aliqua
1628 3018 1892 3075 hominis
1934 3019 2200 3090 cognitio
2248 3019 2321 3076 de
2370 3020 2492 3077 Deo
2545 3018 2722 3077 altior

290 3090 641 3161 cognitione
670 3089 842 3168 fidei,
862 3090 989 3147 sive
1017 3087 1149 3169 ipse
1183 3088 1380 3168 homo·
1393 3101 1734 3169 proponens
1764 3088 1942 3146 fidem
1967 3088 2309 3146 immediate
2348 3089 2545 3147 videat
2569 3090 2724 3170 veri-

285 3165 498 3227 tatem,
528 3160 684 3218 sicut
712 3160 947 3218 Christo
975 3157 1295 3226 credimus,
1331 3172 1457 3216 sive
1500 3174 1536 3216 a
1585 3159 1819 3217 vidente
1863 3159 2206 3217 immediate
2252 3159 2526 3231 accipiat,
2560 3163 2724 3217 sicut

287 3229 593 3290 credimus
619 3230 924 3302 Apostolis
952 3234 1012 3286 et
1046 3229 1377 3299 Prophetis,
1409 3230 1606 3298 Quum
1651 3230 1835 3302 igitur
1858 3230 1923 3287 in
1950 3244 2188 3289 summa
2214 3230 2318 3287 Dei
2371 3230 2722 3311 cognitione

289 3301 553 3430 felicitas
623 3302 895 3359 hominis
961 3299 1254 3359 consistat
1299 3299 1675 3371 impossibile
1728 3305 1821 3358 est
1879 3301 2042 3375 quod
2096 3300 2389 3360 consistat
2454 3313 2518 3356 in
2585 3299 2723 3358 fidei

299 3385 376 3430 co
421 3385 670 3430 mione.

473 3444 642 3513 ριίιιε,
675 3456 780 3514 per
813 3441 1174 3511 felicitatem,
1247 3455 1390 3498 uum
1431 3441 1511 3499 sit
1537 3440 1787 3499 ultimus
1815 3439 1980 3511 finiS,
2032 3440 2306 3502 naturale
2357 3439 2723 3501 desiderium

292 3513 613 3585 quietatur.
646 3512 922 3584 cognitio
950 3517 1148 3570 autem
1176 3509 1218 3568 fi
1259 3512 1316 3568 ei
1345 3525 1469 3568 non
1488 3511 1715 3585 quietat
1746 3511 2132 3582 desiderium,
2162 3511 2268 3571 sed
2300 3512 2494 3585 magis
2524 3512 2724 3592 ipsum

292 3584 585 3652 accendit,
617 3584 760 3655 quia
802 3582 1217 3656 unusquisque
1250 3581 1550 3639 desiderat
1575 3581 1775 3639 videre
1814 3583 1976 3656 quod
2003 3582 2211 3641 credit.
2251 3584 2385 3641 Non
2422 3587 2517 3640 est
2541 3582 2724 3655 igitur

289 3652 359 3711 in
384 3654 731 3728 cognitione
759 3652 897 3711 fidei
928 3653 1139 3710 ultima
1168 3652 1434 3711 hominis
1469 3652 1752 3711 felicitaS.

363 3725 649 3793 Praeterea,
671 3724 939 3796 cognitio
978 3723 1050 3781 de
1075 3726 1195 3781 Deo
1227 3723 1386 3781 dicta
1413 3728 1506 3781 est
1532 3722 1694 3791 finis,
1724 3723 1787 3779 in
1816 3729 2105 3797 quantum
2133 3722 2345 3782 ultimo
2362 3722 2466 3781 tini
2499 3736 2719 3794 rerum,

291 3793 526 3853 scilicet
551 3797 693 3864 Deo,
721 3793 1053 3868 conjungit.
1079 3796 1191 3851 Per
1217 3793 1624 3866 cognitionem
1670 3798 1869 3851 autem
1898 3793 2035 3852 fidei
2082 3808 2203 3854 non
2245 3794 2313 3853 iit
2351 3807 2450 3852 res
2497 3794 2722 3854 credita

293 3864 623 3923 intellectui
649 3879 917 3937 praesens
942 3865 1220 3936 perfecte,
1253 3864 1395 3937 quia
1421 3862 1570 3922 fides
1598 3862 1671 3921 de
1704 3864 2057 3924 absentibus
2084 3871 2196 3935 est,
2220 3878 2343 3923 non
2366 3865 2439 3922 de
2460 3879 2720 3936 praesen-

293 3932 492 4003 tibus3
524 3935 680 3993 unde
708 3941 767 3992 et
791 3936 1113 4007 Apostolus
1140 3934 1286 3992 dicit
1360 3933 1498 4005 uod,
1528 3935 1795 4004 quamdiu
1826 3950 1931 4007 per
1957 3936 2119 4007 tidem
2164 3935 2526 4006 ambulamus,
2565 3952 2723 4008 pei-e-

296 4005 583 4084 minamur
610 4022 646 4061 a
670 4009 897 4062 Domino
925 4006 1005 4088 (ῌ
1025 4004 1169 4074 Gor„
1199 4018 1264 4074 v,
1292 3949 1385 4078 (iffi
1413 4003 1480 4061 fit
1504 4009 1707 4062 tamen
1732 4019 1838 4086 per
1863 4005 2041 4064 fidem
2064 4008 2222 4066 Deus
2248 4019 2515 4078 praesens
2547 4005 2722 4067 affec·
2776 4082 2781 4087 Φ

297 4079 409 4141 tui,
465 4089 648 4147 quum
691 4076 1023 4135 voluntarie
1068 4074 1320 4134 credens
1363 4076 1487 4132 Deo
1533 4080 1850 4147 assentiat,
1897 4075 2229 4136 secundum
2256 4078 2419 4150 quod
2457 4078 2719 4138 dicitur:

296 4145 567 4201 Habitare
595 4146 1174 4218 christumperfidem
1203 4149 1266 4202 in
1304 4145 1559 4202 cordibus
1609 4149 1809 4203 nostris
1860 4145 2103 4277 (ξῖἔὴεειυ
2149 4160 2240 4229 111,
2292 4147 2401 4222 17).
2446 4150 2576 4207 Non
2630 4152 2724 4205 est

293 4214 837 4347 {gingfstgtossme
898 4217 1060 4291 quod
1130 4217 1198 4278 in
1267 4215 1616 4292 cognitione
1663 4214 1805 4277 fidei
1965 4217 2091 4279 ima
2140 4218 2398 4280 felicitas
2458 4218 2722 4281 humana

858 4498 893 4513 S
