3076 5025
1041 317 1187 376 un.
1225 317 1348 386 HL·
1366 317 1519 375 GAP.
1560 317 1799 375 Lxxxv.
2531 321 2637 376 378

189 441 376 506 hebet
399 451 648 500 causam
675 439 741 498 in
786 443 1021 498 natura.
1050 440 1200 498 Nam
1225 440 1452 498 malum
1479 439 1693 497 incidit
1713 453 1787 497 eir
1814 437 2050 500 defleam
2102 439 2370 511 alicujus·
2407 453 2634 513 causae,

186 518 258 571 et·
277 511 610 570 nonhabet
632 523 875 568 causam
904 524 1012 582 per
1031 524 1119 581 se,
1153 516 1221 568 ut
1244 524 1428 581 supra
1473 524 1608 581 cap.
1643 510 2079 582 ld)·ostensum
2124 515 2237 569 est.
2267 514 2405 568 Non>
2448 512 2638 584 igitur

186 589 282 652 eet
311 581 606 654 possibile
654 581 824 655 quod
845 580 1172 639 electiones
1193 588 1418 639 nostrie
1505 588 1667 639 recte
1692 587 1751 638 et
1774 595 1881 653 per
1901 593 1967 639 se
1988 596 2025 640 a
2040 581 2398 653 corporibus
2424 582 2636 640 coeles·-

187 653 358 723 tibus
378 651 742 724 proueniant
765 651 923 709 sicut
951 666 1025 709 en
1052 652 1277 710 causis.

187 765 204 772 -
261 716 488 782 Poterit
512 729 724 780 eutem
738 722 959 794 aliquis
989 722 1132 780 huic
1159 722 1378 780 rationi
1412 721 1675 786 obviare,
1706 721 1969 781 dicendo
2009 723 2172 796 quod
2218 722 2421 782 omnis
2473 723 2639 786 mala

181 794 418 854 electio
435 808 509 851 ex
534 791 792 865 alicujus
818 792 962 850 boni
992 794 1255 874 appetitu
1285 793 1576 864 provenit,
1609 799 1674 850 ut
1701 806 1886 864 supra
1909 793 2060 866 (cap.
2096 797 2137 851 3·
2150 797 2213 851 et
2234 793 2293 876 4)
2315 799 2635 853 ostensum

183 871 304 928 eet-
335 865 506 924 Sicut
525 863 741 921 electio
772 862 1048 921 adulterii
1079 865 1350 935 provenit
1372 878 1445 920 ex
1468 863 1730 936 appetitu
1759 862 1903 922 honi
1949 861 2321 922 delectabilis
2349 864 2511 938 quod
2541 866 2636 923 est

183 933 592 1004 inuenerem
624 934 704 1015 ad·
726 934 887 1008 quod
912 934 1158 1006 quidem
1199 934 1427 992 honum
1474 934 1815 992 universale
1862 933 2067 1006 aliqua
2091 934 2270 993 stella
2313 940 2532 994 movet.
2566 938 2640 993 nt

185 1005 316 1065 hoe
338 1018 750 1064 necessarium
783 1010 880 1063 est
901 1005 982 1062 ad·
1003 1006 1433 1077 generationes·
1452 1004 1805 1064 animalium
1832 1004 2247 1078 perficiendas.
2280 1007 2401 1063 Nec
2427 1005 2637 1063 debuit

185 1076 312 1135 hee
336 1088 655 1135 commune
680 1075 907 1135 bonum
930 1075 1300 1157 praetermitti
1329 1080 1581 1149 propter·
1595 1075 1823 1136 malum
1857 1075 2217 1152 particulare
2258 1074 2635 1148 hujusmodi,

185 1146 358 1221 quod
387 1161 466 1205 eir
488 1146 778 1205 instinctu
803 1146 973 1219 eligit
995 1146 1243 1204 malum.

183 1239 192 1246 ·
223 1223 232 1224 ’
266 1220 404 1276 Raec
424 1222 623 1276 autem
650 1217 968 1288 responsio
996 1215 1314 1276 sufficiens
1336 1229 1472 1274 non:
1505 1221 1618 1285 est,
1651 1216 1715 1278 si
1751 1221 2054 1288 ponantur
2079 1229 2335 1287 corpora
2361 1216 2638 1275 coelestia

234 1302 301 1345 er
327 1302 398 1346 se
417 1301 605 1347 eausa
638 1287 1006 1345 electionum
1043 1293 1419 1354 nostrarum,
1438 1291 1647 1359 utpote
1666 1299 1773 1362 per
1801 1301 1869 1345 se
1896 1287 2303 1359 imprimentia
2347 1286 2412 1367 in
2458 1287 2636 1345 intel·

215 1361 414 1416 ectum
472 1364 538 1417 et
581 1358 972 1416 voluntatem.
1001 1361 1148 1416 Nam
1200 1358 1522 1429 impressio
1574 1357 1940 1418 universalis
1983 1371 2183 1416 causae
2228 1357 2524 1440 recipitur-
2570 1356 2639 1416 in

183 1429 942 1582 fflssffiigssffifflgt
960 1429 1481 1571 iffssgisslgtissffi·
1503 1426 2642 1581 ἒῖῥῖἒᾎῖἒᾳξέρῗὲἐέἳξὲξῗθὲἂῗρὲ

183 1575 291 1632 mr
315 1583 380 1626 in
408 1571 678 1644 quolibet
713 1569 1054 1629 seeundum
1093 1570 1348 1630 modum·
1385 1583 1696 1643 proprium
1743 1571 1881 1639 sibi,
1931 1576 2097 1628 sicut*
2141 1569 2417 1627 videmus
2472 1566 2640 1641 quod

181 1639 433 1706 diversa
460 1640 752 1699 animalia·
772 1640 996 1698 liabent
1021 1639 1256 1699 diversa
1283 1647 1554 1712 tempora
1581 1646 1642 1697 et
1679 1640 1953 1699 diversos
1996 1640 2213 1698 modos
2257 1640 2639 1700 commixtio·

61 1780 66 1786 .
181 1711 298 1795 nis
323 1712 656 1771 secundum
689 1712 1146 1785 congruentiam
1176 1726 1301 1770 sure
1333 1716 1583 1781 naturae,
1609 1716 1675 1768 ut
1696 1712 2046 1769 Aristoteles
2076 1710 2221 1773 dicit
2248 1710 2321 1767 in·
2363 1709 2517 1768 libro
2557 1712 2640 1766 De

186 1781 443 1850 historiis
495 1783 830 1838 animat-’um-
881 1782 963 1855 (m,
999 1797 1129 1855 cap.
1156 1782 1235 1855 7).
1298 1781 1607 1854 Recipient
1659 1796 1803 1855 ergo
1856 1782 2197 1842 intellectus
2251 1787 2312 1838 et
2355 1780 2640 1840 voluntas

185 1852 660 1923 impressionem
687 1853 855 1911 illius
882 1853 1071 1912 stellae
1100 1853 1431 1911 secundum
1462 1852 1708 1910 modum
1736 1866 1935 1912 suum.
1968 1855 2113 1910 Gum
2160 1857 2359 1911 autem
2405 1849 2640 1924 aliquid

189 1923 497 1994 appetitur
527 1922 860 1981 secundum
894 1923 1139 1981 modum
1170 1923 1512 1982 intellectus
1540 1928 1597 1980 et
1627 1923 1901 1990 rationis,
1934 1937 2059 1981 non
2089 1923 2308 1980 accidit
2327 1928 2639 1994 peecatum

187 1993 263 2050 in
290 1991 605 2062 electione,
639 2008 773 2066 quae
808 1994 1050 2066 quidem
1080 2008 1317 2066 semper
1340 2008 1413 2051 ex
1439 1994 1558 2051 hoc
1583 1993 1745 2051 mala
1757 1993 2035 2067 est,quod
2056 1998 2284 2052 nonest
2303 1992 2643 2051 secundum

190 2063 496 2121 rationem
523 2068 765 2122 rectam.
797 2066 926 2122 Non
956 2064 1140 2135 igitur
1167 2064 1220 2123 si
1251 2077 1504 2137 corpora
1528 2063 1799 2122 coelestia
1825 2071 2031 2123 essent
2058 2078 2244 2123 causa
2271 2062 2641 2121 electionum

192 2138 565 2204 nostrarum,
591 2140 754 2192 esset
781 2147 1047 2207 unquam
1071 2134 1134 2191 in
1166 2133 1343 2193 nobis
1367 2134 1581 2193 electio
1608 2135 1786 2192 mala.

270 2204 548 2274 Amplius,
582 2204 750 2263 nulla
775 2204 966 2264 virtus
992 2204 1188 2264 activa
1213 2218 1282 2264 se
1308 2205 1574 2264 extendit
1599 2204 1675 2262 ad
1699 2219 1773 2262 ea
1797 2218 1932 2275 quae
1960 2210 2104 2263 sunt
2151 2218 2336 2277 supra
2373 2203 2641 2275 speciem

191 2278 259 2332 et
282 2279 559 2331 naturam
586 2273 842 2345 agentis,
874 2274 1018 2345 quia
1043 2285 1220 2331 omne
1251 2287 1441 2346 agens
1469 2274 1597 2344 agit
1625 2286 1733 2344 per
1759 2287 1934 2332 suam
1971 2274 2245 2332 formam.
2277 2274 2392 2332 Sed
2437 2274 2642 2344 ipsum

189 2343 353 2401 velle
376 2342 747 2401 transcendit
773 2356 1013 2400 omnem
1044 2343 1304 2415 speciem
1334 2342 1728 2417 corporalem,
1758 2343 1916 2401 sicut
1943 2351 2003 2401 et
2032 2344 2231 2415 ipsum
2278 2343 2641 2416 intelligere.

191 2413 368 2473 Sicut
391 2414 552 2472 enim
578 2412 972 2487 intelligimus
1002 2412 1387 2483 universalia,
1416 2414 1499 2471 ita
1526 2418 1587 2470 et
1607 2412 1890 2471 voluntas
1910 2420 2119 2472 nostra
2145 2415 2211 2471 in
2231 2414 2311 2471 ali
2356 2414 2474 2472 uod
2504 2412 2645 2470 uni-

189 2484 430 2544 versale
457 2484 662 2553 fertur,
691 2490 834 2557 puta
861 2484 1023 2558 quod
1056 2483 1298 2543 odimus
1329 2496 1510 2542 omne
1537 2484 1845 2542 latronum·
1887 2498 2103 2558 genu8‚
2138 2490 2207 2542 ut
2233 2483 2339 2542 Pln
2369 2482 2644 2554 osoplius

187 2555 349 2615 dicit
374 2555 436 2612 in
460 2557 886 2683 sualmzqtorica
913 2554 1039 2628 (lili.
1069 2568 1137 2625 11,
1166 2568 1297 2629 cap.
1327 2555 1406 2629 4).
1437 2558 1721 2614 Nostrum
1750 2554 1935 2628 igitur
1961 2556 2114 2613 velle
2143 2568 2266 2613 non
2294 2560 2585 2613 causatur
2602 2567 2646 2613 a

269 2639 559 2760 mima,
591 2710 664 2759 ea
690 2710 826 2769 quae
851 2694 1316 2761 suntad-finem
1355 2696 1888 2775 proportionentur
1912 2695 2039 2754 fini.
2072 2696 2408 2759 Electiones
2439 2702 2641 2757 autem

195 2768 484 2827 humanae
512 2767 866 2826 ordinantur
897 2767 971 2824 ad
1001 2766 1365 2836 felicitatem,
1397 2767 1561 2831 sicut·
1584 2766 1974 2833 ad=¹ultimum.
1992 2766 2192 2827 finem.
2225 2768 2368 2838 Quae
2397 2768 2641 2841 quidem

196 2851 329 2896 non
356 2838 640 2897 consistit
673 2838 748 2895 ina
782 2836 860 2896 ali
908 2835 1087 2897 uibus
1132 2837 1553 2909 corporalibus
1594 2837 1796 2908 boniS,
1823 2838 2023 2896 sedin
2055 2839 2171 2896 hoc
2222 2838 2384 2911 quod
2439 2839 2646 2898 anima

193 2907 610 2981 conjungatur
626 2922 735 2980 per
756 2908 880 2965 inte
907 2908 1126 2967 lectum
1155 2907 1335 2965 rebus
1364 2906 1607 2976 divinis,
1638 2911 1706 2966 ut
1733 2922 1915 2980 supra
1941 2908 2091 2980 (cap.
2133 2913 2225 2976 25,
2257 2912 2323 2966 37
2374 2914 2436 2967 et
2486 2908 2641 2982 seq.)

195 2984 515 3039 ostensum
544 2983 656 3060 est,
681 2978 1162 3037 tam-secundum
1191 2978 1553 3037 sententiam
1579 2977 1741 3048 fidei,
1770 2993 1950 3052 quani
1989 2980 2321 3039 secundum
2367 2979 2643 3051 philoso-

195 3049 461 3177 phorum
489 3050 832 3177 opitniones.
860 3051 1121 3125 Corpora
1146 3049 1333 3127 igitur
1360 3048 1632 3111 coelestia
1658 3062 1783 3107 nou
1811 3055 2067 3121 possunt
2094 3065 2230 3110 esse
2269 3064 2457 3110 causa
2483 3050 2642 3110 elec·

228 3132 444 3183 ionem
466 3133 581 3178 nos
609 3134 829 3179 rarum.

275 3189 432 3253 ltine
453 3191 722 3264 estquod
752 3189 990 3260 dicitur,
1021 3189 1204 3259 Hier„
1232 3201 1296 3260 x,
1324 3194 1384 3261 2,
1421 3192 1454 3248 3
1495 3207 1511 3246 :
1548 3190 1602 3246 Α
1642 3193 1820 3263 signis
1860 3192 1980 3248 coeli
2003 3192 2171 3248 nolite
2212 3196 2464 3263 metzam-e,
2521 3206 2647 3264 qua

196 3264 390 3332 gentes
414 3263 621 3331 tument,
650 3263 786 3333 quia
809 3262 948 3331 lenes
1007 3262 1295 3333 ‚opulorum
1322 3275 1480 3316 venat
1507 3264 1654 3318 sunt.

275 3334 389 3389 Per
413 3331 538 3390 lieo
556 3338 756 3413 autem
784 3276 1119 3413 excluditur
1143 3330 1367 3404 positio
1395 3330 1747 3401 stoicorum,
1770 3333 1872 3405 qui
1900 3333 2204 3405 ponebant
2230 3346 2444 3393 omnes
2468 3339 2643 3393 actus

198 3408 449 3462 nostros
493 3407 554 3463 et
589 3402 1121 3459 etiam-electiones
1146 3406 1388 3462 nostras
1418 3401 1750 3460 secundum
1794 3416 2048 3485 corpora
2073 3404 2342 3462 coelestia
2370 3404 2464 3462 dis
2508 3404 2641 3465 onir.

197 3473 552 3541 Quaeetiam
580 3471 800 3531 dicitur
826 3471 1016 3530 misse
1044 3470 1268 3544 positio
1291 3470 1715 3552 antiquissima
1743 3473 2181 3533 Pharisaeorum
2206 3475 2362 3557 apud
2376 3478 2448 3533 su
2493 3488 2641 3535 aeos,

196 3542 675 3601 Priscillianistae
704 3543 885 3600 etiam
913 3541 1095 3614 hujus
1122 3542 1345 3600 erroris
1365 3556 1450 3601 rei
1480 3541 1743 3610 fuerunt,
1768 3550 1834 3602 ut
1863 3545 2081 3603 dicitur
2107 3544 2173 3605 in
2226 3544 2381 3604 libro
2414 3552 2646 3619 Augus—

195 3612 316 3694 tini
358 3614 440 3670 De
465 3613 766 3673 haeresim
781 3610 935 3687 (cap.
965 3610 1083 3695 703.
1114 3614 1250 3671 nnec
1274 3613 1454 3672 etiam
1482 3612 1603 3671 fluit
1622 3626 1659 3671 o
1706 3612 1719 3624 ’
1773 3614 1831 3672 'o
1844 3615 2227 3690 antiquorum
2248 3616 2635 3684 naturalium,

196 3696 284 3759 qu
453 3684 634 3743 ebant
660 3696 910 3743 sensum
938 3689 998 3741 et
1023 3683 1391 3747 intellectum
1419 3696 1544 3741 non
1571 3683 1629 3741 di
1718 3699 1831 3743 rre.
1859 3686 2023 3744 Unde
2052 3686 2439 3758 Empedocles
2487 3685 2640 3747 dixit

196 3695 671 3827 quogovtoluntas
698 3769 775 3812 au
820 3758 954 3812 etur
978 3752 1044 3811 in
1084 3753 1454 3824 hominibus,
1484 3754 1646 3813 sicut
1671 3755 1736 3815 in
1764 3755 1903 3814 aliis
1945 3756 2330 3827 animalibuS,
2359 3756 2437 3815 ad
2484 3769 2637 3828 prae-

195 3836 349 3883 eens
369 3823 438 3883 id
461 3828 556 3907 est
581 3769 916 3908 secundum
938 3836 1206 3907 praesens
1235 3830 1606 3905 momentum
1660 3839 1735 3884 ex
1759 3831 1928 3885 motu
1957 3827 2093 3886 coeli
2148 3831 2439 3906 causante
2491 3831 2639 3889 tem:

194 3899 427 3977 pusuut
450 3897 801 3955 Aristoteles
820 3894 1151 3959 introducit
1176 3907 1241 3976 in
1269 3895 1371 3953 lib.
1404 3868 1671 3955 secundo
1701 3899 1778 3953 De
1805 3901 1993 3978 anima
2020 3898 2183 3972 (text.
2214 3910 2433 3957 comm.
2464 3894 2609 3971 150).

269 3965 589 4027 Sciendum
618 3971 817 4025 tamen
845 3970 938 4025 est
964 3964 1148 4040 quod,
1177 3964 1318 4023 licet
1336 3979 1590 4048 corpora
1616 3967 1887 4026 coelestia
1912 3982 2036 4029 non
2065 3969 2191 4027 sint
2212 3969 2432 4029 directe
2452 3981 2644 4029 causa

194 4032 567 4118 electionum
596 4042 965 4118 nostrarum,
992 4035 1166 4118 quasi
1191 4035 1424 4099 directe·
1446 4049 1510 4119 in
1537 4038 1877 4099 voluntates
1921 4044 2163 4099 nostras
2207 4038 2640 4111 imprimentia,

193 4106 496 4165 indirecte
527 4111 730 4169 tamen
776 4121 850 4165 ex
905 4106 1005 4166 liis
1053 4107 1255 4179 aliqua
1304 4119 1545 4167 occasio
1590 4109 1817 4168 nostris
1857 4108 2255 4171 electionibus
2340 4114 2643 4182 raestatur,

196 4175 548 4257 secundum
569 4176 730 4253 quod
756 4176 979 4235 liabent
1003 4175 1465 4249 impressionem
1511 4190 1696 4250 super
1730 4193 2002 4252 corpora,
2033 4186 2092 4237 et
2131 4180 2248 4241 hoc
2317 4181 2594 4253 upliciter
2619 4196 2640 4238 t

194 4245 596 4329 uno-quidem
624 4247 826 4318 modo,
857 4247 1186 4308 secundum
1216 4247 1380 4330 quod
1404 4247 1839 4321 impressiones
1867 4250 2641 4325 corporumcoelestiumin

197 4323 503 4378 exteriora
528 4329 782 4390 corpora
805 4322 949 4376 sunt
975 4318 1153 4378 nobis
1181 4330 1425 4378 occasio
1478 4318 1737 4392 alicujus
1780 4320 2118 4390 electioniS,
2148 4321 2306 4385 sicut
2367 4336 2504 4389 cuin
2535 4331 2644 4392 per

197 4402 461 4463 corpora
483 4387 757 4447 coelestia
779 4387 1122 4470 disponitur
1147 4402 1252 4449 aer
1274 4389 1352 4448 ad
1382 4387 1576 4463 frigus
1602 4390 1932 4462 intensum,
1959 4389 2254 4465 eligimus„
2274 4366 2638 4457 calefieriad

197 4459 431 4534 ignem,
459 4459 555 4521 vel
582 4457 787 4534 aliqua
812 4457 1161 4532 huiusmodi
1188 4459 1385 4522 facere
1414 4474 1550 4535 quae
1590 4466 1941 4535 congruunt·
1977 4464 2253 4536 tempori.
2281 4462 2413 4522 Atto
2455 4456 2640 4517 modo
