<?xml version="1.0" encoding="UTF-8"?>
<!DOCTYPE html PUBLIC "-//W3C//DTD XHTML 1.0 Transitional//EN"
    "http://www.w3.org/TR/xhtml1/DTD/xhtml1-transitional.dtd">
<html xmlns="http://www.w3.org/1999/xhtml" xml:lang="en" lang="en">
 <head>
  <title>
</title>
<meta http-equiv="Content-Type" content="text/html;charset=utf-8" />
  <meta name='ocr-system' content='tesseract 3.04.00' />
  <meta name='ocr-capabilities' content='ocr_page ocr_carea ocr_par ocr_line ocrx_word'/>
</head>
<body>
  <div class='ocr_page' id='page_1' title='image "./deveritatecatho00rubegoog_0582.png"; bbox 0 0 3076 5025; ppageno 0'>
   <div class='ocr_carea' id='block_1_1' title="bbox 551 273 2123 341">
    <p class='ocr_par' dir='ltr' id='par_1_1' title="bbox 551 273 2123 341">
     <span class='ocr_line' id='line_1_1' title="bbox 551 273 2123 341; baseline -0.004 -7"><span class='ocrx_word' id='word_1_1' title='bbox 551 281 659 335; x_wconf 79' lang='lat'>550</span> <span class='ocrx_word' id='word_1_2' title='bbox 1411 277 1544 331; x_wconf 72' lang='grc' dir='ltr'>ΗΒ.</span> <span class='ocrx_word' id='word_1_3' title='bbox 1586 277 1673 341; x_wconf 79' lang='lat' dir='ltr'>w,</span> <span class='ocrx_word' id='word_1_4' title='bbox 1712 276 1866 331; x_wconf 80' lang='lat' dir='ltr'>CAP.</span> <span class='ocrx_word' id='word_1_5' title='bbox 1905 273 2123 329; x_wconf 76' lang='lat' dir='ltr'>xxxiv,</span> 
     </span>
    </p>
   </div>
   <div class='ocr_carea' id='block_1_2' title="bbox 553 391 2893 679">
    <p class='ocr_par' dir='ltr' id='par_1_2' title="bbox 553 391 2893 679">
     <span class='ocr_line' id='line_1_2' title="bbox 556 391 2893 475; baseline -0.003 -17"><span class='ocrx_word' id='word_1_6' title='bbox 556 396 884 459; x_wconf 87' lang='lat' dir='ltr'>secundum</span> <span class='ocrx_word' id='word_1_7' title='bbox 918 410 1178 454; x_wconf 80' lang='lat' dir='ltr'>errorem</span> <span class='ocrx_word' id='word_1_8' title='bbox 1205 394 1506 455; x_wconf 67' lang='lat' dir='ltr'>Manichaei</span> <span class='ocrx_word' id='word_1_9' title='bbox 1547 400 1723 475; x_wconf 87' lang='lat' dir='ltr'>atque</span> <span class='ocrx_word' id='word_1_10' title='bbox 1750 393 2060 456; x_wconf 82' lang='lat' dir='ltr'>Valentini,</span> <span class='ocrx_word' id='word_1_11' title='bbox 2090 408 2203 451; x_wconf 83' lang='lat' dir='ltr'>nec</span> <span class='ocrx_word' id='word_1_12' title='bbox 2230 393 2408 451; x_wconf 88' lang='lat' dir='ltr'>etiam</span> <span class='ocrx_word' id='word_1_13' title='bbox 2456 391 2703 451; x_wconf 86' lang='lat' dir='ltr'>humana</span> <span class='ocrx_word' id='word_1_14' title='bbox 2724 394 2893 465; x_wconf 80' lang='lat' dir='ltr'>anima,</span> 
     </span>
     <span class='ocr_line' id='line_1_3' title="bbox 555 464 2889 538; baseline -0.002 -10"><span class='ocrx_word' id='word_1_15' title='bbox 555 471 713 528; x_wconf 86' lang='lat' dir='ltr'>sicut</span> <span class='ocrx_word' id='word_1_16' title='bbox 759 472 1090 538; x_wconf 88' lang='lat' dir='ltr'>posuerunt</span> <span class='ocrx_word' id='word_1_17' title='bbox 1121 467 1307 523; x_wconf 70' lang='lat' dir='ltr'>Arius</span> <span class='ocrx_word' id='word_1_18' title='bbox 1353 470 1415 523; x_wconf 87' lang='lat' dir='ltr'>et</span> <span class='ocrx_word' id='word_1_19' title='bbox 1453 465 1832 535; x_wconf 81' lang='lat' dir='ltr'>Apollinaris.</span> <span class='ocrx_word' id='word_1_20' title='bbox 1885 465 1986 522; x_wconf 83' lang='lat' dir='ltr'>His</span> <span class='ocrx_word' id='word_1_21' title='bbox 2034 464 2214 537; x_wconf 83' lang='lat' dir='ltr'>igitur</span> <span class='ocrx_word' id='word_1_22' title='bbox 2253 464 2445 521; x_wconf 84' lang='lat' dir='ltr'>tribus</span> <span class='ocrx_word' id='word_1_23' title='bbox 2500 464 2811 521; x_wconf 77' lang='lat' dir='ltr'><strong>substantiis</strong></span> <span class='ocrx_word' id='word_1_24' title='bbox 2848 466 2889 523; x_wconf 86' lang='lat' dir='ltr'>iii</span> 
     </span>
     <span class='ocr_line' id='line_1_4' title="bbox 554 534 2885 614; baseline -0.003 -15"><span class='ocrx_word' id='word_1_25' title='bbox 554 539 788 599; x_wconf 84' lang='lat' dir='ltr'>Christo</span> <span class='ocrx_word' id='word_1_26' title='bbox 821 535 1334 598; x_wconf 85' lang='lat' dir='ltr'>convenientibus,</span> <span class='ocrx_word' id='word_1_27' title='bbox 1365 536 1593 593; x_wconf 85' lang='lat' dir='ltr'>scilicet</span> <span class='ocrx_word' id='word_1_28' title='bbox 1614 535 1933 614; x_wconf 63' lang='lat' dir='ltr'>divinitate,</span> <span class='ocrx_word' id='word_1_29' title='bbox 1956 534 2155 592; x_wconf 87' lang='lat' dir='ltr'>anima</span> <span class='ocrx_word' id='word_1_30' title='bbox 2178 534 2441 592; x_wconf 85' lang='lat' dir='ltr'>humana</span> <span class='ocrx_word' id='word_1_31' title='bbox 2468 539 2526 590; x_wconf 89' lang='lat' dir='ltr'>et</span> <span class='ocrx_word' id='word_1_32' title='bbox 2544 548 2676 591; x_wconf 75' lang='lat' dir='ltr'>vero</span> <span class='ocrx_word' id='word_1_33' title='bbox 2692 534 2885 593; x_wconf 75' lang='lat' dir='ltr'>humano</span> 
     </span>
     <span class='ocr_line' id='line_1_5' title="bbox 553 603 2885 679; baseline -0.002 -11"><span class='ocrx_word' id='word_1_34' title='bbox 553 623 826 679; x_wconf 85' lang='lat' dir='ltr'>corpore,</span> <span class='ocrx_word' id='word_1_35' title='bbox 857 607 1016 665; x_wconf 82' lang='lat' dir='ltr'>cii-ca</span> <span class='ocrx_word' id='word_1_36' title='bbox 1042 607 1257 665; x_wconf 86' lang='lat' dir='ltr'>horum</span> <span class='ocrx_word' id='word_1_37' title='bbox 1277 607 1561 663; x_wconf 87' lang='lat' dir='ltr'>unionem</span> <span class='ocrx_word' id='word_1_38' title='bbox 1590 605 1729 676; x_wconf 87' lang='lat' dir='ltr'>quid</span> <span class='ocrx_word' id='word_1_39' title='bbox 1761 604 2139 662; x_wconf 87' lang='lat' dir='ltr'>sentiendum</span> <span class='ocrx_word' id='word_1_40' title='bbox 2168 606 2272 674; x_wconf 88' lang='lat' dir='ltr'>sit,</span> <span class='ocrx_word' id='word_1_41' title='bbox 2292 603 2617 663; x_wconf 87' lang='lat' dir='ltr'>secundum</span> <span class='ocrx_word' id='word_1_42' title='bbox 2642 605 2885 675; x_wconf 78' lang='lat' dir='ltr'>scriptun·</span> 
     </span>
    </p>
   </div>
   <div class='ocr_carea' id='block_1_3' title="bbox 443 676 1779 747">
    <p class='ocr_par' dir='ltr' id='par_1_3' title="bbox 443 676 1779 747">
     <span class='ocr_line' id='line_1_6' title="bbox 443 676 1779 747; baseline -0.007 -8"><span class='ocrx_word' id='word_1_43' title='bbox 443 735 450 739; x_wconf 88' lang='lat'><em>.</em></span> <span class='ocrx_word' id='word_1_44' title='bbox 552 693 684 739; x_wconf 86' lang='lat' dir='ltr'>rum</span> <span class='ocrx_word' id='word_1_45' title='bbox 718 679 1095 747; x_wconf 84' lang='lat' dir='ltr'>documenta,</span> <span class='ocrx_word' id='word_1_46' title='bbox 1127 678 1188 734; x_wconf 92' lang='lat' dir='ltr'>in</span> <span class='ocrx_word' id='word_1_47' title='bbox 1234 676 1545 733; x_wconf 89' lang='lat' dir='ltr'>uirendum</span> <span class='ocrx_word' id='word_1_48' title='bbox 1576 680 1779 732; x_wconf 85' lang='lat' dir='ltr'>restat.</span> 
     </span>
    </p>
   </div>
   <div class='ocr_carea' id='block_1_4' title="bbox 545 745 2915 4472">
    <p class='ocr_par' dir='ltr' id='par_1_4' title="bbox 547 745 2910 2347">
     <span class='ocr_line' id='line_1_7' title="bbox 624 745 2889 819; baseline -0.002 -13"><span class='ocrx_word' id='word_1_49' title='bbox 624 749 968 806; x_wconf 85' lang='lat' dir='ltr'>Theodorus</span> <span class='ocrx_word' id='word_1_50' title='bbox 995 748 1182 819; x_wconf 85' lang='lat' dir='ltr'>igitur</span> <span class='ocrx_word' id='word_1_51' title='bbox 1258 752 1659 817; x_wconf 87' lang='lat' dir='ltr'>opsuestenus</span> <span class='ocrx_word' id='word_1_52' title='bbox 1681 749 1739 801; x_wconf 87' lang='lat' dir='ltr'>et</span> <span class='ocrx_word' id='word_1_53' title='bbox 1765 745 2074 803; x_wconf 75' lang='lat' dir='ltr'><strong>Nestorius</strong></span> <span class='ocrx_word' id='word_1_54' title='bbox 2098 746 2229 816; x_wconf 85' lang='lat' dir='ltr'>ejus</span> <span class='ocrx_word' id='word_1_55' title='bbox 2256 750 2515 802; x_wconf 80' lang='lat' dir='ltr'>sectator</span> <span class='ocrx_word' id='word_1_56' title='bbox 2535 745 2702 802; x_wconf 82' lang='lat' dir='ltr'>talem</span> <span class='ocrx_word' id='word_1_57' title='bbox 2724 753 2889 802; x_wconf 86' lang='lat' dir='ltr'>senten·</span> 
     </span>
     <span class='ocr_line' id='line_1_8' title="bbox 550 816 2903 889; baseline -0.002 -11"><span class='ocrx_word' id='word_1_58' title='bbox 550 820 697 878; x_wconf 78' lang='lat' dir='ltr'>tiam</span> <span class='ocrx_word' id='word_1_59' title='bbox 729 820 800 875; x_wconf 89' lang='lat' dir='ltr'>de</span> <span class='ocrx_word' id='word_1_60' title='bbox 825 817 1106 889; x_wconf 75' lang='lat' dir='ltr'>praedicta</span> <span class='ocrx_word' id='word_1_61' title='bbox 1131 817 1354 874; x_wconf 90' lang='lat' dir='ltr'>unione</span> <span class='ocrx_word' id='word_1_62' title='bbox 1381 817 1774 888; x_wconf 86' lang='lat' dir='ltr'>protulerunt.</span> <span class='ocrx_word' id='word_1_63' title='bbox 1807 816 2089 873; x_wconf 83' lang='lat' dir='ltr'>Dixerunt</span> <span class='ocrx_word' id='word_1_64' title='bbox 2103 817 2261 872; x_wconf 92' lang='lat' dir='ltr'>enim</span> <span class='ocrx_word' id='word_1_65' title='bbox 2332 818 2449 873; x_wconf 90' lang='lat' dir='ltr'>uod</span> <span class='ocrx_word' id='word_1_66' title='bbox 2479 816 2672 874; x_wconf 87' lang='lat' dir='ltr'>anima</span> <span class='ocrx_word' id='word_1_67' title='bbox 2701 817 2903 873; x_wconf 69' lang='lat' dir='ltr'>humanm</span> 
     </span>
     <span class='ocr_line' id='line_1_9' title="bbox 552 886 2906 960; baseline -0.002 -12"><span class='ocrx_word' id='word_1_68' title='bbox 552 895 614 949; x_wconf 86' lang='lat' dir='ltr'>et</span> <span class='ocrx_word' id='word_1_69' title='bbox 639 902 857 960; x_wconf 88' lang='lat' dir='ltr'>corpus</span> <span class='ocrx_word' id='word_1_70' title='bbox 891 889 1215 945; x_wconf 83' lang='lat' dir='ltr'>humanum</span> <span class='ocrx_word' id='word_1_71' title='bbox 1247 887 1498 945; x_wconf 84' lang='lat' dir='ltr'>naturali</span> <span class='ocrx_word' id='word_1_72' title='bbox 1523 888 1745 943; x_wconf 89' lang='lat' dir='ltr'>unione</span> <span class='ocrx_word' id='word_1_73' title='bbox 1772 893 2181 944; x_wconf 85' lang='lat' dir='ltr'>convenerunt</span> <span class='ocrx_word' id='word_1_74' title='bbox 2207 886 2268 942; x_wconf 89' lang='lat' dir='ltr'>in</span> <span class='ocrx_word' id='word_1_75' title='bbox 2382 887 2528 943; x_wconf 88' lang='lat' dir='ltr'>risto</span> <span class='ocrx_word' id='word_1_76' title='bbox 2571 887 2641 943; x_wconf 89' lang='lat' dir='ltr'>ad</span> <span class='ocrx_word' id='word_1_77' title='bbox 2677 887 2906 944; x_wconf 55' lang='lat' dir='ltr'>constitit·</span> 
     </span>
     <span class='ocr_line' id='line_1_10' title="bbox 551 957 2906 1029; baseline -0.003 -11"><span class='ocrx_word' id='word_1_78' title='bbox 551 960 780 1018; x_wconf 85' lang='lat' dir='ltr'>tionem</span> <span class='ocrx_word' id='word_1_79' title='bbox 809 958 992 1016; x_wconf 87' lang='lat' dir='ltr'>unius</span> <span class='ocrx_word' id='word_1_80' title='bbox 1017 957 1283 1016; x_wconf 88' lang='lat' dir='ltr'>hominis</span> <span class='ocrx_word' id='word_1_81' title='bbox 1311 958 1577 1029; x_wconf 85' lang='lat' dir='ltr'>ejusdem</span> <span class='ocrx_word' id='word_1_82' title='bbox 1609 957 1831 1028; x_wconf 87' lang='lat' dir='ltr'>speciei</span> <span class='ocrx_word' id='word_1_83' title='bbox 1859 963 1920 1014; x_wconf 88' lang='lat' dir='ltr'>et</span> <span class='ocrx_word' id='word_1_84' title='bbox 1947 961 2172 1015; x_wconf 76' lang='lat' dir='ltr'>natum</span> <span class='ocrx_word' id='word_1_85' title='bbox 2195 970 2329 1014; x_wconf 91' lang='lat' dir='ltr'>cum</span> <span class='ocrx_word' id='word_1_86' title='bbox 2358 958 2497 1014; x_wconf 81' lang='lat' dir='ltr'>aliis</span> <span class='ocrx_word' id='word_1_87' title='bbox 2522 957 2841 1024; x_wconf 82' lang='lat' dir='ltr'>hominihus,</span> <span class='ocrx_word' id='word_1_88' title='bbox 2859 961 2906 1012; x_wconf 57' lang='lat' dir='ltr'>et*</span> 
     </span>
     <span class='ocr_line' id='line_1_11' title="bbox 553 1027 2897 1111; baseline -0.001 -24"><span class='ocrx_word' id='word_1_89' title='bbox 553 1030 716 1111; x_wconf 80' lang='lat' dir='ltr'>quod</span> <span class='ocrx_word' id='word_1_90' title='bbox 749 1031 808 1085; x_wconf 86' lang='lat' dir='ltr'>in</span> <span class='ocrx_word' id='word_1_91' title='bbox 838 1028 953 1086; x_wconf 88' lang='lat' dir='ltr'>hoc</span> <span class='ocrx_word' id='word_1_92' title='bbox 978 1029 1218 1086; x_wconf 85' lang='lat' dir='ltr'>homine</span> <span class='ocrx_word' id='word_1_93' title='bbox 1245 1031 1401 1086; x_wconf 87' lang='lat' dir='ltr'>Deus</span> <span class='ocrx_word' id='word_1_94' title='bbox 1430 1028 1712 1085; x_wconf 82' lang='lat' dir='ltr'>habitavit</span> <span class='ocrx_word' id='word_1_95' title='bbox 1735 1028 1893 1085; x_wconf 87' lang='lat' dir='ltr'>sicut</span> <span class='ocrx_word' id='word_1_96' title='bbox 1917 1027 1984 1084; x_wconf 92' lang='lat' dir='ltr'>in</span> <span class='ocrx_word' id='word_1_97' title='bbox 2026 1027 2248 1098; x_wconf 88' lang='lat' dir='ltr'>templo</span> <span class='ocrx_word' id='word_1_98' title='bbox 2277 1040 2412 1097; x_wconf 87' lang='lat' dir='ltr'>suo,</span> <span class='ocrx_word' id='word_1_99' title='bbox 2444 1027 2667 1084; x_wconf 85' lang='lat' dir='ltr'>scilicet</span> <span class='ocrx_word' id='word_1_100' title='bbox 2708 1041 2795 1097; x_wconf 82' lang='lat' dir='ltr'>pei·</span> <span class='ocrx_word' id='word_1_101' title='bbox 2842 1040 2897 1084; x_wconf 79' lang='lat' dir='ltr'>ra-</span> 
     </span>
     <span class='ocr_line' id='line_1_12' title="bbox 551 1097 2899 1169; baseline -0.001 -12"><span class='ocrx_word' id='word_1_102' title='bbox 551 1106 722 1169; x_wconf 84' lang='lat' dir='ltr'>tiam,</span> <span class='ocrx_word' id='word_1_103' title='bbox 748 1101 908 1157; x_wconf 87' lang='lat' dir='ltr'>sicut</span> <span class='ocrx_word' id='word_1_104' title='bbox 947 1103 1006 1156; x_wconf 86' lang='lat' dir='ltr'>et</span> <span class='ocrx_word' id='word_1_105' title='bbox 1045 1100 1111 1156; x_wconf 88' lang='lat' dir='ltr'>in</span> <span class='ocrx_word' id='word_1_106' title='bbox 1155 1099 1288 1156; x_wconf 86' lang='lat' dir='ltr'>aliis</span> <span class='ocrx_word' id='word_1_107' title='bbox 1337 1099 1687 1156; x_wconf 85' lang='lat' dir='ltr'>hominibus</span> <span class='ocrx_word' id='word_1_108' title='bbox 1732 1097 1961 1156; x_wconf 84' lang='lat' dir='ltr'>sanctis</span> <span class='ocrx_word' id='word_1_109' title='bbox 1987 1115 2001 1166; x_wconf 89' lang='grc'><strong>;</strong></span> <span class='ocrx_word' id='word_1_110' title='bbox 2030 1099 2188 1155; x_wconf 89' lang='lat' dir='ltr'>unde</span> <span class='ocrx_word' id='word_1_111' title='bbox 2215 1097 2364 1155; x_wconf 89' lang='lat' dir='ltr'>illud</span> <span class='ocrx_word' id='word_1_112' title='bbox 2403 1098 2560 1169; x_wconf 89' lang='lat' dir='ltr'>quod</span> <span class='ocrx_word' id='word_1_113' title='bbox 2591 1097 2796 1168; x_wconf 76' lang='lat' dir='ltr'>ipsein</span> <span class='ocrx_word' id='word_1_114' title='bbox 2864 1098 2899 1154; x_wconf 88' lang='lat' dir='ltr'>is</span> 
     </span>
     <span class='ocr_line' id='line_1_13' title="bbox 556 1168 2898 1239; baseline -0.002 -11"><span class='ocrx_word' id='word_1_115' title='bbox 556 1170 704 1229; x_wconf 78' lang='lat' dir='ltr'>dixit</span> <span class='ocrx_word' id='word_1_116' title='bbox 730 1184 744 1223; x_wconf 74' lang='grc' dir='ltr'>ε</span> <span class='ocrx_word' id='word_1_117' title='bbox 779 1171 976 1226; x_wconf 81' lang='lat' dir='ltr'><strong><em>Solvite</em></strong></span> <span class='ocrx_word' id='word_1_118' title='bbox 1002 1170 1258 1239; x_wconf 74' lang='lat' dir='ltr'>templum</span> <span class='ocrx_word' id='word_1_119' title='bbox 1285 1170 1399 1238; x_wconf 75' lang='lat' dir='ltr'>hoc,</span> <span class='ocrx_word' id='word_1_120' title='bbox 1429 1172 1558 1225; x_wconf 82' lang='lat' dir='ltr'>etin</span> <span class='ocrx_word' id='word_1_121' title='bbox 1582 1169 1755 1224; x_wconf 76' lang='lat' dir='ltr'>tribus</span> <span class='ocrx_word' id='word_1_122' title='bbox 1778 1170 1967 1224; x_wconf 75' lang='lat' dir='ltr'>diebus</span> <span class='ocrx_word' id='word_1_123' title='bbox 1986 1169 2232 1224; x_wconf 71' lang='lat' dir='ltr'>excitabo</span> <span class='ocrx_word' id='word_1_124' title='bbox 2274 1169 2417 1223; x_wconf 77' lang='lat' dir='ltr'>iltud</span> <span class='ocrx_word' id='word_1_125' title='bbox 2483 1170 2694 1231; x_wconf 68' lang='lat' dir='ltr'>Joarm„</span> <span class='ocrx_word' id='word_1_126' title='bbox 2722 1181 2778 1234; x_wconf 85' lang='grc' dir='ltr'>Π,</span> <span class='ocrx_word' id='word_1_127' title='bbox 2816 1168 2898 1236; x_wconf 72' lang='grc'><strong>19);</strong></span> 
     </span>
     <span class='ocr_line' id='line_1_14' title="bbox 555 1238 2901 1365; baseline -0.003 -67"><span class='ocrx_word' id='word_1_128' title='bbox 555 1245 617 1298; x_wconf 84' lang='lat' dir='ltr'>et</span> <span class='ocrx_word' id='word_1_129' title='bbox 643 1247 851 1324; x_wconf 73' lang='lat' dir='ltr'>postea</span> <span class='ocrx_word' id='word_1_130' title='bbox 880 1242 1264 1365; x_wconf 52' lang='grc' dir='ltr'>εἶνᾳοᾶθιίεω,</span> <span class='ocrx_word' id='word_1_131' title='bbox 1296 1240 1467 1311; x_wconf 84' lang='lat' dir='ltr'>quasi</span> <span class='ocrx_word' id='word_1_132' title='bbox 1497 1252 1825 1310; x_wconf 77' lang='lat' dir='ltr'><strong>exponens,</strong></span> <span class='ocrx_word' id='word_1_133' title='bbox 1848 1238 2049 1324; x_wconf 61' lang='lat' dir='ltr'>sutidit</span> <span class='ocrx_word' id='word_1_134' title='bbox 2078 1240 2218 1295; x_wconf 78' lang='lat' dir='ltr'>:Ille</span> <span class='ocrx_word' id='word_1_135' title='bbox 2245 1244 2444 1322; x_wconf 44' lang='lat' dir='ltr'>autem·</span> <span class='ocrx_word' id='word_1_136' title='bbox 2492 1240 2657 1293; x_wconf 77' lang='lat' dir='ltr'>icebat</span> <span class='ocrx_word' id='word_1_137' title='bbox 2684 1239 2742 1292; x_wconf 83' lang='lat' dir='ltr'>de</span> <span class='ocrx_word' id='word_1_138' title='bbox 2762 1238 2901 1320; x_wconf 58' lang='lat' dir='ltr'>teqpto</span> 
     </span>
     <span class='ocr_line' id='line_1_15' title="bbox 555 1308 2899 1461; baseline -0.002 -24"><span class='ocrx_word' id='word_1_139' title='bbox 555 1310 1113 1437; x_wconf 56' lang='lat' dir='ltr'>dmmmhab(tg</span> <span class='ocrx_word' id='word_1_140' title='bbox 1126 1310 1368 1452; x_wconf 52' lang='lat' dir='ltr'>(3235AE</span> <span class='ocrx_word' id='word_1_141' title='bbox 1386 1310 2691 1461; x_wconf 54' lang='lat' dir='ltr'>{Piifft1⁸;i¹¹fit¹ststztssttt⁹tti“²itssitsst</span> <span class='ocrx_word' id='word_1_142' title='bbox 2727 1308 2899 1434; x_wconf 60' lang='lat' dir='ltr'>iffi</span> 
     </span>
     <span class='ocr_line' id='line_1_16' title="bbox 557 1447 2903 1518; baseline -0.002 -10"><span class='ocrx_word' id='word_1_143' title='bbox 557 1449 892 1508; x_wconf 81' lang='lat' dir='ltr'>affectualis</span> <span class='ocrx_word' id='word_1_144' title='bbox 914 1464 1057 1508; x_wconf 90' lang='lat' dir='ltr'>unio</span> <span class='ocrx_word' id='word_1_145' title='bbox 1084 1457 1239 1507; x_wconf 86' lang='lat' dir='ltr'>inter</span> <span class='ocrx_word' id='word_1_146' title='bbox 1273 1450 1581 1507; x_wconf 79' lang='lat' dir='ltr'>hominem</span> <span class='ocrx_word' id='word_1_147' title='bbox 1613 1451 1779 1508; x_wconf 83' lang='lat' dir='ltr'>illum</span> <span class='ocrx_word' id='word_1_148' title='bbox 1810 1456 1872 1508; x_wconf 90' lang='lat' dir='ltr'>et</span> <span class='ocrx_word' id='word_1_149' title='bbox 1899 1452 2106 1518; x_wconf 84' lang='lat' dir='ltr'>Deum,</span> <span class='ocrx_word' id='word_1_150' title='bbox 2148 1451 2287 1508; x_wconf 88' lang='lat' dir='ltr'>dum</span> <span class='ocrx_word' id='word_1_151' title='bbox 2336 1453 2398 1508; x_wconf 86' lang='lat' dir='ltr'>et</span> <span class='ocrx_word' id='word_1_152' title='bbox 2444 1450 2624 1507; x_wconf 83' lang='lat' dir='ltr'>homo</span> <span class='ocrx_word' id='word_1_153' title='bbox 2670 1449 2705 1504; x_wconf 79' lang='lat' dir='ltr'>ii</span> <span class='ocrx_word' id='word_1_154' title='bbox 2794 1447 2903 1504; x_wconf 79' lang='lat' dir='ltr'>bona</span> 
     </span>
     <span class='ocr_line' id='line_1_17' title="bbox 557 1519 2901 1591; baseline -0.003 -12"><span class='ocrx_word' id='word_1_155' title='bbox 557 1534 669 1580; x_wconf 87' lang='lat' dir='ltr'>sua</span> <span class='ocrx_word' id='word_1_156' title='bbox 692 1522 995 1579; x_wconf 84' lang='lat' dir='ltr'>voluntate</span> <span class='ocrx_word' id='word_1_157' title='bbox 1022 1524 1142 1578; x_wconf 89' lang='lat' dir='ltr'>Deo</span> <span class='ocrx_word' id='word_1_158' title='bbox 1167 1521 1404 1579; x_wconf 82' lang='lat' dir='ltr'>inhaesit</span> <span class='ocrx_word' id='word_1_159' title='bbox 1427 1527 1486 1578; x_wconf 89' lang='lat' dir='ltr'>et</span> <span class='ocrx_word' id='word_1_160' title='bbox 1509 1523 1666 1577; x_wconf 85' lang='lat' dir='ltr'>Deus</span> <span class='ocrx_word' id='word_1_161' title='bbox 1686 1535 1798 1578; x_wconf 86' lang='lat' dir='ltr'>sua</span> <span class='ocrx_word' id='word_1_162' title='bbox 1826 1521 2128 1578; x_wconf 80' lang='lat' dir='ltr'>voluntate</span> <span class='ocrx_word' id='word_1_163' title='bbox 2168 1520 2340 1577; x_wconf 86' lang='lat' dir='ltr'>illum</span> <span class='ocrx_word' id='word_1_164' title='bbox 2386 1519 2722 1591; x_wconf 76' lang='lat' dir='ltr'>acceptavit,</span> <span class='ocrx_word' id='word_1_165' title='bbox 2748 1531 2901 1575; x_wconf 81' lang='lat' dir='ltr'>secun-</span> 
     </span>
     <span class='ocr_line' id='line_1_18' title="bbox 556 1591 2904 1660; baseline 0 -11"><span class='ocrx_word' id='word_1_166' title='bbox 556 1591 697 1650; x_wconf 79' lang='lat' dir='ltr'>dum</span> <span class='ocrx_word' id='word_1_167' title='bbox 727 1592 872 1648; x_wconf 78' lang='lat' dir='ltr'>iilud</span> <span class='ocrx_word' id='word_1_168' title='bbox 902 1610 915 1646; x_wconf 74' lang='grc' dir='ltr'><em>τ</em></span> <span class='ocrx_word' id='word_1_169' title='bbox 942 1591 1145 1658; x_wconf 75' lang='lat' dir='ltr'>Quinte</span> <span class='ocrx_word' id='word_1_170' title='bbox 1170 1594 1340 1658; x_wconf 79' lang='lat' dir='ltr'>misit,</span> <span class='ocrx_word' id='word_1_171' title='bbox 1367 1606 1574 1647; x_wconf 77' lang='lat' dir='ltr'>mecum</span> <span class='ocrx_word' id='word_1_172' title='bbox 1599 1596 1711 1658; x_wconf 77' lang='lat' dir='ltr'>est3</span> <span class='ocrx_word' id='word_1_173' title='bbox 1738 1597 1791 1646; x_wconf 77' lang='lat' dir='ltr'>et</span> <span class='ocrx_word' id='word_1_174' title='bbox 1815 1607 1921 1647; x_wconf 83' lang='lat' dir='ltr'>non</span> <span class='ocrx_word' id='word_1_175' title='bbox 1946 1593 2172 1660; x_wconf 75' lang='lat' dir='ltr'>reliquit</span> <span class='ocrx_word' id='word_1_176' title='bbox 2200 1606 2287 1646; x_wconf 78' lang='lat' dir='ltr'>me</span> <span class='ocrx_word' id='word_1_177' title='bbox 2324 1592 2517 1656; x_wconf 73' lang='lat' dir='ltr'>solum,</span> <span class='ocrx_word' id='word_1_178' title='bbox 2549 1594 2677 1660; x_wconf 74' lang='lat' dir='ltr'>qnia</span> <span class='ocrx_word' id='word_1_179' title='bbox 2710 1604 2803 1657; x_wconf 70' lang='lat' dir='ltr'>eqo,</span> <span class='ocrx_word' id='word_1_180' title='bbox 2825 1601 2904 1656; x_wconf 64' lang='lat' dir='ltr'>m</span> 
     </span>
     <span class='ocr_line' id='line_1_19' title="bbox 547 1659 2902 1735; baseline -0.002 -18"><span class='ocrx_word' id='word_1_181' title='bbox 547 1664 763 1735; x_wconf 77' lang='lat' dir='ltr'>placita</span> <span class='ocrx_word' id='word_1_182' title='bbox 790 1666 920 1717; x_wconf 79' lang='lat' dir='ltr'>sunt</span> <span class='ocrx_word' id='word_1_183' title='bbox 945 1664 1012 1724; x_wconf 81' lang='lat' dir='ltr'>ei,</span> <span class='ocrx_word' id='word_1_184' title='bbox 1043 1664 1188 1729; x_wconf 78' lang='lat' dir='ltr'>facio</span> <span class='ocrx_word' id='word_1_185' title='bbox 1208 1677 1414 1732; x_wconf 79' lang='lat' dir='ltr'><strong><em>semper</em></strong></span> <span class='ocrx_word' id='word_1_186' title='bbox 1439 1663 1677 1732; x_wconf 56' lang='lat' dir='ltr'>(Icaria.</span> <span class='ocrx_word' id='word_1_187' title='bbox 1697 1675 1831 1729; x_wconf 80' lang='lat' dir='ltr'>vm,</span> <span class='ocrx_word' id='word_1_188' title='bbox 1861 1661 1991 1732; x_wconf 80' lang='lat'>29);</span> <span class='ocrx_word' id='word_1_189' title='bbox 2024 1668 2088 1718; x_wconf 87' lang='lat' dir='ltr'>ut</span> <span class='ocrx_word' id='word_1_190' title='bbox 2124 1661 2214 1718; x_wconf 77' lang='lat' dir='ltr'>sic</span> <span class='ocrx_word' id='word_1_191' title='bbox 2244 1661 2614 1733; x_wconf 82' lang='lat' dir='ltr'>intelligatur</span> <span class='ocrx_word' id='word_1_192' title='bbox 2655 1659 2774 1716; x_wconf 86' lang='lat' dir='ltr'>talis</span> <span class='ocrx_word' id='word_1_193' title='bbox 2810 1669 2902 1715; x_wconf 77' lang='lat' dir='ltr'>esse</span> 
     </span>
     <span class='ocr_line' id='line_1_20' title="bbox 557 1729 2905 1804; baseline -0.002 -15"><span class='ocrx_word' id='word_1_194' title='bbox 557 1734 704 1790; x_wconf 88' lang='lat' dir='ltr'>unio</span> <span class='ocrx_word' id='word_1_195' title='bbox 733 1732 995 1788; x_wconf 82' lang='lat' dir='ltr'>hominis</span> <span class='ocrx_word' id='word_1_196' title='bbox 1019 1732 1183 1789; x_wconf 87' lang='lat' dir='ltr'>itlius</span> <span class='ocrx_word' id='word_1_197' title='bbox 1213 1733 1286 1789; x_wconf 89' lang='lat' dir='ltr'>ad</span> <span class='ocrx_word' id='word_1_198' title='bbox 1313 1735 1519 1799; x_wconf 88' lang='lat' dir='ltr'>Deum,</span> <span class='ocrx_word' id='word_1_199' title='bbox 1551 1732 1747 1803; x_wconf 85' lang='lat' dir='ltr'>qualis</span> <span class='ocrx_word' id='word_1_200' title='bbox 1775 1735 1868 1790; x_wconf 82' lang='lat' dir='ltr'>est</span> <span class='ocrx_word' id='word_1_201' title='bbox 1891 1732 2034 1790; x_wconf 86' lang='lat' dir='ltr'>unio</span> <span class='ocrx_word' id='word_1_202' title='bbox 2060 1732 2132 1788; x_wconf 87' lang='lat' dir='ltr'>de</span> <span class='ocrx_word' id='word_1_203' title='bbox 2156 1745 2281 1804; x_wconf 88' lang='lat' dir='ltr'>qua</span> <span class='ocrx_word' id='word_1_204' title='bbox 2305 1733 2625 1802; x_wconf 81' lang='lat' dir='ltr'>Apostolus</span> <span class='ocrx_word' id='word_1_205' title='bbox 2652 1731 2813 1787; x_wconf 88' lang='lat' dir='ltr'>dicit:</span> <span class='ocrx_word' id='word_1_206' title='bbox 2834 1729 2905 1794; x_wconf 71' lang='lat' dir='ltr'>Qui</span> 
     </span>
     <span class='ocr_line' id='line_1_21' title="bbox 557 1801 2904 1874; baseline -0.002 -17"><span class='ocrx_word' id='word_1_207' title='bbox 557 1803 798 1857; x_wconf 75' lang='lat' dir='ltr'>adliaeret</span> <span class='ocrx_word' id='word_1_208' title='bbox 825 1805 947 1868; x_wconf 84' lang='lat' dir='ltr'>Deo,</span> <span class='ocrx_word' id='word_1_209' title='bbox 970 1818 1112 1857; x_wconf 73' lang='lat' dir='ltr'>unus</span> <span class='ocrx_word' id='word_1_210' title='bbox 1141 1804 1369 1873; x_wconf 72' lang='lat' dir='ltr'>spiritus</span> <span class='ocrx_word' id='word_1_211' title='bbox 1397 1807 1494 1858; x_wconf 78' lang='lat' dir='ltr'>est.</span> <span class='ocrx_word' id='word_1_212' title='bbox 1528 1801 1579 1874; x_wconf 89' lang='lat'>(1</span> <span class='ocrx_word' id='word_1_213' title='bbox 1602 1804 1745 1864; x_wconf 71' lang='lat' dir='ltr'>Gor„</span> <span class='ocrx_word' id='word_1_214' title='bbox 1770 1816 1856 1868; x_wconf 79' lang='lat' dir='ltr'>vi,</span> <span class='ocrx_word' id='word_1_215' title='bbox 1886 1803 1996 1874; x_wconf 77' lang='lat'><strong>17.)</strong></span> <span class='ocrx_word' id='word_1_216' title='bbox 2044 1805 2130 1870; x_wconf 83' lang='lat' dir='ltr'>Et,</span> <span class='ocrx_word' id='word_1_217' title='bbox 2163 1801 2319 1859; x_wconf 87' lang='lat' dir='ltr'>sicut</span> <span class='ocrx_word' id='word_1_218' title='bbox 2357 1816 2433 1858; x_wconf 83' lang='lat' dir='ltr'>ex</span> <span class='ocrx_word' id='word_1_219' title='bbox 2469 1802 2582 1858; x_wconf 84' lang='lat' dir='ltr'>hac</span> <span class='ocrx_word' id='word_1_220' title='bbox 2626 1801 2819 1858; x_wconf 86' lang='lat' dir='ltr'>unione</span> <span class='ocrx_word' id='word_1_221' title='bbox 2838 1809 2904 1851; x_wconf 79' lang='lat' dir='ltr'>iio-</span> 
     </span>
     <span class='ocr_line' id='line_1_22' title="bbox 555 1869 2903 1951; baseline -0.002 -24"><span class='ocrx_word' id='word_1_222' title='bbox 555 1873 724 1951; x_wconf 77' lang='lat' dir='ltr'>mina</span> <span class='ocrx_word' id='word_1_223' title='bbox 792 1886 881 1929; x_wconf 67' lang='lat' dir='ltr'>uae</span> <span class='ocrx_word' id='word_1_224' title='bbox 909 1873 1143 1943; x_wconf 86' lang='lat' dir='ltr'>proprie</span> <span class='ocrx_word' id='word_1_225' title='bbox 1173 1875 1292 1929; x_wconf 88' lang='lat' dir='ltr'>Deo</span> <span class='ocrx_word' id='word_1_226' title='bbox 1319 1874 1686 1929; x_wconf 83' lang='lat' dir='ltr'>conveniunt</span> <span class='ocrx_word' id='word_1_227' title='bbox 1712 1872 1784 1929; x_wconf 87' lang='lat' dir='ltr'>ad</span> <span class='ocrx_word' id='word_1_228' title='bbox 1810 1871 2088 1930; x_wconf 84' lang='lat' dir='ltr'>homines</span> <span class='ocrx_word' id='word_1_229' title='bbox 2118 1872 2583 1939; x_wconf 83' lang='lat' dir='ltr'>transferuntur,</span> <span class='ocrx_word' id='word_1_230' title='bbox 2614 1877 2675 1928; x_wconf 90' lang='lat' dir='ltr'>ut</span> <span class='ocrx_word' id='word_1_231' title='bbox 2705 1869 2903 1945; x_wconf 74' lang='lat' dir='ltr'>dicantur</span> 
     </span>
     <span class='ocr_line' id='line_1_23' title="bbox 557 1940 2904 2014; baseline -0.002 -15"><span class='ocrx_word' id='word_1_232' title='bbox 557 1941 640 1999; x_wconf 86' lang='lat' dir='ltr'>dii</span> <span class='ocrx_word' id='word_1_233' title='bbox 667 1948 725 1997; x_wconf 88' lang='lat' dir='ltr'>et</span> <span class='ocrx_word' id='word_1_234' title='bbox 793 1942 855 1997; x_wconf 86' lang='lat' dir='ltr'>lii</span> <span class='ocrx_word' id='word_1_235' title='bbox 889 1943 990 1998; x_wconf 80' lang='lat' dir='ltr'>Dei</span> <span class='ocrx_word' id='word_1_236' title='bbox 1018 1947 1077 1998; x_wconf 89' lang='lat' dir='ltr'>et</span> <span class='ocrx_word' id='word_1_237' title='bbox 1098 1942 1324 1999; x_wconf 87' lang='lat' dir='ltr'>domini</span> <span class='ocrx_word' id='word_1_238' title='bbox 1347 1948 1408 1998; x_wconf 87' lang='lat' dir='ltr'>et</span> <span class='ocrx_word' id='word_1_239' title='bbox 1434 1943 1625 2000; x_wconf 78' lang='lat' dir='ltr'>sancti</span> <span class='ocrx_word' id='word_1_240' title='bbox 1655 1948 1715 1999; x_wconf 88' lang='lat' dir='ltr'>et</span> <span class='ocrx_word' id='word_1_241' title='bbox 1754 1942 1982 2011; x_wconf 81' lang='lat' dir='ltr'>christi,</span> <span class='ocrx_word' id='word_1_242' title='bbox 2012 1944 2170 2000; x_wconf 84' lang='lat' dir='ltr'>sicut</span> <span class='ocrx_word' id='word_1_243' title='bbox 2206 1957 2283 1998; x_wconf 80' lang='lat' dir='ltr'>ex</span> <span class='ocrx_word' id='word_1_244' title='bbox 2308 1943 2569 2000; x_wconf 83' lang='lat' dir='ltr'>diversis</span> <span class='ocrx_word' id='word_1_245' title='bbox 2615 1941 2748 1998; x_wconf 87' lang='lat' dir='ltr'>locis</span> <span class='ocrx_word' id='word_1_246' title='bbox 2772 1940 2904 2014; x_wconf 60' lang='lat' dir='ltr'>strip</span> 
     </span>
     <span class='ocr_line' id='line_1_24' title="bbox 554 2009 2906 2092; baseline -0.002 -25"><span class='ocrx_word' id='word_1_247' title='bbox 554 2013 704 2091; x_wconf 68' lang='lat' dir='ltr'>turm</span> <span class='ocrx_word' id='word_1_248' title='bbox 732 2014 890 2092; x_wconf 77' lang='lat' dir='ltr'>patet</span> <span class='ocrx_word' id='word_1_249' title='bbox 918 2025 932 2063; x_wconf 85' lang='lat' dir='ltr'>t</span> <span class='ocrx_word' id='word_1_250' title='bbox 978 2012 1061 2068; x_wconf 88' lang='lat' dir='ltr'>ita</span> <span class='ocrx_word' id='word_1_251' title='bbox 1088 2018 1144 2068; x_wconf 79' lang='lat' dir='ltr'>et</span> <span class='ocrx_word' id='word_1_252' title='bbox 1184 2013 1431 2070; x_wconf 88' lang='lat' dir='ltr'>nomina</span> <span class='ocrx_word' id='word_1_253' title='bbox 1460 2013 1658 2069; x_wconf 88' lang='lat' dir='ltr'>divina</span> <span class='ocrx_word' id='word_1_254' title='bbox 1701 2012 1928 2070; x_wconf 86' lang='lat' dir='ltr'>homini</span> <span class='ocrx_word' id='word_1_255' title='bbox 1973 2012 2060 2069; x_wconf 85' lang='lat' dir='ltr'>itti</span> <span class='ocrx_word' id='word_1_256' title='bbox 2097 2013 2485 2080; x_wconf 85' lang='lat' dir='ltr'>conveniunt,</span> <span class='ocrx_word' id='word_1_257' title='bbox 2520 2017 2583 2069; x_wconf 84' lang='lat' dir='ltr'>ut</span> <span class='ocrx_word' id='word_1_258' title='bbox 2610 2009 2906 2088; x_wconf 36' lang='lat' dir='ltr'>propter-nei</span> 
     </span>
     <span class='ocr_line' id='line_1_25' title="bbox 555 2080 2910 2150; baseline -0.003 -13"><span class='ocrx_word' id='word_1_259' title='bbox 555 2080 1043 2138; x_wconf 79' lang='lat' dir='ltr'>inhabitationem</span> <span class='ocrx_word' id='word_1_260' title='bbox 1061 2087 1117 2138; x_wconf 89' lang='lat' dir='ltr'>et</span> <span class='ocrx_word' id='word_1_261' title='bbox 1138 2083 1422 2140; x_wconf 89' lang='lat' dir='ltr'>unionem</span> <span class='ocrx_word' id='word_1_262' title='bbox 1441 2082 1712 2150; x_wconf 83' lang='lat' dir='ltr'>affectus,</span> <span class='ocrx_word' id='word_1_263' title='bbox 1731 2083 1961 2140; x_wconf 84' lang='lat' dir='ltr'>dicatur</span> <span class='ocrx_word' id='word_1_264' title='bbox 1974 2088 2029 2140; x_wconf 87' lang='lat' dir='ltr'>et</span> <span class='ocrx_word' id='word_1_265' title='bbox 2049 2086 2206 2140; x_wconf 80' lang='lat' dir='ltr'>Deus</span> <span class='ocrx_word' id='word_1_266' title='bbox 2227 2082 2399 2139; x_wconf 86' lang='lat' dir='ltr'>etDei</span> <span class='ocrx_word' id='word_1_267' title='bbox 2418 2083 2602 2139; x_wconf 80' lang='lat' dir='ltr'>Filius</span> <span class='ocrx_word' id='word_1_268' title='bbox 2620 2088 2677 2139; x_wconf 90' lang='lat' dir='ltr'>et</span> <span class='ocrx_word' id='word_1_269' title='bbox 2692 2084 2910 2138; x_wconf 75' lang='lat' dir='ltr'>Dominus</span> 
     </span>
     <span class='ocr_line' id='line_1_26' title="bbox 557 2146 2910 2224; baseline -0.003 -17"><span class='ocrx_word' id='word_1_270' title='bbox 557 2155 616 2207; x_wconf 88' lang='lat' dir='ltr'>et</span> <span class='ocrx_word' id='word_1_271' title='bbox 641 2153 896 2208; x_wconf 87' lang='lat' dir='ltr'>Sanctus</span> <span class='ocrx_word' id='word_1_272' title='bbox 923 2157 983 2207; x_wconf 92' lang='lat' dir='ltr'>et</span> <span class='ocrx_word' id='word_1_273' title='bbox 1005 2152 1292 2209; x_wconf 85' lang='lat' dir='ltr'>Christus.</span> <span class='ocrx_word' id='word_1_274' title='bbox 1325 2152 1439 2209; x_wconf 92' lang='lat' dir='ltr'>Sed</span> <span class='ocrx_word' id='word_1_275' title='bbox 1473 2159 1695 2218; x_wconf 84' lang='lat' dir='ltr'>tamen,</span> <span class='ocrx_word' id='word_1_276' title='bbox 1726 2154 1869 2222; x_wconf 83' lang='lat' dir='ltr'>quia</span> <span class='ocrx_word' id='word_1_277' title='bbox 1892 2153 1955 2207; x_wconf 84' lang='lat' dir='ltr'>in</span> <span class='ocrx_word' id='word_1_278' title='bbox 1996 2151 2104 2208; x_wconf 81' lang='lat' dir='ltr'>itio</span> <span class='ocrx_word' id='word_1_279' title='bbox 2152 2153 2395 2210; x_wconf 87' lang='lat' dir='ltr'>homine</span> <span class='ocrx_word' id='word_1_280' title='bbox 2438 2153 2631 2224; x_wconf 84' lang='lat' dir='ltr'>major</span> <span class='ocrx_word' id='word_1_281' title='bbox 2674 2146 2910 2222; x_wconf 80' lang='lat' dir='ltr'>plenitudo</span> 
     </span>
     <span class='ocr_line' id='line_1_27' title="bbox 555 2218 2908 2347; baseline -0.003 -70"><span class='ocrx_word' id='word_1_282' title='bbox 555 2222 763 2347; x_wconf 56' lang='lat' dir='ltr'>ffiatiae</span> <span class='ocrx_word' id='word_1_283' title='bbox 793 2221 904 2277; x_wconf 77' lang='lat' dir='ltr'>suit</span> <span class='ocrx_word' id='word_1_284' title='bbox 927 2235 1101 2290; x_wconf 86' lang='lat' dir='ltr'>quam</span> <span class='ocrx_word' id='word_1_285' title='bbox 1133 2222 1196 2276; x_wconf 89' lang='lat' dir='ltr'>in</span> <span class='ocrx_word' id='word_1_286' title='bbox 1240 2221 1372 2278; x_wconf 85' lang='lat' dir='ltr'>aliis</span> <span class='ocrx_word' id='word_1_287' title='bbox 1414 2220 1761 2279; x_wconf 86' lang='lat' dir='ltr'>hominibus</span> <span class='ocrx_word' id='word_1_288' title='bbox 1808 2221 2056 2289; x_wconf 84' lang='lat' dir='ltr'>sanctis,</span> <span class='ocrx_word' id='word_1_289' title='bbox 2105 2221 2213 2278; x_wconf 83' lang='lat' dir='ltr'>suit</span> <span class='ocrx_word' id='word_1_290' title='bbox 2251 2235 2369 2292; x_wconf 81' lang='lat' dir='ltr'>prae</span> <span class='ocrx_word' id='word_1_291' title='bbox 2415 2224 2648 2279; x_wconf 69' lang='lat' dir='ltr'>caeteris</span> <span class='ocrx_word' id='word_1_292' title='bbox 2693 2218 2908 2290; x_wconf 87' lang='lat' dir='ltr'>templum</span> 
     </span>
    </p>

    <p class='ocr_par' dir='ltr' id='par_1_5' title="bbox 553 2287 2915 2560">
     <span class='ocr_line' id='line_1_28' title="bbox 647 2287 2912 2364; baseline -0.002 -18"><span class='ocrx_word' id='word_1_293' title='bbox 647 2292 684 2352; x_wconf 89' lang='lat' dir='ltr'>i,</span> <span class='ocrx_word' id='word_1_294' title='bbox 717 2295 776 2346; x_wconf 91' lang='lat' dir='ltr'>et</span> <span class='ocrx_word' id='word_1_295' title='bbox 806 2292 1029 2347; x_wconf 83' lang='lat' dir='ltr'>arctius</span> <span class='ocrx_word' id='word_1_296' title='bbox 1061 2292 1178 2347; x_wconf 85' lang='lat' dir='ltr'>Deo</span> <span class='ocrx_word' id='word_1_297' title='bbox 1207 2290 1538 2349; x_wconf 84' lang='lat' dir='ltr'>secundum</span> <span class='ocrx_word' id='word_1_298' title='bbox 1566 2290 1845 2348; x_wconf 79' lang='lat' dir='ltr'>affectum</span> <span class='ocrx_word' id='word_1_299' title='bbox 1883 2292 2111 2360; x_wconf 85' lang='lat' dir='ltr'>unitus,</span> <span class='ocrx_word' id='word_1_300' title='bbox 2140 2297 2202 2347; x_wconf 85' lang='lat' dir='ltr'>et</span> <span class='ocrx_word' id='word_1_301' title='bbox 2237 2291 2534 2364; x_wconf 82' lang='lat' dir='ltr'>singulari</span> <span class='ocrx_word' id='word_1_302' title='bbox 2560 2291 2799 2364; x_wconf 80' lang='lat' dir='ltr'>quodam</span> <span class='ocrx_word' id='word_1_303' title='bbox 2831 2287 2912 2358; x_wconf 87' lang='lat' dir='ltr'>pii-</span> 
     </span>
     <span class='ocr_line' id='line_1_29' title="bbox 553 2358 2911 2442; baseline 0 -26"><span class='ocrx_word' id='word_1_304' title='bbox 553 2360 777 2441; x_wconf 69' lang='lat' dir='ltr'>vilegio</span> <span class='ocrx_word' id='word_1_305' title='bbox 805 2359 1005 2416; x_wconf 82' lang='lat' dir='ltr'>divina</span> <span class='ocrx_word' id='word_1_306' title='bbox 1033 2361 1713 2442; x_wconf 40' lang='lat' dir='ltr'>nomina-participavitj</span> <span class='ocrx_word' id='word_1_307' title='bbox 1746 2367 1802 2418; x_wconf 91' lang='lat' dir='ltr'>et</span> <span class='ocrx_word' id='word_1_308' title='bbox 1849 2369 2091 2433; x_wconf 85' lang='lat' dir='ltr'>propter</span> <span class='ocrx_word' id='word_1_309' title='bbox 2132 2360 2287 2418; x_wconf 86' lang='lat' dir='ltr'>hanc</span> <span class='ocrx_word' id='word_1_310' title='bbox 2328 2363 2730 2419; x_wconf 80' lang='lat' dir='ltr'>excellentiam</span> <span class='ocrx_word' id='word_1_311' title='bbox 2763 2358 2911 2439; x_wconf 61' lang='lat' dir='ltr'>gratim</span> 
     </span>
     <span class='ocr_line' id='line_1_30' title="bbox 555 2429 2915 2558; baseline -0.003 -70"><span class='ocrx_word' id='word_1_312' title='bbox 555 2433 1035 2558; x_wconf 55' lang='grc' dir='ltr'>οοηὲῑιωῖυεῧεῐ</span> <span class='ocrx_word' id='word_1_313' title='bbox 1064 2443 1129 2487; x_wconf 86' lang='lat' dir='ltr'>in</span> <span class='ocrx_word' id='word_1_314' title='bbox 1157 2436 1600 2502; x_wconf 69' lang='lat' dir='ltr'>participatione</span> <span class='ocrx_word' id='word_1_315' title='bbox 1634 2432 1849 2488; x_wconf 75' lang='lat' dir='ltr'>divinae</span> <span class='ocrx_word' id='word_1_316' title='bbox 1880 2431 2189 2504; x_wconf 82' lang='lat' dir='ltr'>dignitatis</span> <span class='ocrx_word' id='word_1_317' title='bbox 2237 2436 2297 2488; x_wconf 87' lang='lat' dir='ltr'>et</span> <span class='ocrx_word' id='word_1_318' title='bbox 2344 2431 2622 2502; x_wconf 87' lang='lat' dir='ltr'>honoris,</span> <span class='ocrx_word' id='word_1_319' title='bbox 2649 2435 2708 2489; x_wconf 91' lang='lat' dir='ltr'>ut</span> <span class='ocrx_word' id='word_1_320' title='bbox 2744 2429 2915 2487; x_wconf 82' lang='lat' dir='ltr'>scilicet</span> 
     </span>
     <span class='ocr_line' id='line_1_31' title="bbox 556 2512 2422 2560; baseline -0.003 -1"><span class='ocrx_word' id='word_1_321' title='bbox 556 2512 670 2560; x_wconf 87' lang='lat' dir='ltr'>coa</span> <span class='ocrx_word' id='word_1_322' title='bbox 713 2515 814 2558; x_wconf 83' lang='lat' dir='ltr'>ore</span> <span class='ocrx_word' id='word_1_323' title='bbox 844 2515 914 2558; x_wconf 90' lang='lat' dir='ltr'>ur</span> <span class='ocrx_word' id='word_1_324' title='bbox 980 2514 1072 2558; x_wconf 91' lang='lat' dir='ltr'>eo.</span> <span class='ocrx_word' id='word_1_325' title='bbox 2416 2546 2422 2553; x_wconf 85' lang='grc'>,</span> 
     </span>
    </p>

    <p class='ocr_par' dir='ltr' id='par_1_6' title="bbox 554 2570 2914 3427">
     <span class='ocr_line' id='line_1_32' title="bbox 631 2570 2914 2644; baseline -0.003 -15"><span class='ocrx_word' id='word_1_326' title='bbox 631 2575 698 2629; x_wconf 87' lang='lat' dir='ltr'>Et</span> <span class='ocrx_word' id='word_1_327' title='bbox 722 2573 830 2639; x_wconf 88' lang='lat' dir='ltr'>sic,</span> <span class='ocrx_word' id='word_1_328' title='bbox 861 2572 1190 2630; x_wconf 86' lang='lat' dir='ltr'>secundum</span> <span class='ocrx_word' id='word_1_329' title='bbox 1217 2573 1516 2644; x_wconf 80' lang='lat' dir='ltr'>praedicta,</span> <span class='ocrx_word' id='word_1_330' title='bbox 1546 2578 1780 2642; x_wconf 78' lang='lat' dir='ltr'>oportet</span> <span class='ocrx_word' id='word_1_331' title='bbox 1847 2573 1964 2631; x_wconf 90' lang='lat' dir='ltr'>uod</span> <span class='ocrx_word' id='word_1_332' title='bbox 1992 2573 2111 2631; x_wconf 81' lang='lat' dir='ltr'>alia</span> <span class='ocrx_word' id='word_1_333' title='bbox 2150 2573 2230 2632; x_wconf 83' lang='lat' dir='ltr'>sit</span> <span class='ocrx_word' id='word_1_334' title='bbox 2265 2586 2531 2644; x_wconf 83' lang='lat' dir='ltr'>persona</span> <span class='ocrx_word' id='word_1_335' title='bbox 2564 2573 2726 2631; x_wconf 86' lang='lat' dir='ltr'>Verbi</span> <span class='ocrx_word' id='word_1_336' title='bbox 2765 2570 2845 2627; x_wconf 80' lang='lat' dir='ltr'>Dei</span> <span class='ocrx_word' id='word_1_337' title='bbox 2876 2571 2914 2622; x_wconf 84' lang='lat' dir='ltr'>et</span> 
     </span>
     <span class='ocr_line' id='line_1_33' title="bbox 556 2642 2914 2716; baseline -0.002 -16"><span class='ocrx_word' id='word_1_338' title='bbox 556 2642 678 2701; x_wconf 84' lang='lat' dir='ltr'>alia</span> <span class='ocrx_word' id='word_1_339' title='bbox 705 2655 963 2713; x_wconf 84' lang='lat' dir='ltr'>persona</span> <span class='ocrx_word' id='word_1_340' title='bbox 982 2642 1146 2700; x_wconf 81' lang='lat' dir='ltr'>iltius</span> <span class='ocrx_word' id='word_1_341' title='bbox 1175 2643 1438 2701; x_wconf 82' lang='lat' dir='ltr'>hominis</span> <span class='ocrx_word' id='word_1_342' title='bbox 1466 2644 1567 2716; x_wconf 86' lang='lat' dir='ltr'>qui</span> <span class='ocrx_word' id='word_1_343' title='bbox 1601 2643 1785 2701; x_wconf 83' lang='lat' dir='ltr'>verbo</span> <span class='ocrx_word' id='word_1_344' title='bbox 1864 2644 1916 2699; x_wconf 88' lang='lat' dir='ltr'>ei</span> <span class='ocrx_word' id='word_1_345' title='bbox 1947 2644 2323 2702; x_wconf 79' lang='lat' dir='ltr'>coadoratur.</span> <span class='ocrx_word' id='word_1_346' title='bbox 2364 2647 2453 2711; x_wconf 83' lang='lat' dir='ltr'>Et,</span> <span class='ocrx_word' id='word_1_347' title='bbox 2507 2646 2560 2703; x_wconf 82' lang='lat' dir='ltr'>si</span> <span class='ocrx_word' id='word_1_348' title='bbox 2604 2644 2810 2701; x_wconf 82' lang='lat' dir='ltr'>dicatur</span> <span class='ocrx_word' id='word_1_349' title='bbox 2830 2650 2914 2694; x_wconf 81' lang='lat' dir='ltr'>una</span> 
     </span>
     <span class='ocr_line' id='line_1_34' title="bbox 556 2712 2911 2786; baseline 0.003 -17"><span class='ocrx_word' id='word_1_350' title='bbox 556 2725 818 2785; x_wconf 87' lang='lat' dir='ltr'>persona</span> <span class='ocrx_word' id='word_1_351' title='bbox 848 2713 1154 2785; x_wconf 85' lang='lat' dir='ltr'>utriusque</span> <span class='ocrx_word' id='word_1_352' title='bbox 1203 2713 1319 2770; x_wconf 89' lang='lat' dir='ltr'>hoc</span> <span class='ocrx_word' id='word_1_353' title='bbox 1344 2714 1459 2770; x_wconf 84' lang='lat' dir='ltr'>erit</span> <span class='ocrx_word' id='word_1_354' title='bbox 1495 2719 1736 2784; x_wconf 83' lang='lat' dir='ltr'>propter</span> <span class='ocrx_word' id='word_1_355' title='bbox 1784 2714 2064 2771; x_wconf 87' lang='lat' dir='ltr'>unionem</span> <span class='ocrx_word' id='word_1_356' title='bbox 2109 2713 2485 2772; x_wconf 82' lang='lat' dir='ltr'>affectualem</span> <span class='ocrx_word' id='word_1_357' title='bbox 2536 2715 2857 2786; x_wconf 65' lang='lat' dir='ltr'>praedictam,</span> <span class='ocrx_word' id='word_1_358' title='bbox 2873 2712 2911 2762; x_wconf 69' lang='lat'>¹1²</span> 
     </span>
     <span class='ocr_line' id='line_1_35' title="bbox 560 2755 2911 2864; baseline -0.002 -23"><span class='ocrx_word' id='word_1_359' title='bbox 560 2782 650 2841; x_wconf 85' lang='lat' dir='ltr'>sic</span> <span class='ocrx_word' id='word_1_360' title='bbox 678 2781 906 2864; x_wconf 81' lang='lat' dir='ltr'>dicatur</span> <span class='ocrx_word' id='word_1_361' title='bbox 927 2783 1110 2864; x_wconf 80' lang='lat' dir='ltr'>honio</span> <span class='ocrx_word' id='word_1_362' title='bbox 1138 2755 1239 2840; x_wconf 69' lang='lat' dir='ltr'>ilie</span> <span class='ocrx_word' id='word_1_363' title='bbox 1265 2788 1323 2840; x_wconf 84' lang='lat' dir='ltr'>et</span> <span class='ocrx_word' id='word_1_364' title='bbox 1351 2784 1454 2840; x_wconf 89' lang='lat' dir='ltr'>Dei</span> <span class='ocrx_word' id='word_1_365' title='bbox 1482 2784 1735 2840; x_wconf 81' lang='lat' dir='ltr'>Vei-tium</span> <span class='ocrx_word' id='word_1_366' title='bbox 1772 2798 1894 2842; x_wconf 90' lang='lat' dir='ltr'>una</span> <span class='ocrx_word' id='word_1_367' title='bbox 1921 2798 2179 2856; x_wconf 86' lang='lat' dir='ltr'>persona</span> <span class='ocrx_word' id='word_1_368' title='bbox 2212 2785 2372 2843; x_wconf 83' lang='lat' dir='ltr'>sicut</span> <span class='ocrx_word' id='word_1_369' title='bbox 2408 2785 2629 2842; x_wconf 85' lang='lat' dir='ltr'>dicitur</span> <span class='ocrx_word' id='word_1_370' title='bbox 2650 2785 2720 2841; x_wconf 89' lang='lat' dir='ltr'>de</span> <span class='ocrx_word' id='word_1_371' title='bbox 2745 2783 2855 2863; x_wconf 26' lang='lat' dir='ltr'>,viro</span> <span class='ocrx_word' id='word_1_372' title='bbox 2872 2780 2911 2832; x_wconf 74' lang='lat' dir='ltr'>et</span> 
     </span>
     <span class='ocr_line' id='line_1_36' title="bbox 555 2853 2912 2981; baseline -0.001 -72"><span class='ocrx_word' id='word_1_373' title='bbox 555 2853 805 2933; x_wconf 79' lang='lat' dir='ltr'>muliere</span> <span class='ocrx_word' id='word_1_374' title='bbox 833 2854 1138 2981; x_wconf 61' lang='lat' dir='ltr'>quoddam</span> <span class='ocrx_word' id='word_1_375' title='bbox 1168 2859 1461 2934; x_wconf 36' lang='lat' dir='ltr'>nous-unt</span> <span class='ocrx_word' id='word_1_376' title='bbox 1503 2854 1643 2922; x_wconf 87' lang='lat' dir='ltr'>duo,</span> <span class='ocrx_word' id='word_1_377' title='bbox 1678 2854 1788 2911; x_wconf 85' lang='lat' dir='ltr'>sed</span> <span class='ocrx_word' id='word_1_378' title='bbox 1819 2867 1937 2912; x_wconf 90' lang='lat' dir='ltr'>una</span> <span class='ocrx_word' id='word_1_379' title='bbox 1961 2869 2122 2913; x_wconf 87' lang='lat' dir='ltr'>caro.</span> <span class='ocrx_word' id='word_1_380' title='bbox 2169 2858 2255 2924; x_wconf 71' lang='lat' dir='ltr'>Et,</span> <span class='ocrx_word' id='word_1_381' title='bbox 2300 2855 2441 2927; x_wconf 86' lang='lat' dir='ltr'>quia</span> <span class='ocrx_word' id='word_1_382' title='bbox 2485 2857 2626 2913; x_wconf 84' lang='lat' dir='ltr'>talis</span> <span class='ocrx_word' id='word_1_383' title='bbox 2664 2865 2792 2911; x_wconf 89' lang='lat' dir='ltr'>unio</span> <span class='ocrx_word' id='word_1_384' title='bbox 2830 2858 2912 2906; x_wconf 83' lang='lat' dir='ltr'>non</span> 
     </span>
     <span class='ocr_line' id='line_1_37' title="bbox 557 2921 2913 2999; baseline -0.002 -17"><span class='ocrx_word' id='word_1_385' title='bbox 557 2923 701 2981; x_wconf 83' lang='lat' dir='ltr'>facit</span> <span class='ocrx_word' id='word_1_386' title='bbox 734 2923 982 2995; x_wconf 67' lang='lat' dir='ltr'>ut‘quod</span> <span class='ocrx_word' id='word_1_387' title='bbox 1043 2938 1075 2980; x_wconf 91' lang='lat' dir='ltr'>e</span> <span class='ocrx_word' id='word_1_388' title='bbox 1100 2936 1222 2981; x_wconf 86' lang='lat' dir='ltr'>uno</span> <span class='ocrx_word' id='word_1_389' title='bbox 1249 2923 1468 2982; x_wconf 86' lang='lat' dir='ltr'>dicitur</span> <span class='ocrx_word' id='word_1_390' title='bbox 1494 2923 1568 2982; x_wconf 89' lang='lat' dir='ltr'>de</span> <span class='ocrx_word' id='word_1_391' title='bbox 1596 2925 1783 2982; x_wconf 86' lang='lat' dir='ltr'>altero</span> <span class='ocrx_word' id='word_1_392' title='bbox 1809 2924 1930 2982; x_wconf 87' lang='lat' dir='ltr'>dici</span> <span class='ocrx_word' id='word_1_393' title='bbox 1954 2925 2146 2996; x_wconf 77' lang='lat' dir='ltr'>possit</span> <span class='ocrx_word' id='word_1_394' title='bbox 2170 2926 2315 2998; x_wconf 88' lang='lat' dir='ltr'>(non</span> <span class='ocrx_word' id='word_1_395' title='bbox 2332 2926 2498 2983; x_wconf 88' lang='lat' dir='ltr'>enim</span> <span class='ocrx_word' id='word_1_396' title='bbox 2524 2921 2795 2999; x_wconf 85' lang='lat' dir='ltr'>quidquid</span> <span class='ocrx_word' id='word_1_397' title='bbox 2818 2930 2913 2995; x_wconf 70' lang='lat' dir='ltr'>coli·</span> 
     </span>
     <span class='ocr_line' id='line_1_38' title="bbox 554 2989 2909 3072; baseline -0 -23"><span class='ocrx_word' id='word_1_398' title='bbox 554 2993 873 3072; x_wconf 34' lang='lat' dir='ltr'>venit-viro</span> <span class='ocrx_word' id='word_1_399' title='bbox 897 3007 1101 3051; x_wconf 83' lang='lat' dir='ltr'>verum</span> <span class='ocrx_word' id='word_1_400' title='bbox 1133 3000 1223 3052; x_wconf 88' lang='lat' dir='ltr'>est</span> <span class='ocrx_word' id='word_1_401' title='bbox 1263 2994 1335 3052; x_wconf 88' lang='lat' dir='ltr'>de</span> <span class='ocrx_word' id='word_1_402' title='bbox 1366 2995 1615 3052; x_wconf 87' lang='lat' dir='ltr'>muliere</span> <span class='ocrx_word' id='word_1_403' title='bbox 1643 3001 1744 3053; x_wconf 84' lang='lat' dir='ltr'>aut</span> <span class='ocrx_word' id='word_1_404' title='bbox 1794 3009 1827 3052; x_wconf 93' lang='lat' dir='ltr'>e</span> <span class='ocrx_word' id='word_1_405' title='bbox 1874 2996 2209 3069; x_wconf 86' lang='lat' dir='ltr'>converso),</span> <span class='ocrx_word' id='word_1_406' title='bbox 2238 2995 2375 3055; x_wconf 90' lang='lat' dir='ltr'>ideo</span> <span class='ocrx_word' id='word_1_407' title='bbox 2417 2996 2483 3053; x_wconf 90' lang='lat' dir='ltr'>in</span> <span class='ocrx_word' id='word_1_408' title='bbox 2535 2996 2749 3053; x_wconf 88' lang='lat' dir='ltr'>unione</span> <span class='ocrx_word' id='word_1_409' title='bbox 2773 2989 2909 3068; x_wconf 56' lang='lat' dir='ltr'>Verlu-</span> 
     </span>
     <span class='ocr_line' id='line_1_39' title="bbox 557 3063 2914 3145; baseline 0 -27"><span class='ocrx_word' id='word_1_410' title='bbox 557 3063 818 3145; x_wconf 52' lang='lat' dir='ltr'>titinius</span> <span class='ocrx_word' id='word_1_411' title='bbox 848 3063 1113 3144; x_wconf 71' lang='lat' dir='ltr'>hominis</span> <span class='ocrx_word' id='word_1_412' title='bbox 1151 3065 1269 3121; x_wconf 86' lang='lat' dir='ltr'>hoc</span> <span class='ocrx_word' id='word_1_413' title='bbox 1319 3065 1757 3122; x_wconf 83' lang='lat' dir='ltr'>observandum</span> <span class='ocrx_word' id='word_1_414' title='bbox 1788 3070 1997 3137; x_wconf 82' lang='lat' dir='ltr'>putant</span> <span class='ocrx_word' id='word_1_415' title='bbox 2040 3066 2199 3138; x_wconf 83' lang='lat' dir='ltr'>quod</span> <span class='ocrx_word' id='word_1_416' title='bbox 2262 3080 2331 3124; x_wconf 85' lang='lat' dir='ltr'>ea</span> <span class='ocrx_word' id='word_1_417' title='bbox 2372 3081 2512 3138; x_wconf 75' lang='lat' dir='ltr'>quie</span> <span class='ocrx_word' id='word_1_418' title='bbox 2554 3069 2695 3123; x_wconf 88' lang='lat' dir='ltr'>sunt</span> <span class='ocrx_word' id='word_1_419' title='bbox 2733 3071 2914 3135; x_wconf 78' lang='lat' dir='ltr'>propria</span> 
     </span>
     <span class='ocr_line' id='line_1_40' title="bbox 556 3128 2913 3208; baseline -0.003 -17"><span class='ocrx_word' id='word_1_420' title='bbox 556 3132 721 3191; x_wconf 86' lang='lat' dir='ltr'>illius</span> <span class='ocrx_word' id='word_1_421' title='bbox 747 3132 1032 3201; x_wconf 84' lang='lat' dir='ltr'>hominis,</span> <span class='ocrx_word' id='word_1_422' title='bbox 1066 3135 1137 3191; x_wconf 88' lang='lat' dir='ltr'>ad</span> <span class='ocrx_word' id='word_1_423' title='bbox 1183 3134 1507 3192; x_wconf 86' lang='lat' dir='ltr'>humanam</span> <span class='ocrx_word' id='word_1_424' title='bbox 1536 3142 1807 3193; x_wconf 86' lang='lat' dir='ltr'>naturam</span> <span class='ocrx_word' id='word_1_425' title='bbox 1852 3137 2227 3208; x_wconf 82' lang='lat' dir='ltr'>pertinentia,</span> <span class='ocrx_word' id='word_1_426' title='bbox 2265 3135 2340 3194; x_wconf 87' lang='lat' dir='ltr'>de</span> <span class='ocrx_word' id='word_1_427' title='bbox 2376 3137 2570 3194; x_wconf 79' lang='lat' dir='ltr'>Verbo</span> <span class='ocrx_word' id='word_1_428' title='bbox 2616 3135 2714 3193; x_wconf 87' lang='lat' dir='ltr'>Dei</span> <span class='ocrx_word' id='word_1_429' title='bbox 2749 3138 2837 3190; x_wconf 82' lang='lat' dir='ltr'>aut</span> <span class='ocrx_word' id='word_1_430' title='bbox 2867 3128 2913 3205; x_wconf 62' lang='lat' dir='ltr'>de</span> 
     </span>
     <span class='ocr_line' id='line_1_41' title="bbox 556 3198 2914 3284; baseline 0 -24"><span class='ocrx_word' id='word_1_431' title='bbox 556 3205 680 3260; x_wconf 90' lang='lat' dir='ltr'>Deo</span> <span class='ocrx_word' id='word_1_432' title='bbox 708 3204 1129 3284; x_wconf 78' lang='lat' dir='ltr'>convenienter</span> <span class='ocrx_word' id='word_1_433' title='bbox 1155 3205 1271 3261; x_wconf 84' lang='lat' dir='ltr'>dici</span> <span class='ocrx_word' id='word_1_434' title='bbox 1316 3217 1438 3262; x_wconf 90' lang='lat' dir='ltr'>non</span> <span class='ocrx_word' id='word_1_435' title='bbox 1467 3212 1758 3276; x_wconf 87' lang='lat' dir='ltr'>possunt;</span> <span class='ocrx_word' id='word_1_436' title='bbox 1798 3207 1956 3263; x_wconf 85' lang='lat' dir='ltr'>sicut</span> <span class='ocrx_word' id='word_1_437' title='bbox 1985 3206 2211 3264; x_wconf 81' lang='lat' dir='ltr'>homini</span> <span class='ocrx_word' id='word_1_438' title='bbox 2240 3207 2328 3263; x_wconf 88' lang='lat' dir='ltr'>illi</span> <span class='ocrx_word' id='word_1_439' title='bbox 2362 3207 2647 3264; x_wconf 81' lang='lat' dir='ltr'>convenit</span> <span class='ocrx_word' id='word_1_440' title='bbox 2692 3201 2831 3277; x_wconf 81' lang='lat' dir='ltr'>quod</span> <span class='ocrx_word' id='word_1_441' title='bbox 2864 3198 2914 3255; x_wconf 70' lang='lat' dir='ltr'>stt</span> 
     </span>
     <span class='ocr_line' id='line_1_42' title="bbox 555 3274 2913 3348; baseline -0.002 -18"><span class='ocrx_word' id='word_1_442' title='bbox 555 3279 737 3330; x_wconf 84' lang='lat' dir='ltr'>natus</span> <span class='ocrx_word' id='word_1_443' title='bbox 765 3274 840 3330; x_wconf 89' lang='lat' dir='ltr'>de</span> <span class='ocrx_word' id='word_1_444' title='bbox 868 3274 1125 3346; x_wconf 84' lang='lat' dir='ltr'>Virgine,</span> <span class='ocrx_word' id='word_1_445' title='bbox 1155 3274 1314 3347; x_wconf 84' lang='lat' dir='ltr'>quod</span> <span class='ocrx_word' id='word_1_446' title='bbox 1337 3289 1579 3346; x_wconf 85' lang='lat' dir='ltr'>passus,</span> <span class='ocrx_word' id='word_1_447' title='bbox 1606 3280 1880 3333; x_wconf 76' lang='lat' dir='ltr'>moi-tuus</span> <span class='ocrx_word' id='word_1_448' title='bbox 1908 3282 1968 3333; x_wconf 85' lang='lat' dir='ltr'>et</span> <span class='ocrx_word' id='word_1_449' title='bbox 2009 3277 2278 3347; x_wconf 84' lang='lat' dir='ltr'>sepultus</span> <span class='ocrx_word' id='word_1_450' title='bbox 2328 3280 2387 3334; x_wconf 88' lang='lat' dir='ltr'>et</span> <span class='ocrx_word' id='word_1_451' title='bbox 2431 3274 2799 3348; x_wconf 84' lang='lat' dir='ltr'>hujusmodi;</span> <span class='ocrx_word' id='word_1_452' title='bbox 2823 3279 2913 3343; x_wconf 77' lang='lat' dir='ltr'>qiiae</span> 
     </span>
     <span class='ocr_line' id='line_1_43' title="bbox 555 3319 2826 3427; baseline 0.002 -26"><span class='ocrx_word' id='word_1_453' title='bbox 555 3344 764 3401; x_wconf 87' lang='lat' dir='ltr'>omnia</span> <span class='ocrx_word' id='word_1_454' title='bbox 792 3348 1070 3426; x_wconf 80' lang='lat' dir='ltr'>asserunt</span> <span class='ocrx_word' id='word_1_455' title='bbox 1097 3344 1169 3402; x_wconf 92' lang='lat' dir='ltr'>de</span> <span class='ocrx_word' id='word_1_456' title='bbox 1198 3347 1320 3402; x_wconf 84' lang='lat' dir='ltr'>Deo</span> <span class='ocrx_word' id='word_1_457' title='bbox 1343 3347 1435 3402; x_wconf 84' lang='lat' dir='ltr'>vet</span> <span class='ocrx_word' id='word_1_458' title='bbox 1462 3348 1535 3403; x_wconf 93' lang='lat' dir='ltr'>de</span> <span class='ocrx_word' id='word_1_459' title='bbox 1568 3347 1668 3427; x_wconf 66' lang='lat' dir='ltr'>Dei</span> <span class='ocrx_word' id='word_1_460' title='bbox 1696 3347 1884 3404; x_wconf 80' lang='lat' dir='ltr'>vei-bo</span> <span class='ocrx_word' id='word_1_461' title='bbox 1914 3346 2028 3404; x_wconf 88' lang='lat' dir='ltr'>dici</span> <span class='ocrx_word' id='word_1_462' title='bbox 2058 3359 2178 3403; x_wconf 87' lang='lat' dir='ltr'>non</span> <span class='ocrx_word' id='word_1_463' title='bbox 2208 3319 2445 3404; x_wconf 67' lang='lat' dir='ltr'>debere.</span> <span class='ocrx_word' id='word_1_464' title='bbox 2604 3397 2612 3405; x_wconf 89' lang='lat'>.</span> <span class='ocrx_word' id='word_1_465' title='bbox 2816 3411 2826 3420; x_wconf 59' lang='grc'><strong>,</strong></span> 
     </span>
    </p>

    <p class='ocr_par' dir='ltr' id='par_1_7' title="bbox 545 3410 2914 3962">
     <span class='ocr_line' id='line_1_44' title="bbox 635 3410 2913 3489; baseline -0.001 -20"><span class='ocrx_word' id='word_1_466' title='bbox 635 3414 772 3480; x_wconf 87' lang='lat' dir='ltr'>Sed,</span> <span class='ocrx_word' id='word_1_467' title='bbox 795 3428 936 3485; x_wconf 85' lang='lat' dir='ltr'>quia</span> <span class='ocrx_word' id='word_1_468' title='bbox 964 3419 1107 3471; x_wconf 87' lang='lat' dir='ltr'>sunt</span> <span class='ocrx_word' id='word_1_469' title='bbox 1132 3416 1400 3488; x_wconf 70' lang='lat' dir='ltr'>quffidam</span> <span class='ocrx_word' id='word_1_470' title='bbox 1433 3429 1679 3474; x_wconf 89' lang='lat' dir='ltr'>nomina</span> <span class='ocrx_word' id='word_1_471' title='bbox 1706 3430 1859 3488; x_wconf 80' lang='lat' dir='ltr'>quoe,</span> <span class='ocrx_word' id='word_1_472' title='bbox 1880 3417 1996 3474; x_wconf 86' lang='lat' dir='ltr'>etsi</span> <span class='ocrx_word' id='word_1_473' title='bbox 2022 3419 2145 3475; x_wconf 87' lang='lat' dir='ltr'>Deo</span> <span class='ocrx_word' id='word_1_474' title='bbox 2164 3416 2575 3489; x_wconf 82' lang='lat' dir='ltr'>principaliter</span> <span class='ocrx_word' id='word_1_475' title='bbox 2600 3410 2913 3475; x_wconf 77' lang='lat' dir='ltr'>conveniant,</span> 
     </span>
     <span class='ocr_line' id='line_1_45' title="bbox 551 3483 2910 3568; baseline -0.001 -26"><span class='ocrx_word' id='word_1_476' title='bbox 551 3484 1074 3564; x_wconf 75' lang='lat' dir='ltr'>communicantur</span> <span class='ocrx_word' id='word_1_477' title='bbox 1097 3489 1301 3542; x_wconf 83' lang='lat' dir='ltr'>tamen</span> <span class='ocrx_word' id='word_1_478' title='bbox 1339 3486 1681 3544; x_wconf 86' lang='lat' dir='ltr'>hominibus</span> <span class='ocrx_word' id='word_1_479' title='bbox 1718 3500 1827 3568; x_wconf 82' lang='lat' dir='ltr'>per</span> <span class='ocrx_word' id='word_1_480' title='bbox 1872 3487 2129 3568; x_wconf 84' lang='lat' dir='ltr'>aliquem</span> <span class='ocrx_word' id='word_1_481' title='bbox 2166 3487 2433 3557; x_wconf 84' lang='lat' dir='ltr'>modum,</span> <span class='ocrx_word' id='word_1_482' title='bbox 2493 3489 2653 3546; x_wconf 84' lang='lat' dir='ltr'>sicut</span> <span class='ocrx_word' id='word_1_483' title='bbox 2688 3483 2910 3544; x_wconf 73' lang='lat' dir='ltr'>christus,</span> 
     </span>
     <span class='ocr_line' id='line_1_46' title="bbox 553 3551 2910 3636; baseline -0.003 -24"><span class='ocrx_word' id='word_1_484' title='bbox 553 3552 858 3635; x_wconf 78' lang='lat' dir='ltr'>dominus,</span> <span class='ocrx_word' id='word_1_485' title='bbox 888 3565 1133 3636; x_wconf 68' lang='lat' dir='ltr'>sanctus</span> <span class='ocrx_word' id='word_1_486' title='bbox 1162 3561 1223 3612; x_wconf 89' lang='lat' dir='ltr'>et</span> <span class='ocrx_word' id='word_1_487' title='bbox 1248 3556 1423 3613; x_wconf 80' lang='lat' dir='ltr'>etiam</span> <span class='ocrx_word' id='word_1_488' title='bbox 1444 3556 1604 3615; x_wconf 85' lang='lat' dir='ltr'>filius</span> <span class='ocrx_word' id='word_1_489' title='bbox 1631 3559 1752 3625; x_wconf 84' lang='lat' dir='ltr'>Dei,</span> <span class='ocrx_word' id='word_1_490' title='bbox 1779 3557 1852 3614; x_wconf 88' lang='lat' dir='ltr'>de</span> <span class='ocrx_word' id='word_1_491' title='bbox 1880 3557 2223 3629; x_wconf 66' lang='lat' dir='ltr'>huiusmodi</span> <span class='ocrx_word' id='word_1_492' title='bbox 2243 3556 2611 3624; x_wconf 86' lang='lat' dir='ltr'>nominibus,</span> <span class='ocrx_word' id='word_1_493' title='bbox 2644 3551 2910 3615; x_wconf 85' lang='lat' dir='ltr'>secundum</span> 
     </span>
     <span class='ocr_line' id='line_1_47' title="bbox 557 3625 2914 3698; baseline -0 -17"><span class='ocrx_word' id='word_1_494' title='bbox 557 3636 686 3686; x_wconf 88' lang='lat' dir='ltr'>eos,</span> <span class='ocrx_word' id='word_1_495' title='bbox 720 3625 869 3680; x_wconf 84' lang='lat' dir='ltr'>nihil</span> <span class='ocrx_word' id='word_1_496' title='bbox 896 3625 1168 3695; x_wconf 86' lang='lat' dir='ltr'>prohihet</span> <span class='ocrx_word' id='word_1_497' title='bbox 1192 3627 1467 3696; x_wconf 74' lang='lat' dir='ltr'>praedicta</span> <span class='ocrx_word' id='word_1_498' title='bbox 1494 3626 1825 3698; x_wconf 79' lang='lat' dir='ltr'>praedicari.</span> <span class='ocrx_word' id='word_1_499' title='bbox 1854 3628 2284 3685; x_wconf 84' lang='lat' dir='ltr'>convenienter</span> <span class='ocrx_word' id='word_1_500' title='bbox 2309 3629 2469 3685; x_wconf 88' lang='lat' dir='ltr'>enim</span> <span class='ocrx_word' id='word_1_501' title='bbox 2492 3629 2729 3695; x_wconf 88' lang='lat' dir='ltr'>dicitur,</span> <span class='ocrx_word' id='word_1_502' title='bbox 2756 3631 2914 3695; x_wconf 68' lang='lat' dir='ltr'>secun:</span> 
     </span>
     <span class='ocr_line' id='line_1_48' title="bbox 551 3692 2910 3779; baseline -0.002 -27"><span class='ocrx_word' id='word_1_503' title='bbox 551 3694 694 3775; x_wconf 78' lang='lat' dir='ltr'>dum</span> <span class='ocrx_word' id='word_1_504' title='bbox 725 3708 854 3773; x_wconf 82' lang='lat' dir='ltr'>eos,</span> <span class='ocrx_word' id='word_1_505' title='bbox 880 3694 1037 3766; x_wconf 90' lang='lat' dir='ltr'>quod</span> <span class='ocrx_word' id='word_1_506' title='bbox 1067 3694 1355 3779; x_wconf 74' lang='lat' dir='ltr'>Christus²</span> <span class='ocrx_word' id='word_1_507' title='bbox 1390 3698 1673 3755; x_wconf 83' lang='lat' dir='ltr'>Dominus</span> <span class='ocrx_word' id='word_1_508' title='bbox 1697 3698 1926 3771; x_wconf 73' lang='lat' dir='ltr'>gloriis,</span> <span class='ocrx_word' id='word_1_509' title='bbox 1949 3698 2041 3755; x_wconf 79' lang='lat' dir='ltr'>vel</span> <span class='ocrx_word' id='word_1_510' title='bbox 2069 3700 2322 3756; x_wconf 84' lang='lat' dir='ltr'>Sanctus</span> <span class='ocrx_word' id='word_1_511' title='bbox 2347 3707 2712 3765; x_wconf 85' lang='lat' dir='ltr'>sanctorum,</span> <span class='ocrx_word' id='word_1_512' title='bbox 2739 3692 2910 3751; x_wconf 72' lang='lat' dir='ltr'>vainei</span> 
     </span>
     <span class='ocr_line' id='line_1_49' title="bbox 555 3764 2911 3845; baseline 0.002 -26"><span class='ocrx_word' id='word_1_513' title='bbox 555 3765 760 3845; x_wconf 70' lang='lat' dir='ltr'>Filius,</span> <span class='ocrx_word' id='word_1_514' title='bbox 791 3769 872 3823; x_wconf 87' lang='lat' dir='ltr'>sit</span> <span class='ocrx_word' id='word_1_515' title='bbox 895 3770 1070 3823; x_wconf 85' lang='lat' dir='ltr'>natus</span> <span class='ocrx_word' id='word_1_516' title='bbox 1099 3764 1173 3822; x_wconf 92' lang='lat' dir='ltr'>de</span> <span class='ocrx_word' id='word_1_517' title='bbox 1200 3770 1456 3841; x_wconf 78' lang='lat' dir='ltr'>vii-gine,</span> <span class='ocrx_word' id='word_1_518' title='bbox 1483 3781 1725 3840; x_wconf 87' lang='lat' dir='ltr'>passus,</span> <span class='ocrx_word' id='word_1_519' title='bbox 1757 3774 2031 3827; x_wconf 79' lang='lat' dir='ltr'>moi-tuus</span> <span class='ocrx_word' id='word_1_520' title='bbox 2054 3775 2116 3826; x_wconf 89' lang='lat' dir='ltr'>et</span> <span class='ocrx_word' id='word_1_521' title='bbox 2146 3769 2418 3840; x_wconf 86' lang='lat' dir='ltr'>sepultus</span> <span class='ocrx_word' id='word_1_522' title='bbox 2440 3787 2455 3837; x_wconf 87' lang='lat'><strong>;</strong></span> <span class='ocrx_word' id='word_1_523' title='bbox 2475 3770 2635 3827; x_wconf 89' lang='lat' dir='ltr'>unde</span> <span class='ocrx_word' id='word_1_524' title='bbox 2661 3771 2717 3824; x_wconf 89' lang='lat' dir='ltr'>et</span> <span class='ocrx_word' id='word_1_525' title='bbox 2733 3766 2911 3844; x_wconf 73' lang='lat' dir='ltr'>beatam</span> 
     </span>
     <span class='ocr_line' id='line_1_50' title="bbox 545 3835 2913 3962; baseline -0.001 -71"><span class='ocrx_word' id='word_1_526' title='bbox 545 3835 1026 3962; x_wconf 55' lang='lat' dir='ltr'>gii-ginemdnon</span> <span class='ocrx_word' id='word_1_527' title='bbox 1056 3840 1298 3962; x_wconf 59' lang='lat' dir='ltr'>itnatrem</span> <span class='ocrx_word' id='word_1_528' title='bbox 1335 3838 1438 3895; x_wconf 81' lang='lat' dir='ltr'>Dei</span> <span class='ocrx_word' id='word_1_529' title='bbox 1475 3839 1569 3895; x_wconf 75' lang='lat' dir='ltr'>vel</span> <span class='ocrx_word' id='word_1_530' title='bbox 1613 3838 1784 3896; x_wconf 80' lang='lat' dir='ltr'>Verbi</span> <span class='ocrx_word' id='word_1_531' title='bbox 1825 3839 1952 3909; x_wconf 88' lang='lat' dir='ltr'>Dei,</span> <span class='ocrx_word' id='word_1_532' title='bbox 1994 3839 2105 3898; x_wconf 82' lang='lat' dir='ltr'>aed</span> <span class='ocrx_word' id='word_1_533' title='bbox 2132 3846 2381 3897; x_wconf 85' lang='lat' dir='ltr'>matrem</span> <span class='ocrx_word' id='word_1_534' title='bbox 2409 3840 2628 3898; x_wconf 84' lang='lat' dir='ltr'>Christi</span> <span class='ocrx_word' id='word_1_535' title='bbox 2656 3841 2913 3894; x_wconf 74' lang='lat' dir='ltr'>nominau-</span> 
     </span>
    </p>

    <p class='ocr_par' dir='ltr' id='par_1_8' title="bbox 596 3917 1102 3964">
     <span class='ocr_line' id='line_1_51' title="bbox 596 3917 1102 3964; baseline 0 -2"><span class='ocrx_word' id='word_1_536' title='bbox 596 3917 688 3962; x_wconf 86' lang='lat' dir='ltr'>am</span> <span class='ocrx_word' id='word_1_537' title='bbox 722 3918 855 3963; x_wconf 85' lang='lat' dir='ltr'>esse</span> <span class='ocrx_word' id='word_1_538' title='bbox 920 3920 1055 3964; x_wconf 90' lang='lat' dir='ltr'>icun</span> <span class='ocrx_word' id='word_1_539' title='bbox 1088 3946 1102 3962; x_wconf 92' lang='lat'><strong>.</strong></span> 
     </span>
    </p>

    <p class='ocr_par' dir='ltr' id='par_1_9' title="bbox 554 3975 2911 4104">
     <span class='ocr_line' id='line_1_52' title="bbox 604 3975 2911 4103; baseline -0.003 -72"><span class='ocrx_word' id='word_1_540' title='bbox 604 3975 759 4054; x_wconf 38' lang='lat' dir='ltr'>&#39;Sed‚</span> <span class='ocrx_word' id='word_1_541' title='bbox 782 3976 832 4102; x_wconf 57' lang='lat' dir='ltr'>si</span> <span class='ocrx_word' id='word_1_542' title='bbox 852 3975 989 4103; x_wconf 35' lang='lat'>32⁵⁸</span> <span class='ocrx_word' id='word_1_543' title='bbox 1018 3976 1335 4050; x_wconf 84' lang='lat' dir='ltr'>diligenter</span> <span class='ocrx_word' id='word_1_544' title='bbox 1358 3978 1714 4048; x_wconf 85' lang='lat' dir='ltr'>consideret,</span> <span class='ocrx_word' id='word_1_545' title='bbox 1743 3980 2020 4050; x_wconf 82' lang='lat' dir='ltr'>praedicta</span> <span class='ocrx_word' id='word_1_546' title='bbox 2046 3980 2264 4052; x_wconf 85' lang='lat' dir='ltr'>positio</span> <span class='ocrx_word' id='word_1_547' title='bbox 2285 3979 2595 4037; x_wconf 83' lang='lat' dir='ltr'>veritatem</span> <span class='ocrx_word' id='word_1_548' title='bbox 2617 3976 2911 4037; x_wconf 84' lang='lat' dir='ltr'>incarnatio·</span> 
     </span>
     <span class='ocr_line' id='line_1_53' title="bbox 554 4056 1878 4104; baseline 0.002 -3"><span class='ocrx_word' id='word_1_549' title='bbox 554 4056 654 4101; x_wconf 90' lang='lat' dir='ltr'>nis</span> <span class='ocrx_word' id='word_1_550' title='bbox 684 4059 790 4103; x_wconf 84' lang='lat' dir='ltr'>exc</span> <span class='ocrx_word' id='word_1_551' title='bbox 816 4061 850 4102; x_wconf 96' lang='lat' dir='ltr'>u</span> <span class='ocrx_word' id='word_1_552' title='bbox 899 4062 913 4102; x_wconf 87' lang='lat' dir='ltr'>i</span> <span class='ocrx_word' id='word_1_553' title='bbox 947 4089 961 4104; x_wconf 92' lang='lat'><strong>.</strong></span> <span class='ocrx_word' id='word_1_554' title='bbox 1864 4094 1878 4104; x_wconf 95' lang='lat'>.</span> 
     </span>
    </p>

    <p class='ocr_par' dir='ltr' id='par_1_10' title="bbox 547 4104 2911 4472">
     <span class='ocr_line' id='line_1_54' title="bbox 623 4104 2910 4189; baseline 0.001 -19"><span class='ocrx_word' id='word_1_555' title='bbox 623 4116 752 4171; x_wconf 86' lang='lat' dir='ltr'>Non</span> <span class='ocrx_word' id='word_1_556' title='bbox 781 4118 961 4181; x_wconf 83' lang='lat' dir='ltr'>enim,</span> <span class='ocrx_word' id='word_1_557' title='bbox 993 4117 1321 4175; x_wconf 87' lang='lat' dir='ltr'>secundum</span> <span class='ocrx_word' id='word_1_558' title='bbox 1344 4118 1643 4189; x_wconf 79' lang='lat' dir='ltr'>praedicta,</span> <span class='ocrx_word' id='word_1_559' title='bbox 1676 4118 1926 4178; x_wconf 86' lang='lat' dir='ltr'>Verbum</span> <span class='ocrx_word' id='word_1_560' title='bbox 1959 4119 2061 4177; x_wconf 88' lang='lat' dir='ltr'>Dei</span> <span class='ocrx_word' id='word_1_561' title='bbox 2089 4118 2200 4177; x_wconf 87' lang='lat' dir='ltr'>fuit</span> <span class='ocrx_word' id='word_1_562' title='bbox 2227 4119 2556 4178; x_wconf 87' lang='lat' dir='ltr'>hominiilli</span> <span class='ocrx_word' id='word_1_563' title='bbox 2577 4119 2813 4182; x_wconf 89' lang='lat' dir='ltr'>unitum,</span> <span class='ocrx_word' id='word_1_564' title='bbox 2830 4104 2910 4166; x_wconf 67' lang='lat' dir='ltr'>nssi</span> 
     </span>
     <span class='ocr_line' id='line_1_55' title="bbox 553 4182 2910 4316; baseline 0 -76"><span class='ocrx_word' id='word_1_565' title='bbox 553 4186 883 4243; x_wconf 86' lang='lat' dir='ltr'>secundum</span> <span class='ocrx_word' id='word_1_566' title='bbox 918 4187 1403 4270; x_wconf 62' lang='lat' dir='ltr'>inhabitationem</span> <span class='ocrx_word' id='word_1_567' title='bbox 1431 4202 1540 4260; x_wconf 86' lang='lat' dir='ltr'>pei·</span> <span class='ocrx_word' id='word_1_568' title='bbox 1582 4190 1854 4271; x_wconf 75' lang='lat' dir='ltr'>gratiam,</span> <span class='ocrx_word' id='word_1_569' title='bbox 1886 4202 1959 4247; x_wconf 87' lang='lat' dir='ltr'>ex</span> <span class='ocrx_word' id='word_1_570' title='bbox 1987 4204 2108 4263; x_wconf 84' lang='lat' dir='ltr'>qua</span> <span class='ocrx_word' id='word_1_571' title='bbox 2151 4191 2541 4316; x_wconf 46' lang='lat' dir='ltr'>consecbuitur</span> <span class='ocrx_word' id='word_1_572' title='bbox 2582 4182 2910 4268; x_wconf 63' lang='lat' dir='ltr'>unioyoluu·</span> 
     </span>
     <span class='ocr_line' id='line_1_56' title="bbox 549 4256 2909 4332; baseline 0.001 -24"><span class='ocrx_word' id='word_1_573' title='bbox 549 4256 761 4313; x_wconf 88' lang='lat' dir='ltr'>tatum.</span> <span class='ocrx_word' id='word_1_574' title='bbox 789 4257 1142 4315; x_wconf 82' lang='lat' dir='ltr'>inhabitatio</span> <span class='ocrx_word' id='word_1_575' title='bbox 1170 4264 1368 4316; x_wconf 90' lang='lat' dir='ltr'>autem</span> <span class='ocrx_word' id='word_1_576' title='bbox 1382 4259 1552 4315; x_wconf 89' lang='lat' dir='ltr'>Verbi</span> <span class='ocrx_word' id='word_1_577' title='bbox 1587 4263 1687 4317; x_wconf 91' lang='lat' dir='ltr'>Dei</span> <span class='ocrx_word' id='word_1_578' title='bbox 1716 4261 1777 4317; x_wconf 93' lang='lat' dir='ltr'>in</span> <span class='ocrx_word' id='word_1_579' title='bbox 1809 4261 2050 4318; x_wconf 88' lang='lat' dir='ltr'>homine</span> <span class='ocrx_word' id='word_1_580' title='bbox 2080 4274 2204 4318; x_wconf 88' lang='lat' dir='ltr'>non</span> <span class='ocrx_word' id='word_1_581' title='bbox 2232 4266 2325 4318; x_wconf 91' lang='lat' dir='ltr'>est</span> <span class='ocrx_word' id='word_1_582' title='bbox 2396 4260 2603 4318; x_wconf 87' lang='lat' dir='ltr'>erbum</span> <span class='ocrx_word' id='word_1_583' title='bbox 2635 4262 2731 4315; x_wconf 90' lang='lat' dir='ltr'>Dei</span> <span class='ocrx_word' id='word_1_584' title='bbox 2760 4261 2909 4332; x_wconf 62' lang='lat' dir='ltr'>incar·</span> 
     </span>
     <span class='ocr_line' id='line_1_57' title="bbox 549 4324 2911 4405; baseline 0.001 -26"><span class='ocrx_word' id='word_1_585' title='bbox 549 4324 1281 4405; x_wconf 66' lang='lat' dir='ltr'>natum31iabitavitenim</span> <span class='ocrx_word' id='word_1_586' title='bbox 1310 4328 1562 4387; x_wconf 76' lang='lat' dir='ltr'>Vei-hum</span> <span class='ocrx_word' id='word_1_587' title='bbox 1612 4330 1712 4387; x_wconf 79' lang='lat' dir='ltr'>Dei</span> <span class='ocrx_word' id='word_1_588' title='bbox 1760 4336 1821 4387; x_wconf 87' lang='lat' dir='ltr'>et</span> <span class='ocrx_word' id='word_1_589' title='bbox 1861 4332 2019 4388; x_wconf 82' lang='lat' dir='ltr'>Deus</span> <span class='ocrx_word' id='word_1_590' title='bbox 2065 4331 2195 4402; x_wconf 87' lang='lat' dir='ltr'>ipse</span> <span class='ocrx_word' id='word_1_591' title='bbox 2238 4333 2300 4388; x_wconf 89' lang='lat' dir='ltr'>in</span> <span class='ocrx_word' id='word_1_592' title='bbox 2349 4331 2630 4388; x_wconf 84' lang='lat' dir='ltr'>omnihus</span> <span class='ocrx_word' id='word_1_593' title='bbox 2676 4327 2911 4403; x_wconf 46' lang='lat' dir='ltr'>sanctus?</span> 
     </span>
     <span class='ocr_line' id='line_1_58' title="bbox 547 4398 2909 4472; baseline 0.001 -24"><span class='ocrx_word' id='word_1_594' title='bbox 547 4399 978 4454; x_wconf 86' lang='lat' dir='ltr'>constitutione</span> <span class='ocrx_word' id='word_1_595' title='bbox 1005 4399 1232 4469; x_wconf 89' lang='lat' dir='ltr'>mundi,</span> <span class='ocrx_word' id='word_1_596' title='bbox 1265 4400 1593 4458; x_wconf 87' lang='lat' dir='ltr'>secundum</span> <span class='ocrx_word' id='word_1_597' title='bbox 1623 4400 1773 4458; x_wconf 89' lang='lat' dir='ltr'>illud</span> <span class='ocrx_word' id='word_1_598' title='bbox 1799 4400 2069 4472; x_wconf 82' lang='lat' dir='ltr'>Apostoli</span> <span class='ocrx_word' id='word_1_599' title='bbox 2098 4417 2118 4456; x_wconf 70' lang='grc' dir='ltr'><strong><em>ε</em></strong></span> <span class='ocrx_word' id='word_1_600' title='bbox 2154 4403 2261 4460; x_wconf 81' lang='lat' dir='ltr'>Vos</span> <span class='ocrx_word' id='word_1_601' title='bbox 2285 4404 2415 4459; x_wconf 74' lang='lat' dir='ltr'>estis</span> <span class='ocrx_word' id='word_1_602' title='bbox 2434 4398 2795 4470; x_wconf 59' lang='lat' dir='ltr'>termimum·</span> <span class='ocrx_word' id='word_1_603' title='bbox 2808 4402 2909 4451; x_wconf 67' lang='lat' dir='ltr'>mi,</span> 
     </span>
    </p>
   </div>
   <div class='ocr_carea' id='block_1_5' title="bbox 2987 854 2989 3266">
    <p class='ocr_par' dir='ltr' id='par_1_11' title="bbox 2987 854 2989 3266">
     <span class='ocr_line' id='line_1_59' title="bbox 2987 854 2989 3266; baseline 0 0"><span class='ocrx_word' id='word_1_604' title='bbox 2987 854 2989 3266; x_wconf 95' lang='lat' dir='ltr'> </span> 
     </span>
    </p>
   </div>
   <div class='ocr_carea' id='block_1_6' title="bbox 2988 3419 2990 4971">
    <p class='ocr_par' dir='ltr' id='par_1_12' title="bbox 2988 3419 2990 4971">
     <span class='ocr_line' id='line_1_60' title="bbox 2988 3419 2990 4971; baseline 0 0"><span class='ocrx_word' id='word_1_605' title='bbox 2988 3419 2990 4971; x_wconf 95' lang='lat' dir='ltr'> </span> 
     </span>
    </p>
   </div>
  </div>
 </body>
</html>
