3076 5025
260 339 365 394 312
1151 332 1286 389 me.
1312 296 1424 399 in,
1463 330 1617 388 aar.
1652 330 1806 389 xtv.

261 462 420 586 Nond
442 462 534 517 est
576 471 720 531 ergo
745 457 1034 530 possibile
1063 455 1225 530 quod
1253 454 1464 514 ultima
1508 453 1777 511 hominis
1824 451 2082 511 felicitas
2121 452 2187 509 in
2237 451 2691 511 continuatione

302 543 382 588 rae
426 529 545 587 icta
570 528 885 587 consistat.

261 543 301 603 p
333 602 500 657 Patet
544 604 741 657 autem
788 597 946 671 quod
994 609 1106 655 nec
1129 594 1498 663 Aristoteles,
1529 594 1702 666 cujus
1751 594 2108 652 sententiam
2158 593 2327 666 sequi
2387 598 2687 652 conantur

261 669 529 751 praedicti
560 668 925 741 philosophi,
958 666 1023 723 in
1063 664 1663 746 tali‘continuatione
1709 664 1978 723 ultimam
2028 663 2371 746 felicitatem
2416 663 2687 745 hominis

262 736 1273 887 tigurini-aigei,agitatu
1281 734 2693 887 iffi}&3153,tiit-{att9t2⁶022¹3t¹0¹238¹30ffl¹13

263 880 426 955 quod
455 880 527 938 de
553 879 871 937 virtutibus
896 877 1335 944 determinaret,
1365 890 1518 948 quas
1548 876 1752 934 divisit
1779 889 1844 932 in
1872 881 2120 933 virtutes
2147 876 2408 933 morales
2434 881 2493 932 et
2513 874 2695 932 intel·

263 950 571 1010 lectuales.
605 948 877 1007 Ostendit
901 953 1099 1005 autem
1125 946 1190 1003 in
1215 946 1448 1005 decimo
1478 946 1672 1017 capite
1692 945 1959 1019 ejusdem
1977 945 2113 1004 libri
2135 945 2296 1018 quod
2326 946 2537 1003 ultima
2566 944 2697 1002 seli·

264 1021 415 1079 citas
437 1019 701 1078 hominis
719 1019 892 1077 estin
914 1017 1343 1089 speculatione.
1370 1015 1529 1073 Unde
1554 1022 1734 1097 patet,
1751 1017 1909 1089 quod
1929 1029 2050 1074 non
2076 1017 2251 1074 estin
2276 1022 2409 1074 actu
2433 1015 2694 1087 alicujus

263 1091 499 1149 virtutis
526 1089 795 1157 moraliS,
817 1102 929 1146 nec
956 1087 1305 1168 prudentiae,
1328 1100 1436 1144 nec
1465 1093 1633 1156 artis,
1662 1101 1794 1168 qua?
1824 1093 2024 1168 tamen
2055 1093 2194 1145 sunt
2231 1086 2693 1168 intellectuales,

265 1160 643 1232 Relinquitur
711 1158 828 1217 uod
859 1159 1003 1216 sito
1046 1163 1232 1216 eratio
1278 1157 1610 1216 secundum
1656 1163 2035 1228 sapientiam,
2066 1172 2199 1229 quae
2248 1163 2343 1215 est
2391 1170 2694 1228 praectpua

264 1231 424 1289 inter
438 1244 535 1288 res
556 1230 674 1287 resi
721 1242 829 1287 uas
850 1228 996 1285 intel
1022 1229 1303 1297 ectualeS,
1318 1242 1451 1302 quae
1472 1234 1616 1286 sunt
1635 1229 1949 1299 sapientia,
1973 1228 2228 1286 scientia
2248 1234 2306 1284 et
2326 1227 2692 1297 intellectae,

266 1305 333 1360 ut
361 1300 622 1359 ostendit
641 1300 702 1357 in
730 1305 898 1357 sexto
926 1300 1055 1355 Eth.
1086 1298 1237 1371 (cap.
1262 1298 1341 1370 4).
1375 1298 1540 1356 Unde
1568 1299 1632 1354 in
1663 1298 1896 1356 decimo
1927 1299 2058 1355 Eth.
2093 1297 2242 1369 (cap.
2270 1298 2322 1370 8)
2356 1298 2693 1369 sapientem

264 1371 492 1430 indicat
547 1384 681 1428 esse
735 1370 993 1427 felicem.
1039 1369 1343 1440 Sapientia
1396 1375 1596 1427 autem
1654 1368 1986 1427 secundum
2047 1369 2247 1439 ipsum
2302 1373 2394 1425 est
2442 1381 2564 1427 una
2616 1367 2696 1426 de

267 1441 538 1501 scientiis
568 1440 973 1520 speculativis,
1004 1445 1182 1520 caput
1207 1440 1482 1520 aliarum,
1511 1446 1580 1497 ut
1598 1440 1817 1520 dicitur
1839 1440 1899 1496 in
1923 1444 2094 1497 sexto
2113 1440 2243 1496 Eth.
2268 1438 2418 1519 (cap.
2449 1438 2527 1511 8),
2552 1438 2697 1519 etin

266 1511 563 1584 principio
590 1512 851 1585 Metaph„
884 1515 1195 1568 scientiam
1222 1523 1401 1582 quam
1438 1524 1502 1566 in
1530 1509 1637 1566 illo
1676 1509 1830 1568 libro
1875 1510 2106 1568 tradere
2150 1508 2427 1589 intendit,
2458 1522 2529 1567 sa
2570 1521 2703 1589 ien-

265 1583 413 1641 tiam
441 1583 734 1640 nominat.
764 1583 928 1639 Patet
952 1593 1096 1660 ergo
1124 1580 1284 1653 quod
1313 1579 1519 1652 opinio
1544 1580 1882 1639 Aristotelis
1909 1580 2021 1638 fuit
2047 1579 2209 1653 quod
2257 1579 2467 1637 ultima
2533 1579 2701 1637 elici-

267 1659 385 1722 ωε,
432 1666 609 1726 quam
660 1653 843 1710 homo
889 1651 951 1707 in
998 1656 1120 1707 vita
1160 1651 1277 1709 ista
1327 1651 1633 1723 acquirere
1722 1656 1897 1717 otest,
1950 1650 2030 1709 sit
2078 1650 2344 1724 cognitio
2392 1650 2465 1707 de
2519 1649 2699 1707 rebus

271 1722 516 1791 divinis,
541 1723 735 1795 qualis
759 1735 865 1794 per
909 1720 1196 1782 scientias
1244 1721 1643 1792 speculativas
1733 1721 1894 1779 aberi
1946 1727 2163 1792 potest.
2196 1721 2299 1778 Ille
2350 1725 2550 1778 autem
2597 1733 2703 1791 po-

271 1794 490 1852 sterior
517 1792 733 1850 modus
763 1791 1168 1864 cognoscendi
1198 1805 1296 1850 res
1324 1791 1559 1850 divinas
1588 1805 1710 1849 non
1740 1806 1848 1864 per
1874 1791 2028 1850 viam
2058 1792 2445 1850 scientiarum
2489 1804 2703 1862 specu-

270 1863 610 1932 lativarum,
660 1862 763 1920 sed
809 1862 1067 1942 quodam
1110 1862 1519 1936 generationis
1563 1861 1773 1920 ordine
1816 1862 2096 1934 naturali,
2141 1868 2234 1925 est
2275 1861 2572 1922 confictus
2630 1859 2711 1919 ab

273 1933 716 2007 expositoribus
745 1931 1127 2006 quibusdam.

1251 2154 1504 2220 CAPUT
1542 2156 1722 2219 XLV.

329 2338 483 2393 QUOD
519 2336 637 2383 NON
671 2335 967 2383 POSSUHUS
1001 2334 1064 2380 m
1101 2334 1219 2381 mc
1255 2334 1400 2381 VITA
1436 2335 1818 2383 lumem
1854 2336 2248 2384 SUBSTAN'I'IAS
2289 2337 2652 2387 snmus·

348 2501 500 2571 Quia
558 2514 700 2573 ergo
761 2498 1092 2559 secundum
1148 2497 1363 2557 modos
1412 2498 1730 2570 praedictos
1794 2497 2146 2558 substantiae
2217 2505 2507 2571 separatae
2574 2514 2699 2560 non

274 2576 533 2644 possunt
560 2570 846 2652 cognosci
876 2586 913 2628 a
940 2570 1115 2628 nobis
1145 2569 1219 2649 in·
1236 2569 1358 2627 vita
1386 2570 1523 2639 ista,
1554 2570 1978 2651 inquirendum
2010 2576 2196 2628 restat
2248 2580 2445 2628 utrum
2491 2571 2698 2644 aliquo

275 2643 457 2700 modo
486 2642 549 2699 in
594 2647 714 2698 vita
759 2642 876 2700 ista
923 2640 1295 2699 substantias
1335 2641 1501 2711 ipsas
1549 2640 1883 2713 intelligere
1922 2642 2252 2711 possimus.
2281 2642 2452 2710 Quod
2503 2647 2705 2701 autem

276 2712 393 2771 hoc
423 2712 501 2769 sit
527 2711 817 2782 possibile
846 2711 1055 2769 nititur
1083 2710 1398 2768 ostendere
1421 2711 1785 2769 Themistius
1817 2712 1920 2783 (De
1951 2711 2170 2774 anima,
2207 2711 2308 2770 lib.
2341 2726 2430 2780 111,
2458 2727 2589 2794 cap.
2612 2713 2704 2785 50)

275 2796 384 2854 per
412 2783 609 2840 locum
640 2796 676 2840 a
706 2782 947 2839 minori.
975 2780 1333 2839 substantiae
1363 2781 1524 2838 enim
1556 2787 1843 2862 separatae
1873 2788 2017 2839 sunt
2039 2782 2235 2854 magis
2287 2781 2705 2855 intelligibiles

278 2865 456 2925 quam
507 2851 856 2910 materialia.
890 2853 1023 2909 Haec
1066 2852 1225 2908 enirn
1269 2855 1411 2909 sunt
1456 2852 1864 2925 intelligibilia
1910 2853 1973 2909 in
2018 2858 2305 2924 quantum
2358 2858 2502 2910 sunt
2548 2853 2708 2913 facta

277 2923 579 2981 intellecta
607 2923 669 2977 in
695 2926 828 2978 actu
855 2936 966 3001 per
987 2920 1354 3002 intellectum
1383 2928 1657 2993 agentem
1693 2940 1706 2978 :
1736 2922 1837 2981 illa
1877 2936 2016 2980 vero
2065 2928 2207 2981 sunt
2252 2923 2585 2982 secundum
2636 2938 2706 2983 se

275 2993 412 3062 ipsa
462 2991 882 3063 intelligibilia.
912 2992 970 3049 Si
1012 3004 1156 3063 ergo
1206 2991 1548 3049 intellectus
1594 3003 1800 3051 noster
1842 2993 2289 3064 comprehendit
2341 2995 2470 3052 haec
2515 2999 2705 3052 mate·

276 3061 472 3129 rialia,
500 3060 688 3118 multo
717 3061 913 3142 magis
942 3066 1120 3118 natus
1147 3066 1240 3118 est
1264 3062 1599 3134 intelligere
1629 3063 1768 3122 illas
1798 3063 2168 3121 substantias
2199 3072 2528 3135 separatas.

351 3133 485 3189 Haec
516 3134 711 3187 autem
742 3135 893 3188 ratio
920 3130 1252 3188 secundum
1278 3130 1547 3191 diversas
1577 3147 1613 3190 o
1660 3134 1895 3192 iniones
1943 3133 2015 3191 de
2061 3134 2365 3194 intellectu
2417 3134 2699 3216 possibili

279 3200 677 3282 diversimode
699 3200 1023 3273 judicanda
1050 3206 1162 3283 est.
1187 3200 1246 3283 Si
1275 3202 1435 3258 enim
1473 3204 1620 3260 intel
1648 3210 1817 3263 ectus
1861 3204 2173 3276 possibilis
2207 3218 2330 3263 non
2379 3212 2460 3263 sit
2515 3206 2708 3264 virtus

279 3287 317 3331 a
343 3278 591 3330 materia
621 3271 982 3342 dependens,
1014 3276 1072 3329 et
1100 3277 1180 3330 sit
1204 3278 1417 3329 iteruin
1448 3274 1781 3333 secundum
1812 3288 1945 3333 esse
1993 3290 2028 3331 a
2069 3288 2321 3346 corpore
2369 3282 2705 3347 separatuS,

278 3348 348 3401 ut
370 3348 655 3400 Averroes
683 3342 873 3414 ponit,
904 3341 1174 3415 sequitur
1219 3342 1378 3415 quod
1421 3343 1656 3419 nullum
1705 3346 2114 3404 necessarium
2169 3346 2440 3404 ordinem
2487 3345 2561 3403 ad
2602 3358 2709 3404 res

277 3414 619 3472 materiales
648 3413 880 3470 habeat.
912 3412 1077 3471 Unde
1150 3426 1242 3471 uae
1270 3417 1412 3471 sunt
1439 3416 1636 3487 magis
1684 3415 2088 3488 intelligibilia
2132 3415 2193 3473 in
2254 3417 2495 3488 seipsis,
2528 3421 2707 3474 erunt

280 3484 398 3542 sibi
429 3484 625 3565 magis
654 3482 1077 3555 intelligibilia.
1108 3427 1225 3564 {ed
1251 3488 1396 3543 tunc
1424 3498 1489 3543 se
1537 3486 1597 3566 ui
1626 3485 1859 3544 videtur
1885 3487 2066 3558 quod,
2099 3500 2233 3544 cum
2266 3500 2381 3545 nos
2405 3501 2441 3544 a
2485 3486 2703 3557 princi·

277 3554 381 3626 pio
424 3568 528 3626 per
574 3553 937 3611 intellectum
980 3553 1332 3625 possibilem
1377 3555 1499 3612 inte
1528 3556 1810 3628 ligamus,
1860 3570 1896 3613 a
1982 3557 2239 3628 rincipio
2289 3557 2700 3629 intelligamus

281 3625 651 3683 substantias
696 3628 1020 3705 separatas.
1053 3623 1223 3692 Quod
1269 3630 1430 3696 patet
1474 3639 1609 3684 esse
1658 3626 1900 3685 falsum.
1971 3627 2041 3685 ed
2102 3627 2218 3686 hoc
2266 3627 2702 3685 inconveniens

280 3696 500 3753 evitare
528 3701 814 3753 Averroes
844 3694 1054 3752 nititur
1104 3695 1434 3753 secundum
1486 3710 1557 3753 ea
1602 3710 1735 3770 quae
1782 3697 1853 3755 de
1902 3696 2032 3769 ejus
2082 3711 2118 3755 o
2162 3697 2368 3755 inione
2419 3697 2707 3768 praedicta

281 3772 441 3823 sunt.
474 3767 616 3835 Quae
643 3770 803 3838 patet
831 3778 967 3823 esse
996 3737 1151 3823 falsa
1179 3779 1252 3823 ex
1276 3765 1631 3837 praemissis.
1656 3769 1715 3826 Si
1762 3772 1960 3826 autem
2003 3768 2126 3826 inte
2154 3769 2345 3826 lectus
2428 3767 2703 3831 ossibilis

280 3849 404 3894 non
434 3842 527 3894 est
554 3852 591 3894 a
617 3849 865 3908 corpore
894 3840 1206 3906 separatus
1235 3836 1566 3894 secundum
1610 3851 1767 3906 esse,
1797 3853 1870 3896 ex
1913 3838 2027 3896 hoc
2069 3838 2204 3910 ipso
2248 3851 2369 3911 quo
2457 3844 2550 3896 est
2593 3837 2703 3897 tali

280 3907 516 3977 corpori
567 3908 772 3965 unitus
817 3905 1148 3964 secundum
1199 3919 1356 3976 esse,
1385 3906 1564 3965 habet
1607 3909 1925 3980 quemdam
1968 3909 2376 3968 necessarium
2426 3909 2700 3967 ordinem

281 3975 355 4034 ad
379 3978 731 4048 materialia,
763 3984 829 4035 ut
870 3976 989 4034 nisi
1031 3990 1138 4049 per
1186 3976 1293 4035 illa
1338 3976 1412 4034 ad
1459 3979 1716 4037 aliorum
1762 3978 2169 4052 cognitionem
2220 3979 2530 4051 pervenire
2572 3992 2701 4037 non

277 4046 494 4127 possit.
525 4048 687 4106 Unde
717 4061 838 4106 non
865 4047 1153 4121 sequitur,
1184 4046 1237 4105 si
1268 4046 1620 4108 substantiae
1649 4054 1934 4122 separatae
1958 4049 2078 4107 sint
2108 4051 2174 4107 in
2230 4049 2450 4121 seipsis
2500 4049 2701 4122 magis

280 4116 724 4190 intelligibiles,
781 4119 941 4191 quod
991 4122 1233 4190 propter
1283 4117 1400 4176 boc
1450 4120 1573 4178 sint
1623 4133 1722 4178 ma
1765 4121 1817 4179 is
1879 4118 2292 4193 intelligibiles
2365 4119 2697 4178 intellectui

280 4191 511 4245 nostro,
544 4190 611 4244 Et
653 4189 766 4247 hoc
815 4190 1227 4248 demonstrant
1264 4190 1445 4248 verba
1470 4191 1724 4250 Aristote
1753 4191 1805 4248 is
1852 4190 1916 4247 in
1957 4191 2224 4250 secundo
2252 4191 2494 4262 Metapa.
2528 4190 2697 4263 (text.

280 4256 607 4338 commgt).
635 4259 787 4315 Dicit
814 4261 974 4341 enini
1002 4259 1225 4341 ibidem
1249 4259 1411 4332 quod
1433 4260 1752 4319 difficultas
1780 4259 1969 4318 intelli
2016 4261 2154 4319 endi
2186 4274 2283 4320 res
2312 4262 2448 4319 illas
2478 4261 2695 4342 accidit

281 4341 355 4386 ex
381 4327 558 4386 nobis
586 4340 706 4384 non
739 4343 811 4385 ex
842 4330 985 4389 illis.
1017 4333 1165 4390 Nam
1196 4331 1532 4390 intellectus
1565 4337 1768 4390 noster
1795 4343 1861 4389 se
1890 4331 1968 4388 ha
2012 4336 2070 4389 et
2096 4331 2173 4391 ad
2196 4333 2701 4390 manifestissima

278 4411 500 4469 rerum,
532 4397 689 4456 sicut
717 4410 783 4455 se
813 4398 988 4458 habet
1036 4402 1251 4462 oculus
1296 4402 1736 4473 vespertilionis
1778 4400 1856 4459 ad
1897 4400 2094 4460 lucem
2140 4402 2312 4461 solis.
2343 4401 2506 4459 Unde
2551 4414 2691 4458 cum

278 4483 387 4541 per
427 4467 760 4530 materialia
798 4468 1100 4534 intellecta
1142 4485 1266 4535 non
1307 4472 1548 4548 possint
1582 4471 1838 4547 intelligi
1884 4472 2236 4537 substantiae
2280 4476 2587 4546 separatae,
2623 4475 2692 4529 ut
