3076 5025
347 319 429 376 '74
1086 294 1103 300 ⁴
1131 302 1135 306 ’
1261 283 1404 363 ua.
1436 289 1495 373 i,'
1522 273 1673 364 cae.
1714 306 1886 363 inic

358 453 458 498 res
487 436 792 495 naturales
822 438 964 492 sunt
990 432 1054 490 in
1079 431 1209 490 suis
1252 429 1454 490 causis
1499 442 1606 500 per
1649 429 1898 485 virtutes
1947 442 2283 487 causarum.
2315 429 2477 488 Sicut
2505 430 2665 488 enim
2697 447 2795 492 res

360 507 665 568 naturales
694 505 1034 563 assimilant
1060 502 1171 561 sihi
1211 514 1356 560 suos
1380 496 1627 556 effectus
1651 513 1759 579 per
1787 512 1929 557 suas
1971 499 2222 557 virtutes
2268 501 2510 561 activas,
2542 502 2624 560 ita
2653 506 2795 563 arti-

361 580 459 638 fex
487 593 591 650 pei·
619 577 981 635 intellectum
1016 572 1245 630 inducit
1270 572 1521 651 formam
1555 568 1873 637 artificiati‚
1907 584 2011 641 per
2040 585 2217 650 quam
2267 572 2639 654 assimilatur
2669 590 2799 635 suae

362 650 495 707 arti.
530 652 595 706 Et
624 647 842 705 similis
875 647 1027 703 ratio
1058 650 1150 702 est
1179 643 1249 700 de
1289 639 1572 699 omnibus
1604 654 1735 713 quae
1764 654 1800 697 a
1826 646 2135 712 proposito
2167 648 2446 715 aguntur.
2470 644 2801 719 Scitigitur

361 723 520 777 Deus
550 725 607 776 et
632 717 1027 790 cogitationes
1057 720 1115 772 et
1140 714 1498 771 voluntates.
1837 781 1850 792 .
1973 781 1983 792 ⁸

432 793 583 858 Item,
619 793 775 847 Deus
806 802 927 845 non
957 786 1159 844 minus
1207 783 1521 856 cognoscit
1555 781 1923 840 substan-tias
1968 781 2426 862 intellectualeS,
2455 799 2638 867 quam
2667 789 2800 859 ipse

360 862 454 920 vel
484 874 596 918 nos
632 859 1001 918 substantias
1049 855 1391 924 sensibiles,
1423 867 1559 909 cum
1591 853 1944 932 substantiae
1983 853 2417 935 intellectuales
2449 863 2572 914 sint
2601 859 2801 932 magis

363 931 829 1003 cognoscibile-S,
874 934 1017 999 puta
1063 926 1254 996 inagis
1303 925 1365 981 in
1414 928 1946 1003 actu-existentes.
2007 924 2467 984 informationes
2511 934 2713 987 autem
2743 935 2804 989 et

362 1001 788 1059 inclinationes
810 998 1278 1058 substantiarum
1305 993 1684 1052 sensibilium
1708 998 2157 1064 cognoscuntur
2177 1000 2235 1053 et
2261 1009 2293 1053 a
2319 997 2439 1053 Deo
2461 1004 2518 1055 et
2540 1014 2576 1057 a
2597 1000 2799 1070 nohis,

364 1074 507 1130 Cum
562 1072 746 1144 igitur
798 1069 1080 1143 cogitatio
1127 1067 1342 1124 animae
1399 1066 1476 1122 sit
1520 1077 1626 1146 per
1677 1064 2160 1145 informationem
2215 1067 2531 1136 quamdam
2576 1070 2799 1140 ipsiuS,

365 1139 601 1200 affectio
632 1147 829 1200 autem
860 1138 1132 1212 quaedam
1162 1137 1238 1195 sit
1269 1136 1579 1193 inclinatio
1610 1149 1806 1206 ipsius
1833 1135 1902 1191 ad
1932 1135 2178 1206 aliquid,
2214 1136 2373 1207 (nam
2406 1138 2597 1208 ipsam
2633 1141 2805 1199 incli-

362 1213 669 1271 nationem
717 1211 800 1267 rei
850 1209 1141 1268 naturalis
1188 1207 1510 1289 appetitum
1570 1206 1838 1285 naturale
1883 1205 2185 1278 dicimus),
2233 1208 2592 1280 relinquitur
2637 1212 2802 1284 quod

364 1286 525 1341 Deus
550 1282 946 1354 cogitationes
969 1285 1026 1337 et
1054 1278 1403 1336 affectiones
1430 1275 1701 1333 cordium
1732 1280 2077 1348 cognoscat.
2228 1347 2241 1359 ι
2286 1348 2298 1359 ·
2607 1321 2608 1328 ,

436 1356 558 1411 Hoc
587 1360 787 1412 autem
818 1351 1164 1409 testimonio
1194 1363 1379 1406 sacrae
1408 1346 1723 1417 Scripturae
1744 1346 2147 1404 confirmatur.
2174 1349 2401 1405 Dicitur
2435 1350 2682 1408 enimin
2701 1354 2801 1411 Ps.

362 1439 474 1494 vll,
509 1429 612 1490 lo;
652 1425 916 1480 Scrutaris
963 1420 1130 1477 corda
1172 1425 1222 1473 et
1261 1434 1415 1473 renes
1464 1420 1623 1474 Deus,
1677 1420 1867 1484 Proin,
1903 1430 2005 1485 xv,
2043 1422 2097 1474 ll
2129 1436 2142 1474 ε
2173 1420 2428 1486 Inter-nus
2471 1428 2521 1476 et
2560 1424 2806 1492 perditio

365 1512 546 1556 coram
562 1497 806 1555 Domino,
822 1497 1026 1564 quanto
1044 1492 1220 1558 maqis
1236 1489 1402 1545 corda
1412 1489 1651 1558 filiorum
1667 1489 1959 1552 hominum
1981 1490 2189 1545 etJoan
2202 1530 2238 1556 .‚
2260 1503 2328 1558 11,
2347 1494 2416 1546 25
2431 1509 2444 1547 ε
2462 1493 2583 1563 Ipse
2602 1495 2830 1551 sciebat*

365 1567 503 1639 quid
524 1568 657 1621 esset
685 1565 747 1618 in
775 1564 1004 1618 homine.
1037 1559 1377 1617 Dominium
1429 1562 1625 1614 autem
1665 1558 1822 1682 quod
1865 1558 2040 1614 habet
2097 1559 2373 1618 voluntas
2427 1575 2611 1633 supra
2656 1578 2806 1624 suos

367 1642 560 1703 actuS,
588 1647 693 1704 per
722 1633 878 1704 quod
911 1633 973 1689 in
1008 1630 1137 1702 eius
1161 1634 1252 1687 est
1271 1632 1563 1700 potestate
1593 1628 1692 1708 vel·
1714 1644 1744 1684 e
1773 1628 1864 1684 vel
1890 1642 2011 1684 non
2040 1629 2212 1698 velle,
2246 1631 2508 1689 excludit
2532 1634 2807 1693 determi-

365 1707 671 1764 nationem
717 1704 954 1760 virlutis
1001 1702 1071 1758 ad
1119 1714 1305 1757 unum
1351 1707 1405 1756 et
1456 1700 1794 1755 molestiam
1844 1713 2040 1756 causae
2089 1702 2350 1759 exterius
2380 1706 2637 1776 agentis.
2671 1709 2799 1764 Non

366 1783 565 1836 autem
594 1774 855 1832 excludit
880 1772 1251 1829 influentiam
1276 1768 1607 1849 superioris
1633 1783 1829 1826 causae
1856 1784 1890 1825 a
1947 1784 2022 1828 ua
2043 1774 2135 1827 est
2173 1772 2226 1828 ei
2268 1786 2402 1830 esse
2443 1782 2501 1831 et
2545 1776 2806 1846 operari,

368 1854 427 1906 et
456 1848 545 1905 sic
573 1850 841 1903 remanet
862 1843 1191 1900 causalitas
1218 1841 1279 1896 in
1311 1853 1493 1897 causa
1521 1853 1731 1911 prima,
1759 1854 1890 1911 quae
1963 1854 2070 1898 eus
2095 1847 2204 1923 est,
2230 1849 2502 1914 respectu
2529 1852 2807 1905 motuum

364 1917 715 1984 voluntatis,
766 1921 835 1972 ut
883 1914 971 1971 sic
1019 1915 1197 1974 Deus,
1245 1912 1329 1969 sei
1379 1924 1512 1969 sum
1555 1910 1999 1982 cognoscendO,
2050 1911 2393 1985 hujusmodi
2434 1929 2808 1989 cognoscere

365 1988 581 2061 possit.
614 1986 659 2061 (l
682 1989 859 2059 part„
889 1999 948 2058 q.
974 1997 1119 2054 Lm,
1144 1988 1253 2040 art.
1285 1926 1372 2054 48

1332 2132 1585 2195 CAPUT
1625 2131 1834 2194 LXIX.

1079 2286 1230 2340 Quot>
1266 2284 1416 2330 DEUS
1450 2282 1770 2330 coGNoscrr
1803 2282 2081 2329 INFINITA.

437 2440 582 2496 Post
608 2437 727 2496 hoc
763 2434 1190 2496 ostendendum
1225 2435 1495 2508 estquod
1541 2436 1698 2493 Deus
1741 2432 1976 2492 infinita
1995 2432 2326 2506 cognoscit.
2354 2436 2795 2506 cognoscendo

367 2509 529 2568 enim
570 2522 637 2567 se
691 2522 826 2567 esse
877 2522 1119 2566 causam
1177 2521 1397 2576 rerum,
1429 2507 1547 2565 alia
1585 2521 1621 2563 a
1655 2520 1720 2563 se
1763 2505 2096 2587 cognoscit,
2124 2511 2190 2563 ut
2247 2520 2318 2563 ex
2375 2507 2801 2578 superioribus

366 2582 520 2708 gap.
552 2578 642 2652 49)
674 2584 851 2652 patet.
881 2581 1013 2648 Ipse
1041 2583 1237 2635 autem
1270 2583 1362 2634 cst
1412 2591 1598 2635 causa
1624 2575 2016 2646 infinitorum,
2046 2591 2098 2634 si
2119 2574 2382 2659 ‚infinita
2423 2583 2569 2634 sunt
2609 2579 2799 2636 entia.

413 2654 471 2708 st
495 2650 657 2707 enim
681 2650 953 2707 omnium
981 2661 1187 2707 eorum
1217 2661 1348 2721 quae
1378 2650 1523 2706 suxit
1549 2661 1752 2706 causa.
1781 2650 1883 2706 Est
1909 2647 2092 2720 igitur
2113 2646 2483 2704 infinitorum
2531 2662 2802 2721 cognos-

367 2721 605 2779 citivus.

434 2792 588 2857 Item,
621 2791 780 2847 Deus
829 2801 1002 2848 suam
1029 2788 1305 2847 virtutem
1353 2788 1612 2861 perfecte
1669 2787 2098 2870 cognoscin-ut
2138 2801 2211 2845 ex
2237 2786 2599 2870 supradictis
2636 2789 2793 2861 (cap.

364 2866 433 2920 47
465 2866 523 2918 et
551 2864 640 2931 49)
667 2865 846 2931 patet.
874 2860 1073 2918 Virtus
1128 2865 1323 2918 autem
1354 2874 1478 2916 non
1514 2865 1711 2932 potest
1737 2873 2021 2931 cognosci
2052 2859 2327 2930 perfecte,
2360 2871 2480 2915 nisi
2530 2873 2806 2932 cognos-

366 2937 579 2989 cantur
607 2930 813 2987 omnia
840 2930 902 2987 in
951 2944 1083 3002 quae
1107 2935 1324 3001 potest,
1354 2943 1513 3000 cum,
1545 2930 1871 2987 secundum
1904 2944 1997 3010 ea,
2025 2929 2327 3011 quantitas
2362 2929 2600 2988 virtutis
2642 2945 2802 3002 quo-

367 3001 688 3059 dammodo
745 3000 1100 3057 attendatur.
1132 3002 1251 3058 Sua
1293 3007 1491 3057 autem
1536 3000 1727 3057 virtus
1773 3015 1910 3057 cum
1948 3005 2028 3057 sit
2073 2999 2327 3068 infinita,
2359 3005 2426 3058 ut
2476 3006 2794 3059 ostensum

367 3076 462 3129 est
515 3084 699 3141 supra
727 3070 878 3144 (cap.
915 3074 1007 3143 43)
1036 3070 1111 3128 ad
1166 3070 1402 3129 infinita
1426 3083 1494 3128 se
1546 3069 1827 3128 extendit.
1855 3073 1958 3129 Est
1992 3070 2176 3143 igitur
2216 3072 2376 3129 Deus
2418 3070 2792 3130 infinitorum

364 3155 440 3200 co
528 3139 664 3197 itor.

436 3154 713 3282 ffliplius,
744 3210 797 3269 si
846 3210 951 3268 Dei
995 3211 1262 3283 cognitio
1306 3209 1381 3268 ad
1430 3211 1637 3269 omnia
1678 3225 1743 3270 se
1799 3209 2060 3269 extendit
2087 3225 2219 3285 quae
2275 3212 2792 3286 qualitercumque

364 3281 547 3340 modo
573 3286 735 3349 sunt,
782 3286 1013 3363 oportet
1035 3282 1191 3353 quod
1225 3294 1347 3338 non
1389 3282 1584 3339 solum
1615 3288 1943 3351 cognoscat
1996 3295 2105 3339 ens
2133 3287 2290 3351 actu,
2329 3283 2434 3341 sed
2460 3285 2634 3342 etiam
2666 3297 2798 3363 ens-

362 3353 650 3424 potentia.
679 3351 789 3410 Sed
821 3366 882 3409 in
907 3350 1086 3408 rebus
1104 3352 1476 3410 naturalibus
1496 3353 1900 3411 estinfinitum
1931 3353 1993 3410 in
2012 3354 2297 3425 potentia,
2324 3355 2435 3412 etsi
2468 3368 2588 3413 nou
2617 3360 2786 3424 actu,

362 3428 433 3480 ut
482 3422 887 3494 Philosophus
890 3421 1135 3547 cProbat
1180 3422 1243 3478 in
1272 3424 1448 3481 tertio
1474 3425 1693 3492 Physic.
1728 3423 1889 3496 (text.
1917 3438 2134 3483 comm.
2166 3424 2219 3497 8)
2253 3426 2568 3506 cognoscit
2602 3426 2802 3507 igitur

365 3492 525 3550 Deus
548 3493 805 3562 infinita,
834 3492 883 3550 si
948 3497 990 3547 it
1017 3496 1217 3549 unitas
1242 3507 1374 3565 quae
1423 3501 1511 3551 est
1538 3495 1898 3566 principium
1951 3494 2203 3562 numeri,
2239 3493 2505 3555 infinitas
2547 3508 2793 3567 species

364 3576 750 3620 numerorum
793 3568 1203 3641 cognosceret,
1247 3566 1299 3620 si
1348 3572 1741 3637 cognosceret
1790 3566 2073 3639 quicquid
2122 3565 2298 3623 estin
2345 3578 2458 3625 sua
2497 3568 2794 3638 potentia.

366 3635 469 3692 Est
496 3635 654 3690 enim
687 3632 886 3689 unitas
916 3637 1179 3702 potentia
1199 3635 1397 3692 omnis
1427 3650 1733 3693 numeruS.
2353 3676 2364 3685 ·
2853 3652 2862 3661 ⁸

300 3722 307 3727 ·
434 3704 654 3767 Adhuc,
684 3705 842 3760 Deus
874 3702 1137 3759 essentia
1165 3714 1295 3773 sua,
1323 3706 1482 3763 sicut
1508 3707 1765 3778 quodam
1791 3705 1990 3764 medio
2019 3707 2362 3778 exemplari,
2390 3708 2510 3765 alia
2528 3721 2798 3781 cognos-

335 3773 475 3841 'cit3
507 3773 633 3840 sed,
665 3786 801 3829 cum
858 3773 937 3829 sit
992 3774 1375 3844 perfectiouis
1402 3776 1670 3844 infinitae,
1694 3783 1757 3833 ut
1786 3790 1967 3848 supra
1997 3783 2146 3849 (cap.
2179 3777 2269 3849 43)
2306 3784 2616 3837 ostensum
2669 3785 2801 3850 est,

366 3842 437 3901 ab
465 3843 600 3914 ipso
625 3842 944 3913 exemplari
973 3845 1485 3913 possuntintinita
1518 3847 1794 3904 habentia
1833 3848 2229 3918 perfectiones
2259 3847 2479 3918 finitas,
2506 3850 2646 3921 quia
2676 3863 2800 3911 nec

361 3912 607 3983 aliquod
640 3926 822 3970 unum
851 3928 1081 3983 eorum,
1105 3928 1217 3973 nec
1241 3917 1519 3988 quaelibet
1565 3918 1734 3987 plura
1767 3918 2097 3989 exemplata
2120 3919 2545 3991 perfectionem
2578 3934 2794 3978 exem·

358 3981 547 4053 plaris
576 3981 888 4055 adaequare
915 3991 1190 4056 possunt,
1213 3995 1273 4044 et
1299 3987 1388 4043 sic
1404 4001 1641 4058 semper
1667 3995 1933 4046 remanet
1961 4003 2153 4048 novus
2174 3990 2389 4049 modus
2410 4004 2528 4063 quo
2550 3991 2792 4064 aliquid

361 4053 760 4123 exemplatum
792 4054 808 4110 i
855 4069 987 4113 sum
1008 4056 1239 4114 imitare
1267 4060 1481 4129 possit.
1514 4059 1874 4132 Nihiligitur
1899 4060 2176 4132 prohibet
2202 4061 2401 4134 ipsum
2441 4076 2548 4134 per
2576 4075 2800 4122 essen-

358 4123 506 4182 tiam
537 4137 707 4181 suam
738 4125 756 4181 i
848 4127 971 4183 nita
989 4141 1373 4200 cognoscere.

430 4197 721 4263 Praeterea,
750 4209 884 4254 esse
936 4198 1039 4253 Dei
1092 4204 1180 4256 est
1231 4211 1406 4255 suum
1452 4198 1806 4270 intelligere.
1852 4199 2067 4258 Sicuti
2118 4201 2234 4259 'tur
2282 4215 2461 4260 suum
2491 4215 2630 4261 esse
2695 4210 2804 4265 est

356 4262 682 4345 infinitum,
708 4270 775 4323 ut
821 4271 1153 4350 ostensum·
1187 4274 1279 4326 est
1307 4272 1458 4340 (cap.
1488 4270 1602 4341 43),
1639 4270 1722 4351 ita
1750 4283 1925 4349 suum
1957 4271 2078 4353 inte
2108 4271 2292 4354 ligere
2321 4279 2412 4331 est
2458 4273 2798 4336 infinitum.

354 4335 524 4394 Sicut
549 4341 744 4404 autem
766 4350 832 4395 se
854 4338 1030 4406 liabet
1051 4338 1285 4396 finitum
1316 4340 1389 4397 ad
1420 4339 1675 4410 finitum,
1699 4345 1783 4398 ita
1810 4346 1985 4398 etiam
2023 4342 2322 4401 infinitum
2352 4343 2427 4401 ad
2458 4344 2795 4406 infinitum.

354 4404 423 4464 Si
475 4405 662 4482 igitur
687 4409 1018 4470 secundum
1051 4410 1387 4483 intelligere
1432 4417 1728 4483 nostrum,
1759 4411 1919 4485 quod
1949 4411 2184 4473 finitum
2210 4420 2322 4487 est,
2352 4414 2523 4477 finita
2568 4429 2799 4492 capere
