3076 5025
1098 296 1231 355 ΗΒ.
1274 296 1373 367 111,
1412 296 1567 354 CAP.
1606 296 1710 354 XC.
2514 305 2621 359 379

178 417 298 477 hoc
327 417 706 491 processisse
730 416 964 477 videtur
980 417 1189 498 opinio
1215 416 1610 490 quorumdam
1633 415 2053 498 qui-dicebant,
2074 418 2233 491 quod
2253 419 2627 491 providentia

177 501 307 547 non
354 494 450 547 est
478 489 551 546 de
579 489 676 546 his
706 503 837 560 quae
865 487 1121 548 subsunt
1150 486 1339 545 ubero
1366 487 1634 557 arbitrio,
1665 487 1898 546 scilicet
1923 487 1995 545 de
2035 488 2431 550 electionibus
2456 509 2472 561 3
2516 490 2627 550 sed

176 558 560 632 providentia
586 558 840 618 refertur
866 559 942 617 ad
968 558 1294 617 exteriores
1321 563 1591 616 eventus.
1638 560 1771 616 Non
1814 559 1971 616 enim
2020 559 2122 632 qui
2171 559 2340 632 eligit
2379 560 2625 634 aliquod

176 629 479 711 consequi
502 629 597 687 vel
627 628 930 710 perficere,
963 634 1108 701 puta
1139 627 1433 711 aedificare
1462 627 1555 686 vel
1595 627 1793 697 ditari,
1840 642 2077 700 semper
2162 631 2338 711 oterit
2384 631 2460 689 ad
2509 632 2626 691 hoc

175 712 529 772 pervenire;
582 705 644 757 et
686 712 775 758 s1c
830 705 1079 758 eventus
1132 703 1438 757 actionum
1493 703 1837 757 nostrarum
1888 712 2011 758 non
2060 713 2128 758 su
2168 705 2370 772 Jacent
2434 700 2626 761 libero

178 769 455 834 arbitrio,
491 769 599 828 sed
626 769 997 851 providentia
1024 770 1448 841 disponuntur.
1711 839 1722 850 ⁸
2487 788 2492 793 ·

205 867 210 872 ·
254 840 493 908 Quibus
539 839 804 912 quidem,
857 838 1310 899 auctoritatibus
1362 852 1549 898 sacrae
1598 840 1917 911 Scripturae
1964 840 2266 900 resistitur
2299 840 2623 903 evidenter.

176 910 414 969 Dicitur
431 910 612 979 enim,
633 911 826 980 Isaiae,
854 923 1020 979 xxvi,
1037 915 1131 969 12:
1154 911 1351 967 Omnia
1366 923 1531 982 opera
1554 914 1743 967 nostra
1762 914 2013 981 operatas
2031 926 2085 968 es
2100 914 2161 967 in
2182 912 2357 980 nobis,
2377 915 2625 973 Domine.

179 981 352 1039 Unde
382 993 507 1038 non
534 981 733 1039 solum
759 981 1038 1040 virtutem
1061 980 1302 1039 volendi
1344 994 1384 1038 a
1428 982 1551 1039 Deo
1601 979 1912 1051 babemus,
1951 981 2059 1041 sed
2099 982 2278 1040 etiam
2327 984 2626 1055 operatio·

63 1085 72 1104 t
178 1062 324 1109 nem
333 1094 348 1108 .

258 1123 545 1190 Praeterea,
576 1121 692 1181 hoc
720 1122 918 1194 ipsum
948 1121 1109 1195 quod
1134 1122 1417 1180 Salomon
1443 1121 1607 1203 dicit,
1628 1123 1814 1190 Pron„
1835 1126 1999 1187 xxm
2031 1140 2046 1180 ε
2077 1122 2417 1194 Quocumque
2442 1124 2623 1181 volue-

177 1193 263 1248 rit
288 1192 584 1249 inclinabit
608 1193 770 1262 illud,
801 1193 1064 1252 ostendit
1091 1205 1215 1250 non
1238 1193 1436 1251 solum
1466 1192 1728 1251 d1v1nam
1759 1192 2170 1252 causalitatem
2194 1194 2267 1252 ad
2295 1195 2624 1266 potentiam

177 1262 517 1322 voluntatis
546 1263 804 1332 extendi,
837 1263 943 1320 sed
971 1263 1149 1321 etiam
1181 1262 1256 1321 ad
1286 1267 1483 1321 actum
1513 1263 1730 1333 ipsius.

252 1333 409 1396 item,
439 1334 596 1391 Deus
626 1345 749 1391 non
778 1334 978 1392 solum
1014 1333 1116 1392 dat
1139 1333 1320 1392 rebus
1365 1334 1636 1403 virtutes,
1689 1333 1795 1392 sed
1840 1335 2021 1393 etiam
2069 1335 2239 1393 nulla
2282 1349 2381 1394 res
2425 1341 2624 1407 potest

180 1404 430 1476 propria
457 1402 674 1461 virtute
703 1417 901 1477 agere,
930 1403 1049 1461 nisi
1068 1404 1245 1462 etiam
1274 1408 1414 1477 agat
1439 1403 1504 1461 in
1530 1403 1746 1461 virtute
1774 1404 1989 1475 ipsine,
2023 1411 2087 1463 ut
2132 1419 2318 1478 supra
2344 1406 2498 1479 (cap.
2528 1406 2623 1488 70)

180 1478 500 1533 ostensum
530 1479 643 1532 est.
679 1476 832 1556 Ergo
852 1474 1035 1532 bomo
1063 1487 1186 1532 non
1212 1480 1412 1546 potest
1436 1474 1654 1532 virtute
1675 1474 2000 1534 voluntatis
2030 1476 2146 1534 sibi
2175 1476 2314 1536 data
2358 1477 2470 1546 uti,
2503 1476 2623 1536 nisi

181 1543 252 1603 in
278 1549 572 1617 quantum
600 1544 727 1618 agit
751 1558 816 1602 tn
843 1545 1060 1603 virtute
1088 1544 1213 1603 Dei.
1244 1544 1398 1603 lllud
1426 1550 1625 1603 autem
1673 1545 1738 1602 in
1778 1545 1953 1618 cujus
1988 1547 2206 1605 virtute
2250 1560 2438 1620 agens
2477 1547 2623 1619 agit,

182 1619 280 1673 est
307 1628 496 1673 causa
522 1627 646 1672 non
676 1615 873 1674 solum
901 1616 1158 1684 virtutiS‚
1190 1615 1297 1673 sed
1328 1615 1506 1673 etiam
1538 1620 1710 1674 actus
1745 1634 1760 1672 :
1790 1616 1952 1689 quod
1980 1617 2042 1674 in
2092 1616 2317 1676 artifice
2358 1620 2647 1690 apparet..

182 1684 251 1743 in
279 1685 458 1759 cujus
487 1686 700 1744 virtute
730 1686 853 1758 agit
875 1686 1361 1756 instrumentum,
1393 1691 1451 1744 et
1477 1685 1640 1758 quod
1668 1686 1743 1744 ab
1772 1687 1887 1744 hoc
1925 1686 2149 1745 artifice
2179 1688 2479 1760 propriam
2502 1687 2624 1745 sor-

182 1767 348 1814 mam
378 1767 502 1814 non
531 1756 767 1828 accipit,
799 1756 906 1814 sed
933 1757 1132 1815 solum
1161 1756 1237 1814 ab
1265 1756 1449 1827 ipsoa
1491 1757 1748 1827 plicatur
1773 1757 1848 1814 ad
1874 1763 2095 1818 actum.
2125 1759 2285 1816 Deus
2313 1758 2499 1831 igitur
2531 1761 2628 1817 est

189 1839 381 1886 causa
401 1826 579 1885 nobis
611 1839 734 1885 non
765 1827 962 1885 solum
990 1827 1338 1894 voluntatiS,
1372 1840 1438 1884 se
1506 1827 1685 1885 etiam
1709 1827 1971 1887 volendi.

260 1897 370 1954 Am
409 1897 538 1968 lius,
567 1898 888 1970 perfectius
917 1898 1218 1955 invenitur
1240 1897 1388 1955 ordo
1417 1897 1480 1966 in
1510 1897 1925 1967 spiritualibus
1966 1911 2147 1972 quam
2193 1899 2257 1956 in
2298 1898 2625 1971 corporali-

185 1963 323 2025 bus.
383 1980 423 2024 n
453 1967 867 2040 corporalibus
896 1973 1093 2026 autem
1125 1968 1326 2026 omnis
1357 1973 1559 2025 motus
1584 1973 1867 2026 causatur
1911 1982 1948 2026 a
1974 1969 2168 2049 primo
2211 1976 2398 2027 motu.
2439 1970 2625 2040 Opor-

187 2041 274 2094 tet
298 2037 486 2110 igitur
512 2038 675 2111 quod
702 2039 764 2095 in
791 2038 1206 2110 spiritualibus
1242 2037 1443 2098 omnis
1471 2042 1674 2096 motus
1703 2038 2027 2098 voluntatis
2048 2053 2085 2098 a
2102 2039 2295 2113 prima
2321 2039 2627 2098 voluntate

187 2113 490 2174 causetur,
521 2122 656 2182 quae
679 2114 772 2167 est
798 2109 1078 2167 voluntas
1107 2110 1234 2178 Dei,

257 2178 478 2248 Adhuc,
508 2179 787 2252 superius
814 2179 968 2252 (cap.
994 2180 1087 2252 70)
1109 2186 1422 2238 ostensum
1443 2178 1712 2252 estquod
1730 2182 1888 2239 Deus
1908 2185 2002 2239 est
2016 2194 2202 2239 causa
2220 2181 2421 2240 omnis
2441 2179 2631 2239 actio-

188 2247 310 2315 nis,
337 2254 397 2306 et
419 2255 699 2320 operatur
717 2250 781 2303 in
816 2250 981 2305 omni
1009 2256 1241 2319 agente.
1274 2251 1376 2304 Est
1408 2261 1553 2318 ergo
1581 2262 1769 2305 causa
1796 2254 2091 2306 motuum·
2111 2250 2459 2307 voluntatis.

257 2319 412 2385 nent,
439 2318 710 2391 arguitur
731 2317 926 2375 adhuc
943 2318 1291 2375 Aristoteles
1311 2317 1374 2373 in
1399 2322 1611 2375 octavo
1623 2319 1928 2375 Eudemicae
1944 2320 2151 2375 Ethicae
2173 2333 2279 2399 per
2306 2318 2466 2376 hunc
2492 2332 2628 2377 mo-

189 2387 366 2446 dum:
390 2387 577 2460 Hujus
604 2386 766 2461 quod
786 2387 1007 2469 aliquis
1033 2387 1347 2459 intelligat,
1373 2387 1747 2456 consilietur,
1777 2388 1979 2460 eligat,
2000 2394 2060 2446 et
2077 2389 2240 2457 velit,
2271 2395 2504 2460 oportet
2523 2389 2630 2447 ali·

229 2457 334 2517 uid
353 2470 491 2518 esse
515 2471 781 2528 causam,
801 2472 943 2532 quta
963 2471 1140 2517 omne
1159 2469 1381 2516 novum
1410 2462 1644 2539 oportet
1670 2457 1831 2531 quod
1848 2458 2063 2517 habeat
2082 2459 2343 2533 aliquam
2357 2471 2624 2518 causam.

187 2470 245 2589 gi
299 2533 499 2587 autem
552 2533 646 2588 est
697 2542 883 2588 causa
927 2530 1056 2610 ejus
1101 2528 1264 2587 aliud
1301 2528 1626 2608 consilium
1668 2534 1727 2585 et
1761 2529 1881 2586 alia
1925 2527 2206 2587 voluntas
2240 2529 2585 2601 praecedens
2608 2573 2627 2601 ,

188 2613 329 2658 curn
353 2612 478 2657 non
496 2599 577 2658 sit
597 2600 919 2673 procedere
947 2613 1010 2657 tn
1036 2599 1134 2657 bis
1162 2600 1226 2656 in
1246 2598 1570 2661 infinitum,
1601 2604 1835 2670 oportet
1853 2598 2129 2657 devenire
2151 2599 2225 2657 ad
2242 2599 2484 2673 aliquod
2504 2599 2628 2673 pri·

188 2682 378 2729 mum.
411 2670 599 2741 Hujus
626 2670 790 2728 modi
819 2676 1016 2728 autem
1042 2670 1303 2750 primum
1332 2673 1567 2741 oportet
1591 2680 1726 2751 esse
1739 2668 1962 2750 aliquid
1985 2669 2143 2742 quod
2173 2670 2510 2751 estnrnelius
2539 2683 2630 2729 ra-

188 2740 377 2798 tione.
391 2741 552 2798 Nihil
581 2746 780 2798 autem
802 2746 893 2799 est
916 2739 1133 2798 melius
1152 2739 1456 2797 intellectu
1473 2743 1533 2796 et
1551 2742 1782 2797 ratione
1802 2752 1923 2797 nisi
1944 2740 2121 2798 Deus.
2147 2741 2247 2800 Est
2265 2745 2450 2815 igitur
2468 2743 2627 2801 Deus

186 2811 450 2883 primum
475 2811 836 2885 principium
864 2815 1210 2870 nostrorum
1237 2808 1633 2869 consiliorum
1660 2815 1720 2867 et
1742 2809 2137 2869 voluntatum.

1188 3028 1444 3093 CAPUT
1499 3014 1625 3092 XC.

188 3209 350 3265 QUOD
375 3207 728 3257 mc'l’lomts
753 3209 831 3257 ET
855 3208 1236 3257 VOLUNTATES
1271 3206 1540 3255 BUMANAE
1564 3207 1911 3255 SUBDANTUR
1942 3209 2168 3257 DIVINAE
2192 3209 2625 3259 Pnovmmt‘lut.

263 3375 348 3431 Ex
384 3384 504 3447 quo
548 3376 731 3444 patet,
761 3371 922 3444 quod
967 3376 1203 3453 oportet
1241 3371 1420 3431 etiam
1464 3371 1807 3430 voluntates
1858 3372 2156 3431 humanas
2195 3377 2255 3431 et
2301 3373 2626 3436 electiones

189 3443 412 3502 divinae
439 3441 823 3515 providentiae
853 3441 1126 3500 subditas
1154 3442 1559 3522 esse.·0mnla
1585 3441 1744 3500 enim
1768 3455 1903 3515 quae
1939 3444 2098 3501 Deus
2127 3443 2272 3516 agit,
2301 3457 2376 3502 ex
2413 3445 2626 3505 ordine

184 3513 583 3586 providentiae
603 3526 730 3571 suae
757 3512 901 3585 agit.
933 3513 1079 3569 Cum
1106 3512 1292 3583 igitur
1321 3525 1452 3583 lpse
1490 3512 1573 3570 sit
1616 3525 1804 3570 causa
1841 3512 2155 3571 electionis
2200 3519 2260 3571 et
2297 3515 2627 3576 voluntatis

188 3589 437 3651 nostrae,
459 3583 785 3642 electiones
813 3587 872 3640 et
899 3582 1236 3640 voluntates
1265 3586 1487 3640 nostrae
1512 3581 1732 3640 divinae
1760 3582 2147 3654 providentiae
2177 3583 2535 3645 subduntur.

261 3657 373 3711 Am
413 3655 538 3719 lius,
570 3652 775 3712 omnia
801 3652 1138 3725 corporalia
1161 3665 1267 3781 [ster
1300 3651 1640 3724 spiritualia
1682 3651 2198 3725 administrantur,
2244 3654 2403 3712 sicut
2445 3668 2626 3725 supe-

188 3723 324 3783 rius
377 3738 506 3796 cap.
543 3723 640 3797 78)
668 3729 760 3782 est
788 3729 1122 3782 ostensum.

187 3794 583 3854 voluntatem.
637 3794 699 3852 Si
745 3793 931 3867 igitur
995 3792 1322 3852 electiones
1363 3798 1427 3852 et
1469 3798 1674 3852 motus
1710 3792 2086 3853 voluntatum
2128 3794 2252 3853 inte
2281 3794 2626 3854 lectualium

187 3864 667 3924 substantiarum
696 3864 772 3922 ad
802 3864 903 3922 Dei
928 3862 1364 3945 providentiam
1394 3876 1518 3922 non
1549 3863 1868 3935 pertinent,
1920 3877 1985 3922 se
2030 3864 2191 3922 uitur
2280 3863 2401 3922 uod
2427 3864 2626 3945 ‘etiam

188 3935 535 4064 cogpotralia
551 3934 748 4006 ipsius
774 3933 1164 4007 providentiae
1192 3932 1643 4005 subtrahantur,
1671 3939 1732 3991 et
1761 3935 1853 3993 sic
1876 3939 2001 4024 tota
2025 3935 2137 3992 iter
2163 3947 2246 3993 nu
2274 3934 2333 3991 la
2356 3939 2471 3993 erit
2486 3947 2626 4009 pro·

185 4019 250 4065 vl
295 4018 371 4063 en
397 4019 479 4064 ia.

261 4077 421 4145 Item,
458 4078 687 4155 quanto
724 4074 927 4149 aliqua
972 4079 1117 4134 sunt
1162 4073 1463 4134 nobiliora
1509 4074 1576 4133 in
1620 4075 1928 4146 universo,
1972 4079 2139 4134 tanto
2185 4087 2222 4134 o
2267 4080 2421 4137 ortet
2461 4076 2626 4160 quod

187 4145 395 4218 magis
420 4149 747 4217 patlclpent
772 4145 1042 4203 ordinem
1072 4147 1136 4204 in
1165 4159 1285 4219 quo
1317 4145 1546 4203 bonum
1573 4145 1840 4205 universi
1867 4145 2165 4204 consistit.
2251 4146 2366 4204 nde
2407 4150 2629 4208 Aristo·

186 4216 348 4276 teles
373 4216 438 4274 in
464 4213 731 4274 secundo
772 4216 855 4272 ΡΙι
894 4231 941 4273 s.
971 4215 1115 4288 (text
1139 4228 1360 4275 comm.
1385 4215 1480 4296 44)
1504 4216 1706 4298 arguit
1747 4216 2030 4289 antiquos
2075 4214 2494 4291 philosophos,
2521 4218 2624 4291 qui

190 4285 503 4360 ponebant
531 4296 739 4343 casum
766 4289 825 4342 et
878 4290 1152 4345 ortunam
1178 4287 1245 4344 in
1289 4291 1720 4345 constitutione
1755 4286 2092 4345 coelestium
2131 4300 2470 4361 corporum,
2501 4299 2623 4345 non

194 4364 399 4416 autem
427 4357 493 4414 in
522 4354 910 4414 inferioribus
935 4355 1135 4415 rebus.
1167 4355 1526 4415 Substantiae
1549 4360 1751 4415 autem
1786 4354 2222 4418 intellectuales
2267 4363 2410 4418 sunt
2452 4355 2623 4414 nobi·

191 4426 383 4490 liores
410 4425 772 4491 substantiis
799 4426 1238 4501 corporalibus,
1265 4426 1324 4487 si
1353 4426 1542 4502 igitur
1565 4425 1919 4487 substantiae
1963 4428 2307 4500 corporales
2334 4430 2620 4501 quantum

1208 3722 1512 3794 piritualia
1546 3728 1746 3781 autem
1788 3728 1977 3796 agunt
2019 3724 2086 3782 in
2144 3737 2254 3782 cor
2294 3723 2485 3783 oralia
2518 3737 2627 3796 per
