3076 5025
1047 200 1186 256 LIB-
1219 198 1296 266 11,
1332 199 1484 255 GAP.
1523 198 1725 255 Lxxn.
2496 201 2605 259 195

165 322 567 391 simillimum,
597 320 928 379 secundum
959 321 1350 378 intentionem
1391 318 1753 387 Aristotelis,
1784 317 2124 398 substantia
2166 318 2597 379 intellectualis

167 393 392 459 unitur,
422 406 543 449 non
572 407 676 463 per
703 392 904 464 aliqua
933 391 1375 462 phantasmata,
1405 389 1508 447 sed
1544 395 1610 446 ut
1642 390 1835 469 forma
1862 401 2076 460 ipsius.

233 466 360 520 Hoc
388 469 592 520 autem
620 462 780 535 quod
808 461 1032 519 dictum
1063 468 1153 518 est
1179 460 1251 517 de
1281 460 1649 518 animatione
1676 461 1810 517 coeli
1849 471 1970 516 non
2002 458 2267 518 diximus
2297 461 2472 532 quasi
2502 473 2600 521 as·

167 532 429 593 serendo
459 532 791 591 secundum
829 532 968 589 fidei
996 531 1351 593 doctrinam,
1389 530 1460 588 ad
1493 544 1671 601 quam
1702 529 1855 586 nihil
1883 529 2138 600 pertinet
2184 531 2309 587 sive
2337 533 2426 589 sic
2470 531 2601 591 sive

167 604 342 663 aliter
386 604 659 670 dicatur-3
692 602 849 660 unde
890 601 1264 673 Aug-ustinus
1296 601 1629 672 (Euenit-id„
1655 615 1708 657 c.
1739 600 1861 671 58):
1888 602 1999 657 Nec
2041 601 2186 657 illud
2220 603 2437 670 quadem
2481 616 2599 658 cer-

163 679 280 731 ium
316 676 509 742 habeo,
538 679 724 729 utrum
751 673 826 728 ad
865 673 1108 728 emdem
1132 675 1455 734 societatcm,
1487 673 1693 726 scilicet
1731 670 2062 738 angelorum,
2094 675 2411 741 pertineant
2437 673 2519 728 sol
2545 674 2605 731 ct

163 745 298 803 lima
324 749 382 799 et
405 749 604 800 czmcta
648 745 858 809 siden-m
889 745 1138 813 quamvis
1177 744 1452 798 nonnullis
1493 740 1680 797 lucida
1719 756 1830 796 esse
1864 756 2116 816 σονρατα,
2155 758 2267 801 non
2292 759 2412 800 cum
2439 758 2601 803 amu

165 817 252 875 val
269 817 664 887 sufficentia,
685 815 998 874 videantur.
1026 813 1076 886 (1
1103 819 1280 887 part„
1310 829 1369 886 q.
1398 825 1605 881 mvi,
1634 817 1747 869 art.
1766 810 1843 884 1.)

1136 1033 1392 1099 CAPUT
1431 1034 1643 1099 Lxxi.

736 1213 892 1269 QUOD
921 1214 1117 1263 mm
1153 1212 1482 1261 inimum
1519 1213 1737 1261 tnm'un
1771 1214 2036 1262 confotu.

239 1381 322 1438 Ex
347 1378 687 1451 praemissis
726 1385 929 1437 autem
968 1377 1247 1436 concludi
1292 1383 1490 1449 potest
1535 1378 1696 1451 quod
1743 1378 1945 1437 anima
1983 1377 2326 1437 immediate
2355 1379 2593 1450 corpori

170 1451 418 1520 unitum
468 1464 581 1507 nec
632 1454 863 1520 oportet
915 1463 1141 1529 ponere
1194 1448 1437 1576 αιὶιὲᾳοῤ
1493 1449 1758 1507 medium
1808 1448 1981 1521 quasi
2037 1450 2301 1506 animam
2357 1450 2593 1520 corpori

171 1521 394 1579 uniens
425 1539 442 1577 ε
469 1520 566 1576 vel
607 1520 1045 1591 phantasmata,
1089 1525 1249 1577 sicut
1325 1525 1432 1577 icit
1474 1519 1969 1587 Averrhoes;vel
2028 1521 2326 1590 potentias
2377 1521 2599 1591 ipsius,

173 1592 332 1651 sicut.
357 1591 605 1663 quidam
636 1591 878 1659 dicunt;
908 1589 1002 1648 vel
1032 1591 1210 1648 etiam
1240 1590 1516 1662 spiritum
1557 1590 1949 1661 corporalem,
1983 1590 2140 1647 sicut
2166 1591 2267 1647 alii
2300 1590 2594 1649 dixerunt.

248 1665 572 1721 ostensum
603 1666 695 1718 est
734 1663 895 1717 enim
983 1661 1104 1718 nod
1147 1661 1348 1719 anima
1394 1662 1603 1718 unitur
1627 1661 1864 1733 corpori
1894 1666 1958 1718 ut
1986 1661 2177 1718 forma
2205 1661 2374 1731 ejus;
2408 1662 2605 1721 forma

175 1738 373 1792 antem
403 1733 611 1789 unitur
638 1732 901 1789 materiae
928 1745 963 1789 a
1004 1745 1153 1804 sque
1182 1733 1347 1789 omni
1377 1732 1617 1799 modim
1648 1746 1752 1803 per
1774 1745 1842 1791 se
1880 1730 2038 1788 enim
2085 1731 2367 1802 competit
2394 1731 2603 1791 formae

175 1803 336 1877 qnod
365 1803 450 1861 sit
490 1808 661 1861 acme
700 1802 991 1873 corporis,
1018 1807 1078 1859 et
1103 1814 1225 1860 non
1272 1816 1378 1873 per
1423 1802 1651 1873 aliquid
1680 1802 1885 1871 alind;
1916 1801 2072 1859 unde
2105 1815 2217 1859 nec
2247 1807 2341 1860 est
2371 1803 2607 1874 aliquia

174 1887 363 1933 unum
395 1873 626 1930 faciens
651 1886 723 1930 ex
750 1873 999 1930 materia
1026 1878 1084 1929 et
1113 1872 1325 1941 forma,
1357 1872 1473 1930 nisi
1503 1886 1692 1944 agens
1722 1873 1882 1945 quod
1910 1872 2242 1943 potentiam
2270 1872 2497 1931 reducit
2524 1873 2611 1931 adi

173 1949 400 2011 actum,
429 1950 498 2001 nt
577 1942 749 2000 robat
791 1942 1140 2000 Aristoteles
1164 1942 1537 2013 (metaphysic.
1564 1956 1687 2012 vin,
1718 1948 1859 2002 text.
1904 1956 2123 2002 comm.
2170 1942 2387 2016 ultim.)
2413 1961 2431 2014 ς
2459 1957 2598 2002 nam

177 2014 433 2074 materia
460 2017 521 2071 et
569 2027 742 2071 orma
761 2026 827 2071 se
853 2013 1162 2071 habentui
1189 2014 1458 2084 potentia.
1481 2019 1540 2071 et
1566 2020 1756 2072 actus.

249 2087 458 2143 Potest
485 2090 688 2141 tamen
714 2083 830 2141 diei
879 2084 1100 2158 aliquid
1150 2096 1286 2142 esse
1331 2084 1596 2142 medium
1641 2085 1798 2143 inter
1840 2084 2100 2142 animam
2130 2088 2192 2142 et
2215 2097 2455 2155 corpus,
2485 2084 2609 2142 etsi*

177 2155 396 2215 nonin
427 2155 714 2223 essendo,
739 2160 943 2212 tamen
991 2154 1058 2212 in
1103 2155 1399 2213 movendo
1443 2160 1502 2212 et
1529 2155 1599 2213 in
1619 2156 1720 2213 via
1738 2156 2170 2227 generationis.
2210 2158 2275 2212 In
2306 2155 2612 2214 movendm

175 2225 444 2308 quidem,
469 2226 632 2298 quia,
663 2227 728 2283 in
756 2231 922 2283 motu
951 2239 1071 2296 quo
1102 2225 1306 2283 anima
1332 2231 1530 2282 movet
1553 2239 1793 2297 coran,
1827 2231 1919 2283 est
1961 2226 2202 2298 quidam
2234 2226 2382 2283 ordo
2409 2226 2603 2283 mohi-

177 2295 328 2355 hum
368 2302 430 2354 et
474 2301 778 2353 motorum
799 2314 816 2365 ;
839 2295 1042 2354 anima
1086 2295 1244 2352 enim
1292 2309 1506 2353 omnes
1534 2297 1920 2368 operationes
1944 2308 2091 2354 suas
2114 2295 2295 2353 efficit
2324 2310 2429 2367 per
2457 2309 2613 2355 suas

175 2367 513 2439 potentiam
545 2367 730 2436 unde,
774 2366 1071 2425 mediante
1115 2367 1403 2437 potentia,
1453 2372 1651 2424 movet
1696 2379 1939 2436 corpus,
1982 2372 2043 2422 et
2076 2366 2271 2424 adhuc
2313 2366 2611 2435 membra,.

176 2438 482 2496 mediante
507 2438 746 2509 spiritu,
782 2441 841 2495 et
880 2437 1133 2494 ulterius
1183 2450 1370 2494 unum
1418 2448 1737 2509 organum,
1764 2436 2061 2493 mediante
2104 2437 2223 2493 atio
2253 2449 2500 2507 organn.
2534 2438 2612 2493 hm

177 2508 277 2568 via
314 2514 521 2567 antem
566 2508 991 2581 generantium,
1020 2507 1452 2590 dispositiones
1501 2507 1578 2565 ad
1606 2507 1857 2565 formam
1886 2505 2504 2586 praecedunt-formam
2534 2505 2601 2565 in

177 2580 450 2648 materia,
527 2580 756 2637 uamvis
780 2580 902 2637 sint
923 2584 1286 2650 posteriores
1315 2579 1378 2636 in
1409 2578 1668 2637 essendo
1691 2596 1709 2648 ;
1744 2578 1899 2635 unde
1927 2583 1988 2635 et
2013 2577 2445 2648 dispositiones
2471 2589 2613 2634 cor·-

217 2703 220 2704 7
260 2651 368 2719 ris,
394 2650 494 2722 qu·
545 2664 617 2707 us
663 2650 730 2707 fit
782 2649 1088 2721 proprium
1115 2648 1485 2720 pei-recubito
1525 2649 1669 2706 talis
1712 2647 1943 2718 sormae,
1968 2647 2085 2707 hoc
2126 2647 2307 2707 modo
2333 2650 2599 2721 possunt

223 2719 236 2732 ‘
277 2722 300 2780 i
325 2720 548 2781 mediae
572 2720 732 2779 inter
757 2721 1021 2781 animam
1048 2724 1111 2778 et
1134 2732 1371 2791 corpus

1129 2937 1389 3003 CAPUT
1413 2936 1653 3003 Lxxu.

472 3118 626 3173 onon
653 3119 845 3167 ΔΝΜ
870 3120 962 3166 sn*
984 3117 1141 3165 ‘roi-A
1163 3118 1228 3164 m
1248 3117 1397 3165 ¹roro
1419 3118 1494 3164 m·
1519 3118 1674 3165 'rom
1695 3118 1760 3164 m
1786 3101 2077 3172 ouantem·
2101 3118 2310 3170 unm

251 3286 365 3344 Per
387 3282 596 3342 eadem
629 3288 826 3340 autem
853 3281 1089 3340 ostendi
1120 3284 1320 3353 potest
1342 3280 1607 3341 animam
1632 3281 1818 3339 totam
1845 3280 1911 3339 in
1937 3287 2064 3342 toto
2092 3297 2342 3356 corpore
2367 3297 2506 3343 esse
2541 3290 2606 3346 et

179 3360 370 3417 totam
403 3353 465 3411 in
500 3354 762 3424 singulis
792 3353 1079 3424 partibus,

257 3427 508 3497 Oportet.
531 3427 690 3481 enim
739 3424 1046 3494 proprium
1091 3427 1291 3502 actum
1325 3422 1391 3478 in
1419 3421 1662 3501 proprio
1689 3422 2044 3493 perfectibili
2073 3437 2229 3482 esse.
2259 3425 2471 3483 Anima
2496 3442 2601 3486 au-

177 3501 303 3555 tem
335 3501 430 3553 est
461 3500 632 3552 actus
662 3494 931 3564 corporis
976 3493 1269 3565 organici,
1299 3504 1420 3549 non
1455 3504 1638 3548 unius
1681 3493 1890 3563 organi
1920 3500 2171 3552 tantum.
2205 3497 2306 3553 Est
2336 3496 2517 3567 igitur
2542 3498 2607 3556 in

178 3570 310 3625 toto
358 3578 611 3636 corpore
658 3570 713 3621 et
761 3577 881 3621 non
928 3563 991 3620 in
1038 3576 1159 3621 una
1199 3568 1362 3633 parte
1412 3567 1664 3641 tantum,
1711 3563 2038 3620 secundum
2079 3579 2248 3622 suam
2283 3567 2606 3626 essentiam

180 3636 522 3698 secundum
565 3648 744 3708 qnam
787 3640 880 3691 est
929 3635 1122 3691 forma
1164 3632 1457 3704 corporis.
1489 3634 1815 3690 Sic‘autem
1855 3634 2057 3692 anima
2083 3641 2175 3693 est
2203 3636 2395 3693 forma
2421 3638 2606 3697 totius

179 3707 482 3778 corporis,
506 3705 674 3778 quod
698 3710 790 3763 est
820 3704 998 3762 etiam
1027 3703 1223 3761 forma.
1248 3704 1621 3775 singularum
1641 3704 1894 3773 partium
1923 3722 1937 3772 ;
1966 3705 2019 3762 si
2049 3706 2210 3762 enim
2236 3714 2396 3764 esset
2417 3709 2609 3767 forma

179 3777 371 3835 totius
402 3784 462 3833 et
491 3789 612 3833 non
643 3775 920 3847 partium,
946 3787 1066 3831 non
1091 3778 1251 3831 esset
1280 3773 1472 3831 forma
1500 3773 1914 3831 substantialis
1942 3775 2081 3832 talis
2110 3789 2419 3846 corporis;
2450 3779 2610 3837 sicut

179 3847 382 3976 fornii}
405 3846 644 3974 domins,
678 3860 811 3919 quae
839 3851 933 3903 est
949 3845 1146 3904 forma
1168 3844 1356 3902 totius
1383 3851 1442 3902 et
1463 3857 1591 3901 non
1610 3844 1985 3916 singularum
2001 3847 2279 3916 partium,
2302 3854 2395 3906 est
2413 3849 2605 3908 forma

257 3989 428 4058 Quod
462 3994 660 4046 autem
685 3987 888 4045 ani1na
915 3991 1006 4045 est
1035 3985 1230 4044 fot'ma
1254 3984 1669 4043 substantians
1697 3986 1887 4044 totius
1915 3989 1976 4043 et
2003 3987 2278 4057 partium,
2318 3994 2474 4058 patet
2502 4004 2608 4061 per

183 4058 308 4119 hoc
337 4059 499 4131 quod
528 4058 602 4116 ab
631 4072 704 4116 ea
724 4058 976 4116 sortitur
991 4057 1251 4128 speciem
1273 4061 1332 4112 et
1355 4062 1545 4137 totnm
1566 4064 1624 4112 et
1652 4062 1887 4138 partesj
1907 4056 2099 4138 nude,
2119 4072 2191 4114 ea
2227 4058 2605 4143 abscedente²

182 4142 386 4203 neque
417 4135 606 4187 totum
640 4143 828 4201 neque
851 4134 1054 4199 partes
1081 4132 1392 4184 remanent
1414 4126 1679 4197 ejusdem
1703 4141 1958 4196 speciem
1991 4141 2126 4184 nam
2153 4129 2366 4186 oculus
2387 4137 2607 4190 mortui

180 4204 245 4259 et
274 4214 419 4258 caro
450 4200 584 4271 ejits
611 4212 731 4257 non
762 4199 1042 4256 dicuntur
1069 4198 1188 4255 nisi
1218 4197 1540 4278 aequivoce.
1573 4198 1634 4254 Si
1662 4197 1846 4268 igitur
1864 4197 2065 4255 anima
2084 4206 2175 4255 est
2199 4205 2368 4257 actus
2398 4200 2606 4271 singu-

181 4269 384 4331 larum
405 4270 663 4341 partium
709 4268 900 4341 (actus
927 4273 1124 4326 autem
1153 4273 1246 4325 est
1289 4281 1351 4324 in
1399 4281 1470 4324 eo
1496 4268 1668 4338 cujus
1697 4274 1791 4324 est
1812 4270 2024 4339 actus),
2055 4268 2204 4325 relin
2255 4271 2412 4328 uitur
2443 4270 2604 4342 quod

180 4342 272 4401 sit
321 4339 660 4402 secundum
698 4353 872 4398 snam
914 4338 1242 4399 essentiam
1285 4338 1351 4397 in
1385 4338 1651 4412 qualibet:
1684 4344 1851 4409 parte
1878 4339 2167 4412 corporis,
2204 4285 2374 4409 guod
2403 4347 2601 4398 autem
