3076 5025
341 297 410 350 76
1258 287 1391 342 LiB.
1434 287 1475 346 1,
1518 285 1671 341 CAP.
1712 285 1858 340 LXX.

343 416 483 488 quia
506 428 609 485 per
633 412 899 469 diversas
921 408 1153 481 species
1170 406 1403 465 diversa
1423 406 1756 478 cognoscit,
1783 420 1904 462 non
1925 409 2121 477 potest
2141 404 2322 463 simul
2348 403 2533 462 multa
2552 416 2779 476 cogno-

345 501 530 551 scere,
559 490 616 540 et
642 484 723 540 ita
753 481 984 538 infinita
1008 492 1373 552 cognoscere
1398 490 1516 534 non
1544 482 1767 556 posset,
1791 477 1909 534 nisi
1932 477 2271 534 successive
2290 490 2361 532 ea
2376 475 2775 558 numerand0‚

344 555 502 628 quod
536 567 654 610 non
685 551 865 609 estin
909 550 1212 607 intellectu
1252 547 1475 616 divino,
1531 548 1632 619 qui
1682 547 1861 603 simul
1908 547 2096 603 multa
2141 547 2405 603 intuetur
2445 560 2618 617 quasi
2669 560 2778 617 per

344 639 523 683 unam
553 624 811 694 speciem
858 620 1006 679 visa.
1038 621 1321 687 Quartum
1354 623 1445 674 est
1474 618 1617 689 quia
1644 617 1983 674 intellectus
2015 617 2253 675 divinus
2280 623 2374 674 est
2401 630 2608 674 eorum
2637 631 2776 689 quae

344 701 506 760 sunt,
535 700 592 750 et
620 706 825 751 eorum
856 704 989 764 quae
1022 703 1141 747 non
1170 694 1331 757 sunt,
1368 694 1430 745 ut
1459 695 1770 745 ostensum
1802 694 1892 744 est
1922 685 2072 757 (cap.
2103 687 2214 758 66).

418 769 581 823 Patet
624 764 799 820 etiam
848 760 1150 834 quomodo
1179 760 1420 816 verbum
1464 758 1813 838 Philosophi
1846 757 2126 830 (physic,
2156 771 2199 826 1,
2229 761 2369 814 text.
2401 771 2619 815 comm.
2653 756 2774 839 35),

344 836 443 911 qui
476 835 619 892 dicit
647 832 803 906 quod
832 831 1152 899 infinitum,
1180 830 1507 888 secuudum
1533 829 1689 902 quod
1712 829 2032 896 inlinitum,
2055 833 2147 885 est
2170 829 2462 897 ignotum,
2487 835 2771 899 praesenti

343 906 656 965 sententiae
686 918 807 961 non
829 903 1060 970 obviat3
1091 901 1233 973 quia
1257 913 1392 957 cum
1430 899 1647 957 infiniti
1680 899 1832 956 ratio
1859 899 2170 972 quantitati
2208 905 2522 969 competat,
2547 905 2611 955 ut
2639 901 2772 970 ipse

345 978 508 1042 dicit,
539 975 838 1032 infinitum
888 977 951 1030 ut
998 970 1294 1030 infinitum
1356 976 1840 1041 cognosceretur,
1872 969 1922 1026 si
1956 984 2059 1040 per
2086 970 2593 1026 mensurationem
2629 983 2772 1027 sua-

343 1062 474 1105 rum
502 1046 753 1117 partium
786 1049 993 1101 notum
1022 1047 1200 1100 esset.
1236 1044 1368 1099 llaec
1398 1047 1488 1098 est
1518 1042 1678 1098 enim
1710 1041 1948 1111 propria
1975 1040 2241 1113 cognitio
2271 1040 2645 1111 quantitatis.
2674 1041 2774 1098 Sic

344 1125 541 1176 autem
574 1119 730 1173 Deus
761 1128 881 1171 non
908 1112 1255 1184 cognoscit:
1285 1111 1462 1180 unde,
1486 1117 1551 1168 ut
1571 1112 1650 1168 ita
1674 1111 1923 1179 dicatur,
1957 1124 2073 1167 non
2103 1110 2771 1191 cognoscit-inlinitum,

344 1188 674 1254 secundum
709 1185 866 1258 quod
885 1190 988 1241 est
1011 1182 1331 1246 infinitum,
1363 1183 1467 1241 sed
1497 1181 1827 1239 secundum
1857 1181 2017 1254 quod
2046 1182 2116 1238 ad
2149 1190 2322 1240 suam
2356 1188 2675 1239 scientiam
2704 1195 2772 1241 se

343 1258 523 1316 habet
553 1273 619 1314 ac
646 1257 697 1314 si
726 1261 884 1313 esset
911 1252 1166 1322 finitum,
1197 1259 1261 1311 ut
1286 1258 1595 1311 ostensum
1628 1258 1737 1310 est.

416 1328 729 1386 Sciendum
766 1333 985 1393 tamen,
1015 1325 1174 1396 quod
1205 1326 1362 1381 Deus
1391 1323 1628 1380 infinita
1647 1337 1767 1380 non
1793 1322 2105 1395 cognoscit
2123 1322 2376 1381 scientia
2402 1321 2682 1392 visionis,
2705 1329 2774 1381 ut

342 1399 540 1456 vei-bis
570 1398 823 1455 aliorum
847 1400 1104 1465 utamur,
1135 1395 1275 1467 quia
1304 1394 1537 1450 infinita
1566 1406 1674 1451 nec
1694 1401 1834 1451 sunt
1859 1399 2014 1461 actu,
2038 1406 2146 1450 nec
2167 1394 2426 1460 fuerunt,
2448 1407 2556 1450 nec
2573 1400 2774 1464 erunt,

346 1483 481 1525 cum
512 1467 817 1538 generatio
847 1481 916 1522 cx
948 1471 1157 1521 neutra
1188 1470 1348 1534 parte
1378 1465 1457 1522 sit
1487 1464 1738 1532 infinita,
1795 1464 2123 1522 secundum
2177 1464 2349 1521 iidem
2391 1464 2771 1522 catholicam.

346 1540 468 1595 Scit
497 1545 689 1595 tamen
722 1536 956 1593 infinita
979 1535 1231 1593 scientia
1256 1534 1550 1604 simplicis
1579 1534 2009 1604 intelligentiae.
2041 1534 2164 1591 Scit
2190 1536 2347 1591 euim
2381 1537 2539 1591 Deus
2577 1534 2778 1593 infini-

344 1613 426 1676 ta,
458 1623 589 1680 quie
618 1622 725 1664 nec
759 1612 920 1674 sunt,
953 1619 1063 1663 nec
1092 1611 1285 1672 erunt,
1310 1619 1418 1661 nec
1444 1605 1703 1672 suerunt,
1734 1619 1865 1677 quae
1890 1611 2084 1662 tamen
2112 1609 2253 1661 sunt
2280 1605 2339 1661 in
2363 1605 2628 1675 potentia
2653 1619 2777 1663 cre·

347 1685 561 1746 aturae;
593 1683 651 1733 et
683 1676 797 1734 scit
847 1676 1022 1732 etiam
1070 1674 1323 1742 infinita,
1370 1689 1502 1747 quae
1550 1680 1690 1732 sunt
1737 1675 1796 1730 iu
1839 1689 1948 1732 sua
1978 1676 2263 1755 potentia,
2294 1690 2425 1747 quae
2468 1680 2772 1755 nec-sunt,

346 1761 456 1805 nec
502 1753 694 1815 erunt,
739 1760 849 1803 nec
901 1746 1158 1803 fuerunt.
1212 1745 1392 1812 Unde,
1443 1751 1730 1817 quantum
1778 1745 1848 1801 ad
1902 1751 2293 1817 quaestionem
2324 1746 2395 1802 de
2425 1747 2778 1817 cognitione

345 1818 741 1888 singularium
770 1816 1044 1888 pertinet,
1069 1815 1414 1887 responderi
1445 1820 1641 1885 potest
1671 1830 1773 1886 per
1801 1815 2293 1896 interruptionem
2324 1816 2611 1896 majoris.
2643 1819 2780 1875 Non

348 1890 505 1944 enini
560 1887 889 1958 singularia
937 1892 1077 1942 sunt
1133 1884 1387 1953 infinita,
1436 1887 1487 1943 si
1536 1892 1736 1943 tamen
1783 1891 2016 1957 essent,
2062 1885 2457 1946 nihilominus
2499 1889 2659 1946 Deus
2704 1900 2780 1948 ea

348 1962 757 2029 cognosceret.
791 1958 836 2030 (I
863 1959 1037 2029 part„
1065 1970 1123 2029 q.
1152 1968 1279 2027 ΧΠ,
1312 1961 1422 2014 art.
1457 1956 1564 2028 12.)

1321 2106 1574 2171 CAPUT
1613 2108 1790 2171 LXX.

1104 2254 1257 2309 ouon
1289 2256 1439 2302 nnus
1475 2255 1788 2302 coenosum·
1822 2255 2007 2301 vitu.

416 2451 538 2508 Hoc
567 2452 765 2506 autem
796 2446 1019 2517 habito,
1049 2445 1486 2504 ostendendum
1508 2450 1600 2505 est
1628 2446 1786 2519 quod
1817 2448 1977 2504 Deus
2000 2446 2316 2528 cognoscit
2339 2445 2505 2517 vilia,
2528 2451 2588 2504 et
2608 2448 2772 2521 quod

344 2520 461 2580 hoc
487 2519 781 2577 nobilitati
803 2518 933 2591 eJus
956 2518 1223 2577 scientiae
1258 2530 1381 2575 non
1408 2524 1718 2590 repugnat.
1743 2519 1977 2586 Quanto
2002 2532 2161 2575 enim
2194 2519 2396 2591 aliqua
2437 2520 2628 2578 virtus
2673 2535 2773 2578 ac-

340 2591 465 2648 tiva
485 2596 578 2647 est
615 2590 844 2657 sortior,
874 2594 1037 2646 tanto
1066 2588 1126 2646 in
1159 2589 1480 2645 remotiora
1500 2601 1671 2646 suam
1725 2589 2021 2646 actionem
2056 2590 2340 2659 extendit,
2372 2593 2438 2647 ut
2466 2590 2647 2647 etiam
2700 2591 2768 2648 in

344 2661 721 2719 sensibilium
751 2660 1088 2718 actionibus
1118 2665 1377 2730 apparet.
1408 2659 1509 2717 Vis
1553 2665 1750 2715 autem
1787 2659 1971 2715 divini
2024 2659 2383 2730 intellectus,
2433 2660 2492 2717 in
2539 2674 2772 2732 cogno-

344 2732 569 2791 scendo
585 2745 704 2800 res,
724 2730 1226 2788 similaturvirtuti
1242 2730 1465 2787 activae.
1481 2730 1823 2786 Intellectus
1849 2730 2006 2786 enim
2025 2730 2263 2789 divinus
2281 2745 2400 2788 non
2423 2731 2770 2801 recipiendo

342 2816 380 2860 a
416 2803 595 2859 rebus
636 2803 968 2872 cognoscit,
1008 2800 1112 2858 sed
1146 2802 1337 2870 magis
1369 2814 1472 2871 per
1510 2801 1623 2857 hoc
1662 2801 1819 2871 quod
1850 2801 1938 2857 eis
1969 2800 2166 2857 influit
2210 2820 2225 2859 :
2277 2815 2415 2859 cuin
2458 2802 2643 2874 igitur
2689 2804 2773 2860 sit

343 2872 593 2930 inlinitae
623 2873 858 2928 virtutis
887 2872 947 2927 in
980 2870 1391 2941 intelligendo,
1423 2876 1488 2927 ut
1514 2886 1585 2927 ex
1624 2871 1924 2941 praedictis
1957 2870 2107 2942 (cap.
2156 2876 2223 2929 43
2296 2878 2475 2944 patet,
2532 2877 2771 2942 oportet
2795 2872 2810 2883 ‘

343 2943 501 3014 quod
533 2942 662 3013 eJus
689 2942 954 3012 cognitio
985 2941 1267 3012 usquead
1301 2941 1703 2999 remotissima
1732 2941 2115 3009 extendatur3
2149 2955 2214 3000 se
2280 2943 2502 3014 gradus
2545 2943 2767 3000 nobili-

340 3013 482 3069 tatis
512 3019 569 3067 et
599 3012 840 3068 vilitatis
870 3012 927 3067 in
955 3010 1235 3068 omnibus
1263 3012 1502 3069 entibus
1531 3012 1853 3068 attenditur
1879 3012 2208 3069 secundum
2256 3014 2756 3086 propinquitatem

344 3087 402 3139 et
429 3082 769 3138 distantiam
793 3094 829 3138 a
853 3083 992 3149 De0,
1024 3082 1125 3155 qui
1157 3087 1246 3138 est
1274 3080 1336 3136 iti
1369 3080 1485 3138 fine
1518 3082 1865 3140 nobilitatis.
1899 3086 2050 3163 Ergo
2080 3089 2619 3155 quantumcumque
2665 3083 2756 3140 vi·

342 3152 577 3209 lissima
617 3151 689 3231 ‘in
745 3151 984 3209 entibus
1007 3194 1024 3221 ,
1082 3154 1240 3209 Deus
1288 3158 1527 3223 propter
1573 3153 1890 3211 maximam
1947 3158 2224 3212 virtutem
2272 3154 2369 3212 sui
2424 3155 2757 3212 intellectus

344 3227 678 3291 cognoscit.

411 3296 699 3357 Praeterea‚
732 3304 908 3349 omne
934 3290 1115 3365 quod,
1146 3291 1210 3348 in
1237 3306 1310 3351 eo
1336 3292 1495 3365 quod
1525 3299 1615 3352 est
1643 3293 1733 3351 vel
1763 3294 1939 3366 quale
1968 3293 2208 3367 quidem
2237 3298 2348 3362 est,
2379 3301 2516 3353 actu
2559 3298 2670 3364 est,
2701 3299 2764 3353 et

342 3362 673 3419 similitudo
701 3362 876 3432 primi
908 3367 1076 3419 actus
1103 3368 1213 3431 est,
1241 3369 1297 3420 et
1325 3379 1394 3421 ex
1426 3364 1538 3420 hoc
1568 3364 1937 3422 nobilitatem
1969 3365 2165 3433 habet,
2189 3365 2345 3437 quod
2366 3367 2542 3422 etiam
2560 3372 2766 3435 poten-

340 3433 425 3490 tia
452 3440 561 3500 est,
589 3448 661 3490 ex
688 3433 896 3490 ordine
923 3432 995 3490 ad
1023 3437 1218 3490 actum
1251 3435 1582 3493 nobilitatis
1608 3441 1699 3492 est
1725 3437 2040 3506 particepS,
2073 3437 2162 3493 sic
2182 3437 2339 3492 enim
2365 3450 2500 3494 esse
2519 3436 2758 3494 dicitur.

341 3504 717 3584 Relinquitur
744 3504 926 3575 igitur
954 3503 1113 3576 quod
1149 3506 1615 3585 unumquodque
1640 3507 1698 3562 in
1728 3520 1794 3563 se
1824 3505 2262 3564 consideratum
2291 3506 2490 3564 nobile
2512 3511 2622 3573 est,
2653 3506 2764 3565 sed

338 3575 456 3630 vile
490 3575 706 3632 dicitur
733 3580 1005 3644 respectu
1039 3574 1375 3633 nobilioris.
1406 3582 1451 3633 A
1479 3579 1597 3634 Deo
1626 3583 1820 3634 autem
1844 3576 2066 3634 distant
2095 3578 2489 3636 nobilissimae
2509 3578 2763 3635 aliarum

340 3658 560 3715 rerum,
589 3658 710 3702 non
740 3644 942 3702 minus
971 3659 1147 3717 quam
1180 3646 1402 3704 ultimoe
1442 3661 1635 3704 rerum
1664 3654 1993 3704 creatarum
2025 3647 2248 3705 distant
2282 3662 2317 3706 a
2346 3651 2666 3719 supremis,
2700 3649 2762 3707 Si

339 3713 527 3794 igitur
558 3716 683 3773 haec
715 3716 999 3773 distantia
1026 3716 1337 3786 impediret
1367 3718 1626 3774 divinam
1660 3718 2086 3788 cognitionem,
2130 3720 2318 3776 multo
2348 3720 2542 3792 magis
2574 3720 2763 3789 impe-

339 3784 492 3842 diret
519 3785 642 3852 illa,
671 3792 729 3843 et
757 3787 846 3843 sic
876 3793 1224 3859 sequeretur
1251 3788 1407 3868 quod
1440 3789 1589 3844 nihil
1622 3791 1779 3845 Deus
1808 3798 2197 3861 cognosceret
2219 3790 2379 3846 aliud
2411 3804 2446 3846 a
2476 3804 2562 3856 se,
2596 3788 2760 3861 quod

340 3866 523 3925 supi-a
545 3856 936 3926 improbatum
965 3864 1075 3914 est.
1109 3857 1166 3914 Si
1200 3858 1381 3939 igitur
1400 3858 1626 3930 aliquid
1655 3857 1813 3915 aliud
1841 3873 1959 3917 ase
1990 3867 2400 3933 cognosceret,
2443 3867 2762 3932 quantum·

339 3938 595 4051 cumane
622 3926 1083 3991 nobilissimum,
1119 3942 1242 3998 pari
1272 3929 1504 3986 ratione
1548 3935 1938 4001 cognosceret
1966 3931 2272 4002 quodlibet
2298 3938 2762 4004 quantumcum-

340 4008 455 4068 que
525 3996 712 4053 icatur
740 3996 1120 4055 vilissimum.

408 4065 683 4146 Amplius,
704 4066 920 4124 bonum
944 4068 1174 4126 ordinis
1190 4069 1453 4126 universi
1474 4069 1741 4129 nobilius
1752 4070 2121 4144 estqualibet
2138 4076 2303 4143 parte
2324 4070 2759 4137 universi‚cum

338 4142 537 4206 parles
563 4138 816 4208 singulae
847 4138 1197 4196 ordinentur
1225 4140 1296 4197 ad
1329 4142 1548 4197 bonum
1577 4142 1828 4208 ordinis,
1879 4142 1933 4198 ui
1960 4148 2050 4198 est
2072 4142 2131 4198 in
2153 4142 2758 4213 totosicutadfinem,

340 4211 405 4263 ut
436 4221 542 4277 pei·
570 4208 998 4279 Philosophum
1016 4215 1171 4280 patet
1199 4210 1261 4266 in
1283 4211 1637 4269 duodecimo
1659 4215 1838 4281 Metap
1883 4254 1897 4269 .
1924 4211 2086 4283 (text.
2101 4226 2316 4270 comm.
2350 4214 2458 4284 52).
2490 4213 2543 4269 Si
2570 4213 2762 4284 igitur

341 4278 498 4333 Deus
530 4279 842 4349 cognoscit
874 4279 1131 4350 aliquam
1163 4281 1339 4338 aliam
1369 4287 1637 4339 naturam
1672 4282 2223 4350 nobilem‚maxime
2252 4289 2642 4354 cognosceret
2662 4296 2758 4340 or·

340 4346 536 4427 dinem
570 4349 849 4406 universi.
884 4351 1006 4407 Hoc
1034 4357 1227 4408 autem
1253 4354 1538 4425 cognosci
1575 4368 1691 4411 non
1714 4360 1909 4424 potest
1938 4354 2053 4411 nisi
2082 4360 2525 4428 cognoscantur
2553 4359 2611 4409 et
2643 4365 2757 4411 no-

339 4416 554 4478 biliora
573 4423 632 4478 et
658 4419 892 4492 viliora,
907 4420 971 4487 in
995 4434 1249 4494 quorum
1279 4424 1582 4483 distantiis
1596 4429 1656 4484 et
1674 4424 2124 4486 habitudinibus
2151 4425 2298 4486 ordo
2330 4424 2590 4486 universi
2612 4435 2760 4483 con·
