3076 5025
1148 329 1280 385 LIB.
1321 329 1392 394 11,
1432 328 1584 383 CAP.
1625 328 1726 383 Lx.
2562 331 2667 387 183

225 453 324 509 est
365 449 964 532 potensjntelligere,
1014 458 1333 524 antequam
1383 448 1724 507 intellectus
1754 448 2087 519 possibilis,
2120 449 2221 522 qui
2276 453 2367 507 est
2393 451 2664 521 potentia

227 519 632 591 intelligendi,
673 522 753 578 sit
780 536 834 577 ei
865 522 1272 580 continuatus.

298 593 571 647 Praeterea
591 633 608 660 ‚
660 591 833 648 aliter
892 591 1110 650 dieitur
1172 592 1393 665 aliquis
1458 594 1673 663 potens
1730 590 1961 661 operari
1989 633 2005 661 ,
2062 595 2380 663 antequam
2446 591 2666 653 habeat

230 666 509 719 naturam
539 676 659 734 qua
686 666 981 732 operetur,
1010 670 1069 719 et
1111 663 1285 720 aliter
1313 668 1625 735 postquam
1653 662 1774 732 jam
1804 661 1982 718 habet
2005 668 2299 728 naturam,
2339 661 2442 718 sed
2475 662 2664 733 impe-

230 731 391 789 ditur
421 745 527 802 per
553 732 833 790 accidens
861 731 935 790 ab
966 734 1268 803 operando
1298 750 1313 802 3
1346 733 1503 790 sicut
1532 733 1705 788 aliter
1733 731 1948 788 dicitur
2000 745 2218 803 eorpus
2263 737 2474 802 potens
2523 734 2663 791 ferri

230 815 499 870 sursum,
531 809 846 875 antequam
878 804 960 861 sit
993 803 1140 872 leve,
1172 810 1228 861 et
1276 804 1448 861 aliter
1476 808 1793 874 postquam
1818 801 1941 873 jam
1971 808 2059 859 est
2108 808 2453 875 generatum
2513 802 2662 874 leve,

231 872 339 931 sed
390 873 710 943 impeditur
751 873 815 930 in
843 886 957 932 suo
986 880 1172 932 motu.
1206 877 1358 931 Puer
1393 880 1589 931 autom
1622 873 1803 929 estin
1834 872 2098 943 potentia
2140 872 2503 943 intelligens,
2537 888 2661 932 non

229 943 404 1016 quasi
459 943 725 1001 nondum
759 943 986 1003 hahens
1031 951 1304 1002 naturam
1334 943 1730 1026 intelligendi,
1762 943 1867 999 sed
1901 943 2127 1000 habens
2169 943 2663 1014 impedimentum

231 1020 301 1070 ut
329 1027 452 1070 non
489 1014 817 1085 intelligam
849 1014 1169 1085 impeditur
1212 1015 1370 1072 enim
1414 1015 1488 1073 ah
1538 1012 1931 1084 intelligendo
1984 1019 2223 1085 propter
2273 1014 2664 1073 multimodos

231 1090 436 1142 motus
457 1085 518 1141 in
549 1084 683 1155 ipso
712 1086 1056 1156 existentes,
1077 1092 1142 1142 ut
1168 1086 1386 1143 dicitur
1404 1085 1466 1142 in
1483 1086 1740 1155 septimo
1758 1085 2112 1163 physicorum
2134 1084 2293 1155 (text.
2317 1088 2642 1167 eomm.20)

230 1157 360 1211 Non
402 1155 587 1227 igitur
627 1163 867 1227 propter
909 1156 1024 1214 hoc
1054 1156 1269 1214 dicitur
1298 1162 1507 1227 potens
1542 1156 1893 1226 intelligere,
1927 1168 2071 1226 quia
2098 1154 2438 1212 intellectus
2464 1168 2664 1236 possi-

232 1224 395 1292 bilis,
426 1226 528 1297 qui
554 1232 646 1283 est
675 1227 1044 1300 intellig-endi
1077 1227 1456 1298 principium,
1480 1232 1675 1297 potest
1703 1225 2041 1282 continuari
2065 1224 2180 1282 sibi
2206 1243 2222 1293 ;
2255 1226 2357 1282 sed
2381 1226 2664 1299 quiajam

232 1300 326 1353 est
375 1296 784 1363 continuatus,
815 1303 874 1353 et
917 1298 1235 1368 impeditur
1279 1297 1355 1355 ab
1397 1298 1631 1354 actione
1681 1297 1959 1367 propria;
2009 1295 2187 1359 unde,
2236 1296 2664 1367 impedimento

230 1372 486 1432 remoto,
512 1367 712 1424 statim
743 1368 1042 1441 intelligit.

300 1439 456 1504 Item,
501 1436 741 1496 habitus
791 1443 886 1496 est
933 1451 1053 1511 quo
1093 1438 1231 1511 quis
1276 1444 1577 1509 operatur,
1630 1451 1814 1511 quum
1857 1436 2134 1495 voluerit.
2184 1440 2230 1497 0
2273 1443 2427 1496 ortet
2477 1440 2666 1514 igitur

236 1507 507 1580 ejusdem
539 1521 675 1565 esse
726 1508 991 1567 habitum
1036 1514 1096 1566 et
1122 1511 1528 1580 operationem
1559 1523 1690 1581 quae
1722 1513 1816 1565 est
1861 1508 2189 1566 secundum
2271 1510 2517 1568 abitum.
2552 1511 2667 1569 Sed

234 1579 619 1636 considerare
648 1579 1060 1649 intelligendo,
1110 1580 1268 1651 quod
1308 1587 1396 1637 est
1427 1587 1596 1637 aetus
1644 1578 1822 1651 huJus
1852 1577 2092 1635 habitus
2120 1578 2221 1650 qui
2269 1586 2357 1638 est
2388 1582 2666 1653 scientia,

231 1662 356 1707 non
386 1654 586 1720 potest
622 1663 757 1707 esse
794 1649 1134 1707 intellectus
1166 1651 1410 1721 passivi,
1444 1651 1546 1708 sed
1592 1656 1682 1707 est
1711 1649 1901 1720 ipsius
1945 1648 2282 1707 intellectus
2312 1652 2665 1723 possibilis;

234 1720 308 1777 ad
348 1720 464 1777 hoc
494 1720 652 1776 enim
684 1720 843 1800 quod
895 1721 1096 1793 aliqua
1125 1722 1391 1792 potentia
1417 1721 1731 1793 intelligat,
1759 1723 1995 1800 oportet
2018 1720 2176 1792 quod
2213 1733 2331 1778 non
2363 1723 2443 1779 sit
2491 1730 2665 1782 actus

234 1791 508 1861 corporis
537 1791 811 1862 alicujus.
846 1793 997 1862 Ergo
1033 1797 1088 1848 et
1120 1792 1359 1849 habitus
1401 1792 1669 1849 scientiae
1699 1804 1816 1847 non
1849 1794 1941 1847 est
1978 1804 2039 1846 m
2067 1790 2367 1849 intellectu
2398 1794 2661 1863 passivo,

236 1861 340 1919 sed
370 1861 433 1917 in
472 1861 779 1919 intellectu
821 1861 1121 1932 possibili.
1149 1862 1410 1919 seientia
1437 1868 1635 1919 autem
1683 1862 1745 1916 in
1780 1860 1955 1917 nohis
1983 1865 2076 1917 est
2125 1863 2452 1919 secundum
2483 1879 2664 1936 quam

233 1931 493 1989 dicimur
515 1932 797 1989 scientes.
822 1934 974 2004 Ergo
1004 1937 1063 1988 et
1085 1932 1423 1990 intellectus
1451 1931 1764 2003 possibilis
1785 1931 1958 1988 estin
1986 1930 2164 1988 nohis
2184 1945 2309 1989 non
2333 1935 2665 1992 secundum

235 2016 371 2061 esse
401 2017 438 2058 a
466 2001 645 2060 nohis
668 2010 998 2073 separatus.

301 2072 524 2140 Adhuc,
555 2073 808 2130 scientia
826 2080 919 2131 est
941 2074 1297 2132 assimilatio
1326 2074 1576 2133 scientis
1598 2074 1669 2131 ad
1702 2087 1822 2131 rem
1855 2073 2088 2131 scitam.
2115 2073 2220 2130 Rei
2251 2078 2444 2132 autem
2477 2076 2665 2146 scitae,

234 2143 298 2201 in
325 2149 616 2215 quantum
647 2149 736 2200 est
764 2144 934 2212 scita,
959 2157 1082 2201 non
1111 2145 1482 2203 assimilatur
1505 2145 1727 2206 sciens,
1761 2144 1880 2201 nisi
1912 2143 2243 2202 secundum
2270 2147 2507 2216 species
2538 2147 2668 2206 uni-

238 2214 540 2284 versatem
574 2214 828 2273 scientia
856 2215 1015 2271 enim
1036 2216 1107 2272 de
1139 2216 1480 2288 hujusmodi
1511 2221 1639 2285 est3
1666 2215 1899 2286 species
1927 2221 2123 2272 autem
2151 2215 2521 2275 universales
2542 2231 2667 2274 non

235 2289 496 2356 possunt
545 2283 609 2340 in
637 2284 942 2342 intellectu
974 2286 1217 2357 passivo
1246 2301 1403 2355 esse,
1436 2301 1617 2359 quum
1654 2286 1736 2343 sit
1767 2286 2031 2355 potentia
2063 2293 2237 2342 utens
2279 2300 2528 2358 organO,
2559 2288 2668 2347 sed

236 2356 436 2413 solum
466 2355 529 2411 in
559 2354 865 2413 intellectu
889 2356 1187 2427 possibili.
1217 2357 1476 2415 seientia
1503 2357 1835 2428 igiturnon
1863 2361 1954 2412 est
1981 2355 2046 2411 in
2065 2355 2372 2414 intellectu
2398 2359 2665 2429 passivo,

241 2426 346 2484 sed
377 2426 576 2483 solum
598 2425 659 2481 in
688 2426 989 2484 intellectu
1016 2428 1314 2498 possibili.

302 2497 583 2568 Amplius,
615 2496 954 2555 intellectus
995 2496 1058 2555 in
1106 2492 1430 2566 hahitu‚'ut
1474 2498 1855 2556 adversarius
1899 2495 2236 2567 confltetur,
2276 2504 2370 2557 est
2415 2498 2667 2558 effectus

238 2568 581 2626 intellectus
603 2568 863 2640 agentis.
893 2569 1234 2627 intellectus
1276 2576 1473 2627 autem
1515 2569 1750 2641 agentis
1780 2567 2031 2625 effectus
2067 2573 2212 2625 sunt
2260 2570 2671 2643 intelligibilia

235 2639 300 2695 in
346 2644 505 2706 actu,
536 2652 791 2711 quorum
824 2640 1126 2719 proprium
1176 2640 1472 2711 recipiens
1515 2644 1604 2696 est
1636 2637 1974 2695 intellectus
2014 2638 2348 2708 possibilis,
2375 2640 2449 2697 ad
2488 2656 2667 2714 quem

236 2714 618 2780 comparatur
664 2723 850 2782 agens
892 2716 1050 2767 sicut
1077 2723 1174 2767 ars
1203 2710 1275 2766 ad
1308 2709 1637 2777 materiam,
1683 2715 1748 2765 ut
1773 2709 2122 2765 Aristoteles
2151 2707 2296 2766 dicit
2329 2711 2426 2782 (De
2459 2716 2666 2782 anima,

235 2792 326 2861 ιιιΞ
361 2785 502 2836 text.
533 2792 751 2837 comm.
789 2779 899 2851 ¹7).
931 2783 1172 2850 oportet
1213 2781 1397 2852 igitur
1420 2781 1797 2860 intellectum·
1818 2779 1879 2835 in
1917 2777 2143 2847 habitu,
2173 2780 2277 2851 qui
2307 2786 2396 2838 est
2426 2780 2668 2840 habitus

237 2851 529 2913 scientim,
562 2864 697 2907 esse
722 2851 787 2906 in
817 2850 1119 2908 intellectu
1150 2851 1451 2922 possibili,
1485 2863 1606 2908 non
1638 2863 1898 2920 passivo,

304 2923 597 2983 Praeterea,
616 2920 992 2991 impossihile
1009 2926 1101 2979 est
1128 2921 1285 2994 quod
1312 2922 1596 2992 perfectio
1623 2920 1953 2991 superioris
1972 2919 2322 2980 substantiae
2340 2922 2670 2994 dependeat

237 2991 314 3049 ab
340 2992 635 3049 inferiori.
671 2991 958 3048 perfectio
980 2998 1176 3049 autem
1208 2992 1549 3049 intellectus
1577 2990 1887 3063 possibilis
1908 2991 2201 3062 dependet
2228 2994 2301 3050 ah
2322 2995 2670 3066 operatione

237 3062 542 3131 hominis3
574 3062 868 3132 dependet
896 3063 1056 3120 enim
1077 3078 1114 3120 a
1143 3062 1661 3133 phantasmatibus
1690 3076 1823 3134 quae
1848 3067 2087 3120 movent
2115 3063 2477 3122 intellectum
2529 3078 2669 3137 pos·

241 3132 500 3190 sihilem.
531 3136 657 3191 Non
707 3133 893 3204 igitur
919 3138 1010 3191 est
1055 3133 1395 3192 intellectus
1424 3132 1737 3205 possibilis
1768 3133 1971 3205 aliqua
2017 3133 2355 3193 substantia
2395 3138 2671 3207 superior

240 3203 485 3261 homine
506 3222 520 3266 ς
544 3217 688 3276 ergo
717 3208 950 3274 oportet
977 3204 1134 3276 quod
1156 3204 1236 3261 sit
1262 3204 1485 3277 aliquid
1518 3203 1803 3272 hominis,
1834 3209 1897 3260 ut
1928 3210 2097 3261 actus
2125 3210 2183 3261 et
2215 3206 2406 3263 forma
2438 3207 2659 3277 ipsiuS.

311 3275 530 3342 Adhuc,
559 3287 950 3346 quaeoumque
989 3280 1127 3331 sunt
1162 3282 1434 3346 separata
1463 3274 1793 3332 secundum
1843 3288 1977 3331 esse
2029 3274 2248 3332 habent
2274 3279 2451 3335 etiam
2498 3291 2669 3347 sepa-

238 3350 400 3403 ratas
444 3345 861 3415 operationes3
909 3357 1046 3401 nam
1099 3358 1195 3402 res
1239 3351 1383 3402 sunt
1410 3351 1650 3417 propter
1693 3357 1837 3402 suas
1866 3346 2265 3416 operationes,
2315 3348 2472 3404 sicut
2499 3354 2670 3405 actus

240 3415 471 3486 primus
495 3419 737 3486 propter
764 3415 1091 3473 secundum
1117 3434 1133 3484 3
1161 3416 1318 3473 unde
1332 3417 1681 3473 Aristoteles
1706 3414 1847 3472 dicit
1871 3414 1968 3488 (De
1985 3418 2191 3486 anima,
2220 3431 2262 3486 1,
2284 3422 2426 3474 text.
2449 3432 2666 3475 comm.

243 3490 308 3544 ¹2
335 3493 396 3543 et
430 3489 515 3557 13)
554 3486 716 3558 quod
747 3486 798 3543 si
845 3486 1049 3558 aliqua
1079 3488 1494 3557 operationum
1531 3486 1748 3543 animae
1795 3491 1888 3542 est
1915 3486 2048 3543 sine
2077 3500 2346 3558 corpore,
2379 3489 2669 3558 possibile

239 3562 331 3616 est
376 3556 641 3613 animam
683 3557 967 3627 separari.
1009 3558 1284 3627 Operatio
1330 3564 1528 3615 autem
1579 3557 1914 3613 intellectus
1942 3557 2252 3626 possibilis
2282 3558 2403 3615 indi
2451 3565 2505 3615 et
2546 3573 2673 3616 cor-

237 3640 420 3698 pore3
460 3627 603 3683 dicit
636 3628 793 3683 enim
827 3627 1228 3699 Philosophus
1259 3627 1355 3700 (De
1383 3630 1589 3691 anima,
1622 3640 1711 3697 ιιι,
1760 3630 1899 3683 text.
1931 3640 2147 3684 comm.
2184 3628 2237 3700 8)
2269 3642 2388 3700 quo
2468 3627 2671 3686 anima

236 3703 435 3777 potest
462 3711 640 3770 agere
670 3710 773 3768 per
798 3698 1082 3769 seipsam,
1101 3697 1330 3755 scilicet
1361 3698 1713 3771 intelligere,
1734 3695 1973 3770 quando
2004 3697 2340 3755 intellectus
2367 3699 2671 3756 estractus

240 3782 299 3824 m
347 3775 485 3826 actu
530 3782 637 3840 per
675 3767 932 3838 speciem
966 3782 1002 3825 a
1031 3769 1549 3839 phantasmatibus
1576 3769 1953 3836 abstractam,
1999 3781 2130 3840 quae
2172 3781 2293 3825 non
2341 3774 2482 3826 sunt
2535 3770 2669 3827 sine

237 3852 512 3910 corpore.
557 3839 747 3911 Igitur
792 3838 1134 3896 intellectus
1179 3838 1489 3910 possibilis
1542 3851 1665 3896 non
1711 3842 1804 3896 est
1849 3839 2098 3895 omnino
2146 3852 2182 3897 a
2210 3852 2457 3912 corpore
2497 3853 2668 3912 sepa-

307 3981 588 4051 Amplius.
620 3979 975 4054 cuicumque
1003 3981 1289 4053 competit
1316 3981 1516 4055 aliqua
1544 3995 1582 4040 o
1625 3980 1813 4039 eratio
1839 3981 2169 4039 secundum
2203 3986 2497 4052 naturam,
2530 3988 2675 4040 sunt

240 4050 294 4107 ei
338 4066 376 4109 a
421 4058 635 4108 natura
676 4052 958 4109 attributa
1003 4066 1073 4110 ea
1101 4055 1234 4110 sine
1323 4053 1499 4111 uibus
1540 4053 1579 4109 il
1608 4053 1935 4124 aoperatio
1964 4053 2248 4124 compleri
2281 4067 2401 4110 non
2453 4060 2670 4135 potest,

241 4121 397 4180 sicut
446 4122 798 4180 Aristoteles
847 4123 1056 4194 probat
1085 4124 1184 4195 (De
1383 4127 1434 4178 et
1477 4125 1679 4179 mundo
1722 4136 1787 4192 11,
1831 4128 1972 4180 text.
2019 4137 2236 4182 comm.
2283 4124 2373 4198 50)
2404 4125 2585 4198 quod,
2614 4138 2671 4183 sl

239 4193 427 4251 stellae
483 4199 863 4250 moverentur
916 4201 1081 4251 motu
1139 4194 1518 4266 progressivo
1570 4194 1645 4252 ad
1707 4193 1950 4251 modum
2015 4194 2395 4264 animalium,
2457 4204 2672 4254 natura

238 4262 507 4322 dedisset
534 4264 624 4321 eis
650 4276 879 4336 organa
897 4270 1099 4322 motus
1127 4264 1512 4336 progressivi.
1545 4265 1656 4324 Sed
1685 4265 1953 4337 operatio
1992 4264 2329 4324 intellectus
2355 4267 2669 4338 possibilis

239 4334 576 4405 completur
602 4348 708 4405 per
734 4348 963 4407 organa
987 4349 1292 4407 corporea,
1326 4336 1386 4392 in
1418 4335 1638 4407 quibus
1662 4348 1909 4393 necesse
1935 4340 2027 4393 est
2064 4349 2200 4393 esse
2230 4339 2668 4408 phantasmata.

238 4406 464 4486 lflatura
509 4405 696 4477 igitur
722 4405 1088 4464 intellectum
1120 4407 1469 4478 possibilem
1517 4406 1826 4478 corporeis
1866 4406 2060 4464 univit
2105 4409 2352 4480 organis
2377 4427 2399 4479 ;
2425 4421 2551 4467 non
2578 4411 2670 4462 est

240 4476 429 4549 igitur
458 4475 792 4540 secundum
813 4489 952 4536 esse
973 4492 1011 4534 a
1035 4490 1277 4549 corpore
1305 4482 1639 4549 separatus,
