3076 5025
1197 258 1328 314 LIB.
1370 258 1416 327 1,
1455 257 1609 314 CAP.
1645 258 1818 315 ml.
2641 263 2707 339 37

284 380 640 462 designant,
670 394 802 453 quae
831 394 903 437 ex
929 379 1187 460 propriis
1214 378 1528 460 principiis
1557 379 1892 451 specierum
1922 384 2264 445 causantur,
2295 380 2455 440 unde
2481 380 2554 440 de
2583 382 2707 443 Deo

224 508 235 521 ,
283 451 406 509 dici
444 463 573 509 non
604 455 859 522 possunt
886 463 1006 509 nisi
1034 450 1457 521 metaphorice.

352 521 507 589 Quae
567 535 707 579 vero
758 520 1100 593 hujusmodi
1157 519 1556 593 perfectiones
1580 521 1920 603 exprimunt
1973 534 2110 581 cum
2147 520 2709 593 supereminentiori

284 591 474 672 modo
498 604 625 664 quo
651 592 775 649 Deo
801 591 1178 672 convenient,
1204 590 1278 649 de
1307 590 1442 672 solo
1468 593 1590 648 Deo
1615 591 1913 662 dicuntur,
1951 592 2105 651 sicut
2130 607 2428 652 summum
2459 593 2707 666 bonum,

282 661 1426 814 Prfficffimaffesmealilqnaahgssaelegtililffgrum
1475 731 1785 791 nominum
1832 720 2256 815 perfectionem
2296 735 2521 808 absque
2550 736 2711 794 defc-

281 808 383 885 ctu
441 809 793 885 importare,
845 807 1131 883 quantuni
1175 801 1250 860 ad
1293 801 1442 860 illud
1481 802 1557 860 ad
1608 803 1795 884 quod·
1822 803 2282 886 significandum
2332 820 2547 865 nomen
2599 806 2713 865 fuit

289 887 365 930 im
410 878 664 931 osituin.
697 874 996 940 Quantum
1032 886 1192 931 enim
1235 871 1309 932 ad
1344 872 1589 931 modum
1640 872 2044 945 significandi,
2084 890 2260 934 omne
2306 890 2524 934 nomen
2572 888 2711 935 cum

288 943 357 1002 de
384 949 524 1001 ectu
544 949 660 1002 est.
683 945 832 1000 Nam
861 943 1105 1001 nomine
1133 956 1230 1001 res
1258 942 1647 1014 exprimimus
1673 958 1745 1002 eo
1767 944 1944 1003 modo
1962 959 2082 1018 qno
2113 946 2414 1004 intellectu
2447 946 2709 1019 concipi-

280 1028 443 1084 mus,
469 1014 824 1072 intellectus
848 1019 1044 1072 autem
1060 1019 1264 1072 noster
1283 1027 1320 1071 a
1338 1013 1730 1072 sensibilibus
1750 1016 2151 1087 cognoscendi
2177 1016 2413 1075 initium
2437 1030 2707 1088 sumens,

282 1084 454 1142 'illum
483 1084 735 1143 modum
763 1097 885 1142 non
908 1084 1276 1143 transcendit
1303 1084 1402 1157 qui
1436 1084 1498 1140 in
1524 1084 1706 1143 rebus
1735 1085 2125 1144 sensibilibus
2153 1087 2471 1155 invenitur,
2502 1088 2564 1144 in
2585 1086 2714 1160 qui-

285 1154 399 1214 bus
427 1153 604 1214 aliud
633 1159 723 1214 est
772 1156 964 1212 forma
993 1160 1051 1213 et
1093 1154 1321 1213 habens
1352 1155 1626 1222 formam,
1657 1161 1898 1226 propter
1935 1156 2138 1214 sormae
2171 1162 2230 1214 et
2257 1158 2517 1216 materiae
2546 1171 2709 1217 com·

284 1224 682 1298 positionem.
701 1227 915 1283 Forma
943 1238 1084 1283 vero
1112 1225 1173 1281 in
1216 1224 1312 1284 bis
1341 1225 1519 1283 rebus
1558 1224 1859 1283 invenitur
1880 1225 2122 1298 quidem
2152 1227 2427 1297 simplex,
2456 1228 2559 1286 sed
2589 1240 2710 1286 non

292 1297 574 1367 perfecta,
603 1301 805 1368 utpote
831 1309 952 1353 non
982 1295 1341 1354 subsistens.
1370 1295 1605 1353 liabens
1636 1302 1830 1353 autem
1863 1295 2112 1353 formam
2144 1296 2444 1354 invenitur
2513 1297 2710 1356 uidem

292 1367 659 1448 subsistens,
683 1366 791 1424 sed
819 1379 942 1424 non
973 1366 1244 1437 simplex,
1272 1365 1395 1422 imo
1425 1366 1866 1446 concretionem
1893 1366 2141 1424 habens.
2176 1367 2340 1424 Unde
2371 1368 2491 1424 inte
2521 1368 2710 1426 lectus

293 1443 511 1507 noster,
542 1436 689 1510 quid
739 1437 841 1495 uid
867 1435 1170 1509 significat
1197 1441 1261 1493 ut
1282 1436 1643 1505 subsistens,
1673 1450 1738 1493 in
1767 1437 2146 1494 concretione
2183 1436 2516 1508 signiticat3
2549 1438 2710 1510 quod

293 1521 425 1565 vero
444 1512 509 1565 ut
540 1508 704 1578 simp
730 1522 804 1564 ex
839 1506 1159 1580 significat,
1199 1520 1320 1564 non
1351 1511 1416 1565 ut
1480 1506 1590 1562 uod
1609 1511 1703 1570 est,
1736 1507 1843 1566 sed
1872 1512 1938 1564 ut
1964 1523 2070 1578 quc
2096 1512 2193 1564 est.
2217 1510 2284 1564 Et
2314 1508 2404 1566 sic
2438 1508 2502 1564 in
2543 1508 2709 1566 omni

297 1578 531 1659 nornine
564 1592 605 1636 a
632 1577 810 1636 nobis
837 1577 1017 1641 dicto,
1061 1582 1348 1658 quantum
1389 1523 1477 1635 ειὲ
1494 1576 1735 1658 modum
1767 1577 2168 1658 significandi,
2218 1577 2587 1659 imperfectio
2617 1579 2709 1659 iu7

295 1655 525 1706 venitur
551 1661 687 1722 quae
729 1649 852 1706 Deo
893 1661 1016 1706 non
1044 1654 1346 1720 competit,
1378 1661 1652 1721 quamvis
1692 1662 1787 1706 res
1817 1648 2153 1720 significata
2175 1647 2379 1721 aliquo
2421 1655 2706 1706 eminenti

300 1719 463 1777 modo
503 1722 629 1777 Deo
657 1718 993 1787 conveniat,
1025 1723 1091 1775 ut
1120 1723 1280 1789 patet
1325 1717 1386 1774 in
1425 1717 1670 1776 nomine
1697 1718 1982 1777 bonitatis
2009 1724 2067 1776 ct
2097 1718 2264 1777 boni.
2291 1722 2437 1778 Nam
2469 1719 2710 1778 bonitas

309 1788 596 1861 significat
618 1794 685 1847 ut
722 1802 843 1846 non
874 1788 1233 1856 subsistens,
1263 1787 1488 1845 bonum
1525 1793 1720 1846 autem
1752 1794 1818 1847 ut
1843 1793 2217 1857 concretum
2247 1794 2307 1847 et
2329 1795 2617 1862 quantum
2635 1790 2710 1849 ad

310 1858 407 1916 hoc
429 1860 671 1918 nullum
709 1873 928 1918 nomen
952 1861 1073 1917 Deo
1100 1858 1520 1917 convenienter
1548 1862 1799 1930 aptatur,
1829 1857 1935 1917 sed
1976 1860 2175 1917 solum
2203 1866 2492 1932 quantum
2541 1859 2615 1918 ad
2648 1859 2709 1918 id

306 1929 367 1987 ad
388 1930 553 2003 quud
578 1929 1041 2011 significandum
1072 1942 1290 1987 nomen
1317 1928 1666 2000 imponitur.

357 2003 627 2060 Possunt
647 2001 851 2072 igitur,
880 2005 947 2058 ut
971 2000 1294 2073 Dionysius
1329 1999 1522 2069 docet,
1556 1998 1897 2071 hujusmodi
1942 2000 2193 2059 nomina
2216 2004 2276 2059 et
2319 1999 2603 2059 affirmari
2632 2000 2705 2060 de

295 2073 405 2131 Deo
430 2078 503 2129 et
519 2070 749 2153 negari.
778 2069 1073 2149 Affirmari
1121 2069 1362 2143 quidem
1387 2074 1628 2142 propter
1652 2070 1919 2129 nominis
1961 2071 2287 2140 rationem;
2319 2072 2525 2144 negari
2569 2083 2709 2130 vero

292 2148 534 2215 propter
561 2138 942 2215 significandi
974 2140 1237 2199 modum.
2623 2212 2628 2216 .

355 2212 574 2271 Modus
603 2217 800 2270 autem
830 2211 1346 2283 supereminentiae
1372 2211 1577 2283 quoin
1615 2212 1735 2269 Deo
1764 2210 1937 2269 dictae
1963 2212 2358 2284 perfectiones
2401 2211 2709 2272 inveniam

294 2289 383 2341 tur
408 2297 524 2355 per
549 2282 857 2341 nominaa
892 2282 1070 2341 nobis
1116 2281 1419 2353 imposita,
1468 2280 1796 2354 significari
1843 2294 1965 2338 non
2007 2288 2263 2353 possunt
2303 2282 2421 2340 nisi
2473 2282 2564 2341 vel
2606 2295 2708 2354 per

287 2353 672 2427 negationem
699 2353 858 2411 sicut
889 2365 1071 2434 quum
1100 2351 1356 2409 dicimus
1387 2354 1569 2410 Deum
1600 2357 1883 2410 aeternum
1911 2351 2004 2408 vel
2043 2351 2362 2418 infinitum,
2406 2353 2494 2410 vel
2528 2353 2708 2412 etiam

329 2438 393 2482 er
419 2424 778 2482 relationem
807 2423 999 2495 ipsius
1025 2423 1099 2480 ad
1119 2422 1267 2491 alia,
1300 2427 1363 2479 ut
1391 2436 1575 2495 quum
1615 2421 1833 2480 dicitur
1854 2421 2043 2503 prima
2066 2437 2249 2481 causa
2275 2422 2367 2479 vel
2406 2436 2710 2501 summum

367 2508 543 2553 num.
570 2496 702 2553 Non
731 2494 893 2552 enini
923 2493 994 2553 de
1027 2496 1146 2552 Deo
1175 2506 1384 2564 capere
1416 2506 1743 2566 possumus
1767 2491 2041 2574 quidest,
2063 2491 2170 2552 sed
2193 2492 2353 2565 quod
2379 2506 2500 2552 non
2520 2499 2633 2559 est,
2653 2499 2712 2553 et

286 2566 550 2640 qualiter
575 2566 694 2625 alia
720 2578 789 2625 se
816 2563 1074 2624 habeant
1107 2563 1183 2623 ad
1212 2564 1430 2636 ipsum,
1466 2569 1532 2623 ut
1558 2579 1632 2623 ex
1666 2563 1964 2636 praedictls
1987 2568 2225 2640 patet.(1
2254 2573 2432 2640 part„
2464 2584 2523 2642 q.
2554 2570 2711 2642 xm.)

1249 2774 1505 2841 CAPUT
1552 2775 1767 2840 xxxi.

361 2957 524 3014 QUOD
558 2956 775 3004 mvma
806 2954 1125 3005 Pmlc'l'lo
1159 2953 1238 3003 m·
1269 2954 1627 3002 numius
1673 2954 1945 3002 Nouum!
1987 2952 2213 3003 numm
2254 2953 2643 3006 amncrnn

1249 3034 1369 3081 NON
1403 3034 1767 3080 assuetum.

363 3199 452 3258 Ex
503 3196 805 3271 praedictis
858 3196 1040 3256 etiam
1092 3195 1279 3255 videri
1327 3201 1524 3269 potest
1611 3196 1773 3269 quod
1823 3196 2027 3255 divina
2083 3198 2370 3269 pei-rectio
2430 3205 2490 3258 et
2538 3200 2714 3272 plura

292 3270 549 3329 nomina
612 3266 890 3349 dictabe
947 3269 1070 3348 Deo
1120 3266 1314 3340 ipsius
1376 3239 1743 3349 simplicitati
1809 3281 1930 3325 non
1985 3275 2339 3350 repugnant.
2362 3269 2486 3349 ,Sic
2551 3271 2713 3330 enim

293 3353 512 3400 omnes
562 3338 958 3410 perfectiones
997 3349 1062 3395 in
1120 3337 1300 3395 rebus
1351 3338 1490 3396 aliis
1519 3343 1791 3396 inventas
1834 3340 1955 3396 Deo
1984 3338 2222 3396 attribui
2253 3339 2514 3396 diximus
2552 3341 2714 3399 sicut

296 3410 551 3469 effectus
580 3410 641 3466 in
670 3408 805 3468 suis
829 3407 1033 3466 causis
1054 3420 1105 3466 ae
1152 3407 1378 3466 uivocis
1399 3408 1819 3466 inveniuntur:
1850 3408 1951 3481 qui
2013 3408 2205 3466 uidem
2237 3407 2485 3466 effectus
2506 3410 2565 3466 in
2580 3407 2711 3470 suis

296 3480 505 3540 causis
533 3484 671 3537 sunt
701 3479 939 3547 virtute,
970 3483 1033 3537 ut
1060 3492 1131 3537 ca
1156 3491 1226 3535 or
1261 3477 1326 3536 in
1366 3478 1516 3536 sole.
1545 3478 1743 3536 Virtus
1772 3485 1968 3535 autem
2042 3478 2338 3552 ujusmodi
2370 3480 2485 3537 nisi
2513 3493 2711 3553 aequa·

296 3550 438 3610 liter
463 3557 624 3608 esset
646 3548 720 3607 de
751 3561 968 3621 genere
998 3548 1238 3617 caloris,
1269 3547 1361 3605 sol
1409 3562 1514 3629 per
1544 3562 1679 3606 eum
1722 3562 1909 3621 agens
1953 3562 2073 3606 uon
2097 3549 2213 3606 sibi
2244 3548 2443 3607 simile
2469 3564 2713 3620 genera-

296 3625 407 3680 ret.
439 3623 523 3678 Ex
552 3621 664 3679 hac
699 3619 886 3693 igitur
927 3618 1141 3678 virtute
1185 3618 1279 3677 sol
1318 3617 1549 3676 calidus
1591 3617 1828 3687 dicitur,
1859 3632 1981 3676 non
2019 3619 2216 3676 solum
2265 3619 2408 3692 quia
2449 3620 2708 3678 calorem

295 3691 443 3750 facit
495 3690 602 3749 sed
627 3689 771 3763 quia
791 3689 980 3747 virtus
1006 3702 1111 3760 per
1136 3701 1315 3761 quam
1342 3688 1454 3746 boc
1486 3688 1626 3746 facit
1651 3695 1744 3746 est
1763 3688 1985 3762 aliquid
2016 3691 2322 3746 conforme
2362 3689 2569 3748 calori.
2601 3693 2712 3749 Per

296 3774 431 3820 eam
476 3775 570 3819 eni
599 3766 799 3818 autem
818 3760 1115 3828 virtutem,
1133 3773 1239 3830 per
1264 3772 1440 3831 quam
1467 3758 1562 3818 sol
1587 3757 1729 3816 facit
1755 3760 2034 3829 calorem,
2056 3759 2198 3817 facit
2226 3766 2283 3817 et
2304 3759 2528 3819 multos
2554 3760 2712 3821 alios

297 3831 553 3890 effectus
580 3831 643 3887 in
678 3829 1065 3888 inferioribus
1091 3829 1461 3901 corporibus,
1494 3836 1699 3902 utpote
1726 3830 2073 3888 siccitatem.
2107 3831 2172 3886 Et
2198 3829 2289 3888 sic
2325 3830 2489 3889 calor
2515 3838 2573 3888 et
2599 3832 2712 3890 sic-

298 3903 475 3970 citaS,
503 3914 638 3974 quae
667 3901 730 3958 in
759 3899 899 3973 igne
935 3906 1078 3958 sunt
1114 3899 1431 3973 qualitates
1474 3899 1742 3965 diversae,
1786 3900 1904 3959 soli
1931 3899 2333 3959 attribuuntur
2379 3915 2484 3972 per
2529 3914 2710 3962 unam

298 3973 609 4041 virtutem;
637 3970 802 4029 itaet
830 3970 1096 4028 omnium
1126 3970 1543 4042 perfectioncS,
1576 3985 1709 4044 quae
1748 3969 1924 4030 rebus
1960 3970 2096 4030 aliis
2137 3969 2466 4029 secundum
2515 3970 2710 4031 diver-

300 4056 403 4101 sas
429 4042 660 4101 formas
686 4041 1070 4110 conveniunt,
1101 4043 1222 4099 Deo
1250 4040 1580 4099 secundum
1613 4054 1791 4100 unam
1841 4040 1972 4114 eius
2028 4040 2300 4100 virtutem
2349 4040 2590 4099 attribui
2619 4047 2712 4103 est

300 4126 582 4173 necesse:
612 4124 747 4185 quae
773 4112 1012 4185 quidem
1031 4111 1221 4170 virtus
1250 4123 1374 4169 non
1399 4118 1492 4170 cst
1523 4112 1644 4170 alia
1667 4125 1707 4170 a
1732 4125 1845 4170 sun
1879 4111 2161 4182 essentia,
2186 4124 2322 4170 cum
2350 4112 2408 4168 ei
2435 4112 2589 4169 nibil
2618 4126 2710 4174 ac·

299 4183 501 4242 cidere
525 4182 740 4255 possit.
782 4190 846 4240 ut
869 4182 1179 4254 probatum
1207 4187 1320 4240 est.

366 4254 467 4313 Sic
494 4254 513 4311 i
564 4255 680 4311 'tur
706 4254 948 4324 sapiens
973 4254 1133 4311 Deus
1160 4252 1378 4311 dicitur
1406 4264 1527 4309 non
1558 4251 1756 4310 solum
1787 4250 2113 4309 secundum
2142 4252 2258 4310 hoc
2285 4252 2443 4324 quod
2470 4252 2708 4324 sapien·

299 4323 445 4383 tiam
476 4269 683 4393 efficit,
708 4322 815 4381 sed
866 4322 1007 4395 quia
1026 4323 1377 4404 ‚secundum
1426 4322 1584 4401 quod
1621 4322 1934 4402 ‘sapientes
1980 4324 2526 4403 sumus,·vii·tutein
2555 4322 2705 4401 ejus,

298 4408 422 4469 qua
446 4393 755 4468 sapientes
782 4405 901 4454 nos
927 4394 1089 4465 facit,
1117 4394 1498 4467 aliquatenus
1525 4399 1869 4463 imitamus;
1896 4403 2023 4450 non
2066 4398 2264 4451 autem
2308 4392 2527 4452 dicitur
2552 4392 2707 4469 lapis
