3076 5025
766 342 971 398 BERN.
1011 340 1249 398 MARIAE
1283 342 1379 398 DE
1411 342 1665 398 RUBEIS
1703 341 2174 404 mssERrATlo.
2582 343 2682 402 vll

259 489 341 554 De
376 490 628 553 ver-itate
645 488 793 571 fidei
811 488 1131 551 catholicas.
1160 489 1432 551 'sextum
1458 487 1784 570 integrum
1819 488 2153 570 Aquinatis
2178 490 2376 556 affero
2407 510 2425 553 z
2453 512 2488 550 α
2514 493 2678 557 Pro·

258 586 551 669 positum,
607 587 978 665 inquientis,
1021 589 1253 648 nostras
1305 583 1678 649 intentionis
1729 591 1829 649 est
1851 629 1872 663 ,
1926 586 2225 653 veritates
2252 634 2271 665 ,
2320 605 2479 667 quas
2528 588 2683 657 tides

256 680 564 746 catholica
592 682 949 761 profitetur,
987 698 1103 762 pro
1130 686 1350 744 nostro
1396 681 1662 746 modulo
1705 683 2132 760 manifestare,
2179 701 2427 749 errores
2474 684 2678 751 elimi-

253 777 461 841 nando
490 778 914 841 contrarios».
949 778 1307 843 Generatim
1332 777 1570 841 istosin
1590 779 1762 842 calce
1782 778 2010 859 capitis
2025 786 2380 857 enumerat,
2418 780 2680 846 «Maha-

256 875 651 938 metistarum
677 877 746 937 et
761 876 1186 956 Paganorum,
1208 874 1319 955 qui
1353 891 1488 939 non
1520 875 1928 940 consentiunt
1952 875 2284 940 nobiseum
2311 877 2380 939 in
2407 877 2681 942 auctori·

252 974 379 1035 tate
407 969 683 1052 alicujus
704 970 1049 1051 Scripturas
1079 990 1096 1033 ε
1126 972 1525 1049 ludaeorum,
1557 976 1783 1036 contra
1809 989 1973 1054 quos
1997 972 2320 1054 disputare
2347 991 2682 1054 possumus

254 1084 363 1146 per
386 1067 584 1131 Vetus
612 1067 1090 1131 Testamentum
1113 1090 1133 1147 ;
1178 1073 1245 1133 et
1285 1068 2004 1146 baereficorum,contra
2025 1085 2186 1149 quos
2212 1087 2326 1150 per
2355 1071 2599 1136 Novum
2615 1090 2676 1134 ο.

255 1162 429 1239 Quod
456 1182 613 1247 ergo
637 1164 1034 1229 elucubravit
1061 1183 1244 1247 opus,
1275 1183 1409 1231 non
1425 1171 1613 1229 vocat
1636 1164 1946 1229 Summam
1968 1164 2242 1229 Thomas
2265 1183 2517 1246 meque
2535 1168 2681 1231 ada·

254 1261 511 1326 mussim
538 1262 651 1325 illa
673 1261 890 1342 verba,
912 1261 1140 1329 Contra
1163 1259 1439 1343 Gentiles,
1471 1264 1900 1341 conveniunt;
1928 1277 2078 1325 cum
2098 1277 2228 1324 non
2246 1261 2454 1325 solum
2479 1260 2681 1345 Paqa·

253 1377 375 1437 nos,
392 1375 618 1424 verum
635 1358 832 1424 etiam
859 1358 1327 1437 Makumetanos,
1351 1358 1607 1437 Judaeos,
1633 1364 1702 1424 et
1725 1359 2016 1423 homines
2038 1354 2440 1423 Heterodoxos
2452 1360 2680 1424 eodem

254 1455 320 1518 in
346 1473 535 1537 opere
564 1456 1007 1522 confutaverit.
1038 1457 1202 1521 Hinc
1227 1455 1452 1521 eadem
1478 1455 1694 1534 verba,
1723 1457 1858 1535 ipsa
1878 1457 2080 1520 ferme
2109 1452 2442 1534 Aquinatis
2463 1458 2678 1534 aetate,

256 1569 383 1617 non
409 1554 535 1617 alia
560 1554 647 1617 de
672 1569 865 1617 causa
890 1554 1142 1635 adjecta
1164 1552 1682 1632 existimaverim,
1714 1552 1838 1618 nisi
1862 1551 2018 1633 quia
2041 1550 2257 1632 potior
2293 1568 2444 1632 pars
2470 1551 2680 1632 operis

254 1656 457 1712 eontra
483 1647 741 1715 Gentiles
766 1649 1126 1714 insumitur.

338 1743 529 1810 Obvia
546 1746 888 1811 difficultas
915 1748 1185 1829 emergit
1209 1764 1287 1813 ex
1306 1748 1430 1811 illis
1456 1747 1684 1813 divinis
1709 1747 2102 1825 veritatibus,
2133 1763 2295 1831 quas
2342 1747 2679 1829 diligenter

265 1847 332 1906 et
354 1842 590 1923 prolixe
614 1844 898 1906 illustrat
913 1844 1217 1924 Aquinas,
1247 1845 1596 1924 caeteroqui
1622 1842 1854 1908 lumini
1886 1847 2139 1909 naturae
2162 1843 2411 1926 perviis.
2443 1843 2677 1926 liujus·

261 1940 431 2003 modi
484 1945 637 2002 sunt
670 1940 952 2019 supremi
1003 1941 1284 2005 numinis
1329 1940 1659 2005 existentia
1704 1945 1773 2004 et
1814 1940 2022 2004 unitas
2040 1986 2059 2017 ‚
2101 1954 2181 2004 ac
2221 1945 2452 2004 caetera
2497 1940 2680 2019 plura

257 2035 463 2100 divina
511 2036 841 2115 attributa,
892 2052 967 2101 ac
1016 2036 1299 2117 potentia
1341 2043 1412 2100 et
1448 2035 1845 2116 providentia
1870 2054 1887 2097 ε
1917 2052 2065 2116 quse
2106 2034 2296 2101 sicuti
2321 2057 2357 2098 α
2386 2034 2677 2102 veritates

254 2132 398 2197 fidei
427 2132 801 2197 catholicae»
832 2132 1136 2213 appellari
1155 2150 1286 2197 non
1315 2131 1606 2198 debuisse
1618 2132 1936 2211 videntur,
1965 2133 2057 2198 ita
2074 2133 2301 2198 titulus
2324 2133 2534 2213 operis
2545 2149 2677 2198 non

249 2229 446 2292 fuerit
471 2227 563 2292 De
587 2229 837 2293 veritate
860 2228 1008 2312 βάρι·
1028 2228 1351 2293 catholicae.
1376 2231 1556 2291 Hanc
1581 2229 1718 2309 ipse
1742 2228 2018 2294 Thomas
2045 2224 2496 2295 difficultatem*
2513 2245 2676 2310 prae·

254 2331 554 2405 occupat,
584 2343 971 2406 omnemque
987 2324 1155 2390 tollit
1180 2326 1260 2390 de
1289 2325 1592 2408 genuino,
1622 2342 1817 2408 quem
1837 2322 2196 2404 asserimus,
2223 2326 2413 2391 titulo
2434 2324 2678 2390 dubita·

249 2420 519 2485 tionem.
569 2421 914 2504 Distinguit
958 2439 1238 2503 namque
1282 2422 1490 2502 capite
1516 2423 1659 2498 111,
1696 2444 1731 2480 α
1759 2422 2081 2504 duplicem
2121 2423 2402 2489 veritatis
2447 2422 2674 2487 divina!

248 2519 516 2582 modum
536 2540 568 2579 n
592 2522 855 2584 alterius
872 2521 1157 2600 quidem,
1179 2537 1324 2601 quae
1356 2541 1390 2581 (t
1417 2520 1787 2585 facultatem
1803 2536 2064 2586 omnem
2081 2520 2380 2586 humanae
2407 2518 2672 2584 rationis

247 2616 501 2681 excedit
518 2638 550 2675 n
577 2638 596 2694 ;
621 2617 882 2680 alterius
899 2618 1115 2695 etiam,
1143 2637 1174 2677 α
1195 2618 1272 2680 ad
1293 2634 1488 2696 quam
1503 2618 1667 2680 ratio
1684 2618 1992 2681 naturalis
2006 2615 2366 2699 pertingere
2385 2621 2594 2697 potest
2611 2636 2671 2678 w.

246 2711 444 2774 Primi
468 2713 718 2795 generis
744 2713 1040 2780 veritates
1067 2712 1200 2777 sola
1224 2714 1341 2777 Dei
1364 2712 1564 2775 libera
1591 2712 1976 2775 revelatione
1997 2712 2440 2777 innotescunt:
2470 2711 2675 2775 credi-

251 2825 396 2870 mus
424 2826 550 2887 eas,
581 2815 653 2872 at
671 2809 833 2873 scire
858 2826 989 2874 non
1032 2826 1386 2889 possumus.
1435 2809 1748 2873 Veritates
1787 2808 2047 2872 alterius
2083 2809 2332 2890 generis
2375 2807 2673 2873 humanm

246 2905 531 2968 scientiae
591 2904 842 2970 subesse
889 2912 1199 2986 possunt:
1232 2908 1618 2986 easdemque
1688 2901 1941 2984 tamen,
2013 2907 2269 2972 tametsi
2315 2905 2679 2990 mquzsitioni

243 3002 495 3064 maenis
514 3003 739 3084 pet-vav
759 3002 899 3081 εἰπτ,
928 3004 1373 3085 supernaturali
1391 3002 1747 3068 revelatione
1763 3006 2025 3087 proponi
2045 3003 2358 3068 credendas
2392 3002 2671 3081 debuine,

243 3098 541 3178 pluribus
558 3097 838 3163 ostendit
863 3106 1117 3184 sanctus
1142 3100 1436 3164 Thomas.
1484 3101 1648 3164 Hinc
1690 3099 1789 3179 flt,
1835 3100 2158 3183 integrum
2199 3099 2394 3164 veluti
2438 3115 2673 3181 corpus

241 3196 393 3259 fidei
420 3195 754 3259 catholicae
782 3200 1057 3277 utroque
1081 3196 1379 3260 constitui
1398 3197 1736 3260 veritatum
1757 3214 2011 3278 genere,
2038 3212 2184 3277 quae
2217 3197 2296 3260 ad
2333 3202 2672 3276 utramque

243 3292 516 3356 classem
546 3295 871 3374 pertinent
898 3315 918 3357 ε
947 3313 1181 3376 easque
1207 3295 1341 3358 sine
1370 3294 1565 3358 dubio
1596 3312 1796 3358 sacrae
1815 3293 2161 3373 Scripturae
2179 3299 2501 3372 praestant,
2528 3309 2673 3374 qute

239 3390 524 3454 divinam
556 3392 1004 3456 revelationem
1035 3391 1570 3471 complectuntur.
1609 3391 1828 3453 Potuit
1855 3408 2009 3472 ergo
2037 3389 2385 3469 debuitque
2427 3406 2587 3467 opus
2632 3407 2674 3453 a

237 3485 491 3549 Thema
517 3489 949 3566 compositum
979 3490 1303 3569 aptissime
1330 3487 1618 3564 inscribi,
1642 3486 1734 3552 De
1760 3488 2009 3552 veritate
2048 3485 2194 3568 fidei
2234 3484 2534 3548 comolet-3
2550 3503 2579 3562 ;
2603 3484 2673 3550 in

238 3601 376 3662 qno
401 3586 727 3664 praedictae
755 3586 1050 3650 veritates
1080 3602 1302 3649 omnes
1328 3593 1736 3665 exponuntur
1755 3591 1821 3648 et
1845 3584 2268 3648 vindicantur.

323 3683 431 3745 111.
459 3683 558 3745 Ad
601 3690 883 3763 tempus,
936 3700 1064 3763 quo
1113 3682 1559 3746 elucubratum
1599 3699 1762 3762 opus
1798 3681 1946 3759 fuit,
1988 3680 2419 3744 definiendum
2459 3695 2669 3745 sermo

232 3783 458 3841 noster
513 3779 928 3842 convertitur.
986 3780 1206 3843 Gertas
1247 3779 1548 3859 patefacit
1585 3778 2004 3859 temporarias
2046 3783 2230 3839 notas
2281 3776 2672 3842 Ptolomaeus

232 3876 569 3939 Lucensis.
591 3876 662 3936 In
692 3876 853 3938 libro
875 3874 1158 3939 Histon'ae
1181 3877 1574 3939 ecelesiastica*
1598 3892 1745 3953 xxu,
1775 3876 2006 3940 diserte
2041 3878 2282 3952 narrat,
2307 3874 2513 3953 capite
2540 3873 2622 3939 23
2650 3889 2669 3936 ε

241 3975 473 4035 «Anno
485 3972 741 4034 Domini
759 3974 909 4035 1261
922 3973 1020 4050 ,in
1040 3972 1342 4037 cathedra
1358 3975 1528 4037 Petri
1549 3975 1876 4037 Urbanum
1894 3974 1975 4037 IV
1998 3972 2250 4047 sedisse,
2274 3976 2671 4051 assumptum

230 4067 757 4131 indecollatione
784 4068 987 4131 sancti
1012 4069 1273 4132 Joannis
1298 4071 1597 4148 Baptistae
1627 4091 1645 4133 ε
1678 4072 1908 4134 sedisse
1951 4073 2169 4131 autem
2216 4066 2418 4130 tribus
2463 4066 2668 4145 annis,

235 4181 459 4229 mense
492 4184 623 4228 uno
653 4167 930 4229 ».Addit
954 4166 1329 4247 insequente
1367 4170 1577 4246 capite
1605 4171 1731 4230 24:
1769 4189 1801 4227 α
1829 4168 2008 4230 Tunc
2051 4167 2312 4231 fratrem
2357 4165 2666 4231 'rhomam

238 4262 502 4324 rediisse
561 4263 641 4324 de
685 4261 941 4325 Parisiis
984 4279 1063 4326 ex
1114 4263 1304 4327 certis
1348 4265 1557 4327 causis
1588 4283 1605 4325 ι
1640 4265 1717 4327 ad
1760 4263 2134 4344 petitionem
2180 4263 2414 4327 Urbani
2466 4264 2666 4327 multa

238 4347 485 4435 fecisse,
517 4366 583 4422 et
610 4359 978 4438 scripsisse»
1017 4378 1034 4421 ε
1064 4377 1141 4424 ac
1170 4360 1365 4425 etiarn
1399 4370 1731 4440 «tempore
1760 4360 2045 4440 ejusdem
2077 4361 2411 4441 pontificis„
2434 4361 2668 4423 librum

241 4464 446 4519 ematra
475 4455 780 4521 Gentiles»
813 4455 897 4519 ab
923 4473 1002 4520 eo
1030 4458 1419 4523 confectum.
1442 4460 1493 4519 A
1514 4458 1617 4520 die
1640 4473 1781 4521 xxlx
1800 4459 2051 4539 augusti
2074 4459 2221 4522 anni
2251 4459 2431 4535 1261,
2454 4456 2664 4521 tenuit

2783 3035 2800 3070 Ι
