3076 5025
1043 317 1177 373 Lm.
1217 317 1290 384 11,
1327 315 1481 372 CAP.
1516 315 1747 372 vanl.
2484 314 2581 370 ¹91

162 442 353 498 lectus
405 452 530 496 non
578 443 672 496 est
718 444 887 496 actus
929 437 1186 517 alicujus
1229 437 1415 509 partis
1462 435 2380 518 corporisstmnginntioautem
2410 434 2597 516 babet

158 524 456 591 organum
498 510 812 589 corporale·
861 509 1340 566 determinatum.
1374 510 1504 565 Non
1559 514 1655 566 est
1705 508 1889 580 igitur
1940 508 2097 566 idem
2148 510 2502 582 imaginatio
2528 509 2592 562 et

157 582 505 707 '⁰11³'stngssss
532 580 973 721 gggfllglilgistur:
1002 648 1108 715 Qui
1134 648 1281 702 docet
1308 662 1405 702 nos
1430 662 1597 716 super
1613 647 1864 716 jumenta
1889 651 2066 715 term,
2088 654 2143 704 et
2165 658 2325 722 super
2345 652 2586 710 volvem

157 723 276 777 eoeli
319 722 503 775 erudit
538 736 652 775 nos.
681 718 811 787 Job,
839 731 1026 786 xxxv,
1062 723 1116 774 11
1150 735 1164 785 ;
1193 732 1295 786 per
1323 717 1479 789 quod
1513 718 1686 797 datur
1714 717 1971 799 intelligi·
1996 720 2154 791 quod
2196 719 2461 779 bominis
2489 727 2583 780 est

159 789 1052 920 {lliquignggfflffifsognoseitiva
1093 801 1280 859 supra
1303 799 1553 845 sensum
1582 793 1639 844 et
1666 782 2155 859 imaginationem
2185 804 2320 863 quae
2344 796 2492 850 sunt
2515 793 2584 851 in

1099 1025 1358 1091 CAPUT
1399 1023 1664 1090 vam.

309 1198 603 1252 nonum
628 1196 988 1244 sunsrmm
1013 1194 1502 1244 manumittis
1526 1194 1730 1240 Possm·
1752 1195 1899 1242 Rssss
1924 1195 2203 1244 contente
2224 1196 2446 1247 Pom

234 1355 318 1411 Ex
361 1350 699 1421 praemissis
727 1350 912 1421 igitur
939 1348 1276 1407 rationibus
1301 1348 1664 1407 concludere
1709 1361 2039 1421 possumus
2065 1349 2228 1424 quod
2255 1349 2593 1411 intellectu·

166 1422 286 1482 alis
312 1422 654 1479 substantia
684 1427 874 1491 potest
907 1421 1141 1490 eoi-pori
1172 1419 1324 1475 uniri
1361 1425 1423 1476 ut
1449 1420 1662 1476 forma.

234 1493 294 1550 Si
344 1493 506 1547 enim
546 1489 885 1548 substantia
927 1489 1349 1547 intellectualis
1390 1501 1512 1547 non
1560 1489 1765 1546 unitur
1786 1490 2022 1561 corpori
2054 1491 2251 1549 solum
2282 1497 2347 1549 ut
2375 1497 2595 1563 motor,

161 1567 230 1621 ut
273 1562 439 1619 Plato
483 1562 722 1631 posuit;
767 1574 958 1632 neque
999 1560 1384 1617 continuatur
1417 1560 1471 1616 ei
1513 1559 1708 1616 solum
1747 1574 1847 1630 per
1893 1562 2325 1632 phantasmata,
2359 1564 2420 1619 nt
2446 1563 2596 1620 dixit

161 1634 519 1699 AverrboeS,
569 1631 675 1687 sed
722 1637 786 1688 ut
814 1633 1049 1697 forma-3
1097 1644 1288 1700 neque
1319 1636 1512 1687 tamen
1545 1630 1904 1698 intellectuS‚
1933 1644 2054 1702 quo
2078 1632 2259 1688 bomo
2291 1633 2589 1703 intelligit,

165 1709 261 1761 est
307 1702 657 1771 praeparatio
689 1702 745 1756 in
797 1701 1058 1757 bumana
1087 1705 1317 1763 natura,
1361 1707 1423 1755 ut
1449 1699 1596 1757 dixit
1619 1700 1985 1768 Alcmenen
2013 1714 2204 1774 neque
2234 1703 2592 1772 complexim

163 1779 233 1831 ut
282 1773 579 1837 Galenus;
615 1784 804 1843 neque
855 1771 1186 1835 harmonia,
1232 1775 1294 1826 ut
1322 1770 1745 1841 Empedocles;
1776 1784 1969 1842 neque
1996 1784 2217 1842 corpus
2250 1775 2341 1828 vel
2368 1784 2587 1831 sensus

162 1842 260 1899 vel
310 1842 685 1913 imaginatio,
720 1847 781 1896 ut
808 1841 1036 1911 antiqui
1068 1840 1381 1907 dixerunt;
1409 1841 1764 1911 relinquitur
1789 1841 1945 1912 quod
1978 1842 2180 1898 anima
2223 1842 2482 1900 bumana
2509 1844 2593 1901 sit

162 1912 598 2041 {intellectualis
648 1911 984 1968 substantia
1015 1910 1250 1981 corpori
1296 1911 1462 1967 unita
1490 1917 1557 1968 ut.
1583 1911 1813 1979 sorma;
1843 1911 2003 1983 quod
2024 1912 2264 1984 quidem
2282 1913 2374 1970 sic
2398 1917 2596 1984 potest

207 1996 292 2040 eri
327 1984 487 2038 mani
513 1984 752 2049 ‘estum3

240 2051 324 2109 Ad
373 2053 487 2109 hoc
532 2052 689 2107 enim
733 2052 892 2123 quod
921 2050 1143 2121 aliquid
1173 2050 1254 2107 sit
1295 2048 1486 2106 forma
1511 2051 1928 2110 substantialis
1953 2050 2220 2122 alterius,
2249 2053 2369 2111 duo
2396 2054 2590 2126 requi·

167 2130 405 2180 rantur.
460 2123 722 2189 Quorum
781 2134 963 2177 unum
1013 2128 1103 2177 est
1145 2129 1210 2176 ut
1239 2122 1428 2177 forma
1456 2121 1536 2177 sit
1560 2123 1914 2192 principium
1954 2125 2192 2181 essendi
2238 2124 2598 2182 substantia-

168 2192 307 2250 liter
340 2194 393 2248 ei
427 2192 601 2261 cujus
648 2198 740 2248 est
787 2191 1010 2252 forma:
1040 2190 1394 2261 principium
1425 2198 1620 2247 autem
1655 2192 1789 2249 dico
1817 2205 1937 2249 non
1980 2192 2311 2252 effectivum
2340 2196 2444 2252 sed
2476 2195 2592 2252 sor·

168 2264 348 2331 male,
399 2276 521 2333 quo
567 2261 791 2333 aliquid
835 2268 929 2319 est
957 2267 1015 2318 et
1042 2261 1461 2318 denominatur
1488 2275 1619 2319 ens.
1653 2263 1815 2319 Unde
1854 2265 2123 2334 sequitur
2150 2265 2333 2328 aliud.
2365 2265 2595 2321 scilicet

169 2334 332 2405 quod
383 2334 573 2388 torma
611 2338 666 2387 et
717 2330 960 2387 materia
1004 2331 1361 2410 conveniant
1387 2330 1448 2386 in
1481 2345 1603 2388 uno
1647 2345 1818 2400 esse3
1849 2334 2005 2403 quod
2038 2346 2158 2390 non
2197 2334 2491 2404 contingit
2520 2335 2593 2392 de

168 2403 469 2474 principio
515 2399 789 2459 effectivo
819 2415 953 2457 cum
987 2414 1059 2457 eo
1088 2415 1186 2457 cui
1233 2400 1334 2457 dat
1362 2413 1495 2456 6666
1525 2418 1542 2467 ς
1573 2407 1632 2457 et
1661 2402 1774 2459 boc
1802 2415 1935 2458 esse
1964 2405 2142 2460 estin
2173 2417 2293 2475 quo
2318 2404 2595 2461 subsistit

171 2472 514 2532 substantia
556 2470 909 2543 composita,
945 2485 1076 2542 quie
1120 2476 1212 2528 est
1257 2484 1370 2528 una
1419 2471 1746 2529 secundum
1779 2484 1914 2529 esse
1943 2487 2013 2530 ex
2042 2476 2288 2531 materia
2315 2479 2374 2530 et
2404 2475 2593 2531 l'orma

172 2551 484 2601 constans.
533 2544 663 2598 Non
693 2550 887 2599 autem
939 2542 1258 2612 impeditur
1300 2541 1639 2598 substantia
1685 2543 2127 2602 intellectualis·
2157 2557 2261 2614 per
2292 2544 2404 2600 boc
2429 2544 2589 2615 quod

171 2619 266 2672 est
311 2614 674 2680 subsistens,
709 2619 771 2669 ut
793 2610 1102 2682 probatum
1147 2617 1239 2668 est
1268 2610 1483 2690 (⁰·.5⁶)·
1516 2625 1652 2669 esse
1689 2613 1934 2667 formale
1962 2613 2314 2683 principium
2353 2614 2601 2671 essendi

173 2684 459 2742 materiae.
491 2684 664 2754 quasi
696 2697 828 2739 esse
863 2696 1036 2738 suuni
1070 2693 1524 2737 communicans
1570 2683 1871 2742 materian
1903 2694 2021 2738 non
2066 2690 2158 2739 est
2190 2683 2347 2739 enim
2386 2684 2592 2740 incon·

168 2757 421 2810 veniens
453 2753 611 2823 quod
645 2753 797 2809 idem
835 2753 915 2809 sit
938 2765 1074 2807 esse
1106 2751 1165 2806 in
1197 2763 1316 2821 quo
1346 2750 1622 2806 subsistit
1659 2752 2078 2820 compositum,
2127 2758 2187 2808 et
2218 2755 2405 2810 l'orma
2435 2754 2586 2823 ipsa,

170 2838 358 2897 quum
391 2822 792 2893 compositum
821 2834 943 2878 non
980 2820 1202 2878 sitnisi
1235 2834 1338 2891 per
1367 2819 1639 2884 formam,
1672 2834 1784 2878 nec
1811 2834 2084 2879 seorsum
2108 2827 2423 2894 utrumque
2451 2823 2592 2881 sub-

171 2894 371 2952 sistat.

247 2966 451 3021 Potest
492 2967 687 3019 autem
735 2961 909 3033 objici
959 2961 1116 3035 quod
1150 2961 1485 3018 substantia
1510 2960 1932 3020 intellectualis
1961 2975 2097 3020 esse
2130 2975 2306 3020 suum
2335 2963 2594 3020 materiae

174 3048 282 3092 coi·
322 3035 472 3091 orali
504 3033 945 3090 communicare
978 3046 1095 3088 non
1131 3033 1340 3103 possit,
1378 3037 1439 3087 ut
1462 3031 1544 3088 sit
1575 3043 1753 3088 unum
1781 3046 1916 3089 esse
1942 3033 2291 3090 substantiae
2328 3032 2594 3089 intellec-

171 3109 282 3162 tua
305 3106 357 3161 is
387 3111 443 3160 et
469 3106 728 3159 materiae
757 3104 1125 3171 corporalis;
1158 3102 1523 3158 diversorum
1556 3102 1713 3181 enim
1746 3115 2030 3172 generum
2055 3109 2149 3161 est.
2173 3104 2447 3161 diversus
2475 3117 2601 3160 mo-

177 3175 294 3233 dus
324 3174 587 3240 essendi,
619 3179 676 3228 et
707 3172 1020 3229 nobilioris
1047 3173 1397 3229 substantiis
1429 3172 1692 3228 nobilius
1723 3185 1877 3229 6666.

251 3246 371 3301 Hoc
417 3249 616 3300 autem
664 3243 1085 3299 convenienter
1120 3243 1431 3308 diceretur,
1463 3243 1512 3297 si
1547 3241 1754 3298 eodem
1785 3242 1964 3301 niodo
1991 3243 2138 3301 illud
2169 3255 2305 3302 esse
2335 3243 2597 3301 materioe

174 3321 335 3371 esset
384 3315 542 3371 sicut
585 3326 719 3369 esse
749 3313 1099 3369 substantiae
1147 3311 1583 3368 intellectualis
1634 3313 1762 3368 Non
1805 3320 2121 3371 esitantem
2151 3314 2271 3381 ita3
2316 3321 2405 3369 est
2436 3314 2595 3370 enim

177 3385 444 3442 materiae
492 3383 821 3451 corporalis
871 3388 934 3438 ut
983 3382 1325 3452 recipientis
1362 3387 1419 3437 et
1465 3381 1716 3450 subjecti
1763 3382 1835 3438 ad
1884 3383 2107 3455 aliquid
2151 3383 2332 3441 altius
2362 3385 2597 3452 elevati,

177 3454 533 3511 substantiae
564 3459 759 3508 autem
794 3453 1212 3509 intellectualis
1245 3459 1308 3508 ut
1338 3451 1607 3521 principii
1638 3458 1695 3507 et
1723 3454 2053 3511 secundum
2084 3452 2338 3525 propriae
2372 3458 2597 3512 natum

179 3524 657 3596 congruentiam.
689 3523 844 3579 Nibil
878 3523 1057 3601 igitur
1099 3522 1370 3601 probibet
1399 3522 1795 3578 substantiam
1825 3523 2285 3581 intellectualem
2314 3536 2450 3580 esse
2478 3523 2599 3580 for·

179 3607 334 3650 mam
368 3595 643 3662 corporis
677 3594 943 3658 humani,
974 3605 1106 3661 quae
1135 3598 1228 3649 est
1259 3605 1460 3648 anima
1489 3591 1771 3648 bumana.

252 3666 370 3720 Hoc
402 3672 600 3719 autem
635 3663 813 3719 modo
845 3662 1135 3718 mirabilis
1162 3676 1352 3719 rerum
1385 3662 1681 3718 connexio
1712 3662 2076 3720 considerari
2109 3669 2325 3733 potest.
2359 3665 2603 3732 Semper

177 3735 335 3790 enim
372 3735 674 3789 invenitur
703 3731 969 3788 infiiiium
999 3733 1258 3800 supremi
1290 3732 1528 3811 generis
1559 3732 1899 3803 contingere
1930 3743 2272 3804 supremum
2296 3732 2597 3791 inferioris

177 3805 418 3876 generis
448 3821 460 3866 ;
520 3803 677 3859 sicut
720 3803 987 3874 quaedam
1038 3800 1241 3857 infima
1293 3814 1351 3857 in
1396 3815 1613 3871 genere
1657 3803 2001 3859 animalium
2054 3817 2254 3873 parum
2304 3802 2599 3860 excedunt

177 3873 354 3930 vitam
382 3874 736 3944 plantarum,
755 3873 911 3928 sicut.
934 3877 1134 3927 ostrea
1160 3885 1289 3942 quae
1314 3877 1452 3928 sunt
1478 3872 1809 3928 immobilia
1832 3879 1889 3928 et
1914 3873 2109 3930 solum
2137 3879 2355 3929 tactum
2380 3873 2600 3930 liabent

182 3949 242 4000 et
271 3950 441 4000 terrae
475 3944 537 4000 in
559 3943 798 3999 modum
831 3942 1162 4012 plantarum
1194 3939 1517 4010 affiguntur
1540 3940 1742 4008 ;,unde
1767 3947 1827 3997 et
1869 3941 2076 3998 beatus
2108 3944 2429 4014 Dionysius
2458 3943 2602 4000 dicit

180 4013 279 4085 (De
316 4014 526 4068 divinis
574 4014 798 4074 nomin„
849 4025 901 4068 c.
947 4013 1006 4082 7)
1038 4009 1196 4083 quod
1250 4010 1440 4089 dinina
1467 4013 1743 4079 sapientia
1787 4013 2070 4080 conjunqit
2105 4015 2237 4081 fines
2263 4015 2601 4081 superiorum

260 4085 472 4153 ‘ncipii‘s
502 4084 845 4148 interiorum.
878 4083 979 4138 Est
1008 4082 1189 4152 igitur
1216 4093 1482 4149 accipere
1514 4079 1739 4151 aliquid
1769 4080 1827 4136 in
1874 4094 2089 4153 genere
2119 4095 2456 4152 corporum,
2490 4084 2602 4142 sci·

208 4153 320 4210 'cet
352 4166 572 4222 corpus
604 4153 949 4216 humanum,
979 4150 1283 4229 aequaliter
1312 4149 1876 4228 complenionatum
1909 4150 2065 4222 quod
2096 4152 2335 4224 attingit
2362 4153 2433 4210 ad
2469 4152 2600 4211 infl-

181 4236 344 4280 mnm
393 4222 1023 4291 superiorisgeneiis.
1074 4221 1303 4276 scilicet
1349 4219 1419 4275 ad
1472 4232 1729 4276 animuin
1764 4221 2080 4279 humanam
2112 4235 2244 4294 quae
2275 4230 2433 4280 tenet
2464 4225 2600 4280 ulti·

181 4306 340 4350 mum
375 4292 628 4372 gradum
663 4291 722 4347 in
750 4305 966 4361 genere
998 4290 1484 4346 intellectualium
1516 4292 2006 4359 substantiarum,
2036 4298 2098 4347 ut
2124 4307 2194 4349 ex
2216 4293 2396 4350 modo
2426 4294 2600 4350 intel‘

181 4362 408 4434 ligendi
462 4360 680 4432 percipi
727 4367 939 4430 potest.
987 4362 1052 4416 Et
1080 4360 1216 4415 inde
1241 4360 1516 4438 estquod
1547 4361 1745 4417 anima
1776 4362 2192 4419 intellectualis
2221 4364 2437 4420 dicitur
2463 4376 2602 4420 6666

181 4434 355 4505 quasi
398 4431 646 4505 quidam
693 4430 939 4488 horizon
982 4436 1042 4487 et
1080 4429 1408 4488 confinium
1454 4442 1877 4501 corporeorum
1904 4437 1964 4489 et
1991 4431 2504 4504 incorporeorum,
2533 4432 2607 4488 in
