3076 5025
392 292 494 347 ¹62
1251 285 1384 342 un.
1423 284 1496 354 Π,
1535 284 1687 340 cat».
1723 282 1955 340 xbviu.

390 413 570 471 etiam
598 410 791 468 brutis
819 410 1025 467 formae
1049 414 1326 475 sensatis,
1349 407 1440 463 vel
1461 408 1801 477 imaginatae
1822 409 2150 472 moventes,
2167 418 2291 462 non
2317 409 2459 463 sunt
2475 405 2821 467 adinventae

388 484 466 541 ab
499 483 646 552 ipsis
671 481 1032 538 animalibus
1063 480 1276 545 brutia,
1307 479 1412 534 sed
1439 484 1585 534 sunt
1612 486 1858 547 receptae
1880 478 1939 532 in
1966 476 2057 534 eis
2083 477 2159 533 ab
2188 476 2588 534 exterioribus
2615 479 2817 535 sensi·

385 554 632 614 bilibus,
664 566 795 624 quae
852 567 882 608 a
932 557 1037 608 unt
1081 551 1143 607 in
1201 562 1468 613 sensum,
1503 554 1562 604 et
1610 546 1948 618 dijudicata>
1999 561 2103 618 per
2144 547 2474 604 naturalem
2505 548 2819 606 existima·

289 637 293 642 ·
387 624 660 681 tionem:
695 622 872 690 uude,
929 623 1043 678 icet
1090 619 1363 677 dicantur
1389 618 1833 691 quodammodo
1864 631 2101 675 movere
2151 618 2372 687 seipsa,
2421 620 2482 673 in
2523 625 2821 690 quantum

386 707 596 752 eorum
629 707 749 750 una
776 706 914 762 pars
956 697 1048 748 est
1085 703 1333 747 movens
1370 696 1425 745 et
1470 690 1589 746 alia
1619 693 1710 746 est
1737 694 1916 757 mota,
1948 695 2145 744 tamen
2190 687 2388 758 ipsum
2420 701 2660 745 movere
2693 702 2821 748 non

387 772 482 822 est
502 765 590 821 eis
620 780 694 820 ex
722 764 943 834 seipsis
969 760 1076 820 sed
1107 761 1316 831 partim
1347 775 1416 816 ex
1438 758 1835 817 exterioribus
1864 759 2147 826 sensatis,
2176 765 2236 814 et
2261 758 2471 829 partim
2503 773 2541 816 a
2567 765 2812 817 natura.

387 837 454 893 ln
481 840 767 906 quantum
800 834 956 889 enim
985 833 1282 902 appetitus
1307 836 1503 887 movet
1528 830 1812 897 membra,
1835 828 2114 886 dicuntur
2142 829 2342 907 sei-psa
2372 841 2631 896 movere,
2656 830 2822 902 quod

389 904 611 964 habent
662 918 844 974 supra
871 904 1198 959 inanimata
1225 907 1283 958 et
1310 903 1565 972 plantas.
1602 904 1665 957 ln
1705 905 1995 972 quantum
2044 912 2182 956 vero
2216 912 2415 969 ipsum
2442 907 2722 979 appetere
2744 900 2824 959 de

388 976 748 1033 necessitate
791 975 1061 1045 sequitur
1106 973 1167 1029 in
1205 972 1296 1029 eis
1341 985 1412 1028 ex
1461 972 1670 1029 formis
1698 971 1958 1042 acceptis
1987 983 2092 1041 per
2134 982 2379 1027 sensum
2423 977 2482 1026 et
2519 971 2821 1041 Judicium

389 1046 683 1102 naturalis
711 1043 1195 1109 existimationi8‚
1228 1055 1349 1099 non
1383 1041 1498 1099 sibi
1527 1048 1666 1100 sunt
1699 1056 1880 1099 causa
1953 1040 2071 1097 uod
2099 1045 2470 1107 moveantur,
2502 1042 2662 1098 unde
2694 1055 2823 1100 non

388 1115 613 1174 liabent
641 1116 972 1172 dominium
1002 1114 1095 1172 sui
1130 1118 1318 1171 actus.
1340 1115 1550 1170 Forma
1572 1120 1769 1169 autern
1799 1056 2120 1180 inteqlecta,
2144 1125 2251 1182 per
2276 1124 2453 1183 quam
2478 1111 2823 1170 substantia

387 1186 816 1243 intellectualis
844 1190 1141 1255 operatur,
1172 1190 1264 1241 est
1291 1183 1365 1240 ab
1395 1184 1529 1254 ipso
1556 1184 1883 1251 intellectu,
1914 1189 2116 1252 utpote
2141 1195 2246 1252 per
2276 1182 2473 1262 ipsum
2500 1190 2818 1262 concepta,

388 1262 447 1315 et
475 1255 918 1330 quodammodo
939 1255 1291 1327 excogitata,
1323 1259 1389 1310 ut
1417 1260 1574 1323 patet
1602 1253 1674 1311 de
1702 1254 1780 1310 foi
1797 1266 1892 1309 ma
1912 1252 2088 1320 entis,
2119 1266 2299 1323 quam
2319 1253 2529 1309 artifex
2552 1253 2826 1324 concipit

389 1332 451 1384 ct
493 1328 809 1399 excogitat,
857 1333 916 1383 et
964 1340 1066 1397 per
1111 1340 1241 1382 eam
1289 1332 1589 1395 operatur.
1620 1324 1976 1381 substantiae
2030 1322 2215 1394 igitur
2267 1322 2705 1381 intellectuales
2750 1337 2821 1381 se

389 1398 558 1468 ipsas
580 1404 767 1523 agulnt
787 1396 858 1454 ad
876 1396 1241 1467 operandum
1259 1400 1325 1452 ut
1348 1396 1638 1453 babentes
1664 1408 1790 1453 suae
1810 1394 2182 1466 operationis
2200 1392 2555 1450 dominium.
2585 1395 2822 1452 Habent

396 1467 408 1477 ”
461 1468 576 1524 ’tur
601 1481 676 1524 vo
705 1474 988 1524 untatem.

388 1482 612 1605 lg¹1t12m,
643 1539 898 1594 activum
934 1539 1165 1605 oportet
1189 1548 1328 1592 esse
1355 1536 1869 1605 proportionatum
1913 1536 2183 1616 passivo,
2211 1539 2270 1591 et
2316 1539 2541 1593 motuni
2578 1534 2819 1593 mobili.

392 1606 503 1665 Sed
533 1608 594 1663 in
627 1608 982 1664 habentibus
1003 1606 1430 1677 cognitionem,
1450 1606 1541 1662 vis
1570 1606 2004 1675 appreliensiva
2029 1620 2094 1663 se
2128 1604 2303 1662 habet
2328 1605 2400 1662 ad
2432 1607 2818 1731 appetitivam

391 1677 550 1735 sicut
591 1680 873 1744 motivum
918 1677 990 1734 ad
1024 1676 1283 1744 mobile3
1325 1689 1459 1731 nam
1491 1677 1929 1747 apprehensum
1998 1691 2062 1734 er
2090 1689 2358 1744 sensum,
2398 1690 2465 1733 ve
2519 1689 2818 1756 imagina-

391 1746 640 1814 tionem,
672 1750 760 1803 vel
792 1749 1179 1814 intellectum,
1211 1752 1410 1803 movet
1446 1746 1770 1816 appetitum
1810 1747 1949 1802 intel
1980 1748 2290 1814 ectualem,
2335 1746 2427 1803 vel
2466 1749 2816 1806 animalem.

393 1818 799 1888 apprehensio
841 1824 1038 1875 autem
1084 1816 1445 1873 intellectiva
1497 1830 1617 1874 non
1648 1817 2073 1873 determinatur
2115 1817 2186 1873 ad
2235 1817 2530 1895 quaedam,
2560 1817 2667 1874 sed
2722 1823 2822 1876 est

394 1888 661 1945 omnium
696 1904 711 1941 :
745 1889 899 1945 unde
928 1894 984 1944 et
1013 1887 1085 1944 de
1116 1886 1421 1943 intellectu
1453 1886 1725 1957 possibili
1758 1887 2163 2014 Philosofphus
2205 1886 2367 1967 dicit·
2393 1888 2457 1943 iu
2506 1889 2688 1968 ‘tertio
2734 1891 2819 1944 De

391 1961 580 2013 anima
607 1958 768 2030 (text.
801 1972 1019 2015 comm.
1049 1958 1135 2029 to)
1164 1956 1320 2028 quod
1353 1963 1444 2014 est
1471 1972 1593 2028 quo
1624 1964 1713 2014 est
1747 1959 1951 2015 omnia
2030 1958 2134 2013 eri.
2164 1961 2472 2027 Appetitus
2501 1958 2811 2030 igituriu·

390 2029 751 2086 tellectualis
780 2029 1129 2086 substantiae
1159 2032 1247 2083 est
1275 2026 1348 2084 ad
1388 2028 1594 2085 omnia
1616 2041 1681 2084 se
1714 2029 1959 2085 babens.
2003 2030 2124 2085 Hoc
2150 2033 2347 2085 autem
2379 2035 2469 2085 est
2497 2029 2808 2098 proprium

391 2099 717 2156 voluntatis
748 2105 812 2156 ut
829 2100 901 2156 ad
929 2098 1128 2155 omnia
1159 2110 1225 2154 se
1255 2096 1448 2154 habet.
1487 2098 1665 2168 Unde,
1698 2098 1758 2154 in
1793 2099 1963 2155 tertio
1987 2099 2297 2154 Ethicorum
2326 2096 2401 2169 (c.
2432 2098 2508 2169 5),
2538 2100 2813 2178 Philoso-

389 2168 549 2248 phus
601 2169 748 2225 dicit
789 2169 951 2242 quod
998 2176 1090 2225 est
1140 2168 1518 2238 possibilium
1564 2175 1623 2225 et
1675 2168 2165 2239 impossibilium.
2221 2167 2578 2227 Substantiae
2628 2170 2816 2243 igitur

391 2239 828 2299 intellectuales
854 2240 1076 2299 babent
1099 2239 1486 2297 voluntatem.
1509 2238 1559 2310 (1
1584 2246 1761 2312 part„
1787 2253 1846 2313 q.
1879 2251 2001 2312 ux,
2027 2246 2138 2298 art.
2170 2238 2247 2311 1.)

1337 2463 1594 2531 CAPUT
1626 2464 1893 2532 valn.

492 2643 652 2705 QUOD
693 2643 1064 2692 sunsrmm
1097 2644 1597 2693 mmmcwams
1634 2647 1782 2693 SUNT
1815 2648 2011 2694 LIBERI
2043 2647 2307 2694 mnan
2341 2648 2408 2694 Π(
2442 2648 2701 2696 Aemo.

460 2808 546 2864 Ex
581 2807 678 2865 bis
703 2812 903 2864 autem
947 2812 1188 2878 apparet
1227 2807 1384 2880 quod
1415 2808 1709 2878 praedlctae
1739 2808 2089 2868 substantiae
2115 2815 2257 2868 sunt
2282 2809 2454 2868 liberi
2482 2811 2708 2869 arbitrii
2742 2811 2809 2869 in

392 2878 653 2950 fflendo.
685 2878 854 2945 Quod
884 2880 1042 2934 enim
1073 2879 1318 2935 arbitrio
1345 2886 1548 2949 agant,
1582 2879 1959 2937 manifestum
1990 2887 2083 2938 est
2128 2893 2199 2938 eo
2240 2881 2401 2953 quod
2447 2896 2550 2952 per
2598 2883 2808 2954 cogni-

389 2948 616 3004 tionem
666 2948 1082 3004 intellectivam
1118 2947 1409 3018 judicium
1460 2950 1678 3006 habent
1706 2951 1778 3007 de
1831 2950 2150 3020 operandis
2214 2952 2561 3009 Libertatem
2609 2958 2811 3011 autem

391 3031 640 3075 necesse
683 3025 778 3075 est
829 3031 933 3075 eas
981 3019 1215 3086 babere,
1246 3020 1296 3075 si
1334 3019 1553 3076 liabent
1603 3020 1936 3078 dominium
1992 3021 2085 3079 sui
2140 3027 2330 3092 actus,
2376 3030 2443 3079 ut
2490 3027 2807 3081 ostensum

389 3094 484 3146 est
509 3087 590 3158 (c.
617 3091 684 3144 47
719 3129 732 3143 .
761 3089 908 3144 Sunt
935 3088 1116 3156 igitur
1136 3090 1427 3158 praedictae
1456 3090 1809 3148 substantiae
1839 3093 2005 3148 liberi
2036 3091 2267 3149 arbitrii
2298 3094 2361 3149 in
2388 3091 2635 3164 agendo.

458 3160 613 3225 Item,
639 3158 680 3214 li
725 3171 888 3215 erum
933 3164 1023 3215 est
1060 3160 1220 3230 quod
1254 3159 1347 3216 sui
1396 3173 1582 3216 causa
1629 3167 1743 3218 est.
1782 3161 1953 3229 Quod
2002 3176 2146 3235 ergo
2182 3177 2299 3222 non
2331 3168 2418 3220 est
2456 3161 2569 3219 sibi
2616 3175 2809 3221 causa

389 3229 630 3300 agendi,
660 3241 780 3285 non
833 3233 926 3285 est
971 3229 1219 3286 liberum
1249 3230 1311 3285 in
1354 3230 1606 3302 agendo,
1652 3232 2051 3303 Quaecumque
2089 3239 2283 3290 autem
2329 3246 2447 3290 non
2495 3240 2817 3291 moventur

389 3312 584 3371 neque
621 3305 807 3369 agunt
847 3299 963 3356 nisi
996 3297 1070 3356 ab
1098 3301 1235 3357 aliis
1276 3307 1456 3361 mota.
1512 3314 1631 3358 non
1681 3308 1823 3358 sunt
1870 3303 2142 3374 sibiipsis
2185 3317 2367 3361 causa
2405 3301 2639 3375 agendi.
2670 3303 2816 3362 Sola

388 3383 536 3441 ergo
565 3369 863 3427 moventia
905 3369 1105 3440 seipsa
1147 3370 1471 3427 libertatem
1512 3371 1577 3427 in
1606 3373 1841 3443 agendo
1869 3373 2088 3430 habent
2118 3393 2132 3430 :
2166 3379 2226 3430 et
2269 3375 2394 3431 haec
2423 3375 2553 3431 sola
2577 3373 2811 3444 jndicio

389 3446 609 3511 εαυτῆς
653 3453 790 3498 nam
839 3452 1087 3498 movens
1142 3442 1407 3513 seipsum
1449 3441 1734 3499 dividitur
1788 3443 1847 3499 in
1906 3458 2151 3503 movens
2197 3450 2255 3502 et
2283 3449 2530 3501 motum.
2564 3446 2807 3503 movens

387 3517 587 3570 autem
644 3517 737 3567 est
789 3512 1084 3581 appetitus
1137 3519 1211 3569 ab
1268 3512 1616 3580 intellectu,
1665 3514 1754 3569 vel
1801 3514 2151 3584 phantasia,
2191 3521 2290 3572 aut
2340 3528 2524 3572 sensu
2582 3521 2806 3584 motuS,

387 3595 643 3662 quoi-um
672 3585 763 3638 est
779 3584 1065 3650 judicare.
1101 3582 1316 3639 Horum
1357 3583 1542 3653 igitur
1572 3583 1695 3640 baec
1733 3586 1863 3641 sola
1892 3585 2074 3642 libere
2098 3586 2387 3665 judicant,
2416 3599 2806 3658 quaecumque

386 3661 455 3710 tn
492 3651 817 3724 J'udicaudo
845 3653 1046 3722 seipsa
1084 3660 1342 3710 movent.
1374 3655 1549 3710 Nulla
1577 3660 1771 3710 autem
1806 3657 2063 3726 potentia
2089 3656 2387 3727 iudicanS,
2434 3657 2696 3727 seipsam
2734 3655 2810 3714 ad

383 3721 771 3796 indicandum
801 3729 1013 3789 movet,
1039 3723 1156 3780 nisi
1188 3737 1366 3795 supra
1396 3731 1591 3781 actum
1614 3739 1787 3782 suum
1823 3726 2169 3784 reflectatur.
2192 3728 2434 3797 Oportet
2459 3727 2639 3793 enim,
2661 3726 2712 3783 si
2745 3740 2812 3784 se

387 3793 876 3863 adjudicandum
906 3809 940 3850 a
985 3793 1224 3865 it,quod
1257 3794 1740 3865 suumJudicium
1773 3803 2135 3868 cognoscat3
2166 3797 2322 3869 quod
2342 3796 2580 3867 quidem
2613 3796 2809 3854 solius

386 3863 730 3921 intellectus
786 3869 895 3921 est.
1000 3871 1103 3920 unt
1145 3865 1326 3935 igitur
1388 3865 1670 3923 animalia
1721 3867 2088 3925 irrationalia
2143 3868 2585 3939 quodammodo
2638 3867 2809 3925 liberi

388 3932 629 4005 quidem
664 3940 881 3996 motus,
913 3935 1039 3992 sive
1067 3936 1343 4001 actionis,
1377 3948 1495 3991 non
1526 3942 1724 3993 autem
1756 3937 1922 3994 liberi
1947 3936 2155 4008 judicii
2184 3952 2198 3990 τ
2230 3937 2558 3994 inanimata
2588 3944 2811 4007 autem,

389 4016 526 4074 quae
563 4005 760 4062 sotum
806 4005 880 4062 ab
926 4005 1064 4062 aliis
1107 4011 1439 4073 moventur,
1472 4019 1663 4077 neque
1695 4007 1893 4066 liberae
1942 4008 2197 4065 actionis
2234 4015 2396 4078 sunt,
2436 4013 2541 4065 aut
2570 4016 2811 4077 motus;

388 4073 817 4154 intellectualia
845 4089 982 4133 vero
1020 4089 1141 4132 non
1170 4075 1367 4133 solum
1397 4075 1674 4148 actionis,
1705 4079 1810 4135 sed
1839 4078 2017 4136 etiam
2043 4077 2214 4136 liberi
2234 4078 2488 4151 jndicii;
2519 4078 2683 4152 quod
2720 4083 2811 4137 est

388 4141 643 4202 liberum
677 4145 986 4202 arbitrium
1016 4146 1251 4203 babere.

460 4213 679 4280 Adhuc,
736 4216 923 4294 torma
981 4216 1372 4287 apprehensa,
1433 4221 1526 4275 est
1575 4217 1930 4289 principium
1983 4232 2230 4277 movens
2279 4219 2608 4278 secundum
2650 4218 2810 4292 quod

389 4282 853 4356 apprehenditur
880 4286 992 4344 sub
1024 4289 1250 4344 ratione
1281 4286 1443 4349 boni,
1474 4286 1566 4344 vel
1598 4288 2028 4346 convenientis.
2058 4291 2225 4348 Actio
2251 4292 2409 4348 enim
2441 4291 2701 4346 exterior
2748 4290 2817 4348 in

387 4354 770 4413 moventibus
797 4357 998 4425 seipsa
1025 4357 1287 4426 procedit
1309 4371 1382 4414 ex
1405 4357 1634 4430 jndicio
1661 4372 1780 4431 quo
1801 4357 2103 4438 judicatur
2145 4361 2370 4433 aliquid
2401 4373 2535 4417 esse
2561 4360 2820 4432 bonum,

389 4425 484 4486 vel
505 4425 879 4485 conveniens
902 4440 1011 4498 per
1034 4427 1287 4487 formam
1314 4429 1680 4502 praedictam.
1708 4429 1771 4488 Si
1797 4429 1981 4502 igitur
1999 4431 2281 4503 judicans
2308 4431 2383 4491 ad
2412 4431 2816 4505 iudicandum
