<?xml version="1.0" encoding="UTF-8"?>
<!DOCTYPE html PUBLIC "-//W3C//DTD XHTML 1.0 Transitional//EN"
    "http://www.w3.org/TR/xhtml1/DTD/xhtml1-transitional.dtd">
<html xmlns="http://www.w3.org/1999/xhtml" xml:lang="en" lang="en">
 <head>
  <title>
</title>
<meta http-equiv="Content-Type" content="text/html;charset=utf-8" />
  <meta name='ocr-system' content='tesseract 3.04.00' />
  <meta name='ocr-capabilities' content='ocr_page ocr_carea ocr_par ocr_line ocrx_word'/>
</head>
<body>
  <div class='ocr_page' id='page_1' title='image "./deveritatecatho00rubegoog_0669.png"; bbox 0 0 3076 5025; ppageno 0'>
   <div class='ocr_carea' id='block_1_1' title="bbox 1071 224 2590 288">
    <p class='ocr_par' dir='ltr' id='par_1_1' title="bbox 1071 224 2590 288">
     <span class='ocr_line' id='line_1_1' title="bbox 1071 224 2590 288; baseline -0.001 -7"><span class='ocrx_word' id='word_1_1' title='bbox 1071 226 1204 281; x_wconf 85' lang='lat' dir='ltr'><strong>LIB.</strong></span> <span class='ocrx_word' id='word_1_2' title='bbox 1243 225 1334 288; x_wconf 83' lang='lat' dir='ltr'><strong>lv,</strong></span> <span class='ocrx_word' id='word_1_3' title='bbox 1376 226 1528 280; x_wconf 74' lang='lat' dir='ltr'><strong>CAP.</strong></span> <span class='ocrx_word' id='word_1_4' title='bbox 1569 224 1702 281; x_wconf 83' lang='lat' dir='ltr'><strong>xm.</strong></span> <span class='ocrx_word' id='word_1_5' title='bbox 2490 228 2590 282; x_wconf 71' lang='lat'><strong>637</strong></span> 
     </span>
    </p>
   </div>
   <div class='ocr_carea' id='block_1_2' title="bbox 1155 481 1620 547">
    <p class='ocr_par' dir='ltr' id='par_1_2' title="bbox 1155 481 1620 547">
     <span class='ocr_line' id='line_1_2' title="bbox 1155 481 1620 547; baseline -0.004 -1"><span class='ocrx_word' id='word_1_6' title='bbox 1155 482 1407 547; x_wconf 82' lang='lat' dir='ltr'>CAPUT</span> <span class='ocrx_word' id='word_1_7' title='bbox 1463 481 1620 545; x_wconf 82' lang='lat' dir='ltr'><strong>xci.</strong></span> 
     </span>
    </p>
   </div>
   <div class='ocr_carea' id='block_1_3' title="bbox 417 658 2359 802">
    <p class='ocr_par' dir='ltr' id='par_1_3' title="bbox 417 658 2359 802">
     <span class='ocr_line' id='line_1_3' title="bbox 417 658 2359 717; baseline -0.005 -4"><span class='ocrx_word' id='word_1_8' title='bbox 417 664 571 717; x_wconf 81' lang='lat' dir='ltr'><strong>QUOD</strong></span> <span class='ocrx_word' id='word_1_9' title='bbox 606 663 810 710; x_wconf 68' lang='grc' dir='ltr'><strong>ΔΝΜ</strong></span> <span class='ocrx_word' id='word_1_10' title='bbox 845 662 1061 709; x_wconf 71' lang='lat' dir='ltr'><strong>surm</strong></span> <span class='ocrx_word' id='word_1_11' title='bbox 1094 662 1239 707; x_wconf 61' lang='lat' dir='ltr'><strong>Posi·</strong></span> <span class='ocrx_word' id='word_1_12' title='bbox 1285 659 1732 707; x_wconf 65' lang='lat' dir='ltr'><strong>SEPARATtom</strong></span> <span class='ocrx_word' id='word_1_13' title='bbox 1763 659 1807 706; x_wconf 75' lang='lat' dir='ltr'>A</span> <span class='ocrx_word' id='word_1_14' title='bbox 1840 658 2102 707; x_wconf 70' lang='lat' dir='ltr'>CORPORE</span> <span class='ocrx_word' id='word_1_15' title='bbox 2136 658 2359 704; x_wconf 70' lang='lat' dir='ltr'>POENAM</span> 
     </span>
     <span class='ocr_line' id='line_1_4' title="bbox 917 747 1860 802; baseline -0.007 -5"><span class='ocrx_word' id='word_1_16' title='bbox 917 751 1037 797; x_wconf 75' lang='lat' dir='ltr'><strong>m</strong></span> <span class='ocrx_word' id='word_1_17' title='bbox 1065 750 1348 796; x_wconf 75' lang='lat' dir='ltr'><strong>PRAEmmt</strong></span> <span class='ocrx_word' id='word_1_18' title='bbox 1386 747 1860 802; x_wconf 62' lang='lat' dir='ltr'><strong>constentiam.</strong></span> 
     </span>
    </p>
   </div>
   <div class='ocr_carea' id='block_1_4' title="bbox 163 910 2631 4446">
    <p class='ocr_par' dir='ltr' id='par_1_4' title="bbox 163 910 2605 1271">
     <span class='ocr_line' id='line_1_5' title="bbox 236 910 2605 995; baseline -0.001 -22"><span class='ocrx_word' id='word_1_19' title='bbox 236 917 318 974; x_wconf 80' lang='lat' dir='ltr'><strong>Ex</strong></span> <span class='ocrx_word' id='word_1_20' title='bbox 333 914 432 973; x_wconf 88' lang='lat' dir='ltr'><strong>bis</strong></span> <span class='ocrx_word' id='word_1_21' title='bbox 453 921 651 972; x_wconf 88' lang='lat' dir='ltr'><strong>autem</strong></span> <span class='ocrx_word' id='word_1_22' title='bbox 669 914 937 986; x_wconf 84' lang='lat' dir='ltr'><strong>accipere</strong></span> <span class='ocrx_word' id='word_1_23' title='bbox 954 926 1286 995; x_wconf 85' lang='lat' dir='ltr'><strong>possumus</strong></span> <span class='ocrx_word' id='word_1_24' title='bbox 1306 912 1488 984; x_wconf 86' lang='lat' dir='ltr'><strong>quod,</strong></span> <span class='ocrx_word' id='word_1_25' title='bbox 1510 910 1711 970; x_wconf 83' lang='lat' dir='ltr'><strong>statim</strong></span> <span class='ocrx_word' id='word_1_26' title='bbox 1727 916 1865 993; x_wconf 78' lang='lat' dir='ltr'><strong>post</strong></span> <span class='ocrx_word' id='word_1_27' title='bbox 1882 914 2154 974; x_wconf 83' lang='lat' dir='ltr'><strong>mortem.</strong></span> <span class='ocrx_word' id='word_1_28' title='bbox 2181 912 2281 991; x_wconf 84' lang='lat' dir='ltr'><strong>ani</strong></span> <span class='ocrx_word' id='word_1_29' title='bbox 2290 926 2397 970; x_wconf 81' lang='lat' dir='ltr'><strong>mae</strong></span> <span class='ocrx_word' id='word_1_30' title='bbox 2415 913 2605 971; x_wconf 88' lang='lat' dir='ltr'><strong>homi·</strong></span> 
     </span>
     <span class='ocr_line' id='line_1_6' title="bbox 169 983 2605 1057; baseline -0.001 -12"><span class='ocrx_word' id='word_1_31' title='bbox 169 1000 318 1045; x_wconf 87' lang='lat' dir='ltr'><strong>num</strong></span> <span class='ocrx_word' id='word_1_32' title='bbox 348 986 639 1057; x_wconf 84' lang='lat' dir='ltr'><strong>recipiunt</strong></span> <span class='ocrx_word' id='word_1_33' title='bbox 679 999 783 1055; x_wconf 86' lang='lat' dir='ltr'><strong>pro</strong></span> <span class='ocrx_word' id='word_1_34' title='bbox 823 990 1048 1042; x_wconf 82' lang='lat' dir='ltr'><strong>meritis</strong></span> <span class='ocrx_word' id='word_1_35' title='bbox 1080 984 1170 1041; x_wconf 87' lang='lat' dir='ltr'><strong>vel</strong></span> <span class='ocrx_word' id='word_1_36' title='bbox 1210 997 1439 1054; x_wconf 77' lang='lat' dir='ltr'><strong>poenam</strong></span> <span class='ocrx_word' id='word_1_37' title='bbox 1485 983 1576 1040; x_wconf 90' lang='lat' dir='ltr'><strong>vel</strong></span> <span class='ocrx_word' id='word_1_38' title='bbox 1622 996 1952 1054; x_wconf 85' lang='lat' dir='ltr'><strong>praemtum.</strong></span> <span class='ocrx_word' id='word_1_39' title='bbox 1994 984 2144 1041; x_wconf 90' lang='lat' dir='ltr'><strong>Sunt</strong></span> <span class='ocrx_word' id='word_1_40' title='bbox 2190 997 2346 1039; x_wconf 81' lang='lat' dir='ltr'><strong>enim</strong></span> <span class='ocrx_word' id='word_1_41' title='bbox 2395 984 2605 1042; x_wconf 77' lang='lat' dir='ltr'><strong>animae</strong></span> 
     </span>
     <span class='ocr_line' id='line_1_7' title="bbox 165 1050 2604 1128; baseline -0.002 -12"><span class='ocrx_word' id='word_1_42' title='bbox 165 1060 460 1128; x_wconf 78' lang='lat' dir='ltr'><strong>separatae</strong></span> <span class='ocrx_word' id='word_1_43' title='bbox 488 1055 906 1127; x_wconf 74' lang='lat' dir='ltr'><strong>susceptibiles</strong></span> <span class='ocrx_word' id='word_1_44' title='bbox 927 1068 1234 1126; x_wconf 71' lang='lat' dir='ltr'><strong>poenarum</strong></span> <span class='ocrx_word' id='word_1_45' title='bbox 1272 1068 1388 1111; x_wconf 94' lang='lat' dir='ltr'><strong>non</strong></span> <span class='ocrx_word' id='word_1_46' title='bbox 1432 1050 1630 1110; x_wconf 73' lang='lat' dir='ltr'><strong>sdlum</strong></span> <span class='ocrx_word' id='word_1_47' title='bbox 1679 1052 2100 1124; x_wconf 80' lang='lat' dir='ltr'><strong>spiritualium,</strong></span> <span class='ocrx_word' id='word_1_48' title='bbox 2131 1053 2234 1110; x_wconf 90' lang='lat' dir='ltr'><strong>sed</strong></span> <span class='ocrx_word' id='word_1_49' title='bbox 2268 1055 2441 1111; x_wconf 82' lang='lat' dir='ltr'><strong>etiam</strong></span> <span class='ocrx_word' id='word_1_50' title='bbox 2472 1068 2604 1112; x_wconf 90' lang='lat' dir='ltr'><strong>cor-</strong></span> 
     </span>
     <span class='ocr_line' id='line_1_8' title="bbox 163 1123 2603 1200; baseline -0 -15"><span class='ocrx_word' id='word_1_51' title='bbox 163 1127 487 1200; x_wconf 84' lang='lat' dir='ltr'><strong>poralium,</strong></span> <span class='ocrx_word' id='word_1_52' title='bbox 523 1132 585 1184; x_wconf 90' lang='lat' dir='ltr'><strong>ut</strong></span> <span class='ocrx_word' id='word_1_53' title='bbox 613 1130 764 1197; x_wconf 88' lang='lat' dir='ltr'><strong>(cap.</strong></span> <span class='ocrx_word' id='word_1_54' title='bbox 796 1125 1070 1197; x_wconf 83' lang='lat' dir='ltr'><strong>praeced.)</strong></span> <span class='ocrx_word' id='word_1_55' title='bbox 1104 1132 1415 1184; x_wconf 84' lang='lat' dir='ltr'><strong>ostensum</strong></span> <span class='ocrx_word' id='word_1_56' title='bbox 1447 1128 1559 1181; x_wconf 69' lang='lat' dir='ltr'><strong>vst.</strong></span> <span class='ocrx_word' id='word_1_57' title='bbox 1608 1123 1779 1192; x_wconf 83' lang='lat' dir='ltr'><strong>Quod</strong></span> <span class='ocrx_word' id='word_1_58' title='bbox 1813 1129 2011 1182; x_wconf 88' lang='lat' dir='ltr'><strong>autem</strong></span> <span class='ocrx_word' id='word_1_59' title='bbox 2041 1124 2163 1182; x_wconf 90' lang='lat' dir='ltr'><strong>sint</strong></span> <span class='ocrx_word' id='word_1_60' title='bbox 2186 1124 2603 1195; x_wconf 80' lang='lat' dir='ltr'><strong>susceptibiles</strong></span> 
     </span>
     <span class='ocr_line' id='line_1_9' title="bbox 165 1194 2071 1271; baseline -0.001 -16"><span class='ocrx_word' id='word_1_61' title='bbox 165 1198 398 1271; x_wconf 70' lang='lat' dir='ltr'><strong>gloriae,</strong></span> <span class='ocrx_word' id='word_1_62' title='bbox 429 1198 810 1254; x_wconf 82' lang='lat' dir='ltr'><strong>manifestum</strong></span> <span class='ocrx_word' id='word_1_63' title='bbox 844 1200 1033 1255; x_wconf 82' lang='lat' dir='ltr'><strong>estex</strong></span> <span class='ocrx_word' id='word_1_64' title='bbox 1061 1195 1159 1253; x_wconf 89' lang='lat' dir='ltr'><strong>his</strong></span> <span class='ocrx_word' id='word_1_65' title='bbox 1184 1210 1314 1268; x_wconf 84' lang='lat' dir='ltr'><strong>quae</strong></span> <span class='ocrx_word' id='word_1_66' title='bbox 1347 1196 1402 1251; x_wconf 90' lang='lat' dir='ltr'><strong>in</strong></span> <span class='ocrx_word' id='word_1_67' title='bbox 1436 1194 1607 1252; x_wconf 71' lang='lat' dir='ltr'><strong>tentio</strong></span> <span class='ocrx_word' id='word_1_68' title='bbox 1636 1200 1777 1251; x_wconf 84' lang='lat' dir='ltr'><strong>sunt</strong></span> <span class='ocrx_word' id='word_1_69' title='bbox 1806 1199 2071 1253; x_wconf 88' lang='lat' dir='ltr'><strong>tractata.</strong></span> 
     </span>
    </p>

    <p class='ocr_par' dir='ltr' id='par_1_5' title="bbox 170 1263 2609 1702">
     <span class='ocr_line' id='line_1_10' title="bbox 239 1263 2604 1340; baseline 0 -14"><span class='ocrx_word' id='word_1_70' title='bbox 239 1270 324 1326; x_wconf 85' lang='lat' dir='ltr'><strong>Ex</strong></span> <span class='ocrx_word' id='word_1_71' title='bbox 348 1268 464 1324; x_wconf 89' lang='lat' dir='ltr'><strong>hoc</strong></span> <span class='ocrx_word' id='word_1_72' title='bbox 485 1270 644 1324; x_wconf 87' lang='lat' dir='ltr'><strong>enim</strong></span> <span class='ocrx_word' id='word_1_73' title='bbox 673 1267 831 1340; x_wconf 91' lang='lat' dir='ltr'><strong>quod</strong></span> <span class='ocrx_word' id='word_1_74' title='bbox 860 1266 1061 1325; x_wconf 85' lang='lat' dir='ltr'><strong>anima</strong></span> <span class='ocrx_word' id='word_1_75' title='bbox 1081 1273 1391 1337; x_wconf 81' lang='lat' dir='ltr'><strong>separatur</strong></span> <span class='ocrx_word' id='word_1_76' title='bbox 1414 1281 1450 1322; x_wconf 88' lang='lat' dir='ltr'><strong>a</strong></span> <span class='ocrx_word' id='word_1_77' title='bbox 1474 1279 1744 1334; x_wconf 88' lang='lat' dir='ltr'><strong>corpore,</strong></span> <span class='ocrx_word' id='word_1_78' title='bbox 1765 1263 1831 1321; x_wconf 83' lang='lat' dir='ltr'><strong>fit</strong></span> <span class='ocrx_word' id='word_1_79' title='bbox 1854 1280 2037 1338; x_wconf 83' lang='lat' dir='ltr'><strong>capax</strong></span> <span class='ocrx_word' id='word_1_80' title='bbox 2073 1266 2324 1324; x_wconf 85' lang='lat' dir='ltr'><strong>visionis</strong></span> <span class='ocrx_word' id='word_1_81' title='bbox 2355 1267 2472 1324; x_wconf 87' lang='lat' dir='ltr'><strong>divi</strong></span> <span class='ocrx_word' id='word_1_82' title='bbox 2483 1281 2604 1338; x_wconf 72' lang='grc' dir='ltr'><strong>πως</strong></span> 
     </span>
     <span class='ocr_line' id='line_1_11' title="bbox 170 1336 2605 1410; baseline -0.001 -12"><span class='ocrx_word' id='word_1_83' title='bbox 170 1338 247 1398; x_wconf 83' lang='lat' dir='ltr'><strong>ad</strong></span> <span class='ocrx_word' id='word_1_84' title='bbox 277 1353 480 1410; x_wconf 88' lang='lat' dir='ltr'><strong>quam,</strong></span> <span class='ocrx_word' id='word_1_85' title='bbox 513 1339 651 1395; x_wconf 91' lang='lat' dir='ltr'><strong>dum</strong></span> <span class='ocrx_word' id='word_1_86' title='bbox 683 1342 845 1396; x_wconf 87' lang='lat' dir='ltr'><strong>esset</strong></span> <span class='ocrx_word' id='word_1_87' title='bbox 873 1338 1191 1409; x_wconf 82' lang='lat' dir='ltr'><strong>conjuncta</strong></span> <span class='ocrx_word' id='word_1_88' title='bbox 1217 1336 1580 1405; x_wconf 83' lang='lat' dir='ltr'><strong>corruptibili</strong></span> <span class='ocrx_word' id='word_1_89' title='bbox 1605 1336 1861 1406; x_wconf 83' lang='lat' dir='ltr'><strong>corpori,</strong></span> <span class='ocrx_word' id='word_1_90' title='bbox 1891 1337 2197 1406; x_wconf 85' lang='lat' dir='ltr'><strong>pervenire</strong></span> <span class='ocrx_word' id='word_1_91' title='bbox 2219 1351 2335 1394; x_wconf 91' lang='lat' dir='ltr'><strong>non</strong></span> <span class='ocrx_word' id='word_1_92' title='bbox 2358 1343 2605 1408; x_wconf 82' lang='lat' dir='ltr'><strong>poterat.</strong></span> 
     </span>
     <span class='ocr_line' id='line_1_12' title="bbox 171 1405 2606 1480; baseline 0 -13"><span class='ocrx_word' id='word_1_93' title='bbox 171 1412 238 1467; x_wconf 87' lang='lat' dir='ltr'><strong>ln</strong></span> <span class='ocrx_word' id='word_1_94' title='bbox 266 1409 502 1466; x_wconf 76' lang='lat' dir='ltr'><strong>visione</strong></span> <span class='ocrx_word' id='word_1_95' title='bbox 531 1415 725 1466; x_wconf 84' lang='lat' dir='ltr'><strong>autem</strong></span> <span class='ocrx_word' id='word_1_96' title='bbox 770 1409 873 1465; x_wconf 89' lang='lat' dir='ltr'><strong>Dei</strong></span> <span class='ocrx_word' id='word_1_97' title='bbox 915 1408 1124 1466; x_wconf 87' lang='lat' dir='ltr'><strong>ultima</strong></span> <span class='ocrx_word' id='word_1_98' title='bbox 1152 1405 1418 1464; x_wconf 89' lang='lat' dir='ltr'><strong>hominis</strong></span> <span class='ocrx_word' id='word_1_99' title='bbox 1451 1406 1748 1464; x_wconf 76' lang='lat' dir='ltr'><strong>beatitudo</strong></span> <span class='ocrx_word' id='word_1_100' title='bbox 1775 1406 2071 1475; x_wconf 81' lang='lat' dir='ltr'><strong>consistit,</strong></span> <span class='ocrx_word' id='word_1_101' title='bbox 2090 1423 2222 1480; x_wconf 83' lang='lat' dir='ltr'><strong>quae</strong></span> <span class='ocrx_word' id='word_1_102' title='bbox 2251 1415 2343 1466; x_wconf 89' lang='lat' dir='ltr'><strong>est</strong></span> <span class='ocrx_word' id='word_1_103' title='bbox 2370 1408 2606 1467; x_wconf 84' lang='lat' dir='ltr'><strong>virtutis</strong></span> 
     </span>
     <span class='ocr_line' id='line_1_13' title="bbox 170 1476 2605 1552; baseline -0.001 -14"><span class='ocrx_word' id='word_1_104' title='bbox 170 1479 506 1552; x_wconf 85' lang='lat' dir='ltr'><strong>praemium.</strong></span> <span class='ocrx_word' id='word_1_105' title='bbox 540 1479 714 1536; x_wconf 88' lang='lat' dir='ltr'><strong>Nulla</strong></span> <span class='ocrx_word' id='word_1_106' title='bbox 742 1484 939 1537; x_wconf 86' lang='lat' dir='ltr'><strong>aulem</strong></span> <span class='ocrx_word' id='word_1_107' title='bbox 971 1480 1123 1537; x_wconf 85' lang='lat' dir='ltr'><strong>ratio</strong></span> <span class='ocrx_word' id='word_1_108' title='bbox 1152 1485 1313 1536; x_wconf 87' lang='lat' dir='ltr'><strong>esset</strong></span> <span class='ocrx_word' id='word_1_109' title='bbox 1338 1492 1521 1550; x_wconf 84' lang='lat' dir='ltr'><strong>quare</strong></span> <span class='ocrx_word' id='word_1_110' title='bbox 1561 1476 1898 1535; x_wconf 75' lang='lat' dir='ltr'><strong>differretur</strong></span> <span class='ocrx_word' id='word_1_111' title='bbox 1939 1491 2135 1549; x_wconf 86' lang='lat' dir='ltr'><strong>poena,</strong></span> <span class='ocrx_word' id='word_1_112' title='bbox 2167 1485 2226 1535; x_wconf 88' lang='lat' dir='ltr'><strong>et</strong></span> <span class='ocrx_word' id='word_1_113' title='bbox 2276 1480 2605 1551; x_wconf 84' lang='lat' dir='ltr'><strong>praemium,</strong></span> 
     </span>
     <span class='ocr_line' id='line_1_14' title="bbox 172 1548 2609 1624; baseline 0 -15"><span class='ocrx_word' id='word_1_114' title='bbox 172 1565 246 1609; x_wconf 79' lang='lat' dir='ltr'><strong>ex</strong></span> <span class='ocrx_word' id='word_1_115' title='bbox 272 1564 395 1623; x_wconf 91' lang='lat' dir='ltr'><strong>quo</strong></span> <span class='ocrx_word' id='word_1_116' title='bbox 446 1551 758 1621; x_wconf 84' lang='lat' dir='ltr'><strong>utriusque</strong></span> <span class='ocrx_word' id='word_1_117' title='bbox 806 1549 1004 1607; x_wconf 88' lang='lat' dir='ltr'><strong>anima</strong></span> <span class='ocrx_word' id='word_1_118' title='bbox 1031 1548 1325 1620; x_wconf 74' lang='lat' dir='ltr'><strong>particeps</strong></span> <span class='ocrx_word' id='word_1_119' title='bbox 1368 1563 1503 1605; x_wconf 88' lang='lat' dir='ltr'><strong>esse</strong></span> <span class='ocrx_word' id='word_1_120' title='bbox 1537 1552 1749 1619; x_wconf 88' lang='lat' dir='ltr'><strong>potest.</strong></span> <span class='ocrx_word' id='word_1_121' title='bbox 1779 1548 1980 1606; x_wconf 79' lang='lat' dir='ltr'><strong>Statim</strong></span> <span class='ocrx_word' id='word_1_122' title='bbox 2030 1551 2213 1624; x_wconf 89' lang='lat' dir='ltr'><strong>igitur</strong></span> <span class='ocrx_word' id='word_1_123' title='bbox 2239 1564 2375 1607; x_wconf 92' lang='lat' dir='ltr'><strong>cum</strong></span> <span class='ocrx_word' id='word_1_124' title='bbox 2407 1553 2609 1609; x_wconf 86' lang='lat' dir='ltr'><strong>anima</strong></span> 
     </span>
     <span class='ocr_line' id='line_1_15' title="bbox 173 1617 2608 1702; baseline -0.002 -22"><span class='ocrx_word' id='word_1_125' title='bbox 173 1626 487 1702; x_wconf 74' lang='lat' dir='ltr'><strong>separatur</strong></span> <span class='ocrx_word' id='word_1_126' title='bbox 513 1635 550 1678; x_wconf 89' lang='lat' dir='ltr'><strong>a</strong></span> <span class='ocrx_word' id='word_1_127' title='bbox 576 1633 846 1691; x_wconf 87' lang='lat' dir='ltr'><strong>corpore,</strong></span> <span class='ocrx_word' id='word_1_128' title='bbox 878 1618 1186 1690; x_wconf 76' lang='lat' dir='ltr'><strong>praemium</strong></span> <span class='ocrx_word' id='word_1_129' title='bbox 1222 1619 1314 1676; x_wconf 85' lang='lat' dir='ltr'><strong>vel</strong></span> <span class='ocrx_word' id='word_1_130' title='bbox 1352 1633 1588 1691; x_wconf 81' lang='lat' dir='ltr'><strong>poenaui</strong></span> <span class='ocrx_word' id='word_1_131' title='bbox 1619 1617 1823 1689; x_wconf 77' lang='lat' dir='ltr'><strong>recipit</strong></span> <span class='ocrx_word' id='word_1_132' title='bbox 1850 1631 1959 1690; x_wconf 89' lang='lat' dir='ltr'><strong>pro</strong></span> <span class='ocrx_word' id='word_1_133' title='bbox 1989 1619 2085 1679; x_wconf 88' lang='lat' dir='ltr'><strong>his</strong></span> <span class='ocrx_word' id='word_1_134' title='bbox 2109 1636 2241 1693; x_wconf 76' lang='lat' dir='ltr'><strong>quae</strong></span> <span class='ocrx_word' id='word_1_135' title='bbox 2268 1621 2330 1678; x_wconf 90' lang='lat' dir='ltr'><strong>in</strong></span> <span class='ocrx_word' id='word_1_136' title='bbox 2360 1633 2608 1691; x_wconf 83' lang='lat' dir='ltr'><strong>corpore</strong></span> 
     </span>
    </p>

    <p class='ocr_par' dir='ltr' id='par_1_6' title="bbox 217 1699 385 1750">
     <span class='ocr_line' id='line_1_16' title="bbox 217 1699 385 1750; baseline -0.012 -1"><span class='ocrx_word' id='word_1_137' title='bbox 217 1699 385 1750; x_wconf 85' lang='lat' dir='ltr'><strong>esstt.</strong></span> 
     </span>
    </p>

    <p class='ocr_par' dir='ltr' id='par_1_7' title="bbox 175 1705 2614 2327">
     <span class='ocr_line' id='line_1_17' title="bbox 175 1705 2611 1837; baseline 0.003 -20"><span class='ocrx_word' id='word_1_138' title='bbox 175 1705 215 1765; x_wconf 67' lang='lat' dir='ltr'>g</span> <span class='ocrx_word' id='word_1_139' title='bbox 245 1762 467 1827; x_wconf 78' lang='lat' dir='ltr'><strong>Adhuc,</strong></span> <span class='ocrx_word' id='word_1_140' title='bbox 495 1761 556 1819; x_wconf 92' lang='lat' dir='ltr'><strong>in</strong></span> <span class='ocrx_word' id='word_1_141' title='bbox 582 1762 705 1819; x_wconf 90' lang='lat' dir='ltr'><strong>vita</strong></span> <span class='ocrx_word' id='word_1_142' title='bbox 732 1761 849 1819; x_wconf 86' lang='lat' dir='ltr'><strong>ista</strong></span> <span class='ocrx_word' id='word_1_143' title='bbox 890 1764 984 1819; x_wconf 88' lang='lat' dir='ltr'><strong>est</strong></span> <span class='ocrx_word' id='word_1_144' title='bbox 1008 1764 1202 1819; x_wconf 86' lang='lat' dir='ltr'><strong>status</strong></span> <span class='ocrx_word' id='word_1_145' title='bbox 1229 1761 1518 1828; x_wconf 86' lang='lat' dir='ltr'><strong>merendi,</strong></span> <span class='ocrx_word' id='word_1_146' title='bbox 1566 1761 1660 1818; x_wconf 85' lang='lat' dir='ltr'><strong>vel</strong></span> <span class='ocrx_word' id='word_1_147' title='bbox 1706 1761 2048 1823; x_wconf 87' lang='lat' dir='ltr'><strong>demerendi</strong></span> <span class='ocrx_word' id='word_1_148' title='bbox 2095 1782 2113 1823; x_wconf 72' lang='grc' dir='ltr'><em>ε</em></span> <span class='ocrx_word' id='word_1_149' title='bbox 2166 1765 2325 1822; x_wconf 90' lang='lat' dir='ltr'><strong>unde</strong></span> <span class='ocrx_word' id='word_1_150' title='bbox 2376 1779 2611 1837; x_wconf 88' lang='lat' dir='ltr'><strong>compa-</strong></span> 
     </span>
     <span class='ocr_line' id='line_1_18' title="bbox 177 1831 2612 1904; baseline -0.001 -13"><span class='ocrx_word' id='word_1_151' title='bbox 177 1839 342 1891; x_wconf 86' lang='lat' dir='ltr'><strong>ratur</strong></span> <span class='ocrx_word' id='word_1_152' title='bbox 380 1832 620 1898; x_wconf 68' lang='lat' dir='ltr'><strong>militiae,</strong></span> <span class='ocrx_word' id='word_1_153' title='bbox 643 1839 702 1890; x_wconf 89' lang='lat' dir='ltr'><strong>et</strong></span> <span class='ocrx_word' id='word_1_154' title='bbox 746 1831 959 1890; x_wconf 85' lang='lat' dir='ltr'><strong>diebus</strong></span> <span class='ocrx_word' id='word_1_155' title='bbox 1001 1832 1372 1898; x_wconf 86' lang='lat' dir='ltr'><strong>mercenarii,</strong></span> <span class='ocrx_word' id='word_1_156' title='bbox 1420 1835 1483 1888; x_wconf 92' lang='lat' dir='ltr'><strong>ut</strong></span> <span class='ocrx_word' id='word_1_157' title='bbox 1525 1835 1682 1900; x_wconf 82' lang='lat' dir='ltr'><strong>patet</strong></span> <span class='ocrx_word' id='word_1_158' title='bbox 1724 1832 1979 1904; x_wconf 79' lang='lat' dir='ltr'><strong>Job,vn,</strong></span> <span class='ocrx_word' id='word_1_159' title='bbox 2014 1837 2320 1893; x_wconf 77' lang='lat' dir='ltr'><strong>¹:Mititia</strong></span> <span class='ocrx_word' id='word_1_160' title='bbox 2363 1842 2442 1892; x_wconf 75' lang='lat' dir='ltr'><strong>est</strong></span> <span class='ocrx_word' id='word_1_161' title='bbox 2492 1841 2612 1894; x_wconf 78' lang='lat' dir='ltr'><strong>vita</strong></span> 
     </span>
     <span class='ocr_line' id='line_1_19' title="bbox 178 1902 2614 1976; baseline 0.003 -17"><span class='ocrx_word' id='word_1_162' title='bbox 178 1904 413 1960; x_wconf 78' lang='lat' dir='ltr'><strong>hominis</strong></span> <span class='ocrx_word' id='word_1_163' title='bbox 430 1907 808 1972; x_wconf 80' lang='lat' dir='ltr'><strong>superterram</strong></span> <span class='ocrx_word' id='word_1_164' title='bbox 829 1906 915 1958; x_wconf 81' lang='lat' dir='ltr'><strong>:et</strong></span> <span class='ocrx_word' id='word_1_165' title='bbox 937 1904 1078 1958; x_wconf 81' lang='lat' dir='ltr'><strong>sicut</strong></span> <span class='ocrx_word' id='word_1_166' title='bbox 1103 1905 1425 1958; x_wconf 80' lang='lat' dir='ltr'><strong>mercenarii</strong></span> <span class='ocrx_word' id='word_1_167' title='bbox 1445 1902 1561 1957; x_wconf 77' lang='lat' dir='ltr'><strong>dies</strong></span> <span class='ocrx_word' id='word_1_168' title='bbox 1588 1902 1724 1971; x_wconf 74' lang='lat' dir='ltr'><strong>ejus.</strong></span> <span class='ocrx_word' id='word_1_169' title='bbox 1746 1903 2033 1976; x_wconf 79' lang='lat' dir='ltr'><strong>Sed,post</strong></span> <span class='ocrx_word' id='word_1_170' title='bbox 2051 1911 2270 1964; x_wconf 86' lang='lat' dir='ltr'><strong>statum</strong></span> <span class='ocrx_word' id='word_1_171' title='bbox 2290 1908 2535 1974; x_wconf 65' lang='lat' dir='ltr'><strong>militiae,</strong></span> <span class='ocrx_word' id='word_1_172' title='bbox 2554 1912 2614 1966; x_wconf 85' lang='lat' dir='ltr'><strong>et</strong></span> 
     </span>
     <span class='ocr_line' id='line_1_20' title="bbox 185 1972 2612 2047; baseline 0.002 -16"><span class='ocrx_word' id='word_1_173' title='bbox 185 1973 451 2032; x_wconf 87' lang='lat' dir='ltr'><strong>laborem</strong></span> <span class='ocrx_word' id='word_1_174' title='bbox 482 1973 855 2040; x_wconf 84' lang='lat' dir='ltr'><strong>mercenarii,</strong></span> <span class='ocrx_word' id='word_1_175' title='bbox 888 1973 1085 2030; x_wconf 86' lang='lat' dir='ltr'><strong>statim</strong></span> <span class='ocrx_word' id='word_1_176' title='bbox 1120 1972 1367 2030; x_wconf 86' lang='lat' dir='ltr'><strong>debetur</strong></span> <span class='ocrx_word' id='word_1_177' title='bbox 1397 1972 1698 2043; x_wconf 69' lang='lat' dir='ltr'><strong>praemium</strong></span> <span class='ocrx_word' id='word_1_178' title='bbox 1748 1975 1842 2031; x_wconf 90' lang='lat' dir='ltr'><strong>vel</strong></span> <span class='ocrx_word' id='word_1_179' title='bbox 1887 1989 2066 2047; x_wconf 85' lang='lat' dir='ltr'><strong>poena</strong></span> <span class='ocrx_word' id='word_1_180' title='bbox 2114 1978 2265 2034; x_wconf 88' lang='lat' dir='ltr'><strong>bene</strong></span> <span class='ocrx_word' id='word_1_181' title='bbox 2314 1978 2612 2036; x_wconf 57' lang='lat' dir='ltr'><strong>vehmale</strong></span> 
     </span>
     <span class='ocr_line' id='line_1_21' title="bbox 180 2043 2613 2117; baseline -0 -14"><span class='ocrx_word' id='word_1_182' title='bbox 180 2044 547 2103; x_wconf 84' lang='lat' dir='ltr'><strong>certantibus</strong></span> <span class='ocrx_word' id='word_1_183' title='bbox 577 2062 591 2100; x_wconf 91' lang='lat'><strong>:</strong></span> <span class='ocrx_word' id='word_1_184' title='bbox 625 2046 782 2101; x_wconf 88' lang='lat' dir='ltr'><strong>unde</strong></span> <span class='ocrx_word' id='word_1_185' title='bbox 810 2048 870 2100; x_wconf 88' lang='lat' dir='ltr'><strong>et</strong></span> <span class='ocrx_word' id='word_1_186' title='bbox 896 2043 1099 2103; x_wconf 85' lang='lat' dir='ltr'><strong>Levit..</strong></span> <span class='ocrx_word' id='word_1_187' title='bbox 1119 2047 1355 2110; x_wconf 79' lang='lat' dir='ltr'><strong>xix,13,</strong></span> <span class='ocrx_word' id='word_1_188' title='bbox 1376 2043 1624 2101; x_wconf 88' lang='lat' dir='ltr'><strong>dicitur:</strong></span> <span class='ocrx_word' id='word_1_189' title='bbox 1648 2045 1769 2102; x_wconf 84' lang='lat' dir='ltr'><strong>Non</strong></span> <span class='ocrx_word' id='word_1_190' title='bbox 1795 2047 2100 2102; x_wconf 78' lang='lat' dir='ltr'><strong>morabitur</strong></span> <span class='ocrx_word' id='word_1_191' title='bbox 2131 2063 2265 2117; x_wconf 79' lang='lat' dir='ltr'><strong>opus</strong></span> <span class='ocrx_word' id='word_1_192' title='bbox 2292 2051 2613 2104; x_wconf 71' lang='lat' dir='ltr'><strong>mercenarie·</strong></span> 
     </span>
     <span class='ocr_line' id='line_1_22' title="bbox 178 2113 2614 2186; baseline 0.001 -15"><span class='ocrx_word' id='word_1_193' title='bbox 178 2119 263 2172; x_wconf 77' lang='lat' dir='ltr'><strong>tui</strong></span> <span class='ocrx_word' id='word_1_194' title='bbox 306 2116 459 2185; x_wconf 81' lang='lat' dir='ltr'><strong>apud</strong></span> <span class='ocrx_word' id='word_1_195' title='bbox 494 2120 545 2170; x_wconf 85' lang='lat' dir='ltr'><strong>te</strong></span> <span class='ocrx_word' id='word_1_196' title='bbox 584 2130 753 2185; x_wconf 80' lang='lat' dir='ltr'><strong>usque</strong></span> <span class='ocrx_word' id='word_1_197' title='bbox 791 2129 975 2179; x_wconf 83' lang='lat' dir='ltr'><strong>mane;</strong></span> <span class='ocrx_word' id='word_1_198' title='bbox 1009 2114 1298 2173; x_wconf 89' lang='lat' dir='ltr'><strong>Dominus</strong></span> <span class='ocrx_word' id='word_1_199' title='bbox 1341 2115 1518 2169; x_wconf 81' lang='lat' dir='ltr'><strong>etiam</strong></span> <span class='ocrx_word' id='word_1_200' title='bbox 1551 2113 1710 2183; x_wconf 89' lang='lat' dir='ltr'><strong>dicit,</strong></span> <span class='ocrx_word' id='word_1_201' title='bbox 1729 2114 1917 2173; x_wconf 84' lang='lat' dir='ltr'><strong>Joelis</strong></span> <span class='ocrx_word' id='word_1_202' title='bbox 1963 2117 2151 2186; x_wconf 76' lang='lat' dir='ltr'><strong>ult.,4</strong></span> <span class='ocrx_word' id='word_1_203' title='bbox 2175 2136 2189 2174; x_wconf 73' lang='grc' dir='ltr'>ε</span> <span class='ocrx_word' id='word_1_204' title='bbox 2213 2119 2330 2174; x_wconf 81' lang='lat' dir='ltr'><strong>Cito</strong></span> <span class='ocrx_word' id='word_1_205' title='bbox 2365 2120 2614 2174; x_wconf 75' lang='lat' dir='ltr'><strong>velociter</strong></span> 
     </span>
     <span class='ocr_line' id='line_1_23' title="bbox 182 2184 2610 2260; baseline 0.003 -18"><span class='ocrx_word' id='word_1_206' title='bbox 182 2184 410 2242; x_wconf 76' lang='lat' dir='ltr'><strong>reddum</strong></span> <span class='ocrx_word' id='word_1_207' title='bbox 435 2186 864 2241; x_wconf 79' lang='lat' dir='ltr'><strong>vicissitudinem</strong></span> <span class='ocrx_word' id='word_1_208' title='bbox 888 2185 1040 2241; x_wconf 80' lang='lat' dir='ltr'><strong>vobis</strong></span> <span class='ocrx_word' id='word_1_209' title='bbox 1067 2199 1230 2255; x_wconf 80' lang='lat' dir='ltr'><strong>super</strong></span> <span class='ocrx_word' id='word_1_210' title='bbox 1256 2190 1420 2253; x_wconf 81' lang='lat' dir='ltr'><strong>caput</strong></span> <span class='ocrx_word' id='word_1_211' title='bbox 1445 2188 1702 2239; x_wconf 77' lang='lat' dir='ltr'><strong>vestrum.</strong></span> <span class='ocrx_word' id='word_1_212' title='bbox 1733 2186 1943 2243; x_wconf 78' lang='lat' dir='ltr'><strong>Statim</strong></span> <span class='ocrx_word' id='word_1_213' title='bbox 1973 2186 2156 2260; x_wconf 86' lang='lat' dir='ltr'><strong>igitur</strong></span> <span class='ocrx_word' id='word_1_214' title='bbox 2174 2196 2311 2259; x_wconf 83' lang='lat' dir='ltr'><strong>post</strong></span> <span class='ocrx_word' id='word_1_215' title='bbox 2338 2194 2610 2258; x_wconf 80' lang='lat' dir='ltr'><strong>mortem,</strong></span> 
     </span>
     <span class='ocr_line' id='line_1_24' title="bbox 185 2254 1740 2327; baseline -0.002 -12"><span class='ocrx_word' id='word_1_216' title='bbox 185 2257 397 2315; x_wconf 82' lang='lat' dir='ltr'><strong>animae</strong></span> <span class='ocrx_word' id='word_1_217' title='bbox 425 2257 517 2313; x_wconf 77' lang='lat' dir='ltr'><strong>vel</strong></span> <span class='ocrx_word' id='word_1_218' title='bbox 546 2255 853 2326; x_wconf 88' lang='lat' dir='ltr'><strong>praemium</strong></span> <span class='ocrx_word' id='word_1_219' title='bbox 877 2260 1329 2327; x_wconf 89' lang='lat' dir='ltr'><strong>consequuntur</strong></span> <span class='ocrx_word' id='word_1_220' title='bbox 1353 2254 1440 2311; x_wconf 87' lang='lat' dir='ltr'><strong>vel</strong></span> <span class='ocrx_word' id='word_1_221' title='bbox 1481 2267 1740 2325; x_wconf 88' lang='lat' dir='ltr'><strong>poenam.</strong></span> 
     </span>
    </p>

    <p class='ocr_par' dir='ltr' id='par_1_8' title="bbox 184 2324 2631 2953">
     <span class='ocr_line' id='line_1_25' title="bbox 253 2324 2614 2397; baseline 0.002 -15"><span class='ocrx_word' id='word_1_222' title='bbox 253 2328 531 2397; x_wconf 79' lang='lat' dir='ltr'><strong>Amplius.</strong></span> <span class='ocrx_word' id='word_1_223' title='bbox 563 2326 891 2382; x_wconf 86' lang='lat' dir='ltr'><strong>secundum</strong></span> <span class='ocrx_word' id='word_1_224' title='bbox 924 2326 1191 2382; x_wconf 85' lang='lat' dir='ltr'><strong>ordinem</strong></span> <span class='ocrx_word' id='word_1_225' title='bbox 1224 2326 1413 2394; x_wconf 82' lang='lat' dir='ltr'><strong>culpae</strong></span> <span class='ocrx_word' id='word_1_226' title='bbox 1444 2327 1501 2380; x_wconf 88' lang='lat' dir='ltr'><strong>ct</strong></span> <span class='ocrx_word' id='word_1_227' title='bbox 1530 2324 1720 2380; x_wconf 85' lang='lat' dir='ltr'><strong>meriti</strong></span> <span class='ocrx_word' id='word_1_228' title='bbox 1751 2328 2176 2383; x_wconf 88' lang='lat' dir='ltr'><strong>convenienter</strong></span> <span class='ocrx_word' id='word_1_229' title='bbox 2218 2335 2311 2385; x_wconf 90' lang='lat' dir='ltr'><strong>est</strong></span> <span class='ocrx_word' id='word_1_230' title='bbox 2360 2331 2508 2386; x_wconf 84' lang='lat' dir='ltr'><strong>ordo</strong></span> <span class='ocrx_word' id='word_1_231' title='bbox 2549 2330 2614 2387; x_wconf 87' lang='lat' dir='ltr'><strong>in</strong></span> 
     </span>
     <span class='ocr_line' id='line_1_26' title="bbox 185 2395 2615 2474; baseline 0 -17"><span class='ocrx_word' id='word_1_232' title='bbox 185 2411 362 2471; x_wconf 86' lang='lat' dir='ltr'><strong>poena</strong></span> <span class='ocrx_word' id='word_1_233' title='bbox 389 2400 447 2453; x_wconf 85' lang='lat' dir='ltr'><strong>et</strong></span> <span class='ocrx_word' id='word_1_234' title='bbox 475 2397 739 2469; x_wconf 84' lang='lat' dir='ltr'><strong>praemio.</strong></span> <span class='ocrx_word' id='word_1_235' title='bbox 771 2395 1038 2451; x_wconf 81' lang='lat' dir='ltr'><strong>Meritum</strong></span> <span class='ocrx_word' id='word_1_236' title='bbox 1081 2402 1277 2474; x_wconf 78' lang='lat' dir='ltr'><strong>autem</strong></span> <span class='ocrx_word' id='word_1_237' title='bbox 1322 2400 1380 2448; x_wconf 88' lang='lat' dir='ltr'><strong>et</strong></span> <span class='ocrx_word' id='word_1_238' title='bbox 1424 2396 1604 2473; x_wconf 72' lang='lat' dir='ltr'><strong>culpa</strong></span> <span class='ocrx_word' id='word_1_239' title='bbox 1630 2407 1752 2450; x_wconf 92' lang='lat' dir='ltr'><strong>non</strong></span> <span class='ocrx_word' id='word_1_240' title='bbox 1782 2396 2065 2465; x_wconf 85' lang='lat' dir='ltr'><strong>competit</strong></span> <span class='ocrx_word' id='word_1_241' title='bbox 2097 2398 2332 2467; x_wconf 87' lang='lat' dir='ltr'><strong>corpori</strong></span> <span class='ocrx_word' id='word_1_242' title='bbox 2362 2399 2476 2455; x_wconf 91' lang='lat' dir='ltr'><strong>nisi</strong></span> <span class='ocrx_word' id='word_1_243' title='bbox 2512 2413 2615 2470; x_wconf 88' lang='lat' dir='ltr'><strong>per</strong></span> 
     </span>
     <span class='ocr_line' id='line_1_27' title="bbox 189 2463 2613 2540; baseline -0 -12"><span class='ocrx_word' id='word_1_244' title='bbox 189 2470 445 2529; x_wconf 90' lang='lat' dir='ltr'><strong>animam</strong></span> <span class='ocrx_word' id='word_1_245' title='bbox 479 2483 492 2522; x_wconf 90' lang='lat'>:</span> <span class='ocrx_word' id='word_1_246' title='bbox 527 2467 672 2524; x_wconf 84' lang='lat' dir='ltr'><strong>nibil</strong></span> <span class='ocrx_word' id='word_1_247' title='bbox 703 2465 862 2523; x_wconf 88' lang='lat' dir='ltr'><strong>enim</strong></span> <span class='ocrx_word' id='word_1_248' title='bbox 891 2465 1068 2523; x_wconf 87' lang='lat' dir='ltr'><strong>babet</strong></span> <span class='ocrx_word' id='word_1_249' title='bbox 1095 2468 1381 2524; x_wconf 85' lang='lat' dir='ltr'><strong>rationem</strong></span> <span class='ocrx_word' id='word_1_250' title='bbox 1416 2471 1606 2520; x_wconf 76' lang='lat' dir='ltr'><strong>met-iti</strong></span> <span class='ocrx_word' id='word_1_251' title='bbox 1636 2463 1726 2520; x_wconf 86' lang='lat' dir='ltr'><strong>vel</strong></span> <span class='ocrx_word' id='word_1_252' title='bbox 1756 2463 2047 2534; x_wconf 88' lang='lat' dir='ltr'><strong>demeriti,</strong></span> <span class='ocrx_word' id='word_1_253' title='bbox 2095 2467 2209 2524; x_wconf 87' lang='lat' dir='ltr'><strong>nisi</strong></span> <span class='ocrx_word' id='word_1_254' title='bbox 2260 2469 2613 2540; x_wconf 87' lang='lat' dir='ltr'><strong>inquantum</strong></span> 
     </span>
     <span class='ocr_line' id='line_1_28' title="bbox 188 2535 2616 2614; baseline -0 -14"><span class='ocrx_word' id='word_1_255' title='bbox 188 2544 278 2600; x_wconf 86' lang='lat' dir='ltr'><strong>est</strong></span> <span class='ocrx_word' id='word_1_256' title='bbox 303 2538 727 2597; x_wconf 82' lang='lat' dir='ltr'><strong>voluntat-ium.</strong></span> <span class='ocrx_word' id='word_1_257' title='bbox 759 2537 944 2609; x_wconf 84' lang='lat' dir='ltr'><strong>Igitur</strong></span> <span class='ocrx_word' id='word_1_258' title='bbox 969 2542 1085 2591; x_wconf 85' lang='lat' dir='ltr'><strong>tam</strong></span> <span class='ocrx_word' id='word_1_259' title='bbox 1116 2535 1419 2614; x_wconf 83' lang='lat' dir='ltr'><strong>praemium</strong></span> <span class='ocrx_word' id='word_1_260' title='bbox 1452 2547 1630 2605; x_wconf 86' lang='lat' dir='ltr'><strong>quam</strong></span> <span class='ocrx_word' id='word_1_261' title='bbox 1663 2548 1843 2604; x_wconf 86' lang='lat' dir='ltr'><strong>poena</strong></span> <span class='ocrx_word' id='word_1_262' title='bbox 1870 2538 2296 2594; x_wconf 84' lang='lat' dir='ltr'><strong>convenienter</strong></span> <span class='ocrx_word' id='word_1_263' title='bbox 2317 2540 2391 2596; x_wconf 90' lang='lat' dir='ltr'><strong>ab</strong></span> <span class='ocrx_word' id='word_1_264' title='bbox 2414 2542 2616 2598; x_wconf 88' lang='lat' dir='ltr'><strong>anima</strong></span> 
     </span>
     <span class='ocr_line' id='line_1_29' title="bbox 187 2606 2617 2679; baseline -0.001 -8"><span class='ocrx_word' id='word_1_265' title='bbox 187 2611 487 2671; x_wconf 88' lang='lat' dir='ltr'><strong>derivatur</strong></span> <span class='ocrx_word' id='word_1_266' title='bbox 515 2608 585 2665; x_wconf 90' lang='lat' dir='ltr'><strong>ad</strong></span> <span class='ocrx_word' id='word_1_267' title='bbox 618 2620 857 2678; x_wconf 77' lang='lat' dir='ltr'><strong>corpus,</strong></span> <span class='ocrx_word' id='word_1_268' title='bbox 885 2608 1015 2663; x_wconf 86' lang='lat' dir='ltr'><strong>Non</strong></span> <span class='ocrx_word' id='word_1_269' title='bbox 1045 2611 1242 2662; x_wconf 89' lang='lat' dir='ltr'><strong>autem</strong></span> <span class='ocrx_word' id='word_1_270' title='bbox 1289 2618 1504 2662; x_wconf 82' lang='lat' dir='ltr'><strong>animae</strong></span> <span class='ocrx_word' id='word_1_271' title='bbox 1548 2606 1827 2662; x_wconf 85' lang='lat' dir='ltr'><strong>convenit</strong></span> <span class='ocrx_word' id='word_1_272' title='bbox 1864 2613 2104 2677; x_wconf 85' lang='lat' dir='ltr'><strong>propter</strong></span> <span class='ocrx_word' id='word_1_273' title='bbox 2153 2622 2391 2679; x_wconf 88' lang='lat' dir='ltr'><strong>corpus.</strong></span> <span class='ocrx_word' id='word_1_274' title='bbox 2440 2611 2617 2670; x_wconf 86' lang='lat' dir='ltr'><strong>Nulla</strong></span> 
     </span>
     <span class='ocr_line' id='line_1_30' title="bbox 184 2675 2631 2756; baseline -0 -16"><span class='ocrx_word' id='word_1_275' title='bbox 184 2682 368 2756; x_wconf 82' lang='lat' dir='ltr'><strong>igitur</strong></span> <span class='ocrx_word' id='word_1_276' title='bbox 397 2679 548 2737; x_wconf 87' lang='lat' dir='ltr'><strong>ratio</strong></span> <span class='ocrx_word' id='word_1_277' title='bbox 576 2681 669 2736; x_wconf 90' lang='lat' dir='ltr'><strong>est</strong></span> <span class='ocrx_word' id='word_1_278' title='bbox 694 2691 876 2748; x_wconf 89' lang='lat' dir='ltr'><strong>quare</strong></span> <span class='ocrx_word' id='word_1_279' title='bbox 903 2676 963 2733; x_wconf 93' lang='lat' dir='ltr'><strong>in</strong></span> <span class='ocrx_word' id='word_1_280' title='bbox 996 2675 1428 2756; x_wconf 78' lang='lat' dir='ltr'><strong>punitione‚vel</strong></span> <span class='ocrx_word' id='word_1_281' title='bbox 1452 2675 1855 2756; x_wconf 74' lang='lat' dir='ltr'><strong>praemiatione</strong></span> <span class='ocrx_word' id='word_1_282' title='bbox 1882 2677 2211 2736; x_wconf 87' lang='lat' dir='ltr'><strong>animarum</strong></span> <span class='ocrx_word' id='word_1_283' title='bbox 2243 2686 2631 2751; x_wconf 75' lang='lat' dir='ltr'><strong>exspectetur</strong></span> 
     </span>
     <span class='ocr_line' id='line_1_31' title="bbox 187 2748 2617 2827; baseline 0 -16"><span class='ocrx_word' id='word_1_284' title='bbox 187 2751 517 2822; x_wconf 81' lang='lat' dir='ltr'><strong>resumptio</strong></span> <span class='ocrx_word' id='word_1_285' title='bbox 572 2761 888 2827; x_wconf 82' lang='lat' dir='ltr'><strong>corporum</strong></span> <span class='ocrx_word' id='word_1_286' title='bbox 927 2765 942 2816; x_wconf 87' lang='grc'><strong>;</strong></span> <span class='ocrx_word' id='word_1_287' title='bbox 991 2760 1138 2818; x_wconf 84' lang='lat' dir='ltr'><strong>quin</strong></span> <span class='ocrx_word' id='word_1_288' title='bbox 1201 2760 1399 2826; x_wconf 37' lang='lat' dir='ltr'><strong>magis·</strong></span> <span class='ocrx_word' id='word_1_289' title='bbox 1456 2760 1821 2827; x_wconf 80' lang='lat' dir='ltr'><strong>conveniens</strong></span> <span class='ocrx_word' id='word_1_290' title='bbox 1874 2748 2108 2806; x_wconf 88' lang='lat' dir='ltr'><strong>videtur</strong></span> <span class='ocrx_word' id='word_1_291' title='bbox 2162 2755 2226 2806; x_wconf 91' lang='lat' dir='ltr'><strong>ut</strong></span> <span class='ocrx_word' id='word_1_292' title='bbox 2285 2753 2500 2809; x_wconf 81' lang='lat' dir='ltr'><strong>animae</strong></span> <span class='ocrx_word' id='word_1_293' title='bbox 2550 2752 2617 2811; x_wconf 89' lang='lat' dir='ltr'><strong>in</strong></span> 
     </span>
     <span class='ocr_line' id='line_1_32' title="bbox 187 2817 2617 2896; baseline 0 -16"><span class='ocrx_word' id='word_1_294' title='bbox 187 2823 409 2896; x_wconf 89' lang='lat' dir='ltr'><strong>quibus</strong></span> <span class='ocrx_word' id='word_1_295' title='bbox 451 2834 556 2892; x_wconf 86' lang='lat' dir='ltr'><strong>per</strong></span> <span class='ocrx_word' id='word_1_296' title='bbox 591 2820 756 2890; x_wconf 86' lang='lat' dir='ltr'><strong>prius</strong></span> <span class='ocrx_word' id='word_1_297' title='bbox 797 2818 908 2874; x_wconf 80' lang='lat' dir='ltr'><strong>fuit</strong></span> <span class='ocrx_word' id='word_1_298' title='bbox 945 2817 1223 2887; x_wconf 86' lang='lat' dir='ltr'><strong>culpa,et</strong></span> <span class='ocrx_word' id='word_1_299' title='bbox 1257 2823 1556 2885; x_wconf 80' lang='lat' dir='ltr'><strong>meritum,</strong></span> <span class='ocrx_word' id='word_1_300' title='bbox 1584 2830 1748 2887; x_wconf 78' lang='lat' dir='ltr'><strong>Prius</strong></span> <span class='ocrx_word' id='word_1_301' title='bbox 1779 2818 1956 2875; x_wconf 87' lang='lat' dir='ltr'><strong>etiam</strong></span> <span class='ocrx_word' id='word_1_302' title='bbox 1994 2819 2335 2891; x_wconf 85' lang='lat' dir='ltr'><strong>puniantur,</strong></span> <span class='ocrx_word' id='word_1_303' title='bbox 2363 2821 2455 2878; x_wconf 87' lang='lat' dir='ltr'><strong>vel</strong></span> <span class='ocrx_word' id='word_1_304' title='bbox 2475 2836 2617 2893; x_wconf 76' lang='lat' dir='ltr'><strong>prae-</strong></span> 
     </span>
     <span class='ocr_line' id='line_1_33' title="bbox 185 2894 468 2953; baseline -0.021 0"><span class='ocrx_word' id='word_1_305' title='bbox 185 2894 468 2953; x_wconf 86' lang='lat' dir='ltr'><strong>mientur.</strong></span> 
     </span>
    </p>

    <p class='ocr_par' dir='ltr' id='par_1_9' title="bbox 184 2958 2619 3528">
     <span class='ocr_line' id='line_1_34' title="bbox 256 2958 2617 3032; baseline 0.001 -13"><span class='ocrx_word' id='word_1_306' title='bbox 256 2965 409 3025; x_wconf 85' lang='lat' dir='ltr'><strong>Item,</strong></span> <span class='ocrx_word' id='word_1_307' title='bbox 441 2961 647 3019; x_wconf 87' lang='lat' dir='ltr'><strong>eadem</strong></span> <span class='ocrx_word' id='word_1_308' title='bbox 679 2960 778 3017; x_wconf 88' lang='lat' dir='ltr'><strong>Dei</strong></span> <span class='ocrx_word' id='word_1_309' title='bbox 807 2958 1173 3030; x_wconf 87' lang='lat' dir='ltr'><strong>providentia</strong></span> <span class='ocrx_word' id='word_1_310' title='bbox 1211 2958 1502 3016; x_wconf 87' lang='lat' dir='ltr'><strong>creaturis</strong></span> <span class='ocrx_word' id='word_1_311' title='bbox 1530 2958 1923 3018; x_wconf 84' lang='lat' dir='ltr'><strong>rationalibus</strong></span> <span class='ocrx_word' id='word_1_312' title='bbox 1953 2962 2194 3032; x_wconf 82' lang='lat' dir='ltr'><strong>praemia</strong></span> <span class='ocrx_word' id='word_1_313' title='bbox 2229 2962 2518 3022; x_wconf 87' lang='lat' dir='ltr'><strong>debentur</strong></span> <span class='ocrx_word' id='word_1_314' title='bbox 2557 2969 2617 3022; x_wconf 84' lang='lat' dir='ltr'><strong>et</strong></span> 
     </span>
     <span class='ocr_line' id='line_1_35' title="bbox 184 3028 2619 3107; baseline 0.001 -15"><span class='ocrx_word' id='word_1_315' title='bbox 184 3047 403 3107; x_wconf 83' lang='lat' dir='ltr'><strong>poenae,</strong></span> <span class='ocrx_word' id='word_1_316' title='bbox 435 3046 554 3104; x_wconf 89' lang='lat' dir='ltr'><strong>qua</strong></span> <span class='ocrx_word' id='word_1_317' title='bbox 580 3031 759 3088; x_wconf 89' lang='lat' dir='ltr'><strong>rebus</strong></span> <span class='ocrx_word' id='word_1_318' title='bbox 790 3028 1158 3086; x_wconf 84' lang='lat' dir='ltr'><strong>naturalibus</strong></span> <span class='ocrx_word' id='word_1_319' title='bbox 1187 3030 1586 3100; x_wconf 82' lang='lat' dir='ltr'><strong>perfectiones</strong></span> <span class='ocrx_word' id='word_1_320' title='bbox 1622 3029 1710 3087; x_wconf 89' lang='lat' dir='ltr'><strong>eis</strong></span> <span class='ocrx_word' id='word_1_321' title='bbox 1756 3029 1965 3089; x_wconf 82' lang='lat' dir='ltr'><strong>debitae</strong></span> <span class='ocrx_word' id='word_1_322' title='bbox 2000 3032 2375 3090; x_wconf 85' lang='lat' dir='ltr'><strong>adhibentur.</strong></span> <span class='ocrx_word' id='word_1_323' title='bbox 2401 3036 2494 3092; x_wconf 88' lang='lat' dir='ltr'><strong>Sic</strong></span> <span class='ocrx_word' id='word_1_324' title='bbox 2525 3039 2619 3094; x_wconf 78' lang='lat' dir='ltr'><strong>est</strong></span> 
     </span>
     <span class='ocr_line' id='line_1_36' title="bbox 186 3099 2616 3180; baseline -0.001 -16"><span class='ocrx_word' id='word_1_325' title='bbox 186 3111 387 3164; x_wconf 85' lang='lat' dir='ltr'><strong>autem</strong></span> <span class='ocrx_word' id='word_1_326' title='bbox 432 3102 492 3159; x_wconf 91' lang='lat' dir='ltr'><strong>in</strong></span> <span class='ocrx_word' id='word_1_327' title='bbox 552 3102 730 3159; x_wconf 87' lang='lat' dir='ltr'><strong>rebus</strong></span> <span class='ocrx_word' id='word_1_328' title='bbox 781 3099 1150 3180; x_wconf 76' lang='lat' dir='ltr'><strong>naturalibus</strong></span> <span class='ocrx_word' id='word_1_329' title='bbox 1199 3099 1358 3180; x_wconf 79' lang='lat' dir='ltr'><strong>quod</strong></span> <span class='ocrx_word' id='word_1_330' title='bbox 1417 3099 1885 3171; x_wconf 88' lang='lat' dir='ltr'><strong>unumquodque</strong></span> <span class='ocrx_word' id='word_1_331' title='bbox 1931 3101 2129 3160; x_wconf 89' lang='lat' dir='ltr'><strong>statim</strong></span> <span class='ocrx_word' id='word_1_332' title='bbox 2172 3103 2377 3175; x_wconf 86' lang='lat' dir='ltr'><strong>recipit</strong></span> <span class='ocrx_word' id='word_1_333' title='bbox 2425 3105 2616 3176; x_wconf 80' lang='lat' dir='ltr'><strong>pet-fe-</strong></span> 
     </span>
     <span class='ocr_line' id='line_1_37' title="bbox 186 3170 2618 3251; baseline 0 -18"><span class='ocrx_word' id='word_1_334' title='bbox 186 3175 445 3233; x_wconf 85' lang='lat' dir='ltr'><strong>ctionem</strong></span> <span class='ocrx_word' id='word_1_335' title='bbox 477 3172 649 3241; x_wconf 91' lang='lat' dir='ltr'><strong>cujus</strong></span> <span class='ocrx_word' id='word_1_336' title='bbox 678 3176 771 3229; x_wconf 87' lang='lat' dir='ltr'><strong>est</strong></span> <span class='ocrx_word' id='word_1_337' title='bbox 795 3184 1003 3241; x_wconf 81' lang='lat' dir='ltr'><strong>capax,</strong></span> <span class='ocrx_word' id='word_1_338' title='bbox 1025 3183 1142 3228; x_wconf 86' lang='lat' dir='ltr'><strong>nisi</strong></span> <span class='ocrx_word' id='word_1_339' title='bbox 1164 3170 1743 3251; x_wconf 81' lang='lat' dir='ltr'><strong>sittmpedimentum</strong></span> <span class='ocrx_word' id='word_1_340' title='bbox 1765 3171 1857 3228; x_wconf 89' lang='lat' dir='ltr'><strong>vel</strong></span> <span class='ocrx_word' id='word_1_341' title='bbox 1881 3186 1951 3229; x_wconf 88' lang='lat' dir='ltr'><strong>ex</strong></span> <span class='ocrx_word' id='word_1_342' title='bbox 1973 3179 2137 3244; x_wconf 88' lang='lat' dir='ltr'><strong>parte</strong></span> <span class='ocrx_word' id='word_1_343' title='bbox 2162 3174 2499 3246; x_wconf 86' lang='lat' dir='ltr'><strong>recipientis</strong></span> <span class='ocrx_word' id='word_1_344' title='bbox 2524 3176 2618 3234; x_wconf 84' lang='lat' dir='ltr'><strong>vel</strong></span> 
     </span>
     <span class='ocr_line' id='line_1_38' title="bbox 187 3241 2619 3317; baseline 0 -13"><span class='ocrx_word' id='word_1_345' title='bbox 187 3246 454 3316; x_wconf 83' lang='lat' dir='ltr'><strong>exparte</strong></span> <span class='ocrx_word' id='word_1_346' title='bbox 505 3242 756 3315; x_wconf 80' lang='lat' dir='ltr'><strong>agentis.</strong></span> <span class='ocrx_word' id='word_1_347' title='bbox 791 3243 983 3310; x_wconf 83' lang='lat' dir='ltr'><strong>Quum</strong></span> <span class='ocrx_word' id='word_1_348' title='bbox 1028 3241 1211 3313; x_wconf 85' lang='lat' dir='ltr'><strong>igitur</strong></span> <span class='ocrx_word' id='word_1_349' title='bbox 1259 3254 1496 3305; x_wconf 81' lang='lat' dir='ltr'><strong>antmae,</strong></span> <span class='ocrx_word' id='word_1_350' title='bbox 1524 3247 1720 3298; x_wconf 80' lang='lat' dir='ltr'><strong>statim</strong></span> <span class='ocrx_word' id='word_1_351' title='bbox 1774 3256 1957 3314; x_wconf 89' lang='lat' dir='ltr'><strong>quum</strong></span> <span class='ocrx_word' id='word_1_352' title='bbox 1997 3244 2218 3301; x_wconf 83' lang='lat' dir='ltr'><strong>suerint</strong></span> <span class='ocrx_word' id='word_1_353' title='bbox 2264 3253 2550 3317; x_wconf 62' lang='lat' dir='ltr'><strong>separatae</strong></span> <span class='ocrx_word' id='word_1_354' title='bbox 2583 3260 2619 3305; x_wconf 91' lang='lat' dir='ltr'><strong>a</strong></span> 
     </span>
     <span class='ocr_line' id='line_1_39' title="bbox 186 3310 2619 3387; baseline 0 -13"><span class='ocrx_word' id='word_1_355' title='bbox 186 3329 461 3387; x_wconf 84' lang='lat' dir='ltr'><strong>corpore,</strong></span> <span class='ocrx_word' id='word_1_356' title='bbox 488 3314 604 3372; x_wconf 90' lang='lat' dir='ltr'><strong>sint</strong></span> <span class='ocrx_word' id='word_1_357' title='bbox 632 3326 881 3383; x_wconf 85' lang='lat' dir='ltr'><strong>capaces</strong></span> <span class='ocrx_word' id='word_1_358' title='bbox 909 3317 969 3369; x_wconf 90' lang='lat' dir='ltr'><strong>et</strong></span> <span class='ocrx_word' id='word_1_359' title='bbox 995 3310 1220 3384; x_wconf 79' lang='lat' dir='ltr'><strong>gloriae.</strong></span> <span class='ocrx_word' id='word_1_360' title='bbox 1251 3316 1310 3369; x_wconf 88' lang='lat' dir='ltr'><strong>et</strong></span> <span class='ocrx_word' id='word_1_361' title='bbox 1336 3326 1548 3382; x_wconf 84' lang='lat' dir='ltr'><strong>poenae,</strong></span> <span class='ocrx_word' id='word_1_362' title='bbox 1578 3311 1777 3369; x_wconf 86' lang='lat' dir='ltr'><strong>statim</strong></span> <span class='ocrx_word' id='word_1_363' title='bbox 1811 3318 2130 3387; x_wconf 87' lang='lat' dir='ltr'><strong>utrumque</strong></span> <span class='ocrx_word' id='word_1_364' title='bbox 2160 3316 2480 3386; x_wconf 85' lang='lat' dir='ltr'><strong>recipient:</strong></span> <span class='ocrx_word' id='word_1_365' title='bbox 2508 3331 2619 3375; x_wconf 88' lang='lat' dir='ltr'><strong>nec</strong></span> 
     </span>
     <span class='ocr_line' id='line_1_40' title="bbox 186 3382 2617 3458; baseline -0 -12"><span class='ocrx_word' id='word_1_366' title='bbox 186 3386 467 3447; x_wconf 81' lang='lat' dir='ltr'><strong>differtur</strong></span> <span class='ocrx_word' id='word_1_367' title='bbox 511 3385 602 3441; x_wconf 87' lang='lat' dir='ltr'><strong>vel</strong></span> <span class='ocrx_word' id='word_1_368' title='bbox 649 3384 945 3441; x_wconf 88' lang='lat' dir='ltr'><strong>bonorum</strong></span> <span class='ocrx_word' id='word_1_369' title='bbox 987 3382 1296 3454; x_wconf 84' lang='lat' dir='ltr'><strong>praemium</strong></span> <span class='ocrx_word' id='word_1_370' title='bbox 1338 3386 1428 3439; x_wconf 85' lang='lat' dir='ltr'><strong>vet</strong></span> <span class='ocrx_word' id='word_1_371' title='bbox 1473 3384 1765 3439; x_wconf 87' lang='lat' dir='ltr'><strong>malorum</strong></span> <span class='ocrx_word' id='word_1_372' title='bbox 1813 3397 1994 3454; x_wconf 86' lang='lat' dir='ltr'><strong>poena</strong></span> <span class='ocrx_word' id='word_1_373' title='bbox 2038 3398 2355 3458; x_wconf 82' lang='lat' dir='ltr'><strong>quousque</strong></span> <span class='ocrx_word' id='word_1_374' title='bbox 2401 3389 2617 3446; x_wconf 78' lang='lat' dir='ltr'><strong>animae</strong></span> 
     </span>
     <span class='ocr_line' id='line_1_41' title="bbox 184 3459 1032 3528; baseline -0.006 -13"><span class='ocrx_word' id='word_1_375' title='bbox 184 3470 445 3528; x_wconf 88' lang='lat' dir='ltr'><strong>corpora</strong></span> <span class='ocrx_word' id='word_1_376' title='bbox 470 3468 674 3512; x_wconf 89' lang='lat' dir='ltr'><strong>reassu</strong></span> <span class='ocrx_word' id='word_1_377' title='bbox 686 3459 867 3511; x_wconf 88' lang='lat' dir='ltr'><strong>mant.</strong></span> <span class='ocrx_word' id='word_1_378' title='bbox 1019 3493 1032 3510; x_wconf 91' lang='lat'><strong>.</strong></span> 
     </span>
    </p>

    <p class='ocr_par' dir='ltr' id='par_1_10' title="bbox 182 3524 2622 4446">
     <span class='ocr_line' id='line_1_42' title="bbox 262 3524 2622 3598; baseline 0.001 -14"><span class='ocrx_word' id='word_1_379' title='bbox 262 3524 771 3584; x_wconf 88' lang='lat' dir='ltr'><strong>Considerandum</strong></span> <span class='ocrx_word' id='word_1_380' title='bbox 797 3530 998 3582; x_wconf 84' lang='lat' dir='ltr'><strong>tamen</strong></span> <span class='ocrx_word' id='word_1_381' title='bbox 1026 3524 1304 3596; x_wconf 87' lang='lat' dir='ltr'><strong>estquod</strong></span> <span class='ocrx_word' id='word_1_382' title='bbox 1338 3538 1412 3582; x_wconf 83' lang='lat' dir='ltr'><strong>ex</strong></span> <span class='ocrx_word' id='word_1_383' title='bbox 1448 3530 1614 3595; x_wconf 89' lang='lat' dir='ltr'><strong>parte</strong></span> <span class='ocrx_word' id='word_1_384' title='bbox 1640 3524 1933 3583; x_wconf 88' lang='lat' dir='ltr'><strong>bonorum</strong></span> <span class='ocrx_word' id='word_1_385' title='bbox 1962 3524 2203 3598; x_wconf 88' lang='lat' dir='ltr'><strong>aliquod</strong></span> <span class='ocrx_word' id='word_1_386' title='bbox 2236 3527 2622 3598; x_wconf 88' lang='lat' dir='ltr'><strong>impedimen·</strong></span> 
     </span>
     <span class='ocr_line' id='line_1_43' title="bbox 182 3594 2619 3674; baseline 0.003 -20"><span class='ocrx_word' id='word_1_387' title='bbox 182 3602 313 3656; x_wconf 87' lang='lat' dir='ltr'><strong>tum</strong></span> <span class='ocrx_word' id='word_1_388' title='bbox 346 3610 482 3655; x_wconf 84' lang='lat' dir='ltr'><strong>esse</strong></span> <span class='ocrx_word' id='word_1_389' title='bbox 513 3599 729 3667; x_wconf 86' lang='lat' dir='ltr'><strong>potest,</strong></span> <span class='ocrx_word' id='word_1_390' title='bbox 760 3608 835 3651; x_wconf 87' lang='lat' dir='ltr'><strong>ne</strong></span> <span class='ocrx_word' id='word_1_391' title='bbox 864 3596 1079 3653; x_wconf 82' lang='lat' dir='ltr'><strong>animae</strong></span> <span class='ocrx_word' id='word_1_392' title='bbox 1107 3597 1305 3653; x_wconf 83' lang='lat' dir='ltr'><strong>statim</strong></span> <span class='ocrx_word' id='word_1_393' title='bbox 1335 3609 1371 3652; x_wconf 89' lang='lat' dir='ltr'><strong>a</strong></span> <span class='ocrx_word' id='word_1_394' title='bbox 1398 3608 1648 3674; x_wconf 79' lang='lat' dir='ltr'><strong>corpore</strong></span> <span class='ocrx_word' id='word_1_395' title='bbox 1677 3594 1969 3653; x_wconf 61' lang='lat' dir='ltr'><strong>absolutae</strong></span> <span class='ocrx_word' id='word_1_396' title='bbox 1992 3596 2255 3654; x_wconf 85' lang='lat' dir='ltr'><strong>ultimam</strong></span> <span class='ocrx_word' id='word_1_397' title='bbox 2288 3601 2619 3661; x_wconf 87' lang='lat' dir='ltr'><strong>mercedem</strong></span> 
     </span>
     <span class='ocr_line' id='line_1_44' title="bbox 183 3664 2621 3738; baseline 0 -11"><span class='ocrx_word' id='word_1_398' title='bbox 183 3668 495 3738; x_wconf 81' lang='lat' dir='ltr'><strong>recipiant,</strong></span> <span class='ocrx_word' id='word_1_399' title='bbox 524 3680 656 3737; x_wconf 84' lang='lat' dir='ltr'><strong>quae</strong></span> <span class='ocrx_word' id='word_1_400' title='bbox 686 3666 747 3722; x_wconf 92' lang='lat' dir='ltr'><strong>in</strong></span> <span class='ocrx_word' id='word_1_401' title='bbox 781 3665 879 3722; x_wconf 91' lang='lat' dir='ltr'><strong>Dei</strong></span> <span class='ocrx_word' id='word_1_402' title='bbox 914 3666 1138 3723; x_wconf 88' lang='lat' dir='ltr'><strong>visione</strong></span> <span class='ocrx_word' id='word_1_403' title='bbox 1160 3667 1458 3723; x_wconf 84' lang='lat' dir='ltr'><strong>consistit.</strong></span> <span class='ocrx_word' id='word_1_404' title='bbox 1487 3665 1572 3723; x_wconf 80' lang='lat' dir='ltr'><strong>Ad</strong></span> <span class='ocrx_word' id='word_1_405' title='bbox 1617 3664 1781 3722; x_wconf 87' lang='lat' dir='ltr'><strong>illam</strong></span> <span class='ocrx_word' id='word_1_406' title='bbox 1824 3666 1985 3724; x_wconf 89' lang='lat' dir='ltr'><strong>enim</strong></span> <span class='ocrx_word' id='word_1_407' title='bbox 2011 3668 2309 3726; x_wconf 85' lang='lat' dir='ltr'><strong>visionem</strong></span> <span class='ocrx_word' id='word_1_408' title='bbox 2350 3674 2621 3728; x_wconf 87' lang='lat' dir='ltr'><strong>creatura</strong></span> 
     </span>
     <span class='ocr_line' id='line_1_45' title="bbox 183 3735 2618 3809; baseline -0.001 -11"><span class='ocrx_word' id='word_1_409' title='bbox 183 3738 501 3798; x_wconf 81' lang='lat' dir='ltr'><strong>rationalis</strong></span> <span class='ocrx_word' id='word_1_410' title='bbox 528 3736 744 3793; x_wconf 83' lang='lat' dir='ltr'><strong>elevat-i</strong></span> <span class='ocrx_word' id='word_1_411' title='bbox 778 3748 898 3793; x_wconf 90' lang='lat' dir='ltr'><strong>non</strong></span> <span class='ocrx_word' id='word_1_412' title='bbox 927 3739 1143 3807; x_wconf 85' lang='lat' dir='ltr'><strong>potest,</strong></span> <span class='ocrx_word' id='word_1_413' title='bbox 1175 3735 1290 3793; x_wconf 87' lang='lat' dir='ltr'><strong>nisi</strong></span> <span class='ocrx_word' id='word_1_414' title='bbox 1322 3736 1583 3793; x_wconf 81' lang='lat' dir='ltr'><strong>totaliter</strong></span> <span class='ocrx_word' id='word_1_415' title='bbox 1613 3735 1784 3793; x_wconf 81' lang='lat' dir='ltr'><strong>fuerit</strong></span> <span class='ocrx_word' id='word_1_416' title='bbox 1816 3736 2138 3809; x_wconf 70' lang='lat' dir='ltr'><strong>depurata:</strong></span> <span class='ocrx_word' id='word_1_417' title='bbox 2170 3752 2307 3797; x_wconf 91' lang='lat' dir='ltr'><strong>cum</strong></span> <span class='ocrx_word' id='word_1_418' title='bbox 2334 3739 2438 3796; x_wconf 86' lang='lat' dir='ltr'><strong>illa</strong></span> <span class='ocrx_word' id='word_1_419' title='bbox 2466 3739 2618 3797; x_wconf 89' lang='lat' dir='ltr'><strong>visio</strong></span> 
     </span>
     <span class='ocr_line' id='line_1_46' title="bbox 182 3806 2620 3879; baseline 0 -12"><span class='ocrx_word' id='word_1_420' title='bbox 182 3812 372 3867; x_wconf 77' lang='lat' dir='ltr'><strong>totam</strong></span> <span class='ocrx_word' id='word_1_421' title='bbox 409 3807 744 3864; x_wconf 84' lang='lat' dir='ltr'><strong>facultatem</strong></span> <span class='ocrx_word' id='word_1_422' title='bbox 768 3806 1094 3865; x_wconf 86' lang='lat' dir='ltr'><strong>naturalem</strong></span> <span class='ocrx_word' id='word_1_423' title='bbox 1117 3813 1403 3863; x_wconf 63' lang='lat' dir='ltr'><strong>creaturae</strong></span> <span class='ocrx_word' id='word_1_424' title='bbox 1422 3806 1700 3863; x_wconf 72' lang='lat' dir='ltr'><strong>excedat:</strong></span> <span class='ocrx_word' id='word_1_425' title='bbox 1728 3806 1906 3877; x_wconf 88' lang='lat' dir='ltr'><strong>unde,</strong></span> <span class='ocrx_word' id='word_1_426' title='bbox 1926 3808 2211 3879; x_wconf 89' lang='lat' dir='ltr'><strong>Sapient.,</strong></span> <span class='ocrx_word' id='word_1_427' title='bbox 2231 3821 2339 3877; x_wconf 85' lang='lat' dir='ltr'><strong>vn,</strong></span> <span class='ocrx_word' id='word_1_428' title='bbox 2360 3814 2451 3876; x_wconf 76' lang='lat'><strong>25,</strong></span> <span class='ocrx_word' id='word_1_429' title='bbox 2473 3808 2620 3867; x_wconf 87' lang='lat' dir='ltr'><strong>dici·</strong></span> 
     </span>
     <span class='ocr_line' id='line_1_47' title="bbox 184 3876 2616 3948; baseline 0.001 -11"><span class='ocrx_word' id='word_1_430' title='bbox 184 3885 288 3938; x_wconf 88' lang='lat' dir='ltr'><strong>tur</strong></span> <span class='ocrx_word' id='word_1_431' title='bbox 314 3879 388 3936; x_wconf 89' lang='lat' dir='ltr'><strong>de</strong></span> <span class='ocrx_word' id='word_1_432' title='bbox 415 3879 735 3948; x_wconf 87' lang='lat' dir='ltr'><strong>Sapientia,</strong></span> <span class='ocrx_word' id='word_1_433' title='bbox 764 3876 922 3948; x_wconf 90' lang='lat' dir='ltr'><strong>quod</strong></span> <span class='ocrx_word' id='word_1_434' title='bbox 951 3878 1093 3932; x_wconf 77' lang='lat' dir='ltr'><strong>nihil</strong></span> <span class='ocrx_word' id='word_1_435' title='bbox 1120 3879 1473 3946; x_wconf 79' lang='lat' dir='ltr'><strong>inquinatum</strong></span> <span class='ocrx_word' id='word_1_436' title='bbox 1498 3880 1562 3932; x_wconf 80' lang='lat' dir='ltr'><strong>in</strong></span> <span class='ocrx_word' id='word_1_437' title='bbox 1596 3879 1751 3932; x_wconf 82' lang='lat' dir='ltr'><strong>ittam</strong></span> <span class='ocrx_word' id='word_1_438' title='bbox 1776 3880 2015 3934; x_wconf 72' lang='lat' dir='ltr'><strong>iacun-it</strong></span> <span class='ocrx_word' id='word_1_439' title='bbox 2041 3896 2062 3946; x_wconf 71' lang='grc' dir='ltr'><strong><em>ς</em></strong></span> <span class='ocrx_word' id='word_1_440' title='bbox 2089 3885 2149 3937; x_wconf 90' lang='lat' dir='ltr'><strong>et</strong></span> <span class='ocrx_word' id='word_1_441' title='bbox 2171 3882 2312 3947; x_wconf 87' lang='lat' dir='ltr'><strong>Isa.,</strong></span> <span class='ocrx_word' id='word_1_442' title='bbox 2346 3891 2529 3947; x_wconf 84' lang='lat' dir='ltr'><strong>xxxv,</strong></span> <span class='ocrx_word' id='word_1_443' title='bbox 2562 3883 2616 3944; x_wconf 87' lang='lat'><strong>8,</strong></span> 
     </span>
     <span class='ocr_line' id='line_1_48' title="bbox 185 3948 2622 4028; baseline 0 -19"><span class='ocrx_word' id='word_1_444' title='bbox 185 3949 404 4009; x_wconf 84' lang='lat' dir='ltr'><strong>dicitur</strong></span> <span class='ocrx_word' id='word_1_445' title='bbox 433 3966 446 4005; x_wconf 92' lang='lat'><strong>:</strong></span> <span class='ocrx_word' id='word_1_446' title='bbox 479 3951 600 4007; x_wconf 79' lang='lat' dir='ltr'><strong>Non</strong></span> <span class='ocrx_word' id='word_1_447' title='bbox 618 3949 974 4018; x_wconf 79' lang='lat' dir='ltr'><strong>pertransibit</strong></span> <span class='ocrx_word' id='word_1_448' title='bbox 995 3963 1097 4028; x_wconf 71' lang='lat' dir='ltr'><strong>per</strong></span> <span class='ocrx_word' id='word_1_449' title='bbox 1131 3962 1251 4027; x_wconf 66' lang='lat' dir='ltr'><strong>eapn</strong></span> <span class='ocrx_word' id='word_1_450' title='bbox 1271 3949 1531 4027; x_wconf 74' lang='lat' dir='ltr'><strong>pollutus.</strong></span> <span class='ocrx_word' id='word_1_451' title='bbox 1563 3948 1853 4005; x_wconf 86' lang='lat' dir='ltr'><strong>Polluitur</strong></span> <span class='ocrx_word' id='word_1_452' title='bbox 1888 3952 2082 4007; x_wconf 88' lang='lat' dir='ltr'><strong>autem</strong></span> <span class='ocrx_word' id='word_1_453' title='bbox 2133 3951 2333 4006; x_wconf 89' lang='lat' dir='ltr'><strong>anima</strong></span> <span class='ocrx_word' id='word_1_454' title='bbox 2361 3964 2464 4020; x_wconf 90' lang='lat' dir='ltr'><strong>per</strong></span> <span class='ocrx_word' id='word_1_455' title='bbox 2490 3964 2622 4021; x_wconf 87' lang='lat' dir='ltr'><strong>pcc-</strong></span> 
     </span>
     <span class='ocr_line' id='line_1_49' title="bbox 187 4017 2618 4093; baseline 0.001 -16"><span class='ocrx_word' id='word_1_456' title='bbox 187 4025 412 4086; x_wconf 87' lang='lat' dir='ltr'><strong>calum,</strong></span> <span class='ocrx_word' id='word_1_457' title='bbox 444 4020 797 4092; x_wconf 87' lang='lat' dir='ltr'><strong>inquantum</strong></span> <span class='ocrx_word' id='word_1_458' title='bbox 828 4019 1003 4075; x_wconf 71' lang='lat' dir='ltr'><strong>rebus</strong></span> <span class='ocrx_word' id='word_1_459' title='bbox 1032 4018 1414 4074; x_wconf 76' lang='lat' dir='ltr'><strong>infertonbus</strong></span> <span class='ocrx_word' id='word_1_460' title='bbox 1440 4017 1774 4075; x_wconf 85' lang='lat' dir='ltr'><strong>inordinate</strong></span> <span class='ocrx_word' id='word_1_461' title='bbox 1801 4019 2184 4091; x_wconf 84' lang='lat' dir='ltr'><strong>conjungitur</strong></span> <span class='ocrx_word' id='word_1_462' title='bbox 2214 4033 2229 4073; x_wconf 71' lang='grc' dir='ltr'><strong>ι</strong></span> <span class='ocrx_word' id='word_1_463' title='bbox 2263 4034 2299 4076; x_wconf 88' lang='lat' dir='ltr'><strong>a</strong></span> <span class='ocrx_word' id='word_1_464' title='bbox 2326 4035 2447 4091; x_wconf 90' lang='lat' dir='ltr'><strong>qua</strong></span> <span class='ocrx_word' id='word_1_465' title='bbox 2486 4022 2618 4093; x_wconf 88' lang='lat' dir='ltr'><strong>qui-</strong></span> 
     </span>
     <span class='ocr_line' id='line_1_50' title="bbox 189 4087 2617 4162; baseline 0.001 -14"><span class='ocrx_word' id='word_1_466' title='bbox 189 4088 330 4148; x_wconf 86' lang='lat' dir='ltr'><strong>dem</strong></span> <span class='ocrx_word' id='word_1_467' title='bbox 362 4091 689 4159; x_wconf 90' lang='lat' dir='ltr'><strong>pollutione</strong></span> <span class='ocrx_word' id='word_1_468' title='bbox 717 4087 1137 4161; x_wconf 83' lang='lat' dir='ltr'><strong>purificaturin</strong></span> <span class='ocrx_word' id='word_1_469' title='bbox 1165 4088 1274 4145; x_wconf 89' lang='lat' dir='ltr'><strong>bac</strong></span> <span class='ocrx_word' id='word_1_470' title='bbox 1295 4090 1408 4145; x_wconf 85' lang='lat' dir='ltr'><strong>vita</strong></span> <span class='ocrx_word' id='word_1_471' title='bbox 1430 4103 1531 4158; x_wconf 88' lang='lat' dir='ltr'><strong>per</strong></span> <span class='ocrx_word' id='word_1_472' title='bbox 1551 4089 2057 4157; x_wconf 86' lang='lat' dir='ltr'><strong>Poenitentiam,et</strong></span> <span class='ocrx_word' id='word_1_473' title='bbox 2080 4089 2197 4145; x_wconf 90' lang='lat' dir='ltr'><strong>alia</strong></span> <span class='ocrx_word' id='word_1_474' title='bbox 2224 4097 2617 4162; x_wconf 82' lang='lat' dir='ltr'><strong>sacramenta,</strong></span> 
     </span>
     <span class='ocr_line' id='line_1_51' title="bbox 185 4158 2618 4239; baseline 0 -20"><span class='ocrx_word' id='word_1_475' title='bbox 185 4163 258 4219; x_wconf 73' lang='lat' dir='ltr'><strong>ut</strong></span> <span class='ocrx_word' id='word_1_476' title='bbox 284 4172 466 4229; x_wconf 89' lang='lat' dir='ltr'><strong>supra</strong></span> <span class='ocrx_word' id='word_1_477' title='bbox 486 4160 709 4218; x_wconf 86' lang='lat' dir='ltr'><strong>dictum</strong></span> <span class='ocrx_word' id='word_1_478' title='bbox 738 4165 849 4217; x_wconf 88' lang='lat' dir='ltr'><strong>est.</strong></span> <span class='ocrx_word' id='word_1_479' title='bbox 881 4158 1250 4239; x_wconf 85' lang='lat' dir='ltr'><strong>Quandoque</strong></span> <span class='ocrx_word' id='word_1_480' title='bbox 1278 4172 1416 4215; x_wconf 85' lang='lat' dir='ltr'><strong>vero</strong></span> <span class='ocrx_word' id='word_1_481' title='bbox 1444 4158 1741 4232; x_wconf 87' lang='lat' dir='ltr'><strong>contingit</strong></span> <span class='ocrx_word' id='word_1_482' title='bbox 1765 4159 1924 4232; x_wconf 84' lang='lat' dir='ltr'><strong>quod</strong></span> <span class='ocrx_word' id='word_1_483' title='bbox 1955 4158 2287 4231; x_wconf 86' lang='lat' dir='ltr'><strong>purificatio</strong></span> <span class='ocrx_word' id='word_1_484' title='bbox 2314 4161 2455 4218; x_wconf 82' lang='lat' dir='ltr'><strong>talis</strong></span> <span class='ocrx_word' id='word_1_485' title='bbox 2494 4176 2618 4220; x_wconf 88' lang='lat' dir='ltr'><strong>non</strong></span> 
     </span>
     <span class='ocr_line' id='line_1_52' title="bbox 189 4229 2621 4302; baseline 0 -14"><span class='ocrx_word' id='word_1_486' title='bbox 189 4229 457 4288; x_wconf 87' lang='lat' dir='ltr'><strong>totaliter</strong></span> <span class='ocrx_word' id='word_1_487' title='bbox 504 4230 801 4302; x_wconf 80' lang='lat' dir='ltr'><strong>pei-licitur</strong></span> <span class='ocrx_word' id='word_1_488' title='bbox 843 4230 904 4286; x_wconf 92' lang='lat' dir='ltr'><strong>in</strong></span> <span class='ocrx_word' id='word_1_489' title='bbox 954 4230 1066 4288; x_wconf 88' lang='lat' dir='ltr'><strong>hac</strong></span> <span class='ocrx_word' id='word_1_490' title='bbox 1105 4233 1245 4296; x_wconf 89' lang='lat' dir='ltr'><strong>vtta,</strong></span> <span class='ocrx_word' id='word_1_491' title='bbox 1289 4229 1394 4287; x_wconf 90' lang='lat' dir='ltr'><strong>sed</strong></span> <span class='ocrx_word' id='word_1_492' title='bbox 1444 4236 1712 4287; x_wconf 85' lang='lat' dir='ltr'><strong>remanet</strong></span> <span class='ocrx_word' id='word_1_493' title='bbox 1752 4230 1947 4288; x_wconf 83' lang='lat' dir='ltr'><strong>adbuc</strong></span> <span class='ocrx_word' id='word_1_494' title='bbox 1988 4230 2220 4287; x_wconf 88' lang='lat' dir='ltr'><strong>debitor</strong></span> <span class='ocrx_word' id='word_1_495' title='bbox 2270 4244 2479 4302; x_wconf 83' lang='lat' dir='ltr'><strong>poenae,</strong></span> <span class='ocrx_word' id='word_1_496' title='bbox 2526 4232 2621 4289; x_wconf 89' lang='lat' dir='ltr'><strong>vel</strong></span> 
     </span>
     <span class='ocr_line' id='line_1_53' title="bbox 185 4300 2621 4375; baseline 0 -17"><span class='ocrx_word' id='word_1_497' title='bbox 185 4306 436 4375; x_wconf 81' lang='lat' dir='ltr'><strong>propter</strong></span> <span class='ocrx_word' id='word_1_498' title='bbox 464 4300 893 4374; x_wconf 83' lang='lat' dir='ltr'><strong>negligentiam</strong></span> <span class='ocrx_word' id='word_1_499' title='bbox 921 4300 1201 4372; x_wconf 87' lang='lat' dir='ltr'><strong>aliquam,</strong></span> <span class='ocrx_word' id='word_1_500' title='bbox 1232 4306 1334 4357; x_wconf 89' lang='lat' dir='ltr'><strong>aut</strong></span> <span class='ocrx_word' id='word_1_501' title='bbox 1386 4300 1858 4370; x_wconf 84' lang='lat' dir='ltr'><strong>occupationem,</strong></span> <span class='ocrx_word' id='word_1_502' title='bbox 1888 4301 2194 4359; x_wconf 87' lang='lat' dir='ltr'><strong>autetiam</strong></span> <span class='ocrx_word' id='word_1_503' title='bbox 2223 4304 2367 4373; x_wconf 83' lang='lat' dir='ltr'><strong>quia</strong></span> <span class='ocrx_word' id='word_1_504' title='bbox 2393 4303 2621 4360; x_wconf 87' lang='lat' dir='ltr'><strong>debitor</strong></span> 
     </span>
     <span class='ocr_line' id='line_1_54' title="bbox 183 4369 2619 4446; baseline -0.002 -14"><span class='ocrx_word' id='word_1_505' title='bbox 183 4385 385 4446; x_wconf 83' lang='lat' dir='ltr'><strong>poenae</strong></span> <span class='ocrx_word' id='word_1_506' title='bbox 409 4380 598 4429; x_wconf 87' lang='lat' dir='ltr'><strong>morte</strong></span> <span class='ocrx_word' id='word_1_507' title='bbox 625 4369 984 4442; x_wconf 73' lang='lat' dir='ltr'><strong>praevenitur</strong></span> <span class='ocrx_word' id='word_1_508' title='bbox 1011 4387 1028 4428; x_wconf 76' lang='lat' dir='ltr'><em>z</em></span> <span class='ocrx_word' id='word_1_509' title='bbox 1059 4383 1172 4429; x_wconf 88' lang='lat' dir='ltr'><strong>nec</strong></span> <span class='ocrx_word' id='word_1_510' title='bbox 1194 4375 1394 4429; x_wconf 86' lang='lat' dir='ltr'><strong>tamen</strong></span> <span class='ocrx_word' id='word_1_511' title='bbox 1421 4375 1661 4443; x_wconf 86' lang='lat' dir='ltr'><strong>propter</strong></span> <span class='ocrx_word' id='word_1_512' title='bbox 1686 4370 1803 4430; x_wconf 89' lang='lat' dir='ltr'><strong>hoc</strong></span> <span class='ocrx_word' id='word_1_513' title='bbox 1824 4377 2086 4432; x_wconf 84' lang='lat' dir='ltr'><strong>meretur</strong></span> <span class='ocrx_word' id='word_1_514' title='bbox 2108 4372 2367 4432; x_wconf 83' lang='lat' dir='ltr'><strong>totaliter</strong></span> <span class='ocrx_word' id='word_1_515' title='bbox 2386 4369 2619 4431; x_wconf 83' lang='lat' dir='ltr'><strong>excludi</strong></span> 
     </span>
    </p>
   </div>
  </div>
 </body>
</html>
