3076 5025
438 329 504 385 22
1366 318 1500 397 ma.
1540 318 1588 385 1,
1625 317 1779 374 cAP.
1817 317 1923 374 xx.

438 446 659 505 tabilis.
693 447 880 502 Omne
907 449 1105 502 autem
1133 454 1352 514 corpus
1381 445 1475 498 est
1508 444 1813 510 quantum,-
1852 452 1999 511 ergo
2023 451 2202 498 omne
2240 451 2460 510 corpus
2500 440 2593 495 est
2633 437 2697 495 in
2751 451 2865 509 po-

437 517 642 574 tentia.
672 517 826 573 Deus
858 512 1053 572 aut‘em
1086 513 1289 570 nonin
1334 510 1645 583 potientia,
1671 511 1779 568 sed
1823 516 1995 569 actus
2039 521 2249 582 puruS,
2299 515 2367 566 ut
2411 514 2722 568 ostensum
2767 512 2870 567 est

438 588 513 659 (c.
548 591 613 644 16
643 628 657 642 .
690 589 839 657 Ergo
869 586 1026 644 Deus
1056 596 1178 641 non
1207 589 1301 641 est
1322 594 1564 653 corpus,

505 657 602 715 Ad
641 672 726 724 uc,
758 656 809 713 si
844 657 1000 713 Deus
1031 660 1122 712 est
1150 667 1388 724 corpu8,
1420 657 1654 723 oportet
1679 649 1841 723 quod
1881 650 1983 732 sit·
2005 649 2247 725 aliquod
2291 664 2512 731 corpus
2539 648 2813 708 naturale
2842 666 2866 719 ;

437 738 576 786 nam
607 740 824 797 corpus
853 725 1335 783 mathematicum
1366 736 1489 781 non
1517 728 1612 780 est
1639 737 1743 793 per
1770 735 1836 781 se
1858 727 2177 790 exsistenS,
2209 726 2273 780 ut
2303 720 2689 791 Philisopbus
2720 732 2864 790 pro·

438 799 541 857 bat
566 796 934 870 (metaphys,
964 810 1053 864 111,
1079 801 1217 853 text.
1250 807 1467 852 comni.
1502 793 1700 866 17),eo
1720 789 1879 866 quod
1911 792 2321 850 dimensiones
2343 791 2674 849 accidentia
2693 795 2863 849 sunt.

437 871 569 926 Non
601 874 797 925 autem
827 872 918 925 est
948 879 1167 937 corpus
1202 863 1492 932 naturale,
1541 877 1727 935 quum
1784 863 1864 922 sit
1909 862 2260 943 immobiliS,
2294 868 2360 920 ut
2401 867 2712 920 ostensum
2767 866 2868 918 est

439 937 633 1011 (c..l3)
661 956 675 1008 ;
706 950 885 996 omne
931 942 1129 995 autem
1185 948 1407 1008 corpus
1452 934 1723 992 naturale
1767 931 1990 991 mobile
2035 940 2151 992 est.
2194 935 2354 992 Deus
2381 933 2569 1007 igitur
2596 945 2720 990 non
2768 936 2871 989 est

438 1022 544 1070 cor
589 1021 679 1066 us.

508 1022 786 1149 Aenptius,
819 1091 995 1135 omne
1023 1089 1241 1149 corpus
1263 1074 1497 1133 finitum
1524 1080 1638 1144 est,
1667 1075 1824 1147 quod
1847 1079 1963 1132 tam
1988 1074 2060 1131 de
2081 1087 2329 1145 corpore
2369 1073 2643 1132 circulari
2680 1083 2867 1146 quam

439 1148 513 1209 de
542 1155 704 1208 recto
732 1147 1015 1221 probatur
1048 1148 1112 1205 in
1143 1147 1334 1218 primo
1360 1151 1438 1203 De
1462 1148 1588 1202 coelo
1611 1150 1662 1201 et
1688 1145 1890 1202 mundo
1910 1143 2069 1217 (text.
2094 1145 2294 1218 35:15).
2319 1145 2635 1214 Quodlibet
2661 1148 2869 1202 autem

440 1233 660 1291 corpus
690 1219 944 1286 finitum,
975 1218 1281 1276 intellectu
1308 1223 1366 1274 et
1390 1216 1842 1290 imaginatione,
1873 1216 2294 1276 transcendere
2310 1228 2655 1297 possumus
2676 1214 2732 1273 Si
2756 1213 2874 1286 igi·

438 1296 538 1348 tur
564 1292 720 1348 Deus
758 1294 847 1346 est
876 1302 1115 1359 corpus,
1149 1288 1494 1346 {intellectus
1526 1294 1584 1344 et
1605 1287 1954 1359 imaginatio
1993 1292 2200 1344 nostra
2247 1287 2472 1359 aliquid
2516 1286 2711 1358 majus
2741 1286 2872 1341 Deo

441 1361 704 1433 cogitare
734 1366 1009 1429 possunt.
1041 1361 1106 1415 Et
1150 1360 1239 1417 sic
1268 1361 1425 1422 Deus
1459 1372 1581 1416 non
1602 1363 1696 1415 est
1720 1358 1910 1430 major
1960 1356 2265 1415 intellectu
2310 1362 2540 1427 nostre,
2573 1356 2732 1429 quod
2771 1357 2875 1413 est

441 1433 895 1491 inconveniens,
927 1432 1058 1487 Non
1096 1434 1187 1487 est
1215 1430 1398 1501 igitur
1424 1443 1662 1499 corpuS.

512 1501 730 1565 Adhuc,
769 1499 1034 1571 cognitio
1062 1499 1423 1557 intellectiva
1451 1500 1670 1557 certior
1688 1503 1780 1557 est
1801 1512 1978 1570 quam
2002 1496 2309 1556 sensitiva.
2342 1497 2647 1556 Invenitur
2666 1502 2873 1556 autem

445 1570 689 1643 aliquod
739 1569 1035 1626 ob'ectum
1084 1582 1304 1627 sensus
1333 1572 1393 1626 in
1422 1583 1619 1627 rerum
1650 1574 1900 1639 natura;
1932 1582 2075 1641 ergo
2112 1575 2171 1625 et
2206 1568 2567 1626 intellectus.
2614 1567 2726 1626 Sed
2769 1582 2873 1626 se-

444 1643 706 1700 cundum
737 1654 807 1698 or
848 1640 1006 1696 inem
1042 1639 1409 1710 objectorum
1438 1645 1530 1697 est
1569 1640 1715 1696 ordo
1763 1640 2182 1710 potentiarum,
2215 1637 2373 1696 sicut
2418 1644 2474 1697 et
2516 1638 2870 1707 distinctio;

443 1726 589 1793 ergo
633 1725 813 1782 super
856 1710 1061 1767 omnia
1100 1710 1414 1768 sensibilia
1436 1717 1527 1768 est
1570 1710 1797 1782 aliquid
1839 1710 2235 1781 intelligibile,
2290 1710 2354 1767 in
2405 1723 2602 1766 rerum
2653 1715 2874 1766 natura

444 1788 729 1841 existens.
782 1782 968 1837 Omne
1013 1786 1210 1838 autem
1257 1794 1474 1850 corpus
1527 1781 1594 1838 in
1634 1781 1814 1838 rebus
1855 1780 2120 1838 existens
2161 1785 2255 1838 est
2299 1780 2632 1849 sensibile;
2680 1780 2876 1850 igitur

445 1867 628 1924 super
655 1851 860 1909 omnia
903 1865 1156 1932 corpora
1200 1858 1292 1907 est
1341 1851 1566 1924 aliquid
1597 1851 1862 1932 accipere
1899 1850 2186 1908 nobilius.
2234 1850 2297 1907 Si
2344 1850 2528 1923 igitur
2574 1853 2733 1907 Deus
2775 1855 2876 1908 est

445 1928 1430 2074 cofflgsseiegfnqtfglitbifflfilossglorgt
1439 1935 1823 2073 nigingiimgitffe
1832 1935 1961 2073 eigess:
1987 1992 2196 2050 vivens
2223 1997 2314 2050 est
2349 1992 2631 2049 nobilior.
2664 1990 2873 2060 Quoli-

443 2064 546 2123 bet
574 2069 773 2121 autem
804 2076 1050 2133 corpore
1078 2070 1308 2119 vivente
1340 2077 1451 2121 sua
1478 2069 1600 2119 vita
1645 2069 1738 2120 est
1775 2062 2038 2121 nobilior
2106 2076 2291 2135 quum
2330 2077 2434 2133 per
2490 2062 2603 2121 hoc
2652 2062 2878 2120 babeat

447 2149 629 2206 supra
659 2134 778 2191 alia
803 2147 1055 2205 corpora
1081 2133 1473 2192 nobilitatem.
1506 2133 1570 2191 ld
1617 2146 1760 2205 ergo
1811 2147 1930 2205 quo
1975 2106 2128 2191 nihil
2169 2138 2264 2192 est
2308 2132 2598 2203 nobiliuS,
2647 2145 2874 2204 corpus

445 2218 569 2264 non
602 2210 712 2262 est.
744 2207 866 2262 Hoc
890 2211 1087 2262 autem
1119 2210 1211 2262 est
1238 2206 1415 2262 Deus.
1448 2206 1521 2261 Er
1565 2217 1601 2260 o
1638 2216 1762 2263 non
1791 2211 1883 2261 est
1910 2217 2150 2274 corpus.

514 2276 668 2339 Item,
704 2275 1091 2332 inveniuntur
1119 2275 1383 2332 rationes
1455 2274 1513 2331 lii
1544 2274 1910 2345 osopborum
1961 2273 2246 2347 (puysie,
2292 2286 2426 2344 viii,
2472 2279 2615 2332 text.
2648 2285 2870 2332 comm.

445 2349 516 2403 52
544 2351 602 2402 et
632 2360 757 2417 seq.
813 2345 889 2404 ad
919 2346 1073 2403 idem
1101 2345 1390 2403 ostenden
1439 2358 1558 2413 um,
1605 2346 1992 2425 procedentes
2043 2358 2115 2403 ex
2161 2346 2488 2402 aeternitate
2535 2350 2758 2413 motuS,
2804 2343 2871 2401 in

446 2416 607 2474 hunc
634 2430 732 2473 mo
780 2431 876 2474 um
910 2435 924 2473 :
954 2419 1016 2473 ln
1049 2416 1212 2474 omni
1243 2421 1407 2473 motu
1435 2421 1819 2485 sempiterno,
1851 2420 2083 2486 oportet
2126 2416 2286 2488 quod
2311 2417 2568 2486 primum
2617 2426 2870 2473 movens

445 2500 568 2546 non
601 2491 925 2557 moveatur,
948 2501 1141 2561 neque
1178 2501 1283 2559 per
1308 2500 1395 2555 se,
1443 2500 1636 2558 neque
1682 2499 1788 2557 per
1831 2486 2143 2557 accidens,
2187 2487 2345 2546 sicut
2389 2500 2458 2545 ex
2508 2485 2870 2558 supradictis

447 2560 522 2629 (c.
556 2560 641 2631 13)
671 2565 847 2630 patet.
876 2560 1100 2630 Corpus
1130 2564 1326 2616 autem
1356 2558 1487 2615 coeli
1515 2564 1785 2614 movetur
1818 2557 2188 2616 circulariter
2239 2563 2406 2616 motu
2455 2559 2820 2628 sempiterno
2850 2576 2872 2626 ·,

446 2643 591 2701 ergo
620 2632 846 2701 primus
876 2636 1070 2687 motor
1098 2629 1227 2701 ejus
1257 2642 1375 2686 non
1404 2634 1676 2688 movetur
1712 2641 1905 2708 neque
1935 2642 2038 2699 per
2065 2642 2130 2686 se
2174 2641 2367 2701 neque
2414 2643 2521 2701 per
2560 2627 2866 2685 accidens,

444 2700 688 2757 Nullum
720 2705 914 2757 autem
947 2714 1163 2771 corpus
1198 2705 1395 2757 movet
1445 2698 1715 2756 localiter
1752 2698 1871 2756 nisi
1920 2704 2229 2757 moveatur
2260 2718 2273 2768 ;
2329 2713 2399 2758 eo
2435 2699 2594 2772 quod
2635 2703 2871 2769 oportet

445 2776 674 2828 motum
694 2777 751 2827 et
772 2784 1016 2828 movens
1046 2785 1179 2828 esse
1219 2770 1419 2828 simul.
1454 2772 1521 2825 Et
1549 2769 1638 2827 sic
1662 2782 1880 2841 corpus
1926 2783 2174 2828 movens
2223 2770 2448 2827 moveri
2494 2775 2748 2842 oportet,
2793 2768 2869 2826 ad

445 2840 561 2899 hoc
589 2841 748 2913 quod
779 2842 857 2898 sit
903 2842 1082 2898 simul
1120 2855 1255 2899 cum
1285 2853 1533 2910 corpore
1579 2846 1764 2898 mot0.
1820 2839 1998 2898 Nulla
2041 2842 2220 2898 etiam
2264 2842 2455 2899 virtus
2509 2840 2570 2898 in
2619 2852 2868 2911 corpore

443 2918 660 2974 movet,
694 2911 808 2968 nisi
853 2925 958 2982 per
999 2911 1276 2968 accidens
1308 2915 1653 2978 moveatur;
1699 2910 1859 2982 quia,
1909 2917 2072 2968 moto
2119 2925 2390 2981 corpore,
2442 2916 2713 2968 movetur
2761 2923 2869 2980 per

445 2981 725 3039 accidens
756 2980 943 3038 virtus
992 2982 1280 3053 corporis.
1313 2983 1465 3053 Ergo
1496 2982 1724 3050 primus
1756 2990 1952 3038 motor
1976 2982 2110 3039 coeli
2142 2995 2263 3039 non
2294 2987 2386 3040 est
2419 2983 2864 3060 corpus-neque

444 3052 634 3108 virtus
658 3052 717 3108 in
749 3065 1033 3122 corpore3
1065 3052 1178 3109 hoc
1208 3056 1405 3109 autem
1430 3050 1503 3108 ad
1530 3051 1688 3122 quod
1720 3051 1933 3109 ultimo
1963 3052 2265 3109 reducitur
2293 3058 2494 3111 motus
2534 3051 2663 3109 coeli
2703 3054 2864 3108 sicut

447 3121 518 3180 ad
585 3122 800 3178 rimum
823 3134 1070 3179 movens
1101 3121 1429 3189 immobile,
1461 3126 1554 3178 est
1582 3123 1759 3179 Deus.
1794 3124 1952 3179 Deus
1977 3123 2160 3204 igitur
2190 3136 2312 3180 non
2343 3131 2434 3181 est
2461 3134 2699 3193 corpuS.

572 3192 734 3262 dhuc,
770 3192 935 3249 nulla
977 3193 1241 3262 potentia
1286 3191 1520 3248 infinita
1562 3197 1654 3248 est
1693 3194 1958 3262 potentia
2008 3206 2073 3249 in
2122 3193 2556 3274 magnitudine.
2592 3191 2865 3272 Potentia

441 3263 617 3334 primi
651 3263 903 3320 motoris
935 3267 1025 3320 est
1051 3262 1318 3333 potentia
1345 3261 1600 3319 infinita.
1629 3264 1781 3334 Ergo
1813 3276 1934 3320 non
1965 3269 2057 3321 est
2083 3262 2148 3320 in
2177 3264 2379 3337 aliqua
2427 3261 2865 3336 magnitudine.

441 3335 510 3393 Et
538 3334 626 3391 sic
655 3336 833 3403 Deus,
860 3333 962 3406 qui
991 3340 1083 3391 est
1109 3333 1338 3406 primus
1372 3339 1591 3402 motor,
1619 3346 1814 3406 neque
1838 3340 1931 3391 est
1952 3347 2196 3406 corpus,
2219 3349 2412 3407 neque
2437 3341 2532 3394 est
2556 3335 2747 3393 virtus
2798 3333 2868 3394 in

442 3417 711 3475 corpore.

511 3476 710 3532 Prima
751 3475 842 3534 sic
887 3473 1216 3546 probatur:
1258 3475 1316 3532 Si
1357 3475 1626 3546 potentia
1670 3475 1927 3544 alicujus
1968 3477 2403 3549 magnitudinis
2442 3481 2536 3535 est
2603 3476 2863 3545 infinita,

443 3552 545 3603 aut
575 3547 686 3602 erit
713 3546 1143 3618 magnitudinis
1172 3544 1354 3603 finitae
1384 3552 1485 3602 aut
1511 3545 1781 3603 infinitae.
1811 3547 2153 3617 Magnitudo
2183 3548 2415 3605 infinita
2445 3547 2614 3605 nulla
2655 3553 2770 3617 est,
2797 3553 2870 3604 ut

445 3616 725 3686 probatur
753 3616 813 3673 in
843 3616 1015 3673 tertio
1042 3618 1395 3685 physicorum
1413 3616 1585 3744 (Stext.
1619 3620 1685 3673 39
1715 3623 1773 3672 et
1802 3617 1975 3688 seq),
1994 3623 2052 3674 et
2071 3619 2129 3673 in
2144 3619 2336 3689 primo
2350 3621 2428 3675 De
2454 3620 2578 3674 coelo
2601 3617 2868 3675 etmnndo

443 3687 603 3759 (text.
633 3701 848 3744 comm.
876 3687 1101 3759 35·75);
1140 3689 1407 3768 magnitu
1454 3687 1573 3744 inis
1608 3691 1805 3743 autem
1853 3686 2036 3744 finitae
2078 3702 2198 3746 non
2244 3696 2334 3746 est
2380 3690 2672 3761 possibile
2722 3702 2864 3746 esse

438 3759 767 3827 potentiam
795 3758 1124 3828 infinitam3
1158 3763 1215 3816 et
1241 3770 1353 3828 sic,
1381 3758 1442 3814 in
1475 3757 1644 3815 nulla
1688 3758 2123 3830 magnitudine,
2167 3765 2365 3830 potest
2407 3773 2542 3817 esse
2593 3759 2868 3831 potentia
2940 3795 2946 3803 «
2997 3783 3014 3802 1

439 3827 695 3884 infinita.

512 3897 679 3962 Quod
711 3902 906 3956 autem
936 3899 997 3955 in
1026 3899 1437 3971 magnitudine
1466 3898 1635 3956 finita
1667 3912 1788 3957 non
1814 3901 2009 3971 possit
2031 3913 2165 3958 esse
2187 3901 2455 3971 potentia
2479 3899 2735 3963 infinita,
2767 3902 2864 3959 sic
2939 3899 2950 3909 “

438 3966 726 4092 Probatur
757 3983 771 4020 ε
801 3969 1101 4047 AEqualem
1132 3969 1407 4027 effectum
1437 3984 1613 4041 quem
1644 3969 1786 4027 facit
1811 3971 2079 4041 potentia
2101 3971 2301 4028 minor
2328 3978 2591 4042 tempore
2623 3971 2866 4042 majori,

464 4041 582 4115 acit
609 4042 871 4106 potentia
902 4040 1089 4110 major
1112 4046 1375 4110 tempore
1401 4041 1643 4108 minori,
1718 4043 2130 4112 ualiscumque
2172 4042 2251 4098 sit
2280 4042 2379 4098 ille
2427 4041 2699 4111 effectuS,
2731 4041 2864 4099 sive

441 4112 522 4163 sit
536 4106 864 4164 secundum
890 4109 1317 4188 alterationem,
1339 4110 1463 4167 sive
1489 4057 1819 4169 secunaum
1842 4118 2069 4169 motum
2088 4112 2363 4181 localem,
2378 4113 2502 4170 sive
2523 4112 2866 4170 secundum

440 4178 1085 4306 guemcumque‘alium
1114 4186 1361 4238 motum.
1385 4181 1495 4238 Sed
1527 4181 2042 4251 potentiainlinita
2070 4183 2371 4253 estmajor
2394 4182 2558 4239 omni
2590 4183 2866 4253 potentia

480 4251 625 4314 nita,
661 4259 804 4319 ergo
834 4254 1066 4319 oportet
1093 4251 1252 4322 quod
1284 4252 1346 4308 in
1371 4252 1588 4310 minoi-i
1622 4251 1884 4322 perficiat
1920 4250 2220 4322 effectum,
2246 4255 2512 4310 velocius
2556 4253 2862 4312 movendo

437 4329 615 4396 quam
642 4318 906 4386 potentia
932 4333 1317 4400 quaecumque
1346 4321 1532 4380 finita.
1564 4325 1680 4380 Nec
1699 4328 1892 4395 potest
1912 4337 2068 4390 esse,
2090 4323 2246 4396 quod
2268 4324 2328 4380 in
2354 4324 2569 4380 minori
2593 4323 2862 4395 quodam

436 4391 516 4467 sit
543 4390 797 4457 tempus.
832 4391 1203 4471 Relinquitur
1228 4393 1432 4462 igitur,
1462 4393 1623 4465 quod
1661 4395 1775 4451 hoc
1805 4393 1916 4449 erit
1947 4394 2010 4449 in
2056 4394 2406 4451 indivisibili
2457 4393 2770 4464 temporis,
2802 4399 2866 4450 et

434 4467 525 4516 sic
550 4468 788 4517 movere
811 4463 869 4517 et
884 4471 1109 4518 moveri
1126 4467 1185 4519 et
1200 4469 1403 4521 motus
1429 4468 1635 4524 essent
1659 4464 1726 4523 in
1752 4463 2198 4539 instanti,cujus
2225 4464 2591 4524 contrarium
2613 4465 2866 4523 demon·
