3076 5025
315 418 423 472 204
1216 412 1350 469 LlB.
1391 413 1464 479 11,
1503 413 1656 468 CAP-
1696 412 1889 469 LXXV.

389 536 606 604 Adhuc,
635 534 903 607 cognitio
929 532 1290 591 intellectiva
1318 539 1410 591 est
1444 532 1762 604 perfectior
1784 531 2092 591 sensitiva.
2123 532 2184 591 Si
2213 533 2230 591 i
2279 532 2397 590 itur
2432 530 2497 603 in
2552 532 2753 590 sensi·

318 605 440 663 tiva
466 605 811 677 cognitione
841 609 935 662 est
960 603 1186 685 aliquid
1213 617 1581 663 conservans
1609 604 2002 676 apprehensa,
2028 604 2218 662 multo
2266 604 2458 661 ortius
2495 601 2614 661 hoc
2634 603 2749 661 erit

319 676 383 734 in
415 676 760 748 cognitione
789 673 1169 732 intellectiva.

389 749 543 815 Item,
574 747 845 803 videmus
873 744 1034 818 quod
1058 744 1317 813 diversa,
1345 759 1479 817 quae
1506 744 1570 801 in
1594 743 1864 802 inferiori
1894 743 2103 802 ordine
2129 743 2525 815 potentiarum
2566 744 2745 815 perti-

321 823 467 876 nent
495 816 568 874 ad
599 817 865 879 diversas
894 815 1214 887 potentias,
1245 815 1307 871 in
1338 815 1635 887 superiori
1661 815 1870 874 ordine
1897 814 2196 886 pertinent
2223 814 2300 871 ad
2337 827 2556 881 unum;
2591 814 2746 872 sicut

320 901 541 946 sensus
572 885 909 945 communis
960 885 1349 958 apprehendit
1409 891 1653 944 sensata
1689 885 1960 945 omnium
2011 898 2299 944 sensuum
2345 884 2744 964 propriorum.

318 958 773 1030 Apprebendere
798 956 982 1029 igitur
1008 963 1068 1014 et
1085 970 1439 1014 conservare
1461 955 1640 1028 (quae,
1670 956 1735 1014 in
1760 961 1927 1037 parte
1958 955 2173 1013 animae
2202 955 2523 1024 sensitivae,
2572 955 2751 1035 perti-

320 1034 488 1156 netu}¹
502 1028 891 1154 ad'diversast
913 1027 1231 1099 potentias)
1266 1032 1498 1098 oportet
1544 1026 1725 1099 quod,
1757 1040 1821 1084 in
1869 1034 2148 1097 suprema
2195 1026 2480 1097 potentia,
2512 1024 2749 1083 scilicet

319 1113 386 1157 in
412 1113 443 1157 e
492 1105 625 1156 ectu
679 1112 865 1157 unian
895 1112 984 1156 ur.

390 1141 675 1232 Praeterea,
730 1167 1126 1249 intellige-ntia
1175 1179 1385 1248 agens,
1440 1167 1772 1248 secu-ndum
1821 1168 2018 1239 ipsum
2072 1165 2496 1248 (Avicennaiii),
2549 1165 2750 1246 influit

321 1252 534 1298 omnes
565 1239 872 1298 scientias.
902 1239 970 1307 Si,
988 1242 1172 1311 igitur
1198 1238 1505 1296 addiscere
1536 1238 1687 1295 nibil
1717 1243 1809 1296 est
1835 1237 1997 1296 aliud
2014 1250 2195 1310 quam
2218 1242 2405 1309 aptari
2420 1242 2483 1294 ut
2507 1242 2753 1294 uniatur

320 1310 733 1384 intelligentiae
787 1309 1009 1382 agenti,
1037 1308 1140 1381 qui
1189 1307 1445 1367 addiscit
1494 1322 1675 1366 unam
1720 1309 2033 1367 scientiam
2080 1321 2203 1365 non
2246 1308 2439 1379 magis
2492 1306 2753 1364 addiscit

316 1380 484 1438 illam
521 1394 701 1454 quam
730 1379 906 1437 aliam
936 1396 951 1446 ;
976 1378 1134 1451 quod
1165 1384 1323 1450 patet
1351 1392 1486 1436 esse
1516 1379 1760 1437 falsum.
2647 1446 2657 1456 ‚
2707 1446 2718 1456 .

393 1453 557 1509 Patet
585 1452 762 1509 etiam
793 1449 954 1523 quod
977 1450 1104 1508 haec
1127 1448 1332 1521 opinio
1362 1455 1682 1507 estcontra
1709 1449 2067 1508 sententiam
2088 1448 2446 1510 Aristotelis,
2475 1447 2577 1520 qui
2601 1446 2752 1505 dicit

321 1521 422 1593 (De
448 1524 656 1590 anima,
683 1534 753 1579 ιιι
800 1523 943 1577 text.
983 1533 1201 1578 comm.
1229 1520 1282 1591 6)
1323 1519 1484 1600 quod
1530 1520 1869 1578 intellectus
1914 1519 2225 1591 possibilis
2273 1525 2365 1576 est
2406 1518 2579 1576 locus
2620 1531 2650 1576 s

320 1592 549 1649 cierum
575 1611 590 1660 ;
618 1563 778 1663 quod
803 1589 954 1648 nibil
987 1590 1150 1648 aliud
1179 1595 1271 1647 est
1298 1589 1495 1647 dicere
1523 1604 1700 1662 quam
1733 1591 1929 1661 ipsum
1959 1604 2094 1649 esse
2122 1591 2470 1648 thesaurum
2517 1586 2663 1646 intel
2690 1588 2745 1644 i·

319 1662 597 1735 gibilium
627 1661 986 1733 specierum,
1014 1666 1081 1719 ut
1104 1660 1300 1718 verbis
1324 1660 1641 1718 Avicennae
1670 1666 1926 1719 utamur.

389 1735 541 1795 Item,
571 1737 782 1803 postea
809 1731 971 1802 (text.
1004 1743 1219 1789 comm.
1252 1731 1306 1801 8)
1337 1730 1648 1803 subjungit
1675 1732 1857 1803 quod,
1887 1729 2129 1803 quando
2156 1730 2494 1788 intellectus
2547 1729 2749 1801 possi-

319 1802 463 1860 bilis
494 1802 750 1875 acquirit
776 1801 1110 1870 scientiam,
1138 1807 1226 1858 est
1257 1808 1469 1872 potens
1493 1802 1728 1872 operari
1777 1814 1882 1882 per
1925 1801 2212 1882 seipsum,
2258 1801 2398 1859 licet
2440 1812 2563 1858 non
2610 1804 2749 1857 actu

315 1872 636 1943 intelligat.
666 1875 793 1929 Non
826 1872 842 1929 i
893 1872 1006 1929 ‘tur
1035 1872 1263 1944 indiget
1291 1871 1608 1929 influentia
1626 1872 1882 1944 alicujus
1913 1873 2241 1943 superioris
2273 1871 2528 1944 agentis.

396 1943 549 2000 Dicit
575 1942 751 2001 etiam
784 1941 847 2013 (P
891 1942 1198 2023 ysic.,vin,
1221 1946 1362 1999 text.
1391 1955 1607 1999 comm.
1639 1942 1730 2015 32)
1746 1942 1926 2015 quod,
1949 1948 2085 2000 ante
2105 1942 2432 2010 addiscere,
2454 1947 2547 1999 est
2563 1939 2751 1998 homo

318 2014 384 2071 in
413 2014 678 2084 potentia
705 2012 1009 2071 essentiali
1034 2013 1107 2070 ad
1132 2013 1465 2081 scientiam,
1495 2018 1554 2069 et
1578 2012 1713 2070 ideo
1745 2013 1975 2091 indiget
2005 2019 2232 2070 motore
2253 2027 2358 2084 per
2372 2025 2546 2085 quem
2576 2011 2752 2069 redu·

319 2089 489 2141 catur
516 2084 575 2140 in
626 2090 861 2150 actum;
896 2096 1017 2141 non
1060 2089 1278 2151 autem,
1315 2088 1628 2155 postquam
1666 2083 1787 2155 jani
1832 2082 2059 2151 didicit,
2088 2084 2316 2156 indiget
2362 2097 2466 2154 per
2501 2096 2567 2140 se
2614 2094 2749 2139 mo-

322 2159 469 2211 tore.
506 2157 655 2226 Ergo
689 2168 808 2210 non
840 2152 1062 2225 indiget
1087 2152 1400 2211 influentia
1423 2152 1765 2211 intellectus
1794 2154 2048 2226 agentis.

396 2225 544 2281 Dicit
571 2226 743 2281 etiam
781 2224 875 2294 (De
902 2226 1109 2293 anima,
1139 2236 1228 2293 ιιι,
1260 2229 1400 2280 text.
1432 2236 1650 2281 comm.
1679 2224 1767 2295 30)
1840 2223 1958 2282 uod
1983 2224 2402 2297 phantasmata
2425 2237 2491 2281 se
2520 2222 2751 2280 babent

322 2295 396 2352 ad
426 2295 791 2375 intellectum
823 2294 1177 2374 possibilem
1206 2294 1362 2375 sicut
1408 2293 1725 2352 sensibilia
1751 2240 1840 2375 adl·
1863 2307 2111 2353 sensum
2136 2312 2152 2362 ;
2178 2295 2336 2354 unde
2418 2299 2536 2351 atet
2584 2294 2751 2366 quod

319 2365 553 2436 species
583 2365 992 2437 intelligibiles
1019 2364 1251 2423 suntin
1280 2363 1582 2422 intellectu
1612 2364 1889 2438 possibili
1918 2380 1954 2423 a
1981 2365 2380 2438 phantasmati
2426 2377 2520 2435 us,
2538 2367 2598 2420 et
2621 2376 2747 2421 non

321 2449 357 2493 a
389 2436 723 2494 substantia
759 2440 1049 2506 separata.

393 2507 675 2634 Paliones
709 2514 906 2565 autem
952 2521 1084 2579 quae
1137 2504 1413 2564 videntur
1466 2506 1530 2565 in
1582 2506 1946 2566 contrarium
2001 2520 2136 2566 esse
2193 2519 2316 2564 non
2365 2511 2457 2564 est
2502 2502 2749 2563 difficile

322 2590 393 2637 so
419 2593 573 2636 vere.

390 2649 731 2706 Intellectus
762 2649 920 2705 enim
949 2646 1260 2719 possibilis
1286 2649 1467 2707 estin
1499 2653 1634 2706 actu
1654 2647 1917 2719 perfecto
1942 2647 2273 2706 secundum
2304 2646 2536 2717 species
2565 2645 2744 2703 intel-

319 2717 605 2791 ligibiles,
637 2732 818 2790 quum
846 2717 1185 2777 considerat
1212 2725 1346 2776 actu
1374 2737 1388 2786 ;
1419 2732 1604 2790 quum
1633 2732 1771 2775 vero
1797 2731 1920 2776 non
1944 2718 2286 2776 considerat
2311 2723 2468 2784 actu,
2497 2730 2621 2774 non
2652 2724 2749 2774 est

320 2788 384 2846 in
411 2796 543 2847 actu
574 2791 833 2861 pei-secto
854 2789 1183 2847 secundum
1214 2790 1349 2847 illas
1379 2788 1633 2859 specieS,
1665 2789 1769 2846 sed
1799 2802 1866 2846 se
1918 2789 2095 2847 babet
2136 2789 2337 2846 medio
2365 2787 2545 2845 modo
2592 2786 2750 2843 inter

315 2859 644 2930 potentiam
673 2866 731 2916 et
760 2866 976 2917 actum.
1009 2862 1075 2916 Et
1103 2860 1216 2917 hoc
1245 2865 1336 2917 est
1364 2859 1524 2933 quod
1552 2859 1900 2917 Aristoteles
1928 2859 2071 2917 dicit
2101 2857 2198 2929 (De
2240 2861 2446 2915 anima.
2480 2872 2568 2926 111,
2599 2863 2743 2914 text.

320 2943 537 2986 comm.
570 2930 623 2999 8)
693 2928 835 2999 uod,
865 2946 1030 3000 quum
1062 2931 1173 2986 haec
1191 2946 1328 3001 pars
1359 2929 1609 2992 (scilicet
1656 2929 1992 2988 intellectus
2029 2928 2364 3001 possibilis)
2408 2943 2749 2998 unaquaeque

315 3003 437 3068 fiat,
462 3001 635 3055 sciens
704 3002 867 3055 icitur
891 3000 1181 3056 secundum
1209 3005 1388 3056 actum
1409 3018 1428 3067 ς
1459 3001 1557 3056 hoc
1578 3003 1756 3056 autem
1780 3001 1997 3070 accidit,
2024 3016 2188 3070 quum
2209 3002 2388 3071 possit
2411 3000 2629 3069 merari
2644 3013 2750 3067 pen·

318 3072 572 3139 seipsum.
603 3072 702 3125 Est
729 3070 945 3139 quidem
969 3071 1237 3133 similiter,
1268 3076 1318 3125 et
1355 3076 1484 3126 tunc
1503 3073 1755 3141 potentia
1781 3070 2202 3140 quodammodo3
2232 3085 2340 3127 non
2368 3074 2545 3125 tamen
2591 3070 2745 3125 simi-

317 3140 444 3195 liter
465 3144 628 3211 atque
653 3145 777 3196 ante
800 3140 1079 3196 addiscere
1113 3146 1210 3196 aut
1232 3144 1493 3197 invenire.

387 3210 669 3268 Memoria
687 3223 828 3268 vero
856 3211 921 3267 in
946 3215 1110 3281 parte
1140 3212 1425 3269 sensitiva
1474 3210 1737 3292 ponitur,
1766 3213 1910 3294 quia
1953 3217 2044 3270 est
2072 3211 2327 3284 alicujus
2368 3215 2544 3291 prout
2579 3208 2743 3268 eadit

309 3280 432 3339 sub
462 3281 852 3339 determinato
893 3286 1196 3361 tempore3
1228 3296 1351 3339 non
1398 3296 1559 3339 enim
1586 3287 1699 3361 ‚est
1745 3283 1864 3341 nisi
1912 3283 2231 3353 praeteriti3
2262 3287 2321 3338 et
2366 3280 2522 3345 ideo,
2553 3293 2741 3354 quum

315 3363 444 3431 non
485 3351 862 3409 abstrahatur
901 3365 938 3409 a
970 3351 1380 3424 singularibus
1422 3351 1895 3422 conditionibuS,
1932 3366 2054 3411 non
2093 3352 2346 3425 pertinet
2390 3351 2463 3408 ad
2510 3356 2742 3422 partem

316 3421 761 3490 intellectivam,
793 3435 926 3494 quae
973 3427 1063 3480 est
1111 3423 1560 3482 universalium.
1593 3422 1706 3481 Sed
1788 3438 1853 3480 er
1891 3424 2006 3481 hoc
2053 3435 2174 3480 non
2219 3421 2553 3480 excluditur
2594 3420 2745 3494 quin

309 3490 657 3550 intellectus
681 3491 995 3564 possibilis
1024 3492 1105 3552 sit
1141 3495 1590 3551 conservativus
1620 3494 1742 3552 inte
1768 3493 2111 3567 ligibilium,
2140 3507 2271 3565 qnae
2314 3492 2747 3551 abstrahuntur

316 3561 392 3620 ab
423 3563 706 3622 omnibus
735 3562 1185 3623 conditionibus
1214 3564 1696 3635 particularibus.
1729 3564 1773 3636 (1
1790 3569 1978 3656 part„
2004 3579 2064 3637 q.
2092 3576 2297 3633 mxxvi,
2325 3568 2434 3622 art.
2465 3562 2546 3631 6.)

1257 3783 1512 3850 CAPUT
1575 3783 1806 3848 LXXV.

492 3954 729 4004 somno
764 3955 1071 4005 nannum!
1102 3955 1307 4010 QUIBUS
1344 3955 1605 4002 vmss'rtm
1638 3956 1890 4005 monam
1929 3955 2141 4004 umus
2174 3953 2558 4004 maturus

1356 4043 1693 4091 rossanus.

382 4197 467 4257 Ad
489 4196 862 4269 probandum
891 4205 1090 4260 autem
1117 4199 1402 4259 unitatem
1434 4200 1778 4259 intellectus
1818 4199 2128 4273 possibilis
2173 4200 2444 4276 quaedam
2469 4199 2741 4260 rationes

318 4270 714 4351 adducuntur,
735 4283 899 4349 ,quas
927 4284 964 4332 o
1007 4276 1157 4331 ortet
1175 4270 1501 4354 ‚ostendere
1530 4270 1806 4330 efficaces
1839 4285 1963 4331 non
1989 4285 2146 4331 esse.
2371 4341 2383 4353 ,

343 4339 625 4422 ‘videtur
654 4351 812 4396 enim
882 4355 961 4399 uo
1025 4355 1225 4401 omnis
1257 4341 1450 4401 forma
1508 4356 1602 4401 uae
1625 4348 1716 4402 est
1732 4342 2198 4402 unasecundum
2224 4355 2485 4414 speciem
2503 4347 2564 4400 et
2580 4343 2736 4401 mul-

312 4412 615 4483 tiplicatur
657 4422 859 4492 secun·
885 4424 987 4470 um
1030 4426 1364 4483 numerum,
1413 4413 1476 4471 in
1522 4413 1821 4472 ividuetur
1864 4426 1971 4486 per
2016 4412 2363 4481 materiam3
2410 4426 2546 4485 quae
2573 4413 2735 4470 enim

309 4487 455 4563 sunt
485 4494 669 4539 unum
700 4494 898 4554 specie
929 4487 987 4539 et
1025 4484 1215 4543 multa
1240 4484 1573 4543 secundum
1607 4496 1945 4548 numerum,
1973 4483 2337 4543 conveniunt
2361 4482 2424 4540 in
2453 4482 2647 4541 forma
2676 4488 2732 4539 et

312 4550 764 4623 distinguuntur
813 4552 1143 4613 secundum
1198 4555 1527 4614 materiam.
1576 4554 1635 4614 Si
1685 4555 1870 4629 igitur
1917 4554 2254 4614 intellectus
2299 4552 2611 4625 possibilis
2666 4552 2728 4610 in
