3076 5025
354 271 462 328 210
1219 262 1352 317 Lm.
1394 263 1465 328 lt,
1506 261 1658 315 CAP.
1696 258 1942 316 Lxxvn.

357 395 518 448 mata
546 388 621 447 ad
647 388 764 445 boc
796 385 956 459 quod
983 384 1134 442 fiant
1174 382 1557 455 intelligililia
1590 388 1726 439 actu
1777 386 1836 439 et
1863 380 2163 439 moventia
2189 380 2557 439 intellectum
2585 383 2789 451 possi-

355 461 563 529 bilem,
595 457 959 515 conveniens
990 468 1113 512 non
1157 454 1408 522 videtur,
1464 453 1514 510 si
1547 452 1884 510 intellectus
1930 464 2117 531 agens
2201 455 2416 509 onatur
2446 451 2788 511 substantia

359 534 673 601 separata3
713 529 827 585 hoc
860 527 1018 584 enim
1047 524 1279 582 videtur
1306 536 1441 581 esse
1470 523 1776 580 conforme
1864 521 2111 579 ositioni
2185 522 2472 580 icentium
2502 523 2661 594 quod
2694 522 2785 578 in-

358 601 581 658 feriora
616 598 854 669 agentia
876 602 1015 655 sunt
1054 596 1249 652 solum
1281 593 1664 665 disponentia
1697 593 1771 651 ad
1796 607 1833 649 u
1859 593 2064 649 timana
2095 592 2540 672 perfectionem,
2576 592 2784 651 ultima

357 675 558 730 autem
587 669 871 741 perfectio
901 672 992 724 est
1019 666 1096 724 ab
1135 670 1345 738 agente
1389 669 1662 735 separato
1686 681 1700 733 ;
1731 663 1890 736 quod
1920 668 2011 720 est
2037 666 2245 719 contra
2273 667 2629 720 sententiam
2655 664 2781 720 Ari-

360 741 600 800 stotelis
618 739 1094 810 (Metaphys.‚v11,
1124 740 1264 793 text.
1294 749 1510 792 comm.
1541 735 1666 805 28);
1696 747 1816 790 non
1843 734 2002 791 enim
2030 733 2267 790 videtur
2285 733 2688 804 imperfectius
2717 747 2784 791 se

359 811 579 869 babere
607 811 808 867 anima
836 809 1100 865 hnmana
1126 806 1199 863 ad
1229 805 1679 879 intelligendum
1718 817 1898 877 quam
1935 802 2251 861 inferiores
2281 809 2508 862 naturae
2548 804 2624 861 ad
2654 817 2787 876 pro·

433 882 524 938 ias
555 893 591 936 o
635 879 951 936 crationes.

359 894 706 1019 prAmpteus,
739 946 987 1005 effectus
1031 945 1357 1004 nobiliores
1381 945 1445 1002 in
1493 945 1633 1003 istis
1659 943 2046 1002 inferioribus
2082 943 2493 1025 producuntur
2524 957 2645 1002 non
2678 957 2781 1003 so-

361 1020 488 1078 lum
517 1020 590 1078 ab
622 1019 938 1091 agentibus
967 1016 1398 1088 superioribus,
1429 1015 1534 1073 sed
1565 1015 1876 1096 requirunt
1904 1020 2143 1087 agentia
2171 1015 2265 1073 sui
2287 1015 2562 1095 generis;
2596 1014 2792 1072 homi-

362 1103 497 1147 nem
547 1091 708 1147 enim
754 1093 998 1160 generat
1050 1087 1144 1145 sol
1175 1093 1233 1144 et
1279 1087 1489 1155 bom03
1518 1086 1795 1143 similiter
1819 1085 2091 1143 videmus
2121 1085 2183 1141 in
2233 1084 2370 1143 altis
2417 1085 2792 1144 animalibus

359 1162 639 1232 perfectis
669 1159 830 1231 quod
858 1159 1130 1231 quaedam
1165 1156 1457 1230 ignobilia
1481 1156 1767 1214 animalia
1792 1171 1867 1212 ex
1896 1156 2047 1214 solis
2071 1159 2302 1213 tantum
2332 1157 2569 1215 actione
2645 1169 2789 1213 ene-

359 1235 570 1288 rantur
615 1230 841 1301 absque
886 1229 1181 1300 principio
1219 1228 1413 1285 activo
1455 1228 1548 1285 sui
1594 1226 1867 1299 generis;
1898 1226 2055 1284 sicut
2100 1232 2261 1297 patet
2312 1226 2375 1283 in
2416 1227 2616 1284 anima
2646 1225 2790 1285 ibus

362 1302 665 1372 generatis
711 1315 784 1356 ex
825 1299 1280 1370 putrefactione.
1309 1298 1649 1369 Intelligere
1694 1302 1891 1354 autem
1935 1302 2024 1354 est
2067 1295 2485 1355 nobilissimus
2531 1295 2789 1357 effectus

363 1372 464 1442 qui
497 1377 589 1428 est
621 1371 680 1427 in
731 1370 867 1427 istis
897 1369 1304 1426 inferioribus.
1337 1371 1468 1425 Non
1497 1370 1680 1439 igitur
1717 1366 1938 1425 sufficit
1966 1381 2206 1438 ponere,
2235 1367 2311 1425 ad
2341 1369 2561 1440 ipsum,
2594 1380 2789 1440 agens

360 1447 679 1509 remotum,
711 1440 829 1497 nisi
877 1441 1053 1496 etiam
1089 1443 1344 1510 ponatur
1377 1452 1564 1509 agens
1618 1439 1975 1509 proximum.
2003 1440 2135 1495 Haec
2165 1443 2362 1496 autem
2393 1439 2547 1496 ratio
2576 1442 2795 1497 contra

357 1512 723 1639 &Sisennam
758 1522 900 1589 ‚non
931 1510 1200 1580 procedit
1222 1527 1236 1577 ;
1261 1521 1416 1582 (nam
1445 1509 1575 1579 ipse
1607 1508 1777 1579 ponit
1818 1521 1996 1565 omne
2029 1508 2249 1566 animal
2299 1521 2479 1581 posse
2510 1509 2791 1581 generari

442 1594 472 1637 s
520 1596 591 1637 ue
623 1593 872 1637 semine.

434 1596 653 1719 Afflhuc,
685 1649 938 1707 intentio
973 1647 1223 1706 effectus
1262 1647 1631 1705 demonstrat
1658 1652 1969 1719 agentem3
2001 1648 2161 1706 unde
2190 1649 2475 1707 animalia
2502 1655 2793 1723 generata

364 1733 439 1778 ex
467 1720 898 1791 putrefactione
928 1732 1051 1778 non
1076 1725 1219 1776 sunt
1250 1733 1320 1776 ex
1350 1717 1681 1775 intentione
1710 1723 1935 1775 naturae
1965 1719 2288 1788 inferioris,
2319 1719 2422 1777 sed
2455 1720 2791 1792 superioris

363 1795 617 1859 tantum,
668 1790 808 1862 quia
850 1789 1260 1860 producuntur
1301 1788 1374 1847 ab
1420 1793 1634 1860 agente
1683 1788 1976 1859 superiori
2038 1795 2307 1859 tantum;
2337 1797 2577 1861 propter
2625 1790 2791 1863 quod

363 1860 713 1918 Aristoteles
755 1860 1110 1986 garamam„
1134 1872 1244 1941 m,
1273 1863 1412 1916 text.
1432 1872 1651 1940 comm:
1681 1858 1771 1930 30)
1821 1858 1965 1940 {licit
2006 1874 2076 1917 ea
2111 1859 2237 1918 fieri
2289 1874 2468 1941 casuj
2501 1861 2791 1942 animalia

366 1936 573 1988 autem*
594 1945 726 2003 quae
801 1937 908 1988 unt
936 1944 1009 1988 ex
1037 1943 1286 1999 semine,
1318 1934 1464 1987 sunt
1501 1943 1574 1986 ex
1631 1934 1961 1986 intentlone
1991 1936 2219 1988 naturae
2246 1944 2575 2001 superioris
2604 1936 2663 1989 et
2694 1945 2787 1988 m-

366 2000 628 2060 serioriS.
687 2000 789 2058 Hic
847 2005 1048 2060 autem
1084 2000 1332 2058 effectus
1377 1999 1479 2072 qui
1523 2006 1617 2057 est
1664 1999 2006 2058 abstrahere
2049 2001 2271 2059 formas
2335 2002 2711 2059 universales
2755 2016 2790 2059 a

364 2070 905 2141 phantasmatibus,
938 2070 1114 2128 estin
1144 2070 1475 2128 intentione
1505 2075 1730 2140 nostra,
1754 2084 1875 2128 non
1897 2071 2095 2129 solum
2118 2072 2177 2128 in
2199 2072 2527 2131 intentione
2549 2072 2789 2146 agentis

365 2143 602 2200 remoti.
631 2145 654 2199 1
701 2141 819 2198 itur
848 2147 1081 2212 oportet
1106 2142 1168 2197 in
1197 2140 1376 2198 nobis
1392 2153 1615 2211 ponere
1635 2140 1874 2213 aliquod
1905 2142 2239 2213 proximum
2258 2143 2619 2214 principium
2646 2143 2789 2201 talis

365 2210 637 2270 effectus.
718 2225 788 2269 oc
818 2217 1016 2270 autem
1047 2218 1140 2270 est
1165 2211 1502 2269 intellectus
1531 2225 1739 2284 agens,
1768 2214 1897 2270 Non
1928 2217 2020 2270 est
2048 2212 2232 2286 igitur
2247 2213 2584 2271 substantia
2610 2226 2786 2285 sepa-

366 2286 516 2349 rata,
545 2281 650 2340 sed
681 2282 882 2354 aliqua
908 2283 1097 2340 virtus
1123 2282 1337 2339 animae
1365 2288 1610 2339 nostrae.

433 2354 591 2419 Item,
625 2353 688 2409 in
716 2358 928 2411 natura
957 2352 1279 2434 cujuslibet
1304 2352 1601 2410 moventis
1629 2356 1721 2410 est
1746 2352 2101 2424 principium
2132 2352 2443 2412 sufficiens
2462 2353 2540 2412 ad
2563 2367 2776 2425 opera·

365 2421 594 2481 tionem
623 2423 954 2482 naturalem
991 2423 1289 2496 ejusdem
1318 2423 1374 2482 si
1403 2422 1642 2495 quidem
1671 2424 1941 2494 operatio
1985 2423 2089 2481 illa
2112 2424 2405 2481 consistat
2432 2424 2496 2481 in
2525 2425 2785 2493 actione,

363 2493 539 2552 adest
562 2493 616 2553 ei
647 2494 1008 2565 principium
1045 2494 1323 2564 activum,
1344 2493 1501 2552 sicut
1532 2499 1692 2565 patet
1718 2493 1790 2551 de
1831 2493 2117 2565 potentiis
2142 2495 2358 2553 animae
2388 2494 2686 2553 nutritivae
2718 2494 2785 2552 in

365 2564 616 2635 plantis;
645 2565 699 2623 si
728 2579 869 2623 vero
897 2565 1165 2637 operatio
1193 2565 1299 2623 illa
1339 2565 1634 2624 consistat
1677 2564 1739 2624 in
1780 2567 2083 2645 passione,
2114 2566 2285 2623 adest
2326 2565 2377 2623 ei
2424 2565 2787 2637 principium

365 2636 695 2705 passivum,
717 2636 874 2694 sicut
912 2641 1072 2707 patet
1106 2638 1179 2695 de
1206 2635 1490 2708 potentiis
1522 2636 1830 2693 sensitivis
1859 2636 1922 2692 in
1951 2635 2333 2694 animalibus.
2366 2638 2555 2694 Homo
2585 2643 2786 2694 autem

368 2711 459 2762 est
482 2706 958 2777 perfectissimus
989 2707 1144 2764 inter
1170 2707 1376 2764 omnia
1402 2707 1687 2764 inferiora
1710 2707 2038 2776 moventia,
2064 2707 2195 2779 ejus
2227 2713 2421 2764 autem
2455 2707 2700 2778 propria
2729 2712 2790 2764 et

355 2777 660 2834 maturatis
689 2778 957 2847 operatio
975 2782 1070 2835 est
1105 2777 1461 2851 inteiligas,
1493 2791 1627 2849 quae
1657 2790 1779 2857 non
1809 2779 2142 2905 completur
2169 2777 2303 2836 sine
2324 2778 2610 2860 passione
2639 2791 2787 2858 qua-

363 2845 526 2914 dam,
557 2846 618 2903 in
668 2853 956 2918 quantum
1000 2847 1253 2920 quilibet
1277 2847 1620 2905 intellectus
1647 2851 1867 2918 patitur
1908 2862 1940 2905 a
2020 2848 2408 2920 intelligibili,
2440 2863 2551 2907 nec
2603 2853 2786 2905 ettam

366 2915 501 2974 sine
529 2917 785 2986 actione,
817 2918 881 2976 in
910 2923 1196 2989 quantum
1253 2917 1594 2975 intellectus
1624 2917 1764 2975 facit
1816 2918 2219 2990 intelligibilia
2246 2919 2309 2976 in
2355 2919 2621 2990 potentia
2649 2931 2788 2978 esse

361 2984 771 3057 intelligibilia
815 2987 878 3043 in
925 2992 1082 3045 actu.
1114 2990 1354 3060 Oportet
1401 2988 1585 3061 igitur
1636 2988 1700 3045 in
1729 2993 1942 3045 natura
1991 2987 2254 3047 hominis
2306 3004 2441 3047 esse
2472 2990 2788 3063 utriusque

364 3056 673 3126 proprium
719 3057 912 3126 princi
959 3059 1117 3127 ium,
1170 3057 1400 3117 scilicet
1439 3058 1817 3138 'intellectum
1867 3064 2139 3132 agentem
2193 3065 2251 3116 et
2295 3060 2668 3131 possibilem,
2728 3064 2789 3117 et

366 3132 672 3190 neutrum,
704 3138 846 3184 secu
935 3142 1031 3185 um
1061 3141 1221 3197 esse,
1253 3128 1328 3187 ab
1352 3142 1555 3186 amma
1582 3128 1847 3186 bominis
1871 3136 2206 3200 separatum
2236 3133 2393 3188 esse'.

436 3197 652 3260 Adhuc,
686 3196 738 3254 si
765 3198 1101 3256 intellectus
1130 3212 1318 3271 agens
1358 3205 1454 3255 est
1489 3198 1760 3271 quaedam
1796 3199 2133 3257 substantia
2174 3206 2467 3271 separata,
2498 3199 2791 3258 manifes-

365 3269 493 3324 tum
524 3273 618 3325 est
659 3267 819 3339 quod
852 3273 943 3326 est
990 3282 1169 3340 supra
1216 3274 1486 3327 naturam
1521 3269 1805 3327 bominis.
1839 3271 2113 3340 Operatio
2156 3276 2351 3329 autem
2385 3283 2563 3343 quam
2601 3270 2789 3329 homo

365 3343 605 3394 exercet
630 3338 762 3395 sota
794 3338 1007 3397 virtute
1053 3339 1313 3412 alicujus
1351 3340 1825 3410 supernaturalis
1855 3340 2226 3411 substantiae,
2252 3346 2341 3399 est
2390 3340 2659 3412 operatio
2688 3355 2789 3399 su-

365 3408 786 3478 pernaturalis,
821 3414 884 3465 ut
922 3410 1208 3466 miracula
1257 3411 1449 3467 facere
1498 3416 1557 3467 et
1599 3411 1951 3482 prophetare
2002 3417 2059 3468 et
2105 3411 2230 3469 alia
2264 3411 2609 3483 huiusmodi
2652 3425 2791 3484 quae
2842 3427 2853 3435 ·

365 3476 571 3535 divino
600 3492 846 3560 munere
877 3479 1154 3540 homines
1177 3486 1519 3551 operantur.
1554 3482 1748 3548 Quum
1777 3480 1961 3552 igitur
1987 3480 2168 3539 bomo
2196 3495 2317 3540 non
2345 3482 2541 3554 possit
2568 3481 2791 3540 intelli·

364 3560 505 3619 gere
556 3550 673 3606 nisi
724 3555 936 3608 virtute
996 3550 1336 3609 intellectus
1384 3553 1641 3624 agentis,
1668 3551 1722 3608 si
1774 3551 2116 3609 intellectus
2150 3566 2336 3624 agens
2375 3559 2468 3611 est
2507 3553 2787 3625 quaedam

363 3618 707 3676 substantia
735 3624 1028 3690 separata,
1052 3621 1322 3701 sequitur
1347 3621 1507 3696 quod
1535 3621 1869 3694 intelligere
1897 3635 2018 3679 non
2047 3622 2125 3681 sit
2167 3623 2433 3694 operatio
2458 3624 2704 3696 propria
2730 3628 2795 3683 et

365 3690 658 3768 naturalis
709 3689 972 3759 homini3
1006 3696 1066 3747 et
1105 3704 1199 3771 sic
1237 3692 1420 3750 bomo
1460 3704 1587 3750 non
1640 3691 1856 3764 poterit
1901 3692 2137 3751 definiri
2179 3708 2287 3767 per
2331 3693 2447 3753 boc
2487 3693 2649 3768 quod
2694 3699 2797 3752 est

364 3759 767 3818 intellectivus
796 3767 899 3818 aut
925 3761 1259 3819 rationalis.

370 3895 385 3908 ·
432 3830 719 3898 Praeterea,
751 3831 903 3888 nihil
942 3838 1220 3902 operatur
1253 3829 1375 3891 nisi
1415 3846 1521 3904 per
1565 3833 1827 3906 aliquam
1871 3834 2147 3892 virtutem
2181 3848 2317 3908 quae
2356 3835 2690 3893 formaliter
2717 3836 2790 3896 in

363 3910 501 4026 {198⁰
531 3907 650 3969 est;
683 3900 839 3959 unde
877 3902 1224 3960 Aristoteles
1250 3901 1351 3974 (De
1385 3905 1590 3967 maimo,
1622 3917 1691 3972 ιι,
1719 3909 1859 3961 text.
1889 3917 2107 3963 comm.
2145 3909 2235 3975 24,
2262 3910 2332 3963 25
2379 3911 2437 3965 et
2462 3906 2554 3978 26)
2583 3912 2792 3965 osten-

409 3975 455 4047 1t
482 3970 640 4047 quod
684 3984 804 4043 quo
830 3972 1087 4031 vivimus
1125 3978 1185 4029 et
1211 3973 1507 4031 sentimus
1545 3979 1636 4031 est
1664 3975 1855 4032 forma
1879 3979 1937 4032 et
1961 3981 2151 4034 actus.
2177 3976 2290 4034 Sed
2322 3982 2569 4050 utraque
2597 3978 2789 4049 acti0,

368 4036 598 4095 scilicet
642 4040 979 4101 intellectus
1036 4042 1348 4115 possibilis
1394 4049 1454 4100 et
1506 4043 1847 4102 intellectus
1896 4045 2153 4118 agentis,
2188 4047 2467 4105 convenit
2512 4048 2791 4120 homini3

366 4105 550 4188 hemo
578 4112 737 4168 enim
759 4113 991 4182 species
1020 4113 1312 4195 abstrabit
1335 4114 1937 4195 aphantasmatibus,
1969 4120 2027 4173 et
2072 4116 2284 4189 recipit
2309 4119 2528 4175 mentis
2558 4118 2788 4176 intelli·

363 4177 577 4258 ειὶιιιιιι
604 4187 772 4260 actu;
799 4196 925 4240 non
972 4197 1131 4242 emm
1176 4183 1347 4242 aliter
1374 4197 1436 4242 ιιι
1486 4186 1761 4243 notitiam
1791 4185 2001 4243 harum
2049 4188 2351 4245 actionum
2384 4189 2791 4260 venissemus,

365 4260 486 4305 nist
507 4261 614 4306 eas
639 4262 701 4306 ιιι
729 4252 907 4311 nobis
936 4254 1361 4326 experiremur.
1396 4255 1641 4326 Oportet
1668 4257 1852 4329 igitur
1876 4256 2038 4327 quod
2062 4258 2357 4331 principia
2384 4259 2605 4332 quibus
2625 4260 2796 4317 attri-

364 4315 633 4377 buuntur
660 4320 749 4403 bin
768 4323 1057 4394 actiones,
1089 4324 1319 4382 scilicet
1348 4325 1688 4384 intellectus
1716 4327 2028 4397 possibilis
2059 4334 2119 4386 et
2147 4342 2356 4403 agens,
2380 4330 2505 4388 sint
2531 4329 2789 4389 virtutes

365 4389 638 4461 quaedam
689 4404 755 4450 ιιι
823 4392 999 4454 nobis
1041 4394 1372 4455 formaliter
1412 4399 1791 4458 exsistentes.
1844 4397 1911 4459 si
1964 4403 2163 4460 autem
2209 4399 2445 4462 dicatur
2489 4400 2653 4477 quod
2690 4399 2792 4462 bae
