3076 5025
459 304 561 359 548
1312 297 1446 352 LIB.
1488 296 1575 363 IV,
1616 297 1768 352 CAP.
1807 296 2037 352 XXXIII.

457 419 1055 495 potest.Manifestum
1071 423 1375 478 astantem
1406 418 1666 475 animam
1688 417 2089 489 principaliter
2109 416 2182 474 de
2201 417 2432 474 ratione
2448 415 2705 474 hominis
2722 430 2840 486 esse,

458 505 640 566 quum
673 490 750 547 sit
777 489 906 561 ejns
939 491 1147 547 forma.
1179 488 1236 548 Si
1264 489 1445 562 igitur
1484 488 1750 546 Christus
1794 491 2055 545 animam
2099 501 2217 545 non
2249 486 2476 550 habuit,
2506 502 2682 544 verus
2708 485 2842 547 homo

456 575 577 620 non
610 560 738 629 fuit,
769 574 952 631 quum
983 566 1178 617 tamen
1229 574 1365 617 eum
1391 559 1695 616 hominem
1728 560 2047 629 Apostolus
2075 563 2328 622 asserat,
2361 557 2611 616 dicens:
2647 561 2845 614 Unmut

454 631 722 690 mediator
747 633 846 686 Dei
866 635 919 687 et
943 630 1239 695 hominum,
1269 631 1421 686 homo
1440 630 1685 687 Christus
1711 629 1926 700 sesu.(1
1946 632 2187 697 Ὶϊηι.,11,
2216 629 2295 700 5.)

527 702 744 762 Adhuc,
776 716 846 757 ex
875 702 1077 760 anima
1123 714 1240 757 uon
1271 701 1467 759 solum
1500 701 1651 757 ratio
1675 698 1961 766 hominis,
1995 699 2100 757 sed
2128 705 2187 755 et
2222 699 2602 772 singularum
2630 697 2846 769 partium

458 772 593 845 ejus
640 770 932 842 dependet
959 788 975 838 ;
1027 771 1204 839 unde,
1249 778 1476 828 remota
1521 770 1739 838 anima,
1769 771 2005 840 oculuS‚
2034 782 2173 827 caro
2202 775 2259 827 et
2289 784 2361 828 os
2387 768 2654 826 hominis
2683 769 2845 826 mortui

459 843 766 915 aequivoce
813 841 1107 903 dicuntur,
1158 841 1314 898 sicut
1353 842 1565 898 oculus
1593 843 1789 911 pictus
1819 845 1921 897 aut
1951 840 2243 912 lapideus.
2269 840 2330 898 si
2358 840 2544 912 igitur
2575 838 2638 896 in
2669 839 2847 919 Christo

457 926 582 971 non
634 912 744 969 fuit
791 912 1010 980 anima,
1061 924 1309 971 necesse
1340 918 1432 970 est
1476 912 1636 983 quod
1685 925 1793 968 nec
1822 925 1960 968 vera
1988 924 2128 968 caro
2164 910 2227 968 in
2259 924 2332 970 eo
2356 910 2539 968 fuerit
2561 924 2674 967 nec
2700 910 2855 982 aliqua

457 981 581 1042 alia
609 981 861 1053 partium
889 980 1191 1047 hominis;
1245 995 1429 1055 quum
1482 987 1679 1038 tamen
1730 980 1845 1039 hoc
1893 982 2180 1039 Dominus
2203 981 2267 1038 in
2296 995 2363 1039 se
2390 994 2530 1039 esse
2572 979 2855 1052 perhibeat,

409 1071 418 1081 ·
458 1052 663 1114 dicens
679 1053 949 1121 :spiritus
970 1067 1187 1108 carnem
1201 1057 1252 1108 et
1269 1068 1392 1109 ossa
1406 1067 1515 1108 non
1529 1053 1709 1121 habet,
1724 1054 1866 1107 simet
1878 1068 1963 1108 me
1977 1053 2173 1108 videtis
2189 1050 2751 1132 habere.(Luc.,xx1v‚
2766 1049 2857 1122 39.)

528 1124 804 1193 Amplius,
850 1122 1009 1196 quod
1061 1130 1381 1197 generatur
1426 1138 1498 1180 ex
1547 1121 1747 1195 aliquo
1774 1121 2003 1179 vivente
2033 1121 2194 1180 filius
2221 1121 2354 1193 eius
2379 1120 2495 1178 dici
2522 1133 2645 1178 non
2678 1125 2857 1191 potest,

457 1193 580 1254 nisi
611 1195 670 1250 in
701 1192 908 1250 eadem
941 1193 1139 1264 specie
1170 1193 1485 1265 procedat;
1512 1206 1630 1251 non
1663 1193 1819 1250 enim
1849 1192 2065 1250 vermis
2093 1192 2310 1250 dicitur
2337 1190 2497 1248 filius
2529 1191 2861 1248 animalisex

461 1278 582 1337 quo
610 1267 947 1336 generatur.
992 1263 1128 1333 Sed,
1163 1264 1215 1321 si
1263 1263 1529 1322 Christus
1560 1262 1814 1319 animam
1845 1274 1965 1319 non
1996 1262 2262 1329 haberet,
2292 1274 2415 1318 nou
2443 1264 2609 1318 esset
2632 1259 2863 1341 ejusdem

460 1334 679 1404 speciei
713 1348 850 1390 cum
882 1333 1018 1390 aliis
1048 1333 1436 1401 hominibus;
1467 1345 1599 1404 quae
1620 1332 1780 1389 enim
1801 1332 2132 1389 secundum
2152 1331 2400 1389 sormam
2426 1330 2706 1388 differunt
2738 1344 2868 1403 ejus·

462 1405 595 1462 dem
644 1402 861 1471 speciei
912 1416 1046 1459 esse
1095 1416 1213 1460 non
1257 1409 1532 1474 possunt.
1582 1404 1711 1459 Non
1742 1403 1924 1475 igitur
1949 1402 2064 1460 dici
2096 1402 2308 1474 poterit
2333 1401 2492 1474 quod
2525 1401 2779 1459 Christus
2804 1401 2867 1460 sit

461 1473 626 1532 filius
657 1473 849 1530 Mariae
875 1473 1134 1543 Virginis
1158 1480 1261 1530 aut
1296 1473 1454 1546 quod
1482 1472 1589 1530 illa
1615 1473 1694 1529 sit
1718 1478 1908 1530 mater
1929 1473 2060 1546 ejus
2086 1490 2103 1543 ;
2129 1471 2291 1546 quod
2321 1477 2519 1530 tamen
2550 1472 2616 1529 in
2644 1485 2865 1544 evange·

459 1543 576 1603 lica
606 1544 901 1613 Scriptura
928 1543 1235 1601 asseritur.

531 1617 817 1676 Praeterea,
860 1613 924 1670 in
975 1613 1290 1685 Evangelio
1341 1627 1623 1684 expresse
1651 1613 1867 1672 dicitur
1892 1614 2053 1687 quod
2084 1612 2350 1672 Christus
2377 1614 2638 1671 animam
2667 1611 2868 1681 habuit,

463 1684 620 1744 sicut
668 1688 759 1741 est
802 1682 948 1741 illud
979 1701 994 1740 ε
1048 1685 1245 1740 Tristis
1290 1688 1369 1739 est
1413 1687 1601 1740 anima
1625 1701 1747 1740 mea
1772 1700 1942 1755 usque
1966 1685 2044 1740 ad
2067 1688 2288 1740 mortem
2317 1683 2537 1755 (Manli.
2568 1695 2731 1752 xxvl,
2757 1682 2867 1754 38);

464 1760 521 1811 et
554 1772 568 1811 ε
599 1756 754 1810 Nunc
780 1756 968 1810 anima
993 1770 1114 1809 mea
1153 1755 1483 1811 turbataest.
1517 1756 1755 1827 (Ionum,
1787 1768 1893 1824 xu,
1922 1756 2041 1826 27).
2068 1757 2156 1823 Et,
2188 1768 2264 1811 ne
2292 1753 2442 1811 forte
2470 1753 2674 1812 dicant
2696 1753 2869 1833 ipsum

461 1824 671 1883 Filium
723 1824 823 1882 Dei
871 1825 1129 1882 animam
1172 1825 1311 1894 dici,
1339 1838 1411 1882 eo
1434 1826 1593 1897 quod
1624 1825 1953 1883 secundum
1982 1838 2189 1883 eorum
2212 1825 2579 1897 positionem
2606 1824 2734 1881 loco
2766 1835 2870 1880 am·

461 1908 575 1953 111ae
606 1899 664 1950 et
686 1893 886 1951 carnis
912 1894 1006 1963 sit,
1043 1894 1397 1952 sumendum
1425 1900 1518 1952 est
1543 1896 1703 1967 quod
1735 1896 2022 1953 Dominus
2049 1895 2229 1953 dicit:
2259 1897 2583 1952 Potestatem
2612 1894 2769 1950 habeo
2791 1907 2871 1964 po·

460 1964 630 2020 nendi
655 1966 901 2019 animam
929 1980 1103 2020 meam
1128 1969 1180 2018 et
1206 1967 1402 2020 iterum
1431 1966 1682 2021 sumendi
1707 1982 1823 2021 eam
1853 1964 2091 2038 (Joann.‚
2121 1978 2184 2035 x,
2213 1965 2299 2035 18)
2322 1983 2339 2033 ;
2368 1978 2442 2022 ex
2513 1978 2593 2023 uo
2618 1962 2871 2036 intelligi·

452 2039 560 2113 ¹tut:
587 2033 747 2090 aliud
796 2047 976 2105 quam
1013 2034 1271 2102 animam
1301 2048 1436 2093 esse
1485 2036 1545 2092 in
1579 2036 1811 2093 Christo
1841 2036 1998 2108 quod
2028 2034 2237 2093 hahuit
2258 2039 2489 2107 potesta
2515 2049 2609 2092 em
2637 2032 2873 2113 ponendi

461 2116 722 2162 ammam
752 2117 924 2160 suam
954 2108 1012 2160 et
1040 2105 1334 2162 sumendi.
1367 2108 1494 2163 Non
1523 2113 1720 2163 autem
1752 2105 1860 2162 suit
1886 2106 1944 2163 in
1975 2110 2266 2178 potestate
2288 2106 2559 2176 corporis
2589 2105 2743 2178 quod
2765 2116 2873 2162 um-

462 2179 627 2233 retur
655 2172 799 2230 Filio
832 2173 933 2230 Dei
962 2174 1053 2231 vel
1082 2179 1456 2246 separaretur
1483 2190 1521 2232 a
1553 2179 1693 2245 Deo,
1766 2190 1907 2233 uum
1932 2176 2048 2235 hoc
2088 2177 2261 2233 etiam
2290 2180 2517 2234 naturae
2546 2179 2873 2247 potestatem

464 2243 728 2301 excedat.
778 2244 1019 2315 Oportet
1066 2244 1248 2325 igitur
1289 2245 1542 2318 intelligi
1582 2246 1640 2303 in
1777 2247 1921 2305 rislo
1967 2247 2128 2306 aliud
2160 2246 2347 2305 fuisse
2371 2246 2634 2303 animam
2654 2250 2712 2304 et
2735 2242 2873 2304 aliud

464 2313 826 2371 divinitatem
855 2314 982 2371 Filii
1001 2316 1125 2382 Dei,
1157 2315 1253 2373 cui
1281 2315 1490 2374 merito
1521 2316 1659 2374 talis
1688 2322 1952 2388 potestas
1978 2317 2276 2375 tribuitur.

535 2386 685 2445 Item.
718 2384 974 2453 tristitia,
1002 2386 1092 2442 ira
1122 2389 1180 2442 et
1203 2385 1545 2459 hujusmodi
1580 2388 1894 2458 passiones
1922 2395 2065 2446 sunt
2083 2387 2294 2445 animae
2314 2386 2639 2456 sensitivae‚
2658 2391 2723 2445 ut
2736 2388 2878 2458 patet

463 2468 570 2529 per
600 2453 1025 2528 Philosophum
1055 2456 1336 2530 (Physic.,
1356 2457 1485 2529 vu).
1508 2460 1641 2516 Haec
1664 2462 1858 2517 autem
1889 2459 1951 2515 in
1981 2458 2215 2517 Christo
2242 2457 2429 2517 fuisse
2457 2472 2529 2516 ex
2566 2454 2875 2532 evangeliis

465 2528 903 2653 οῗωριὈὺειῑέιικ
936 2528 1176 2655 Οιὶιοηει
1202 2528 1380 2602 igitur
1408 2529 1470 2586 in
1501 2529 1734 2587 Christo
1764 2531 1953 2587 fnisse
1976 2530 2236 2589 animam
2266 2529 2644 2599 sensitivam,
2675 2529 2745 2586 de
2769 2538 2874 2600 qua

462 2608 503 2667 p
530 2610 710 2653 anum
739 2611 805 2654 es
889 2610 969 2655 uo

503 2667 671 2748 ‚Sed‚
704 2612 1064 2739 quiaqpotest
1089 2668 1199 2726 dici
1231 2668 1491 2727 humana
1517 2671 1579 2727 in
1614 2670 1942 2744 Evangeliis
1959 2670 2361 2743 metaphorice
2388 2671 2504 2729 dici
2530 2671 2607 2729 de
2637 2669 2871 2735 Christo,

466 2741 623 2794 sicut
647 2738 718 2795 de
751 2739 868 2795 Deo
897 2738 958 2795 in
984 2738 1283 2811 plerisque
1328 2740 1474 2799 locis
1519 2754 1691 2798 sacra
1722 2741 2020 2810 Scriptura
2048 2741 2330 2814 loquitur,
2360 2741 2771 2812 accipiendum
2797 2739 2875 2795 ost

465 2805 684 2878 aliquid
714 2809 873 2888 quod
906 2821 1151 2868 necesse
1181 2810 1261 2867 sit
1291 2814 1355 2868 ut
1386 2812 1621 2882 proprie
1668 2810 1890 2868 dictum
1936 2811 2320 2884 intelligatur.
2369 2810 2535 2868 Sicut
2571 2810 2733 2868 enim
2774 2807 2873 2866 alia

464 2878 818 2948 corporalia,
848 2892 980 2957 quae
1008 2878 1081 2936 de
1110 2878 1343 2938 Christo
1372 2880 1749 2952 evangelista)
1794 2884 2053 2948 narrant,
2101 2881 2336 2962 proprie
2378 2879 2799 2954 intelliguntur
2822 2880 2873 2936 et

465 2958 588 3004 non
617 2945 1034 3018 metaphorice,
1062 2949 1145 3005 ita
1164 2953 1397 3020 oportet
1422 2962 1544 3007 non
1576 2950 1974 3019 metaphorice
2003 2951 2076 3009 de
2107 2964 2239 3022 ipso
2266 2951 2520 3024 intelligi
2550 2950 2712 3024 quod
2731 2960 2875 3027 man:

466 3016 769 3073 ducaverit
792 3023 845 3073 et
879 3031 982 3087 per
1015 3031 1393 3090 consequens
1422 3019 1581 3092 quod
1609 3020 1901 3078 esurierit.
1954 3021 2189 3079 Esurire
2229 3025 2425 3080 autem
2464 3034 2589 3078 non
2638 3023 2734 3078 est
2774 3018 2874 3075 nist

465 3085 740 3144 habentis
768 3087 1029 3145 animam
1059 3088 1421 3156 sensitivam,
1452 3104 1634 3160 quum
1662 3092 1890 3149 esuries
1911 3090 1989 3148 sit
2014 3090 2311 3165 appetitus
2337 3090 2480 3150 cibi.
2508 3092 2755 3164 oportet
2778 3087 2873 3161 igi·

461 3159 564 3214 tur
586 3158 747 3230 quod
775 3156 1045 3217 Christus
1063 3158 1337 3217 hahuerit
1363 3160 1628 3218 animam
1658 3161 2025 3221 sensitivam.

1035 2596 1228 2655 differt
1254 2613 1292 2656 a
1324 2604 1535 2657 natura
1564 2599 1767 2657 divina
1789 2600 1919 2658 Filii
1951 2600 2075 2659 Dei.

1387 3361 1643 3427 CAPUT
1679 3362 1953 3427 XXXIII.

462 3530 544 3578 m?-
589 3532 819 3578 molus
864 3532 1244 3580 nummulus
1298 3532 1571 3580 mumius
1627 3534 1867 3580 ANmAM
1933 3533 2318 3582 numum
2380 3533 2506 3581 Non
2576 3533 2780 3582 mssa
2824 3529 2879 3577 ni

533 3619 797 3677 cums'ro,
824 3620 900 3665 ΕΤ
924 3621 1001 3665 DE
1035 3622 1266 3675 ERRORE
1301 3620 1572 3667 ememus
1609 3622 1875 3668 molimus
1909 3622 2149 3669 Attum!
2182 3622 2413 3670 cums'n
2444 3622 2607 3670 ANTE
2641 3615 2878 3671 1111an

533 3707 737 3754 rmssn
788 3708 1082 3755 cultum.

467 3935 481 3948 .
533 3865 635 3924 His
658 3868 854 3947 autem
879 3866 1630 3948 testimoniis-evangelicis
1673 3866 2032 3938 Apollinaris
2078 3868 2412 3933 convictus,
2441 3868 2767 3927 consessus
2794 3866 2880 3944 est

460 3950 524 3993 in
552 3935 781 3994 Christo
807 3949 1066 3994 ammam
1095 3937 1436 3994 sensitivam
1469 3937 1676 4006 fuisse,
1709 3944 1906 3995 tamen
1934 3938 2068 3996 sine
2111 3944 2311 3996 mente
2359 3941 2418 3995 et
2446 3938 2778 4003 intellectu,
2803 3937 2877 3991 tta

462 4008 619 4076 quod
652 4006 900 4064 Verbum
936 4007 1034 4064 Dei
1061 4007 1233 4064 fuerit
1253 4006 1337 4064 illi
1369 4008 1581 4065 animae
1613 4008 1744 4066 loco
1774 4008 2112 4067 intellectus
2132 4013 2194 4066 et
2218 4008 2456 4067 mentis.
2487 4009 2599 4067 Sed
2635 4020 2748 4066 nec
2768 4005 2876 4063 hoc

465 4074 688 4134 sufficit
716 4077 790 4135 ad
817 4076 1292 4135 inconvenientia
1322 4078 1600 4149 praedicta
1616 4079 1878 4136 vitanda.

537 4146 724 4225 Homo
740 4148 900 4205 enim
932 4148 1188 4219 speciem
1220 4149 1464 4206 sortitur
1492 4149 1812 4206 humanam
1842 4163 1913 4206 ex
1938 4148 2057 4207 hoc
2084 4149 2245 4221 quod
2273 4155 2533 4207 mentem
2559 4149 2872 4223 humanam

465 4215 524 4268 et
555 4219 841 4296 rationem
864 4217 1062 4277 habet.
1092 4217 1146 4276 Si
1177 4218 1353 4289 igitur
1377 4218 1646 4276 Christus
1678 4219 1792 4277 hoc
1821 4232 1938 4277 non
1969 4218 2193 4289 habuit,
2219 4234 2396 4278 verus
2424 4218 2606 4278 homo
2635 4214 2875 4276 nonfuit

466 4294 576 4363 nec
603 4286 868 4365 ejusdem
897 4288 1113 4359 speciei
1145 4288 1477 4346 nobiscum.
1508 4290 1715 4347 Anima
1737 4293 1932 4347 autem
1953 4290 2182 4348 ratione
2210 4304 2424 4350 carens
2451 4290 2523 4348 ad
2554 4290 2727 4348 aliam
2746 4296 2871 4356 spe-

472 4365 618 4408 ciem
653 4359 898 4423 pertinet
925 4372 1101 4429 quam
1133 4361 1328 4415 anima
1356 4361 1643 4417 rationem
1671 4358 1937 4428 hahens3
1972 4361 2213 4430 etenim,
2255 4362 2583 4418 secundum
2611 4357 2870 4416 Philoso-

464 4421 650 4491 phum
676 4423 1044 4499 metaphys„
1078 4440 1209 4497 vm,
1238 4435 1375 4486 text.
1396 4443 1616 4488 comm.
1650 4430 1759 4503 lo),
1788 4431 2007 4489 dicitur
2037 4431 2218 4504 quod,
2246 4431 2310 4489 in
2347 4429 2788 4490 definitionibus
2812 4422 2869 4480 et
