<?xml version="1.0" encoding="UTF-8"?>
<!DOCTYPE html PUBLIC "-//W3C//DTD XHTML 1.0 Transitional//EN"
    "http://www.w3.org/TR/xhtml1/DTD/xhtml1-transitional.dtd">
<html xmlns="http://www.w3.org/1999/xhtml" xml:lang="en" lang="en">
 <head>
  <title>
</title>
<meta http-equiv="Content-Type" content="text/html;charset=utf-8" />
  <meta name='ocr-system' content='tesseract 3.04.00' />
  <meta name='ocr-capabilities' content='ocr_page ocr_carea ocr_par ocr_line ocrx_word'/>
</head>
<body>
  <div class='ocr_page' id='page_1' title='image "./deveritatecatho00rubegoog_0325.png"; bbox 0 0 3076 5025; ppageno 0'>
   <div class='ocr_carea' id='block_1_1' title="bbox 1145 263 2696 358">
    <p class='ocr_par' dir='ltr' id='par_1_1' title="bbox 1145 263 2696 358">
     <span class='ocr_line' id='line_1_1' title="bbox 1145 263 2696 358; baseline 0.005 -11"><span class='ocrx_word' id='word_1_1' title='bbox 1145 291 1278 348; x_wconf 78' lang='lat' dir='ltr'>ue.</span> <span class='ocrx_word' id='word_1_2' title='bbox 1317 293 1416 358; x_wconf 87' lang='lat'>111,</span> <span class='ocrx_word' id='word_1_3' title='bbox 1457 292 1611 349; x_wconf 77' lang='lat' dir='ltr'>GAP.</span> <span class='ocrx_word' id='word_1_4' title='bbox 1650 293 1825 349; x_wconf 76' lang='lat' dir='ltr'>xxvi.</span> <span class='ocrx_word' id='word_1_5' title='bbox 1915 263 1925 269; x_wconf 77' lang='grc'><strong>’</strong></span> <span class='ocrx_word' id='word_1_6' title='bbox 2595 300 2696 354; x_wconf 75' lang='lat'>291</span> 
     </span>
    </p>
   </div>
   <div class='ocr_carea' id='block_1_2' title="bbox 0 412 2706 4496">
    <p class='ocr_par' dir='ltr' id='par_1_2' title="bbox 267 412 2705 919">
     <span class='ocr_line' id='line_1_2' title="bbox 330 412 2704 489; baseline 0.002 -17"><span class='ocrx_word' id='word_1_7' title='bbox 330 414 551 477; x_wconf 74' lang='lat' dir='ltr'>Adhuc,</span> <span class='ocrx_word' id='word_1_8' title='bbox 584 414 648 471; x_wconf 89' lang='lat' dir='ltr'>in</span> <span class='ocrx_word' id='word_1_9' title='bbox 677 412 958 471; x_wconf 90' lang='lat' dir='ltr'>omnibus</span> <span class='ocrx_word' id='word_1_10' title='bbox 988 413 1273 485; x_wconf 88' lang='lat' dir='ltr'>potentiis</span> <span class='ocrx_word' id='word_1_11' title='bbox 1300 429 1434 487; x_wconf 79' lang='lat' dir='ltr'>quae</span> <span class='ocrx_word' id='word_1_12' title='bbox 1463 419 1777 472; x_wconf 83' lang='lat' dir='ltr'>moventur</span> <span class='ocrx_word' id='word_1_13' title='bbox 1799 430 1836 474; x_wconf 90' lang='lat' dir='ltr'>a</span> <span class='ocrx_word' id='word_1_14' title='bbox 1858 416 1990 475; x_wconf 90' lang='lat' dir='ltr'>suis</span> <span class='ocrx_word' id='word_1_15' title='bbox 2008 415 2283 489; x_wconf 78' lang='lat' dir='ltr'>obJectis,</span> <span class='ocrx_word' id='word_1_16' title='bbox 2317 416 2704 489; x_wconf 87' lang='lat' dir='ltr'>objectasunt</span> 
     </span>
     <span class='ocr_line' id='line_1_3' title="bbox 269 482 2705 556; baseline 0.002 -12"><span class='ocrx_word' id='word_1_17' title='bbox 269 485 625 544; x_wconf 82' lang='lat' dir='ltr'>naturaliter</span> <span class='ocrx_word' id='word_1_18' title='bbox 667 485 870 555; x_wconf 87' lang='lat' dir='ltr'>priora</span> <span class='ocrx_word' id='word_1_19' title='bbox 910 482 1143 542; x_wconf 90' lang='lat' dir='ltr'>actibus</span> <span class='ocrx_word' id='word_1_20' title='bbox 1185 483 1421 542; x_wconf 87' lang='lat' dir='ltr'>illarum</span> <span class='ocrx_word' id='word_1_21' title='bbox 1467 486 1885 556; x_wconf 83' lang='lat' dir='ltr'>potentiarum,</span> <span class='ocrx_word' id='word_1_22' title='bbox 1931 487 2091 545; x_wconf 89' lang='lat' dir='ltr'>sicut</span> <span class='ocrx_word' id='word_1_23' title='bbox 2129 493 2326 546; x_wconf 89' lang='lat' dir='ltr'>motor</span> <span class='ocrx_word' id='word_1_24' title='bbox 2352 489 2705 548; x_wconf 82' lang='lat' dir='ltr'>naturaliter</span> 
     </span>
     <span class='ocr_line' id='line_1_4' title="bbox 267 554 2701 629; baseline 0.001 -14"><span class='ocrx_word' id='word_1_25' title='bbox 267 557 430 629; x_wconf 91' lang='lat' dir='ltr'>prior</span> <span class='ocrx_word' id='word_1_26' title='bbox 457 561 549 613; x_wconf 90' lang='lat' dir='ltr'>est</span> <span class='ocrx_word' id='word_1_27' title='bbox 577 570 758 628; x_wconf 87' lang='lat' dir='ltr'>quam</span> <span class='ocrx_word' id='word_1_28' title='bbox 789 555 1011 612; x_wconf 80' lang='lat' dir='ltr'>moveri</span> <span class='ocrx_word' id='word_1_29' title='bbox 1041 554 1235 626; x_wconf 90' lang='lat' dir='ltr'>ipsius</span> <span class='ocrx_word' id='word_1_30' title='bbox 1265 555 1530 614; x_wconf 80' lang='lat' dir='ltr'>mobiliS.</span> <span class='ocrx_word' id='word_1_31' title='bbox 1562 556 1719 614; x_wconf 89' lang='lat' dir='ltr'>Talis</span> <span class='ocrx_word' id='word_1_32' title='bbox 1750 563 1945 615; x_wconf 89' lang='lat' dir='ltr'>autem</span> <span class='ocrx_word' id='word_1_33' title='bbox 1975 558 2241 629; x_wconf 90' lang='lat' dir='ltr'>potentia</span> <span class='ocrx_word' id='word_1_34' title='bbox 2270 563 2360 616; x_wconf 92' lang='lat' dir='ltr'>est</span> <span class='ocrx_word' id='word_1_35' title='bbox 2389 560 2701 629; x_wconf 84' lang='lat' dir='ltr'>voluntas;</span> 
     </span>
     <span class='ocr_line' id='line_1_5' title="bbox 270 626 2703 706; baseline 0.002 -21"><span class='ocrx_word' id='word_1_36' title='bbox 270 626 592 700; x_wconf 80' lang='lat' dir='ltr'>appetibile</span> <span class='ocrx_word' id='word_1_37' title='bbox 639 626 801 683; x_wconf 90' lang='lat' dir='ltr'>euim</span> <span class='ocrx_word' id='word_1_38' title='bbox 843 630 1045 682; x_wconf 76' lang='lat' dir='ltr'>movet</span> <span class='ocrx_word' id='word_1_39' title='bbox 1091 626 1439 706; x_wconf 80' lang='lat' dir='ltr'>appetitum.</span> <span class='ocrx_word' id='word_1_40' title='bbox 1488 627 1793 698; x_wconf 74' lang='lat' dir='ltr'>Obiectum</span> <span class='ocrx_word' id='word_1_41' title='bbox 1842 627 2024 700; x_wconf 77' lang='lat' dir='ltr'>igitur</span> <span class='ocrx_word' id='word_1_42' title='bbox 2052 629 2375 686; x_wconf 86' lang='lat' dir='ltr'>voluntatis</span> <span class='ocrx_word' id='word_1_43' title='bbox 2409 635 2500 687; x_wconf 90' lang='lat' dir='ltr'>est</span> <span class='ocrx_word' id='word_1_44' title='bbox 2534 631 2703 701; x_wconf 88' lang='lat' dir='ltr'>prius</span> 
     </span>
     <span class='ocr_line' id='line_1_6' title="bbox 267 697 2704 771; baseline 0.001 -16"><span class='ocrx_word' id='word_1_45' title='bbox 267 697 625 756; x_wconf 83' lang='lat' dir='ltr'>naturaliter</span> <span class='ocrx_word' id='word_1_46' title='bbox 653 710 831 769; x_wconf 90' lang='lat' dir='ltr'>quam</span> <span class='ocrx_word' id='word_1_47' title='bbox 876 701 1047 754; x_wconf 90' lang='lat' dir='ltr'>actus</span> <span class='ocrx_word' id='word_1_48' title='bbox 1076 710 1226 768; x_wconf 69' lang='lat' dir='ltr'>ejus.</span> <span class='ocrx_word' id='word_1_49' title='bbox 1259 698 1520 754; x_wconf 89' lang='lat' dir='ltr'>Primum</span> <span class='ocrx_word' id='word_1_50' title='bbox 1565 698 1748 769; x_wconf 86' lang='lat' dir='ltr'>igitur</span> <span class='ocrx_word' id='word_1_51' title='bbox 1774 697 1907 770; x_wconf 90' lang='lat' dir='ltr'>ejus</span> <span class='ocrx_word' id='word_1_52' title='bbox 1938 698 2234 771; x_wconf 89' lang='lat' dir='ltr'>objectum</span> <span class='ocrx_word' id='word_1_53' title='bbox 2269 700 2546 771; x_wconf 79' lang='lat' dir='ltr'>praecedit</span> <span class='ocrx_word' id='word_1_54' title='bbox 2574 714 2704 758; x_wconf 89' lang='lat' dir='ltr'>om-</span> 
     </span>
     <span class='ocr_line' id='line_1_7' title="bbox 267 767 2703 847; baseline 0.002 -21"><span class='ocrx_word' id='word_1_55' title='bbox 267 782 406 846; x_wconf 83' lang='lat' dir='ltr'>nem</span> <span class='ocrx_word' id='word_1_56' title='bbox 451 773 650 825; x_wconf 90' lang='lat' dir='ltr'>actum</span> <span class='ocrx_word' id='word_1_57' title='bbox 689 767 902 837; x_wconf 91' lang='lat' dir='ltr'>ipsius.</span> <span class='ocrx_word' id='word_1_58' title='bbox 951 769 1079 823; x_wconf 91' lang='lat' dir='ltr'>Non</span> <span class='ocrx_word' id='word_1_59' title='bbox 1125 772 1322 847; x_wconf 89' lang='lat' dir='ltr'>potest</span> <span class='ocrx_word' id='word_1_60' title='bbox 1364 782 1508 840; x_wconf 80' lang='lat' dir='ltr'>ergo</span> <span class='ocrx_word' id='word_1_61' title='bbox 1556 773 1726 827; x_wconf 87' lang='lat' dir='ltr'>actus</span> <span class='ocrx_word' id='word_1_62' title='bbox 1773 768 2100 827; x_wconf 84' lang='lat' dir='ltr'>voluntatis</span> <span class='ocrx_word' id='word_1_63' title='bbox 2152 770 2409 841; x_wconf 89' lang='lat' dir='ltr'>primum</span> <span class='ocrx_word' id='word_1_64' title='bbox 2440 770 2703 832; x_wconf 85' lang='lat' dir='ltr'>‘volitum</span> 
     </span>
     <span class='ocr_line' id='line_1_8' title="bbox 269 837 2705 919; baseline 0.001 -23"><span class='ocrx_word' id='word_1_65' title='bbox 269 853 429 897; x_wconf 86' lang='lat' dir='ltr'>esse.</span> <span class='ocrx_word' id='word_1_66' title='bbox 481 841 603 895; x_wconf 85' lang='lat' dir='ltr'>Hoc</span> <span class='ocrx_word' id='word_1_67' title='bbox 650 844 847 895; x_wconf 87' lang='lat' dir='ltr'>autem</span> <span class='ocrx_word' id='word_1_68' title='bbox 904 842 995 894; x_wconf 86' lang='lat' dir='ltr'>est</span> <span class='ocrx_word' id='word_1_69' title='bbox 1039 838 1287 895; x_wconf 77' lang='lat' dir='ltr'>ultimus</span> <span class='ocrx_word' id='word_1_70' title='bbox 1334 837 1494 906; x_wconf 88' lang='lat' dir='ltr'>finis,</span> <span class='ocrx_word' id='word_1_71' title='bbox 1544 853 1677 919; x_wconf 82' lang='lat' dir='ltr'>quae</span> <span class='ocrx_word' id='word_1_72' title='bbox 1730 845 1823 897; x_wconf 88' lang='lat' dir='ltr'>est</span> <span class='ocrx_word' id='word_1_73' title='bbox 1847 839 2170 897; x_wconf 84' lang='lat' dir='ltr'>beatitudo.</span> <span class='ocrx_word' id='word_1_74' title='bbox 2200 841 2581 911; x_wconf 79' lang='lat' dir='ltr'>Impossibile</span> <span class='ocrx_word' id='word_1_75' title='bbox 2611 845 2705 900; x_wconf 89' lang='lat' dir='ltr'>est</span> 
     </span>
    </p>

    <p class='ocr_par' dir='ltr' id='par_1_3' title="bbox 0 903 2261 988">
     <span class='ocr_line' id='line_1_9' title="bbox 0 903 2261 988; baseline 0 -22"><span class='ocrx_word' id='word_1_76' title='bbox 0 903 9 943; x_wconf 65' lang='lat'>³</span> <span class='ocrx_word' id='word_1_77' title='bbox 273 909 462 983; x_wconf 80' lang='lat' dir='ltr'>igitur</span> <span class='ocrx_word' id='word_1_78' title='bbox 489 907 651 980; x_wconf 91' lang='lat' dir='ltr'>quod</span> <span class='ocrx_word' id='word_1_79' title='bbox 679 907 986 988; x_wconf 77' lang='lat' dir='ltr'>beatitudo</span> <span class='ocrx_word' id='word_1_80' title='bbox 1016 907 1141 966; x_wconf 87' lang='lat' dir='ltr'>sive</span> <span class='ocrx_word' id='word_1_81' title='bbox 1173 908 1427 967; x_wconf 84' lang='lat' dir='ltr'>felicitas</span> <span class='ocrx_word' id='word_1_82' title='bbox 1453 908 1531 966; x_wconf 89' lang='lat' dir='ltr'>sit</span> <span class='ocrx_word' id='word_1_83' title='bbox 1560 923 1687 981; x_wconf 89' lang='lat' dir='ltr'>1pse</span> <span class='ocrx_word' id='word_1_84' title='bbox 1716 915 1886 968; x_wconf 91' lang='lat' dir='ltr'>actus</span> <span class='ocrx_word' id='word_1_85' title='bbox 1915 910 2261 969; x_wconf 83' lang='lat' dir='ltr'>voluntatis.</span> 
     </span>
    </p>

    <p class='ocr_par' dir='ltr' id='par_1_4' title="bbox 264 977 2705 1132">
     <span class='ocr_line' id='line_1_10' title="bbox 338 977 2704 1054; baseline 0.003 -17"><span class='ocrx_word' id='word_1_86' title='bbox 338 982 631 1046; x_wconf 64' lang='lat' dir='ltr'>Praeterea,</span> <span class='ocrx_word' id='word_1_87' title='bbox 677 979 742 1035; x_wconf 90' lang='lat' dir='ltr'>in</span> <span class='ocrx_word' id='word_1_88' title='bbox 789 977 1072 1037; x_wconf 79' lang='lat' dir='ltr'>omnibus</span> <span class='ocrx_word' id='word_1_89' title='bbox 1121 980 1406 1050; x_wconf 85' lang='lat' dir='ltr'>potentiis</span> <span class='ocrx_word' id='word_1_90' title='bbox 1456 994 1589 1052; x_wconf 80' lang='lat' dir='ltr'>quae</span> <span class='ocrx_word' id='word_1_91' title='bbox 1629 986 1887 1052; x_wconf 85' lang='lat' dir='ltr'>possunt</span> <span class='ocrx_word' id='word_1_92' title='bbox 1928 981 2192 1039; x_wconf 78' lang='lat' dir='ltr'>converti</span> <span class='ocrx_word' id='word_1_93' title='bbox 2238 981 2304 1039; x_wconf 90' lang='lat' dir='ltr'>in</span> <span class='ocrx_word' id='word_1_94' title='bbox 2335 995 2483 1040; x_wconf 91' lang='lat' dir='ltr'>suos</span> <span class='ocrx_word' id='word_1_95' title='bbox 2508 987 2704 1054; x_wconf 68' lang='lat' dir='ltr'>actus»,</span> 
     </span>
     <span class='ocr_line' id='line_1_11' title="bbox 264 1048 2705 1132; baseline 0.002 -26"><span class='ocrx_word' id='word_1_96' title='bbox 264 1050 438 1123; x_wconf 87' lang='lat' dir='ltr'>prius</span> <span class='ocrx_word' id='word_1_97' title='bbox 482 1064 519 1108; x_wconf 95' lang='lat' dir='ltr'>o</span> <span class='ocrx_word' id='word_1_98' title='bbox 563 1055 715 1107; x_wconf 90' lang='lat' dir='ltr'>ortet</span> <span class='ocrx_word' id='word_1_99' title='bbox 761 1048 938 1130; x_wconf 39' lang='lat' dir='ltr'>quod·</span> <span class='ocrx_word' id='word_1_100' title='bbox 968 1056 1138 1107; x_wconf 90' lang='lat' dir='ltr'>actus</span> <span class='ocrx_word' id='word_1_101' title='bbox 1182 1049 1349 1110; x_wconf 88' lang='lat' dir='ltr'>illius</span> <span class='ocrx_word' id='word_1_102' title='bbox 1389 1050 1669 1121; x_wconf 73' lang='lat' dir='ltr'>potentiae</span> <span class='ocrx_word' id='word_1_103' title='bbox 1698 1052 1922 1109; x_wconf 86' lang='lat' dir='ltr'>feratur</span> <span class='ocrx_word' id='word_1_104' title='bbox 1949 1051 2011 1108; x_wconf 93' lang='lat' dir='ltr'>in</span> <span class='ocrx_word' id='word_1_105' title='bbox 2039 1051 2336 1132; x_wconf 71' lang='lat' dir='ltr'>objectum</span> <span class='ocrx_word' id='word_1_106' title='bbox 2372 1052 2615 1124; x_wconf 89' lang='lat' dir='ltr'>aliquod</span> <span class='ocrx_word' id='word_1_107' title='bbox 2646 1057 2705 1111; x_wconf 91' lang='lat' dir='ltr'>et</span> 
     </span>
    </p>

    <p class='ocr_par' dir='ltr' id='par_1_5' title="bbox 261 1119 2706 1814">
     <span class='ocr_line' id='line_1_12' title="bbox 306 1119 2704 1194; baseline 0.001 -16"><span class='ocrx_word' id='word_1_108' title='bbox 306 1125 508 1178; x_wconf 88' lang='lat' dir='ltr'>ostmo</span> <span class='ocrx_word' id='word_1_109' title='bbox 553 1134 651 1176; x_wconf 89' lang='lat' dir='ltr'>um</span> <span class='ocrx_word' id='word_1_110' title='bbox 675 1119 895 1178; x_wconf 83' lang='lat' dir='ltr'>seratur</span> <span class='ocrx_word' id='word_1_111' title='bbox 923 1134 984 1176; x_wconf 77' lang='lat' dir='ltr'>in</span> <span class='ocrx_word' id='word_1_112' title='bbox 1015 1133 1191 1177; x_wconf 91' lang='lat' dir='ltr'>suum</span> <span class='ocrx_word' id='word_1_113' title='bbox 1221 1125 1441 1177; x_wconf 87' lang='lat' dir='ltr'>actum.</span> <span class='ocrx_word' id='word_1_114' title='bbox 1471 1122 1528 1179; x_wconf 90' lang='lat' dir='ltr'>Si</span> <span class='ocrx_word' id='word_1_115' title='bbox 1554 1122 1716 1180; x_wconf 89' lang='lat' dir='ltr'>enim</span> <span class='ocrx_word' id='word_1_116' title='bbox 1749 1122 2090 1180; x_wconf 87' lang='lat' dir='ltr'>intellectus</span> <span class='ocrx_word' id='word_1_117' title='bbox 2118 1122 2400 1194; x_wconf 78' lang='lat' dir='ltr'>intelligit</span> <span class='ocrx_word' id='word_1_118' title='bbox 2430 1136 2494 1181; x_wconf 90' lang='lat' dir='ltr'>se</span> <span class='ocrx_word' id='word_1_119' title='bbox 2520 1122 2704 1180; x_wconf 88' lang='lat' dir='ltr'>intel-</span> 
     </span>
     <span class='ocr_line' id='line_1_13' title="bbox 295 1191 2706 1273; baseline 0.001 -24"><span class='ocrx_word' id='word_1_120' title='bbox 295 1192 479 1264; x_wconf 83' lang='lat' dir='ltr'>&#39;gere,</span> <span class='ocrx_word' id='word_1_121' title='bbox 511 1191 678 1270; x_wconf 81' lang='lat' dir='ltr'>prius</span> <span class='ocrx_word' id='word_1_122' title='bbox 700 1194 1175 1271; x_wconf 67' lang='lat' dir='ltr'>oportetponere</span> <span class='ocrx_word' id='word_1_123' title='bbox 1205 1192 1364 1263; x_wconf 88' lang='lat' dir='ltr'>quod</span> <span class='ocrx_word' id='word_1_124' title='bbox 1385 1192 1681 1264; x_wconf 85' lang='lat' dir='ltr'>intelligat</span> <span class='ocrx_word' id='word_1_125' title='bbox 1708 1207 1830 1250; x_wconf 90' lang='lat' dir='ltr'>rem</span> <span class='ocrx_word' id='word_1_126' title='bbox 1868 1192 2151 1273; x_wconf 84' lang='lat' dir='ltr'>aliquam,</span> <span class='ocrx_word' id='word_1_127' title='bbox 2181 1198 2241 1250; x_wconf 89' lang='lat' dir='ltr'>et</span> <span class='ocrx_word' id='word_1_128' title='bbox 2268 1198 2706 1266; x_wconf 81' lang='lat' dir='ltr'>consequenter</span> 
     </span>
     <span class='ocr_line' id='line_1_14' title="bbox 266 1260 2702 1336; baseline 0.002 -18"><span class='ocrx_word' id='word_1_129' title='bbox 266 1262 428 1334; x_wconf 91' lang='lat' dir='ltr'>quod</span> <span class='ocrx_word' id='word_1_130' title='bbox 475 1260 770 1332; x_wconf 77' lang='lat' dir='ltr'>intelligat</span> <span class='ocrx_word' id='word_1_131' title='bbox 814 1275 879 1319; x_wconf 90' lang='lat' dir='ltr'>se</span> <span class='ocrx_word' id='word_1_132' title='bbox 930 1261 1304 1334; x_wconf 80' lang='lat' dir='ltr'>intelligere;</span> <span class='ocrx_word' id='word_1_133' title='bbox 1356 1276 1495 1319; x_wconf 91' lang='lat' dir='ltr'>nam</span> <span class='ocrx_word' id='word_1_134' title='bbox 1546 1263 1744 1333; x_wconf 90' lang='lat' dir='ltr'>ipsum</span> <span class='ocrx_word' id='word_1_135' title='bbox 1793 1263 2128 1335; x_wconf 79' lang='lat' dir='ltr'>intelligere</span> <span class='ocrx_word' id='word_1_136' title='bbox 2168 1262 2329 1336; x_wconf 89' lang='lat' dir='ltr'>quod</span> <span class='ocrx_word' id='word_1_137' title='bbox 2359 1264 2702 1322; x_wconf 88' lang='lat' dir='ltr'>intellectus</span> 
     </span>
     <span class='ocr_line' id='line_1_15' title="bbox 263 1331 2706 1406; baseline 0.001 -17"><span class='ocrx_word' id='word_1_138' title='bbox 263 1332 548 1406; x_wconf 86' lang='lat' dir='ltr'>intelligit</span> <span class='ocrx_word' id='word_1_139' title='bbox 599 1331 855 1404; x_wconf 86' lang='lat' dir='ltr'>alicujus</span> <span class='ocrx_word' id='word_1_140' title='bbox 904 1331 1118 1403; x_wconf 73' lang='lat' dir='ltr'>obJecti</span> <span class='ocrx_word' id='word_1_141' title='bbox 1168 1337 1299 1399; x_wconf 89' lang='lat' dir='ltr'>est;</span> <span class='ocrx_word' id='word_1_142' title='bbox 1331 1333 1488 1390; x_wconf 90' lang='lat' dir='ltr'>unde</span> <span class='ocrx_word' id='word_1_143' title='bbox 1517 1339 1751 1403; x_wconf 85' lang='lat' dir='ltr'>oportet</span> <span class='ocrx_word' id='word_1_144' title='bbox 1817 1333 1935 1391; x_wconf 91' lang='lat' dir='ltr'>uod</span> <span class='ocrx_word' id='word_1_145' title='bbox 1964 1334 2058 1391; x_wconf 84' lang='lat' dir='ltr'>vel</span> <span class='ocrx_word' id='word_1_146' title='bbox 2087 1334 2443 1404; x_wconf 85' lang='lat' dir='ltr'>procedatur</span> <span class='ocrx_word' id='word_1_147' title='bbox 2469 1335 2528 1392; x_wconf 91' lang='lat' dir='ltr'>in</span> <span class='ocrx_word' id='word_1_148' title='bbox 2575 1333 2706 1392; x_wconf 85' lang='lat' dir='ltr'>infi-</span> 
     </span>
     <span class='ocr_line' id='line_1_16' title="bbox 263 1401 2701 1486; baseline 0.002 -26"><span class='ocrx_word' id='word_1_149' title='bbox 263 1402 478 1473; x_wconf 83' lang='lat' dir='ltr'>nitum,</span> <span class='ocrx_word' id='word_1_150' title='bbox 530 1401 647 1472; x_wconf 85' lang='lat' dir='ltr'>vel,</span> <span class='ocrx_word' id='word_1_151' title='bbox 695 1403 748 1459; x_wconf 91' lang='lat' dir='ltr'>si</span> <span class='ocrx_word' id='word_1_152' title='bbox 799 1407 904 1460; x_wconf 84' lang='lat' dir='ltr'>est.</span> <span class='ocrx_word' id='word_1_153' title='bbox 935 1401 1211 1459; x_wconf 85' lang='lat' dir='ltr'>devenire</span> <span class='ocrx_word' id='word_1_154' title='bbox 1241 1402 1316 1460; x_wconf 89' lang='lat' dir='ltr'>ad</span> <span class='ocrx_word' id='word_1_155' title='bbox 1349 1404 1606 1473; x_wconf 91' lang='lat' dir='ltr'>primum</span> <span class='ocrx_word' id='word_1_156' title='bbox 1636 1404 1780 1461; x_wconf 88' lang='lat' dir='ltr'>intel</span> <span class='ocrx_word' id='word_1_157' title='bbox 1806 1410 2025 1472; x_wconf 88' lang='lat' dir='ltr'>ectum,</span> <span class='ocrx_word' id='word_1_158' title='bbox 2059 1404 2174 1462; x_wconf 88' lang='lat' dir='ltr'>boc</span> <span class='ocrx_word' id='word_1_159' title='bbox 2204 1418 2326 1462; x_wconf 91' lang='lat' dir='ltr'>non</span> <span class='ocrx_word' id='word_1_160' title='bbox 2360 1405 2474 1463; x_wconf 88' lang='lat' dir='ltr'>erit</span> <span class='ocrx_word' id='word_1_161' title='bbox 2501 1405 2701 1486; x_wconf 85' lang='lat' dir='ltr'>ipsum</span> 
     </span>
     <span class='ocr_line' id='line_1_17' title="bbox 263 1471 2703 1556; baseline 0.001 -25"><span class='ocrx_word' id='word_1_162' title='bbox 263 1472 624 1545; x_wconf 84' lang='lat' dir='ltr'>intelligere,</span> <span class='ocrx_word' id='word_1_163' title='bbox 673 1472 777 1530; x_wconf 88' lang='lat' dir='ltr'>sed</span> <span class='ocrx_word' id='word_1_164' title='bbox 826 1471 1029 1544; x_wconf 89' lang='lat' dir='ltr'>aliqua</span> <span class='ocrx_word' id='word_1_165' title='bbox 1065 1486 1163 1530; x_wconf 91' lang='lat' dir='ltr'>res</span> <span class='ocrx_word' id='word_1_166' title='bbox 1209 1472 1628 1546; x_wconf 86' lang='lat' dir='ltr'>intelligibilis.</span> <span class='ocrx_word' id='word_1_167' title='bbox 1670 1474 1956 1533; x_wconf 86' lang='lat' dir='ltr'>Similiter</span> <span class='ocrx_word' id='word_1_168' title='bbox 1982 1480 2216 1545; x_wconf 80' lang='lat' dir='ltr'>oportet</span> <span class='ocrx_word' id='word_1_169' title='bbox 2248 1475 2407 1556; x_wconf 87' lang='lat' dir='ltr'>quod</span> <span class='ocrx_word' id='word_1_170' title='bbox 2442 1489 2703 1546; x_wconf 78' lang='lat' dir='ltr'>primum</span> 
     </span>
     <span class='ocr_line' id='line_1_18' title="bbox 264 1542 2693 1616; baseline 0.002 -15"><span class='ocrx_word' id='word_1_171' title='bbox 264 1543 515 1602; x_wconf 83' lang='lat' dir='ltr'>volitum</span> <span class='ocrx_word' id='word_1_172' title='bbox 566 1556 687 1600; x_wconf 93' lang='lat' dir='ltr'>non</span> <span class='ocrx_word' id='word_1_173' title='bbox 734 1543 814 1600; x_wconf 91' lang='lat' dir='ltr'>sit</span> <span class='ocrx_word' id='word_1_174' title='bbox 852 1542 872 1599; x_wconf 93' lang='lat' dir='ltr'>i</span> <span class='ocrx_word' id='word_1_175' title='bbox 918 1557 1053 1601; x_wconf 90' lang='lat' dir='ltr'>sum</span> <span class='ocrx_word' id='word_1_176' title='bbox 1091 1543 1260 1612; x_wconf 83' lang='lat' dir='ltr'>velle,</span> <span class='ocrx_word' id='word_1_177' title='bbox 1303 1544 1412 1602; x_wconf 90' lang='lat' dir='ltr'>sed</span> <span class='ocrx_word' id='word_1_178' title='bbox 1456 1545 1697 1616; x_wconf 91' lang='lat' dir='ltr'>aliquod</span> <span class='ocrx_word' id='word_1_179' title='bbox 1726 1544 1890 1602; x_wconf 90' lang='lat' dir='ltr'>aliud</span> <span class='ocrx_word' id='word_1_180' title='bbox 1918 1545 2164 1603; x_wconf 89' lang='lat' dir='ltr'>bonum.</span> <span class='ocrx_word' id='word_1_181' title='bbox 2195 1548 2456 1604; x_wconf 74' lang='lat' dir='ltr'>Primum</span> <span class='ocrx_word' id='word_1_182' title='bbox 2488 1552 2693 1605; x_wconf 90' lang='lat' dir='ltr'>autem</span> 
     </span>
     <span class='ocr_line' id='line_1_19' title="bbox 262 1612 2698 1688; baseline 0.001 -16"><span class='ocrx_word' id='word_1_183' title='bbox 262 1614 517 1673; x_wconf 80' lang='lat' dir='ltr'>volitum</span> <span class='ocrx_word' id='word_1_184' title='bbox 540 1612 886 1672; x_wconf 89' lang='lat' dir='ltr'>intellectua</span> <span class='ocrx_word' id='word_1_185' title='bbox 912 1613 965 1671; x_wconf 90' lang='lat' dir='ltr'>is</span> <span class='ocrx_word' id='word_1_186' title='bbox 998 1620 1225 1672; x_wconf 84' lang='lat' dir='ltr'>naturae</span> <span class='ocrx_word' id='word_1_187' title='bbox 1249 1620 1344 1672; x_wconf 88' lang='lat' dir='ltr'>est</span> <span class='ocrx_word' id='word_1_188' title='bbox 1372 1615 1506 1685; x_wconf 89' lang='lat' dir='ltr'>ipsa</span> <span class='ocrx_word' id='word_1_189' title='bbox 1527 1615 1831 1674; x_wconf 87' lang='lat' dir='ltr'>beatitudo</span> <span class='ocrx_word' id='word_1_190' title='bbox 1863 1615 1990 1673; x_wconf 85' lang='lat' dir='ltr'>sive</span> <span class='ocrx_word' id='word_1_191' title='bbox 2015 1616 2269 1674; x_wconf 82' lang='lat' dir='ltr'>felicitas</span> <span class='ocrx_word' id='word_1_192' title='bbox 2299 1634 2313 1684; x_wconf 89' lang='lat'>;</span> <span class='ocrx_word' id='word_1_193' title='bbox 2346 1631 2483 1674; x_wconf 91' lang='lat' dir='ltr'>nam</span> <span class='ocrx_word' id='word_1_194' title='bbox 2515 1630 2698 1688; x_wconf 87' lang='lat' dir='ltr'>prop·</span> 
     </span>
     <span class='ocr_line' id='line_1_20' title="bbox 264 1685 2696 1759; baseline 0.001 -16"><span class='ocrx_word' id='word_1_195' title='bbox 264 1689 355 1743; x_wconf 89' lang='lat' dir='ltr'>ter</span> <span class='ocrx_word' id='word_1_196' title='bbox 382 1686 499 1743; x_wconf 88' lang='lat' dir='ltr'>hoc</span> <span class='ocrx_word' id='word_1_197' title='bbox 525 1685 804 1743; x_wconf 83' lang='lat' dir='ltr'>volumus</span> <span class='ocrx_word' id='word_1_198' title='bbox 844 1698 1233 1759; x_wconf 81' lang='lat' dir='ltr'>quaecumque</span> <span class='ocrx_word' id='word_1_199' title='bbox 1270 1685 1570 1744; x_wconf 82' lang='lat' dir='ltr'>volumus,</span> <span class='ocrx_word' id='word_1_200' title='bbox 1606 1686 1984 1759; x_wconf 86' lang='lat' dir='ltr'>Impossibile</span> <span class='ocrx_word' id='word_1_201' title='bbox 2011 1692 2103 1745; x_wconf 87' lang='lat' dir='ltr'>est</span> <span class='ocrx_word' id='word_1_202' title='bbox 2135 1687 2321 1759; x_wconf 82' lang='lat' dir='ltr'>igitur</span> <span class='ocrx_word' id='word_1_203' title='bbox 2347 1687 2696 1745; x_wconf 84' lang='lat' dir='ltr'>felicitatem</span> 
     </span>
     <span class='ocr_line' id='line_1_21' title="bbox 261 1754 1657 1814; baseline 0 0"><span class='ocrx_word' id='word_1_204' title='bbox 261 1754 674 1814; x_wconf 81' lang='lat' dir='ltr'>essentialiter</span> <span class='ocrx_word' id='word_1_205' title='bbox 698 1756 759 1812; x_wconf 91' lang='lat' dir='ltr'>in</span> <span class='ocrx_word' id='word_1_206' title='bbox 789 1762 926 1813; x_wconf 90' lang='lat' dir='ltr'>actu</span> <span class='ocrx_word' id='word_1_207' title='bbox 955 1755 1279 1814; x_wconf 85' lang='lat' dir='ltr'>voluntatis</span> <span class='ocrx_word' id='word_1_208' title='bbox 1306 1757 1657 1814; x_wconf 87' lang='lat' dir='ltr'>consistere.</span> 
     </span>
    </p>

    <p class='ocr_par' dir='ltr' id='par_1_6' title="bbox 265 1825 2700 2402">
     <span class='ocr_line' id='line_1_22' title="bbox 333 1825 2699 1900; baseline 0.002 -16"><span class='ocrx_word' id='word_1_209' title='bbox 333 1828 616 1897; x_wconf 80' lang='lat' dir='ltr'>Amplius,</span> <span class='ocrx_word' id='word_1_210' title='bbox 673 1825 1162 1899; x_wconf 90' lang='lat' dir='ltr'>unumquodque,</span> <span class='ocrx_word' id='word_1_211' title='bbox 1202 1827 1534 1884; x_wconf 87' lang='lat' dir='ltr'>secundum</span> <span class='ocrx_word' id='word_1_212' title='bbox 1583 1841 1655 1884; x_wconf 88' lang='lat' dir='ltr'>ea</span> <span class='ocrx_word' id='word_1_213' title='bbox 1708 1841 1840 1900; x_wconf 79' lang='lat' dir='ltr'>quae</span> <span class='ocrx_word' id='word_1_214' title='bbox 1886 1828 2264 1886; x_wconf 89' lang='lat' dir='ltr'>constituunt</span> <span class='ocrx_word' id='word_1_215' title='bbox 2299 1827 2699 1888; x_wconf 84' lang='lat' dir='ltr'>substantiam</span> 
     </span>
     <span class='ocr_line' id='line_1_23' title="bbox 267 1896 2700 1971; baseline 0.001 -16"><span class='ocrx_word' id='word_1_216' title='bbox 267 1896 420 1970; x_wconf 89' lang='lat' dir='ltr'>ejus,</span> <span class='ocrx_word' id='word_1_217' title='bbox 470 1896 648 1955; x_wconf 87' lang='lat' dir='ltr'>babet</span> <span class='ocrx_word' id='word_1_218' title='bbox 688 1902 914 1954; x_wconf 81' lang='lat' dir='ltr'>naturae</span> <span class='ocrx_word' id='word_1_219' title='bbox 945 1910 1070 1954; x_wconf 85' lang='lat' dir='ltr'>suae</span> <span class='ocrx_word' id='word_1_220' title='bbox 1109 1897 1411 1954; x_wconf 86' lang='lat' dir='ltr'>veritatem</span> <span class='ocrx_word' id='word_1_221' title='bbox 1442 1916 1456 1966; x_wconf 91' lang='lat'>;</span> <span class='ocrx_word' id='word_1_222' title='bbox 1488 1896 1687 1954; x_wconf 77' lang='lat' dir='ltr'>differt</span> <span class='ocrx_word' id='word_1_223' title='bbox 1724 1898 1885 1956; x_wconf 88' lang='lat' dir='ltr'>enim</span> <span class='ocrx_word' id='word_1_224' title='bbox 1912 1913 2090 1957; x_wconf 85' lang='lat' dir='ltr'>verus</span> <span class='ocrx_word' id='word_1_225' title='bbox 2134 1899 2317 1957; x_wconf 91' lang='lat' dir='ltr'>homo</span> <span class='ocrx_word' id='word_1_226' title='bbox 2345 1913 2381 1955; x_wconf 91' lang='lat' dir='ltr'>a</span> <span class='ocrx_word' id='word_1_227' title='bbox 2408 1898 2566 1971; x_wconf 91' lang='lat' dir='ltr'>picto</span> <span class='ocrx_word' id='word_1_228' title='bbox 2634 1911 2700 1957; x_wconf 87' lang='lat' dir='ltr'>er</span> 
     </span>
     <span class='ocr_line' id='line_1_24' title="bbox 266 1966 2699 2041; baseline -0 -15"><span class='ocrx_word' id='word_1_229' title='bbox 266 1982 341 2026; x_wconf 86' lang='lat' dir='ltr'>ea</span> <span class='ocrx_word' id='word_1_230' title='bbox 377 1982 511 2041; x_wconf 85' lang='lat' dir='ltr'>quae</span> <span class='ocrx_word' id='word_1_231' title='bbox 556 1967 954 2025; x_wconf 87' lang='lat' dir='ltr'>substantiam</span> <span class='ocrx_word' id='word_1_232' title='bbox 985 1966 1249 2025; x_wconf 90' lang='lat' dir='ltr'>hominis</span> <span class='ocrx_word' id='word_1_233' title='bbox 1277 1969 1671 2025; x_wconf 86' lang='lat' dir='ltr'>constituunt.</span> <span class='ocrx_word' id='word_1_234' title='bbox 1696 1971 1844 2026; x_wconf 85' lang='lat' dir='ltr'>Vera</span> <span class='ocrx_word' id='word_1_235' title='bbox 1871 1973 2069 2027; x_wconf 88' lang='lat' dir='ltr'>autem</span> <span class='ocrx_word' id='word_1_236' title='bbox 2102 1968 2407 2028; x_wconf 86' lang='lat' dir='ltr'>beatitudo</span> <span class='ocrx_word' id='word_1_237' title='bbox 2436 1982 2559 2027; x_wconf 92' lang='lat' dir='ltr'>non</span> <span class='ocrx_word' id='word_1_238' title='bbox 2624 1968 2699 2025; x_wconf 85' lang='lat' dir='ltr'>if·</span> 
     </span>
     <span class='ocr_line' id='line_1_25' title="bbox 267 2037 2700 2108; baseline 0 -13"><span class='ocrx_word' id='word_1_239' title='bbox 267 2038 385 2096; x_wconf 88' lang='lat' dir='ltr'>fert</span> <span class='ocrx_word' id='word_1_240' title='bbox 430 2053 465 2096; x_wconf 90' lang='lat' dir='ltr'>a</span> <span class='ocrx_word' id='word_1_241' title='bbox 510 2038 661 2096; x_wconf 85' lang='lat' dir='ltr'>salsa</span> <span class='ocrx_word' id='word_1_242' title='bbox 704 2037 1031 2100; x_wconf 85' lang='lat' dir='ltr'>secundum</span> <span class='ocrx_word' id='word_1_243' title='bbox 1083 2042 1277 2096; x_wconf 87' lang='lat' dir='ltr'>actum</span> <span class='ocrx_word' id='word_1_244' title='bbox 1332 2037 1695 2108; x_wconf 82' lang='lat' dir='ltr'>voluntatis3</span> <span class='ocrx_word' id='word_1_245' title='bbox 1741 2049 1879 2096; x_wconf 87' lang='lat' dir='ltr'>nam</span> <span class='ocrx_word' id='word_1_246' title='bbox 1921 2040 2132 2097; x_wconf 91' lang='lat' dir='ltr'>eodem</span> <span class='ocrx_word' id='word_1_247' title='bbox 2178 2039 2357 2097; x_wconf 89' lang='lat' dir='ltr'>modo</span> <span class='ocrx_word' id='word_1_248' title='bbox 2408 2053 2473 2097; x_wconf 88' lang='lat' dir='ltr'>se</span> <span class='ocrx_word' id='word_1_249' title='bbox 2519 2039 2700 2097; x_wconf 83' lang='lat' dir='ltr'>habet</span> 
     </span>
     <span class='ocr_line' id='line_1_26' title="bbox 267 2107 2700 2181; baseline 0.001 -16"><span class='ocrx_word' id='word_1_250' title='bbox 267 2109 546 2167; x_wconf 85' lang='lat' dir='ltr'>voluntas</span> <span class='ocrx_word' id='word_1_251' title='bbox 592 2109 654 2165; x_wconf 91' lang='lat' dir='ltr'>in</span> <span class='ocrx_word' id='word_1_252' title='bbox 688 2107 1083 2166; x_wconf 87' lang='lat' dir='ltr'>desiderando</span> <span class='ocrx_word' id='word_1_253' title='bbox 1125 2107 1219 2164; x_wconf 87' lang='lat' dir='ltr'>vel</span> <span class='ocrx_word' id='word_1_254' title='bbox 1264 2109 1521 2166; x_wconf 84' lang='lat' dir='ltr'>amando</span> <span class='ocrx_word' id='word_1_255' title='bbox 1567 2110 1660 2166; x_wconf 88' lang='lat' dir='ltr'>vel</span> <span class='ocrx_word' id='word_1_256' title='bbox 1706 2109 2078 2174; x_wconf 87' lang='lat' dir='ltr'>delectando,</span> <span class='ocrx_word' id='word_1_257' title='bbox 2123 2111 2263 2181; x_wconf 81' lang='lat' dir='ltr'>quid</span> <span class='ocrx_word' id='word_1_258' title='bbox 2313 2110 2413 2168; x_wconf 89' lang='lat' dir='ltr'>uid</span> <span class='ocrx_word' id='word_1_259' title='bbox 2444 2109 2525 2168; x_wconf 91' lang='lat' dir='ltr'>sit</span> <span class='ocrx_word' id='word_1_260' title='bbox 2548 2108 2700 2167; x_wconf 83' lang='lat' dir='ltr'>illud</span> 
     </span>
     <span class='ocr_line' id='line_1_27' title="bbox 265 2178 2699 2259; baseline 0 -21"><span class='ocrx_word' id='word_1_261' title='bbox 265 2179 430 2253; x_wconf 87' lang='lat' dir='ltr'>quod</span> <span class='ocrx_word' id='word_1_262' title='bbox 462 2178 578 2237; x_wconf 89' lang='lat' dir='ltr'>sibi</span> <span class='ocrx_word' id='word_1_263' title='bbox 620 2178 975 2259; x_wconf 85' lang='lat' dir='ltr'>proponitur</span> <span class='ocrx_word' id='word_1_264' title='bbox 1017 2183 1082 2235; x_wconf 88' lang='lat' dir='ltr'>ut</span> <span class='ocrx_word' id='word_1_265' title='bbox 1131 2192 1431 2236; x_wconf 90' lang='lat' dir='ltr'>summum</span> <span class='ocrx_word' id='word_1_266' title='bbox 1462 2178 1710 2248; x_wconf 90' lang='lat' dir='ltr'>bonum,</span> <span class='ocrx_word' id='word_1_267' title='bbox 1760 2181 1886 2238; x_wconf 89' lang='lat' dir='ltr'>sive</span> <span class='ocrx_word' id='word_1_268' title='bbox 1931 2195 2065 2239; x_wconf 88' lang='lat' dir='ltr'>vere</span> <span class='ocrx_word' id='word_1_269' title='bbox 2096 2181 2225 2239; x_wconf 81' lang='lat' dir='ltr'>sive</span> <span class='ocrx_word' id='word_1_270' title='bbox 2295 2181 2464 2250; x_wconf 87' lang='lat' dir='ltr'>also;</span> <span class='ocrx_word' id='word_1_271' title='bbox 2495 2186 2699 2239; x_wconf 90' lang='lat' dir='ltr'>utrum</span> 
     </span>
     <span class='ocr_line' id='line_1_28' title="bbox 268 2248 2697 2323; baseline 0 -14"><span class='ocrx_word' id='word_1_272' title='bbox 268 2256 467 2309; x_wconf 89' lang='lat' dir='ltr'>autem</span> <span class='ocrx_word' id='word_1_273' title='bbox 515 2264 648 2306; x_wconf 90' lang='lat' dir='ltr'>vere</span> <span class='ocrx_word' id='word_1_274' title='bbox 690 2254 771 2306; x_wconf 81' lang='lat' dir='ltr'>sit</span> <span class='ocrx_word' id='word_1_275' title='bbox 811 2263 1110 2306; x_wconf 89' lang='lat' dir='ltr'>summum</span> <span class='ocrx_word' id='word_1_276' title='bbox 1149 2248 1377 2309; x_wconf 89' lang='lat' dir='ltr'>bonum</span> <span class='ocrx_word' id='word_1_277' title='bbox 1420 2250 1579 2322; x_wconf 87' lang='lat' dir='ltr'>quod</span> <span class='ocrx_word' id='word_1_278' title='bbox 1630 2256 1694 2307; x_wconf 91' lang='lat' dir='ltr'>ut</span> <span class='ocrx_word' id='word_1_279' title='bbox 1725 2251 1837 2309; x_wconf 90' lang='lat' dir='ltr'>tale</span> <span class='ocrx_word' id='word_1_280' title='bbox 1868 2252 2222 2323; x_wconf 87' lang='lat' dir='ltr'>proponitur</span> <span class='ocrx_word' id='word_1_281' title='bbox 2248 2252 2341 2309; x_wconf 89' lang='lat' dir='ltr'>vel</span> <span class='ocrx_word' id='word_1_282' title='bbox 2373 2252 2546 2318; x_wconf 83' lang='lat' dir='ltr'>falso,</span> <span class='ocrx_word' id='word_1_283' title='bbox 2579 2251 2697 2310; x_wconf 86' lang='lat' dir='ltr'>hoc</span> 
     </span>
     <span class='ocr_line' id='line_1_29' title="bbox 271 2319 2697 2402; baseline 0.001 -24"><span class='ocrx_word' id='word_1_284' title='bbox 271 2319 583 2401; x_wconf 58' lang='lat' dir='ltr'>differtes</span> <span class='ocrx_word' id='word_1_285' title='bbox 611 2324 776 2391; x_wconf 89' lang='lat' dir='ltr'>parte</span> <span class='ocrx_word' id='word_1_286' title='bbox 816 2319 1177 2401; x_wconf 77' lang='lat' dir='ltr'>intellectus.</span> <span class='ocrx_word' id='word_1_287' title='bbox 1230 2319 1541 2378; x_wconf 87' lang='lat' dir='ltr'>Beatitudo</span> <span class='ocrx_word' id='word_1_288' title='bbox 1594 2320 1776 2401; x_wconf 75' lang='lat' dir='ltr'>igitur</span> <span class='ocrx_word' id='word_1_289' title='bbox 1822 2321 2253 2402; x_wconf 36' lang='lat' dir='ltr'>sitta-felicitas</span> <span class='ocrx_word' id='word_1_290' title='bbox 2284 2322 2346 2379; x_wconf 91' lang='lat' dir='ltr'>in</span> <span class='ocrx_word' id='word_1_291' title='bbox 2386 2321 2697 2380; x_wconf 88' lang='lat' dir='ltr'>intellectu</span> 
     </span>
    </p>

    <p class='ocr_par' dir='ltr' id='par_1_7' title="bbox 0 2391 2702 3450">
     <span class='ocr_line' id='line_1_30' title="bbox 0 2391 2702 2544; baseline 0 -25"><span class='ocrx_word' id='word_1_292' title='bbox 0 2439 20 2490; x_wconf 62' lang='grc' dir='ltr'>ι</span> <span class='ocrx_word' id='word_1_293' title='bbox 274 2391 2059 2544; x_wconf 49' lang='lat' dir='ltr'>esifflassiiiffffi?{iffiziut‘iz‘ilgfflgs‘sslaizss{3332}izit,</span> <span class='ocrx_word' id='word_1_294' title='bbox 2088 2461 2186 2520; x_wconf 51' lang='grc' dir='ltr'>ωε</span> <span class='ocrx_word' id='word_1_295' title='bbox 2212 2467 2382 2520; x_wconf 62' lang='lat' dir='ltr'>actus</span> <span class='ocrx_word' id='word_1_296' title='bbox 2411 2465 2572 2543; x_wconf 58' lang='lat' dir='ltr'>asa</span> <span class='ocrx_word' id='word_1_297' title='bbox 2597 2464 2702 2524; x_wconf 68' lang='lat' dir='ltr'>aut</span> 
     </span>
     <span class='ocr_line' id='line_1_31' title="bbox 267 2531 2700 2603; baseline 0 -11"><span class='ocrx_word' id='word_1_298' title='bbox 267 2532 607 2592; x_wconf 81' lang='lat' dir='ltr'>desiderare</span> <span class='ocrx_word' id='word_1_299' title='bbox 634 2537 736 2589; x_wconf 88' lang='lat' dir='ltr'>aut</span> <span class='ocrx_word' id='word_1_300' title='bbox 765 2545 965 2589; x_wconf 86' lang='lat' dir='ltr'>amare</span> <span class='ocrx_word' id='word_1_301' title='bbox 984 2536 1087 2589; x_wconf 88' lang='lat' dir='ltr'>aut</span> <span class='ocrx_word' id='word_1_302' title='bbox 1112 2531 1414 2589; x_wconf 75' lang='lat' dir='ltr'>delectari.</span> <span class='ocrx_word' id='word_1_303' title='bbox 1438 2532 1819 2603; x_wconf 77' lang='lat' dir='ltr'>Impossibile</span> <span class='ocrx_word' id='word_1_304' title='bbox 1834 2539 1929 2590; x_wconf 85' lang='lat' dir='ltr'>est</span> <span class='ocrx_word' id='word_1_305' title='bbox 1948 2539 2144 2590; x_wconf 90' lang='lat' dir='ltr'>autern</span> <span class='ocrx_word' id='word_1_306' title='bbox 2217 2532 2334 2590; x_wconf 92' lang='lat' dir='ltr'>uod</span> <span class='ocrx_word' id='word_1_307' title='bbox 2361 2532 2700 2591; x_wconf 83' lang='lat' dir='ltr'>desiderare</span> 
     </span>
     <span class='ocr_line' id='line_1_32' title="bbox 265 2601 2699 2674; baseline -0 -13"><span class='ocrx_word' id='word_1_308' title='bbox 265 2603 347 2662; x_wconf 86' lang='lat' dir='ltr'>sit</span> <span class='ocrx_word' id='word_1_309' title='bbox 372 2604 619 2661; x_wconf 88' lang='lat' dir='ltr'>ultimus</span> <span class='ocrx_word' id='word_1_310' title='bbox 649 2601 788 2659; x_wconf 87' lang='lat' dir='ltr'>finis</span> <span class='ocrx_word' id='word_1_311' title='bbox 817 2645 831 2671; x_wconf 93' lang='lat'>‚</span> <span class='ocrx_word' id='word_1_312' title='bbox 859 2607 952 2659; x_wconf 88' lang='lat' dir='ltr'>est</span> <span class='ocrx_word' id='word_1_313' title='bbox 984 2602 1146 2659; x_wconf 87' lang='lat' dir='ltr'>enim</span> <span class='ocrx_word' id='word_1_314' title='bbox 1180 2601 1545 2661; x_wconf 87' lang='lat' dir='ltr'>desiderium</span> <span class='ocrx_word' id='word_1_315' title='bbox 1568 2602 1901 2661; x_wconf 88' lang='lat' dir='ltr'>secundum</span> <span class='ocrx_word' id='word_1_316' title='bbox 1931 2603 2090 2674; x_wconf 92' lang='lat' dir='ltr'>quod</span> <span class='ocrx_word' id='word_1_317' title='bbox 2119 2616 2194 2660; x_wconf 82' lang='lat' dir='ltr'>vo</span> <span class='ocrx_word' id='word_1_318' title='bbox 2224 2608 2398 2659; x_wconf 90' lang='lat' dir='ltr'>untas</span> <span class='ocrx_word' id='word_1_319' title='bbox 2430 2602 2699 2660; x_wconf 86' lang='lat' dir='ltr'>tenditin</span> 
     </span>
     <span class='ocr_line' id='line_1_33' title="bbox 268 2671 2695 2747; baseline -0 -15"><span class='ocrx_word' id='word_1_320' title='bbox 268 2673 329 2732; x_wconf 83' lang='lat' dir='ltr'>id</span> <span class='ocrx_word' id='word_1_321' title='bbox 369 2673 531 2747; x_wconf 87' lang='lat' dir='ltr'>quod</span> <span class='ocrx_word' id='word_1_322' title='bbox 570 2672 839 2731; x_wconf 90' lang='lat' dir='ltr'>nondum</span> <span class='ocrx_word' id='word_1_323' title='bbox 891 2671 1109 2740; x_wconf 80' lang='lat' dir='ltr'>habet3</span> <span class='ocrx_word' id='word_1_324' title='bbox 1158 2672 1275 2730; x_wconf 90' lang='lat' dir='ltr'>hoc</span> <span class='ocrx_word' id='word_1_325' title='bbox 1321 2679 1519 2730; x_wconf 91' lang='lat' dir='ltr'>autem</span> <span class='ocrx_word' id='word_1_326' title='bbox 1566 2674 1964 2730; x_wconf 84' lang='lat' dir='ltr'>contrariatur</span> <span class='ocrx_word' id='word_1_327' title='bbox 2017 2672 2233 2731; x_wconf 90' lang='lat' dir='ltr'>rationi</span> <span class='ocrx_word' id='word_1_328' title='bbox 2282 2673 2475 2731; x_wconf 79' lang='lat' dir='ltr'>ultimi</span> <span class='ocrx_word' id='word_1_329' title='bbox 2532 2672 2695 2731; x_wconf 83' lang='lat' dir='ltr'>finis.</span> 
     </span>
     <span class='ocr_line' id='line_1_34' title="bbox 265 2742 2699 2814; baseline -0.001 -11"><span class='ocrx_word' id='word_1_330' title='bbox 265 2748 477 2803; x_wconf 79' lang='lat' dir='ltr'>Amare</span> <span class='ocrx_word' id='word_1_331' title='bbox 524 2743 703 2803; x_wconf 90' lang='lat' dir='ltr'>etiam</span> <span class='ocrx_word' id='word_1_332' title='bbox 753 2755 876 2801; x_wconf 92' lang='lat' dir='ltr'>non</span> <span class='ocrx_word' id='word_1_333' title='bbox 920 2748 1116 2814; x_wconf 89' lang='lat' dir='ltr'>potest</span> <span class='ocrx_word' id='word_1_334' title='bbox 1158 2756 1294 2801; x_wconf 89' lang='lat' dir='ltr'>esse</span> <span class='ocrx_word' id='word_1_335' title='bbox 1340 2743 1590 2801; x_wconf 80' lang='lat' dir='ltr'>ultimus</span> <span class='ocrx_word' id='word_1_336' title='bbox 1636 2742 1816 2811; x_wconf 74' lang='lat' dir='ltr'>finis,</span> <span class='ocrx_word' id='word_1_337' title='bbox 1849 2748 2084 2801; x_wconf 90' lang='lat' dir='ltr'>amatur</span> <span class='ocrx_word' id='word_1_338' title='bbox 2112 2743 2271 2801; x_wconf 89' lang='lat' dir='ltr'>enim</span> <span class='ocrx_word' id='word_1_339' title='bbox 2300 2742 2549 2811; x_wconf 89' lang='lat' dir='ltr'>bonum,</span> <span class='ocrx_word' id='word_1_340' title='bbox 2574 2755 2699 2801; x_wconf 90' lang='lat' dir='ltr'>non</span> 
     </span>
     <span class='ocr_line' id='line_1_35' title="bbox 267 2812 2698 2887; baseline 0 -14"><span class='ocrx_word' id='word_1_341' title='bbox 267 2815 463 2873; x_wconf 86' lang='lat' dir='ltr'>solum</span> <span class='ocrx_word' id='word_1_342' title='bbox 556 2815 754 2873; x_wconf 87' lang='lat' dir='ltr'>nando</span> <span class='ocrx_word' id='word_1_343' title='bbox 784 2813 1057 2884; x_wconf 88' lang='lat' dir='ltr'>habetur,</span> <span class='ocrx_word' id='word_1_344' title='bbox 1091 2814 1196 2870; x_wconf 90' lang='lat' dir='ltr'>sed</span> <span class='ocrx_word' id='word_1_345' title='bbox 1229 2813 1408 2871; x_wconf 90' lang='lat' dir='ltr'>etiam</span> <span class='ocrx_word' id='word_1_346' title='bbox 1434 2813 1675 2887; x_wconf 88' lang='lat' dir='ltr'>quando</span> <span class='ocrx_word' id='word_1_347' title='bbox 1713 2827 1836 2870; x_wconf 92' lang='lat' dir='ltr'>non</span> <span class='ocrx_word' id='word_1_348' title='bbox 1860 2813 2149 2882; x_wconf 87' lang='lat' dir='ltr'>habetur;</span> <span class='ocrx_word' id='word_1_349' title='bbox 2184 2830 2255 2870; x_wconf 82' lang='lat' dir='ltr'>ex</span> <span class='ocrx_word' id='word_1_350' title='bbox 2284 2827 2486 2871; x_wconf 91' lang='lat' dir='ltr'>amore</span> <span class='ocrx_word' id='word_1_351' title='bbox 2536 2812 2698 2873; x_wconf 84' lang='lat' dir='ltr'>enim</span> 
     </span>
     <span class='ocr_line' id='line_1_36' title="bbox 270 2883 2699 2965; baseline -0.001 -22"><span class='ocrx_word' id='word_1_352' title='bbox 270 2891 361 2943; x_wconf 89' lang='lat' dir='ltr'>est</span> <span class='ocrx_word' id='word_1_353' title='bbox 389 2899 509 2959; x_wconf 87' lang='lat' dir='ltr'>quo</span> <span class='ocrx_word' id='word_1_354' title='bbox 587 2898 708 2943; x_wconf 91' lang='lat' dir='ltr'>non</span> <span class='ocrx_word' id='word_1_355' title='bbox 740 2884 1008 2942; x_wconf 88' lang='lat' dir='ltr'>habitum</span> <span class='ocrx_word' id='word_1_356' title='bbox 1037 2883 1336 2942; x_wconf 88' lang='lat' dir='ltr'>desiderio</span> <span class='ocrx_word' id='word_1_357' title='bbox 1360 2889 1666 2957; x_wconf 72' lang='lat' dir='ltr'>,quaeratur</span> <span class='ocrx_word' id='word_1_358' title='bbox 1693 2902 1708 2953; x_wconf 91' lang='lat'>;</span> <span class='ocrx_word' id='word_1_359' title='bbox 1739 2891 1796 2941; x_wconf 90' lang='lat' dir='ltr'>et</span> <span class='ocrx_word' id='word_1_360' title='bbox 1820 2884 1875 2942; x_wconf 91' lang='lat' dir='ltr'>si</span> <span class='ocrx_word' id='word_1_361' title='bbox 1904 2897 2074 2943; x_wconf 88' lang='lat' dir='ltr'>amor</span> <span class='ocrx_word' id='word_1_362' title='bbox 2108 2884 2221 2941; x_wconf 84' lang='lat' dir='ltr'>&#39;am</span> <span class='ocrx_word' id='word_1_363' title='bbox 2255 2883 2439 2942; x_wconf 88' lang='lat' dir='ltr'>hahiti</span> <span class='ocrx_word' id='word_1_364' title='bbox 2471 2884 2699 2965; x_wconf 84' lang='lat' dir='ltr'>persec-</span> 
     </span>
     <span class='ocr_line' id='line_1_37' title="bbox 270 2954 2702 3025; baseline 0 -12"><span class='ocrx_word' id='word_1_365' title='bbox 270 2957 390 3014; x_wconf 86' lang='lat' dir='ltr'>tior</span> <span class='ocrx_word' id='word_1_366' title='bbox 434 2957 532 3025; x_wconf 88' lang='lat' dir='ltr'>sit,</span> <span class='ocrx_word' id='word_1_367' title='bbox 581 2956 697 3013; x_wconf 92' lang='lat' dir='ltr'>hoc</span> <span class='ocrx_word' id='word_1_368' title='bbox 743 2961 1025 3013; x_wconf 87' lang='lat' dir='ltr'>causatur</span> <span class='ocrx_word' id='word_1_369' title='bbox 1052 2969 1127 3012; x_wconf 85' lang='lat' dir='ltr'>ex</span> <span class='ocrx_word' id='word_1_370' title='bbox 1173 2954 1288 3012; x_wconf 89' lang='lat' dir='ltr'>hoc</span> <span class='ocrx_word' id='word_1_371' title='bbox 1369 2955 1487 3013; x_wconf 89' lang='lat' dir='ltr'>uod</span> <span class='ocrx_word' id='word_1_372' title='bbox 1532 2956 1757 3014; x_wconf 91' lang='lat' dir='ltr'>bonum</span> <span class='ocrx_word' id='word_1_373' title='bbox 1804 2960 2066 3013; x_wconf 89' lang='lat' dir='ltr'>amatum</span> <span class='ocrx_word' id='word_1_374' title='bbox 2139 2955 2384 3021; x_wconf 88' lang='lat' dir='ltr'>abetur;</span> <span class='ocrx_word' id='word_1_375' title='bbox 2414 2955 2577 3012; x_wconf 82' lang='lat' dir='ltr'>allud</span> <span class='ocrx_word' id='word_1_376' title='bbox 2608 2957 2702 3013; x_wconf 83' lang='lat' dir='ltr'>est</span> 
     </span>
     <span class='ocr_line' id='line_1_38' title="bbox 265 3024 2698 3100; baseline -0.001 -16"><span class='ocrx_word' id='word_1_377' title='bbox 265 3026 451 3099; x_wconf 80' lang='lat' dir='ltr'>igitur</span> <span class='ocrx_word' id='word_1_378' title='bbox 486 3026 705 3084; x_wconf 85' lang='lat' dir='ltr'>habere</span> <span class='ocrx_word' id='word_1_379' title='bbox 744 3025 992 3093; x_wconf 90' lang='lat' dir='ltr'>bonum,</span> <span class='ocrx_word' id='word_1_380' title='bbox 1023 3024 1183 3099; x_wconf 90' lang='lat' dir='ltr'>quod</span> <span class='ocrx_word' id='word_1_381' title='bbox 1221 3031 1314 3083; x_wconf 89' lang='lat' dir='ltr'>est</span> <span class='ocrx_word' id='word_1_382' title='bbox 1386 3026 1501 3095; x_wconf 92' lang='lat' dir='ltr'>nis,</span> <span class='ocrx_word' id='word_1_383' title='bbox 1544 3040 1723 3100; x_wconf 89' lang='lat' dir='ltr'>quam</span> <span class='ocrx_word' id='word_1_384' title='bbox 1750 3039 1969 3093; x_wconf 88' lang='lat' dir='ltr'>amare,</span> <span class='ocrx_word' id='word_1_385' title='bbox 1990 3026 2151 3098; x_wconf 90' lang='lat' dir='ltr'>quod</span> <span class='ocrx_word' id='word_1_386' title='bbox 2180 3032 2317 3083; x_wconf 90' lang='lat' dir='ltr'>ante</span> <span class='ocrx_word' id='word_1_387' title='bbox 2347 3024 2565 3084; x_wconf 88' lang='lat' dir='ltr'>habere</span> <span class='ocrx_word' id='word_1_388' title='bbox 2602 3028 2698 3083; x_wconf 88' lang='lat' dir='ltr'>est</span> 
     </span>
     <span class='ocr_line' id='line_1_39' title="bbox 267 3095 2702 3177; baseline -0.001 -23"><span class='ocrx_word' id='word_1_389' title='bbox 267 3097 704 3177; x_wconf 83' lang='lat' dir='ltr'>imperfectum,</span> <span class='ocrx_word' id='word_1_390' title='bbox 747 3103 886 3177; x_wconf 89' lang='lat' dir='ltr'>post</span> <span class='ocrx_word' id='word_1_391' title='bbox 930 3095 1147 3154; x_wconf 87' lang='lat' dir='ltr'>babere</span> <span class='ocrx_word' id='word_1_392' title='bbox 1189 3096 1536 3168; x_wconf 82' lang='lat' dir='ltr'>perfectum.</span> <span class='ocrx_word' id='word_1_393' title='bbox 1588 3096 1873 3154; x_wconf 88' lang='lat' dir='ltr'>Similiter</span> <span class='ocrx_word' id='word_1_394' title='bbox 1895 3101 2094 3155; x_wconf 88' lang='lat' dir='ltr'>autem</span> <span class='ocrx_word' id='word_1_395' title='bbox 2126 3109 2235 3153; x_wconf 91' lang='lat' dir='ltr'>nec</span> <span class='ocrx_word' id='word_1_396' title='bbox 2265 3096 2578 3154; x_wconf 88' lang='lat' dir='ltr'>delectatio</span> <span class='ocrx_word' id='word_1_397' title='bbox 2609 3098 2702 3153; x_wconf 91' lang='lat' dir='ltr'>est</span> 
     </span>
     <span class='ocr_line' id='line_1_40' title="bbox 266 3165 2701 3238; baseline -0.001 -13"><span class='ocrx_word' id='word_1_398' title='bbox 266 3167 520 3225; x_wconf 80' lang='lat' dir='ltr'>ultimus</span> <span class='ocrx_word' id='word_1_399' title='bbox 549 3166 723 3237; x_wconf 85' lang='lat' dir='ltr'>finis;</span> <span class='ocrx_word' id='word_1_400' title='bbox 752 3180 949 3238; x_wconf 89' lang='lat' dir='ltr'>1psum</span> <span class='ocrx_word' id='word_1_401' title='bbox 979 3166 1139 3224; x_wconf 91' lang='lat' dir='ltr'>enim</span> <span class='ocrx_word' id='word_1_402' title='bbox 1165 3166 1384 3225; x_wconf 90' lang='lat' dir='ltr'>habere</span> <span class='ocrx_word' id='word_1_403' title='bbox 1399 3166 1626 3225; x_wconf 90' lang='lat' dir='ltr'>bonum</span> <span class='ocrx_word' id='word_1_404' title='bbox 1655 3180 1841 3224; x_wconf 89' lang='lat' dir='ltr'>causa</span> <span class='ocrx_word' id='word_1_405' title='bbox 1863 3172 1957 3225; x_wconf 92' lang='lat' dir='ltr'>est</span> <span class='ocrx_word' id='word_1_406' title='bbox 1983 3166 2417 3236; x_wconf 86' lang='lat' dir='ltr'>delectationis,</span> <span class='ocrx_word' id='word_1_407' title='bbox 2448 3167 2538 3224; x_wconf 83' lang='lat' dir='ltr'>vel</span> <span class='ocrx_word' id='word_1_408' title='bbox 2557 3165 2701 3231; x_wconf 87' lang='lat' dir='ltr'>dum</span> 
     </span>
     <span class='ocr_line' id='line_1_41' title="bbox 261 3235 2701 3309; baseline -0.001 -13"><span class='ocrx_word' id='word_1_409' title='bbox 261 3236 494 3296; x_wconf 84' lang='lat' dir='ltr'>bonum</span> <span class='ocrx_word' id='word_1_410' title='bbox 523 3251 684 3295; x_wconf 91' lang='lat' dir='ltr'>nunc</span> <span class='ocrx_word' id='word_1_411' title='bbox 711 3237 981 3295; x_wconf 90' lang='lat' dir='ltr'>habitum</span> <span class='ocrx_word' id='word_1_412' title='bbox 1012 3238 1332 3306; x_wconf 88' lang='lat' dir='ltr'>sentimus,</span> <span class='ocrx_word' id='word_1_413' title='bbox 1362 3238 1454 3295; x_wconf 86' lang='lat' dir='ltr'>vel</span> <span class='ocrx_word' id='word_1_414' title='bbox 1484 3238 1624 3296; x_wconf 91' lang='lat' dir='ltr'>dum</span> <span class='ocrx_word' id='word_1_415' title='bbox 1654 3238 1820 3309; x_wconf 89' lang='lat' dir='ltr'>prius</span> <span class='ocrx_word' id='word_1_416' title='bbox 1851 3237 2119 3296; x_wconf 87' lang='lat' dir='ltr'>habitum</span> <span class='ocrx_word' id='word_1_417' title='bbox 2154 3251 2576 3305; x_wconf 89' lang='lat' dir='ltr'>memoramur,</span> <span class='ocrx_word' id='word_1_418' title='bbox 2605 3235 2701 3293; x_wconf 85' lang='lat' dir='ltr'>vel</span> 
     </span>
     <span class='ocr_line' id='line_1_42' title="bbox 263 3307 2700 3381; baseline -0.001 -14"><span class='ocrx_word' id='word_1_419' title='bbox 263 3307 410 3367; x_wconf 89' lang='lat' dir='ltr'>dum</span> <span class='ocrx_word' id='word_1_420' title='bbox 454 3308 516 3366; x_wconf 92' lang='lat' dir='ltr'>in</span> <span class='ocrx_word' id='word_1_421' title='bbox 563 3308 764 3367; x_wconf 82' lang='lat' dir='ltr'>futuro</span> <span class='ocrx_word' id='word_1_422' title='bbox 811 3308 1151 3365; x_wconf 87' lang='lat' dir='ltr'>habendum</span> <span class='ocrx_word' id='word_1_423' title='bbox 1192 3322 1547 3379; x_wconf 89' lang='lat' dir='ltr'>speramus:</span> <span class='ocrx_word' id='word_1_424' title='bbox 1601 3322 1722 3366; x_wconf 91' lang='lat' dir='ltr'>non</span> <span class='ocrx_word' id='word_1_425' title='bbox 1775 3314 1868 3366; x_wconf 88' lang='lat' dir='ltr'>est</span> <span class='ocrx_word' id='word_1_426' title='bbox 1895 3309 2078 3381; x_wconf 85' lang='lat' dir='ltr'>igitur</span> <span class='ocrx_word' id='word_1_427' title='bbox 2106 3308 2420 3367; x_wconf 87' lang='lat' dir='ltr'>delectatio</span> <span class='ocrx_word' id='word_1_428' title='bbox 2450 3307 2700 3365; x_wconf 87' lang='lat' dir='ltr'>ultimus</span> 
     </span>
     <span class='ocr_line' id='line_1_43' title="bbox 263 3376 2698 3450; baseline -0.002 -13"><span class='ocrx_word' id='word_1_429' title='bbox 263 3377 427 3437; x_wconf 78' lang='lat' dir='ltr'>finiS.</span> <span class='ocrx_word' id='word_1_430' title='bbox 445 3379 658 3437; x_wconf 89' lang='lat' dir='ltr'>Nullus</span> <span class='ocrx_word' id='word_1_431' title='bbox 680 3392 823 3449; x_wconf 73' lang='lat' dir='ltr'>ergo</span> <span class='ocrx_word' id='word_1_432' title='bbox 845 3383 1016 3443; x_wconf 79' lang='lat' dir='ltr'>actus</span> <span class='ocrx_word' id='word_1_433' title='bbox 1035 3378 1361 3437; x_wconf 86' lang='lat' dir='ltr'>voluntatis</span> <span class='ocrx_word' id='word_1_434' title='bbox 1389 3384 1584 3450; x_wconf 91' lang='lat' dir='ltr'>potest</span> <span class='ocrx_word' id='word_1_435' title='bbox 1603 3392 1740 3437; x_wconf 88' lang='lat' dir='ltr'>esse</span> <span class='ocrx_word' id='word_1_436' title='bbox 1761 3378 2234 3437; x_wconf 88' lang='lat' dir='ltr'>substantialiter</span> <span class='ocrx_word' id='word_1_437' title='bbox 2256 3381 2390 3450; x_wconf 89' lang='lat' dir='ltr'>ipsa</span> <span class='ocrx_word' id='word_1_438' title='bbox 2418 3376 2698 3435; x_wconf 79' lang='lat' dir='ltr'>felicitas,</span> 
     </span>
    </p>

    <p class='ocr_par' dir='ltr' id='par_1_8' title="bbox 260 3449 2703 3882">
     <span class='ocr_line' id='line_1_44' title="bbox 336 3449 2703 3520; baseline -0.001 -14"><span class='ocrx_word' id='word_1_439' title='bbox 336 3450 555 3513; x_wconf 77' lang='lat' dir='ltr'>Adhuc,</span> <span class='ocrx_word' id='word_1_440' title='bbox 607 3449 660 3508; x_wconf 90' lang='lat' dir='ltr'>si</span> <span class='ocrx_word' id='word_1_441' title='bbox 707 3449 1021 3507; x_wconf 87' lang='lat' dir='ltr'>delectatio</span> <span class='ocrx_word' id='word_1_442' title='bbox 1070 3454 1228 3506; x_wconf 85' lang='lat' dir='ltr'>esset</span> <span class='ocrx_word' id='word_1_443' title='bbox 1258 3450 1506 3508; x_wconf 90' lang='lat' dir='ltr'>ultimus</span> <span class='ocrx_word' id='word_1_444' title='bbox 1530 3449 1691 3512; x_wconf 85' lang='lat' dir='ltr'>finis,</span> <span class='ocrx_word' id='word_1_445' title='bbox 1725 3449 1857 3520; x_wconf 89' lang='lat' dir='ltr'>ipsa</span> <span class='ocrx_word' id='word_1_446' title='bbox 1887 3450 2214 3507; x_wconf 90' lang='lat' dir='ltr'>secundum</span> <span class='ocrx_word' id='word_1_447' title='bbox 2246 3451 2507 3520; x_wconf 87' lang='lat' dir='ltr'>seipsam</span> <span class='ocrx_word' id='word_1_448' title='bbox 2539 3451 2703 3505; x_wconf 89' lang='lat' dir='ltr'>esset</span> 
     </span>
     <span class='ocr_line' id='line_1_45' title="bbox 263 3519 2702 3593; baseline -0.001 -13"><span class='ocrx_word' id='word_1_449' title='bbox 263 3519 616 3593; x_wconf 85' lang='lat' dir='ltr'>appetenda.</span> <span class='ocrx_word' id='word_1_450' title='bbox 665 3521 789 3578; x_wconf 86' lang='lat' dir='ltr'>Hoc</span> <span class='ocrx_word' id='word_1_451' title='bbox 829 3526 1028 3578; x_wconf 88' lang='lat' dir='ltr'>autem</span> <span class='ocrx_word' id='word_1_452' title='bbox 1074 3525 1168 3577; x_wconf 87' lang='lat' dir='ltr'>est</span> <span class='ocrx_word' id='word_1_453' title='bbox 1194 3519 1446 3589; x_wconf 77' lang='lat' dir='ltr'>falsum3</span> <span class='ocrx_word' id='word_1_454' title='bbox 1497 3521 1678 3578; x_wconf 79' lang='lat' dir='ltr'>refert</span> <span class='ocrx_word' id='word_1_455' title='bbox 1700 3520 1860 3577; x_wconf 89' lang='lat' dir='ltr'>enim</span> <span class='ocrx_word' id='word_1_456' title='bbox 1886 3535 2018 3592; x_wconf 83' lang='lat' dir='ltr'>quae</span> <span class='ocrx_word' id='word_1_457' title='bbox 2043 3520 2358 3578; x_wconf 89' lang='lat' dir='ltr'>delectatio</span> <span class='ocrx_word' id='word_1_458' title='bbox 2391 3521 2702 3591; x_wconf 85' lang='lat' dir='ltr'>appetatur</span> 
     </span>
     <span class='ocr_line' id='line_1_46' title="bbox 263 3588 2699 3664; baseline -0.002 -15"><span class='ocrx_word' id='word_1_459' title='bbox 263 3604 340 3649; x_wconf 84' lang='lat' dir='ltr'>ex</span> <span class='ocrx_word' id='word_1_460' title='bbox 384 3604 457 3648; x_wconf 88' lang='lat' dir='ltr'>eo</span> <span class='ocrx_word' id='word_1_461' title='bbox 506 3591 582 3648; x_wconf 87' lang='lat' dir='ltr'>ad</span> <span class='ocrx_word' id='word_1_462' title='bbox 625 3591 782 3664; x_wconf 89' lang='lat' dir='ltr'>quod</span> <span class='ocrx_word' id='word_1_463' title='bbox 827 3590 1216 3662; x_wconf 87' lang='lat' dir='ltr'>consequitur</span> <span class='ocrx_word' id='word_1_464' title='bbox 1247 3590 1600 3659; x_wconf 85' lang='lat' dir='ltr'>delectatio;</span> <span class='ocrx_word' id='word_1_465' title='bbox 1633 3604 1770 3648; x_wconf 83' lang='lat' dir='ltr'>nam</span> <span class='ocrx_word' id='word_1_466' title='bbox 1801 3589 2115 3648; x_wconf 87' lang='lat' dir='ltr'>delectatio</span> <span class='ocrx_word' id='word_1_467' title='bbox 2143 3605 2276 3664; x_wconf 80' lang='lat' dir='ltr'>quae</span> <span class='ocrx_word' id='word_1_468' title='bbox 2303 3588 2699 3661; x_wconf 88' lang='lat' dir='ltr'>consequitur</span> 
     </span>
     <span class='ocr_line' id='line_1_47' title="bbox 260 3659 2699 3734; baseline -0.002 -14"><span class='ocrx_word' id='word_1_469' title='bbox 260 3659 458 3720; x_wconf 88' lang='lat' dir='ltr'>bonas</span> <span class='ocrx_word' id='word_1_470' title='bbox 504 3667 562 3719; x_wconf 91' lang='lat' dir='ltr'>et</span> <span class='ocrx_word' id='word_1_471' title='bbox 589 3660 950 3732; x_wconf 86' lang='lat' dir='ltr'>appetendas</span> <span class='ocrx_word' id='word_1_472' title='bbox 979 3660 1364 3732; x_wconf 89' lang='lat' dir='ltr'>operationes</span> <span class='ocrx_word' id='word_1_473' title='bbox 1390 3661 1551 3720; x_wconf 90' lang='lat' dir='ltr'>bona</span> <span class='ocrx_word' id='word_1_474' title='bbox 1578 3665 1752 3720; x_wconf 87' lang='lat' dir='ltr'>estet</span> <span class='ocrx_word' id='word_1_475' title='bbox 1778 3675 1815 3718; x_wconf 93' lang='lat' dir='ltr'>a</span> <span class='ocrx_word' id='word_1_476' title='bbox 1854 3661 2108 3732; x_wconf 85' lang='lat' dir='ltr'>petenda</span> <span class='ocrx_word' id='word_1_477' title='bbox 2131 3678 2147 3729; x_wconf 92' lang='lat'><strong>;</strong></span> <span class='ocrx_word' id='word_1_478' title='bbox 2177 3676 2311 3734; x_wconf 83' lang='lat' dir='ltr'>quae</span> <span class='ocrx_word' id='word_1_479' title='bbox 2338 3666 2537 3719; x_wconf 91' lang='lat' dir='ltr'>autem</span> <span class='ocrx_word' id='word_1_480' title='bbox 2571 3671 2699 3716; x_wconf 89' lang='lat' dir='ltr'>ma-</span> 
     </span>
     <span class='ocr_line' id='line_1_48' title="bbox 261 3729 2701 3804; baseline -0.002 -12"><span class='ocrx_word' id='word_1_481' title='bbox 261 3731 379 3802; x_wconf 85' lang='lat' dir='ltr'>las,</span> <span class='ocrx_word' id='word_1_482' title='bbox 430 3732 589 3790; x_wconf 88' lang='lat' dir='ltr'>mala</span> <span class='ocrx_word' id='word_1_483' title='bbox 639 3737 732 3790; x_wconf 90' lang='lat' dir='ltr'>est</span> <span class='ocrx_word' id='word_1_484' title='bbox 779 3737 841 3790; x_wconf 87' lang='lat' dir='ltr'>et</span> <span class='ocrx_word' id='word_1_485' title='bbox 868 3731 1173 3804; x_wconf 79' lang='lat' dir='ltr'>fugienda.</span> <span class='ocrx_word' id='word_1_486' title='bbox 1233 3731 1628 3804; x_wconf 83' lang='lat' dir='ltr'>Habet.igitur</span> <span class='ocrx_word' id='word_1_487' title='bbox 1718 3745 1795 3790; x_wconf 90' lang='lat' dir='ltr'>uo</span> <span class='ocrx_word' id='word_1_488' title='bbox 1879 3731 1958 3789; x_wconf 91' lang='lat' dir='ltr'>sit</span> <span class='ocrx_word' id='word_1_489' title='bbox 2000 3732 2161 3789; x_wconf 93' lang='lat' dir='ltr'>bona</span> <span class='ocrx_word' id='word_1_490' title='bbox 2186 3738 2247 3789; x_wconf 91' lang='lat' dir='ltr'>et</span> <span class='ocrx_word' id='word_1_491' title='bbox 2272 3729 2604 3803; x_wconf 89' lang='lat' dir='ltr'>appetenda</span> <span class='ocrx_word' id='word_1_492' title='bbox 2631 3741 2701 3787; x_wconf 86' lang='lat' dir='ltr'>ex</span> 
     </span>
     <span class='ocr_line' id='line_1_49' title="bbox 263 3801 2159 3882; baseline 0 -21"><span class='ocrx_word' id='word_1_493' title='bbox 263 3802 407 3862; x_wconf 86' lang='lat' dir='ltr'>alio.</span> <span class='ocrx_word' id='word_1_494' title='bbox 432 3805 565 3860; x_wconf 87' lang='lat' dir='ltr'>Non</span> <span class='ocrx_word' id='word_1_495' title='bbox 591 3808 685 3860; x_wconf 83' lang='lat' dir='ltr'>est</span> <span class='ocrx_word' id='word_1_496' title='bbox 712 3802 896 3875; x_wconf 82' lang='lat' dir='ltr'>igitur</span> <span class='ocrx_word' id='word_1_497' title='bbox 924 3804 1056 3874; x_wconf 88' lang='lat' dir='ltr'>ipsa</span> <span class='ocrx_word' id='word_1_498' title='bbox 1083 3801 1344 3860; x_wconf 86' lang='lat' dir='ltr'>ultimus</span> <span class='ocrx_word' id='word_1_499' title='bbox 1373 3801 1533 3872; x_wconf 87' lang='lat' dir='ltr'>finis,</span> <span class='ocrx_word' id='word_1_500' title='bbox 1566 3816 1684 3875; x_wconf 87' lang='lat' dir='ltr'>quo</span> <span class='ocrx_word' id='word_1_501' title='bbox 1756 3807 1848 3882; x_wconf 78' lang='lat' dir='ltr'>est</span> <span class='ocrx_word' id='word_1_502' title='bbox 1878 3801 2159 3861; x_wconf 82' lang='lat' dir='ltr'>felicitaS.</span> 
     </span>
    </p>

    <p class='ocr_par' dir='ltr' id='par_1_9' title="bbox 262 3872 2706 4015">
     <span class='ocr_line' id='line_1_50' title="bbox 335 3872 2703 3941; baseline 0 -11"><span class='ocrx_word' id='word_1_503' title='bbox 335 3873 554 3937; x_wconf 73' lang='lat' dir='ltr'>Adhuc,</span> <span class='ocrx_word' id='word_1_504' title='bbox 586 3879 786 3931; x_wconf 89' lang='lat' dir='ltr'>rectus</span> <span class='ocrx_word' id='word_1_505' title='bbox 814 3873 963 3932; x_wconf 89' lang='lat' dir='ltr'>ordo</span> <span class='ocrx_word' id='word_1_506' title='bbox 981 3887 1182 3930; x_wconf 88' lang='lat' dir='ltr'>rerum</span> <span class='ocrx_word' id='word_1_507' title='bbox 1223 3880 1504 3930; x_wconf 78' lang='lat' dir='ltr'>convenit</span> <span class='ocrx_word' id='word_1_508' title='bbox 1531 3888 1667 3931; x_wconf 88' lang='lat' dir='ltr'>cum</span> <span class='ocrx_word' id='word_1_509' title='bbox 1699 3872 1907 3931; x_wconf 79' lang='lat' dir='ltr'>ordine</span> <span class='ocrx_word' id='word_1_510' title='bbox 1938 3878 2201 3941; x_wconf 78' lang='lat' dir='ltr'>naturae3</span> <span class='ocrx_word' id='word_1_511' title='bbox 2233 3886 2370 3931; x_wconf 89' lang='lat' dir='ltr'>nam</span> <span class='ocrx_word' id='word_1_512' title='bbox 2406 3885 2505 3929; x_wconf 91' lang='lat' dir='ltr'>res</span> <span class='ocrx_word' id='word_1_513' title='bbox 2531 3875 2703 3930; x_wconf 87' lang='lat' dir='ltr'>natu·</span> 
     </span>
     <span class='ocr_line' id='line_1_51' title="bbox 262 3941 2706 4015; baseline -0.002 -13"><span class='ocrx_word' id='word_1_514' title='bbox 262 3942 426 4002; x_wconf 88' lang='lat' dir='ltr'>rales</span> <span class='ocrx_word' id='word_1_515' title='bbox 454 3944 809 4002; x_wconf 88' lang='lat' dir='ltr'>ordinantur</span> <span class='ocrx_word' id='word_1_516' title='bbox 837 3944 900 4002; x_wconf 93' lang='lat' dir='ltr'>in</span> <span class='ocrx_word' id='word_1_517' title='bbox 928 3957 1104 4002; x_wconf 90' lang='lat' dir='ltr'>suum</span> <span class='ocrx_word' id='word_1_518' title='bbox 1131 3941 1313 4001; x_wconf 87' lang='lat' dir='ltr'>finem</span> <span class='ocrx_word' id='word_1_519' title='bbox 1350 3943 1578 4015; x_wconf 90' lang='lat' dir='ltr'>absque</span> <span class='ocrx_word' id='word_1_520' title='bbox 1620 3957 1841 4001; x_wconf 88' lang='lat' dir='ltr'>errore.</span> <span class='ocrx_word' id='word_1_521' title='bbox 1872 3945 1939 4000; x_wconf 94' lang='lat' dir='ltr'>In</span> <span class='ocrx_word' id='word_1_522' title='bbox 1968 3943 2349 4001; x_wconf 90' lang='lat' dir='ltr'>naturalibus</span> <span class='ocrx_word' id='word_1_523' title='bbox 2383 3948 2581 3999; x_wconf 88' lang='lat' dir='ltr'>autem</span> <span class='ocrx_word' id='word_1_524' title='bbox 2610 3944 2706 4001; x_wconf 90' lang='lat' dir='ltr'>est</span> 
     </span>
    </p>

    <p class='ocr_par' dir='ltr' id='par_1_10' title="bbox 0 4011 2706 4496">
     <span class='ocr_line' id='line_1_52' title="bbox 0 4011 2702 4086; baseline -0.001 -13"><span class='ocrx_word' id='word_1_525' title='bbox 0 4023 14 4063; x_wconf 62' lang='grc' dir='ltr'><strong>ι</strong></span> <span class='ocrx_word' id='word_1_526' title='bbox 197 4036 210 4046; x_wconf 84' lang='grc'>··</span> <span class='ocrx_word' id='word_1_527' title='bbox 260 4013 576 4073; x_wconf 86' lang='lat' dir='ltr'>delectatio</span> <span class='ocrx_word' id='word_1_528' title='bbox 604 4020 842 4086; x_wconf 89' lang='lat' dir='ltr'>propter</span> <span class='ocrx_word' id='word_1_529' title='bbox 870 4013 1300 4086; x_wconf 87' lang='lat' dir='ltr'>operationem,</span> <span class='ocrx_word' id='word_1_530' title='bbox 1330 4019 1389 4071; x_wconf 89' lang='lat' dir='ltr'>et</span> <span class='ocrx_word' id='word_1_531' title='bbox 1431 4027 1553 4073; x_wconf 91' lang='lat' dir='ltr'>non</span> <span class='ocrx_word' id='word_1_532' title='bbox 1584 4030 1617 4071; x_wconf 92' lang='lat' dir='ltr'>e</span> <span class='ocrx_word' id='word_1_533' title='bbox 1648 4027 1973 4082; x_wconf 86' lang='lat' dir='ltr'>converso;</span> <span class='ocrx_word' id='word_1_534' title='bbox 2020 4013 2294 4071; x_wconf 75' lang='lat' dir='ltr'>vidimus</span> <span class='ocrx_word' id='word_1_535' title='bbox 2334 4013 2491 4070; x_wconf 90' lang='lat' dir='ltr'>enim</span> <span class='ocrx_word' id='word_1_536' title='bbox 2538 4011 2702 4085; x_wconf 81' lang='lat' dir='ltr'>quod</span> 
     </span>
     <span class='ocr_line' id='line_1_53' title="bbox 257 4082 2706 4156; baseline -0 -13"><span class='ocrx_word' id='word_1_537' title='bbox 257 4090 477 4143; x_wconf 84' lang='lat' dir='ltr'>natura</span> <span class='ocrx_word' id='word_1_538' title='bbox 504 4085 627 4143; x_wconf 91' lang='lat' dir='ltr'>illis</span> <span class='ocrx_word' id='word_1_539' title='bbox 656 4086 1106 4156; x_wconf 89' lang='lat' dir='ltr'>operationibus</span> <span class='ocrx_word' id='word_1_540' title='bbox 1130 4084 1483 4142; x_wconf 88' lang='lat' dir='ltr'>animalium</span> <span class='ocrx_word' id='word_1_541' title='bbox 1531 4083 1988 4142; x_wconf 88' lang='lat' dir='ltr'>delectationem</span> <span class='ocrx_word' id='word_1_542' title='bbox 2044 4082 2337 4154; x_wconf 86' lang='lat' dir='ltr'>apposuit</span> <span class='ocrx_word' id='word_1_543' title='bbox 2379 4096 2511 4155; x_wconf 79' lang='lat' dir='ltr'>quae</span> <span class='ocrx_word' id='word_1_544' title='bbox 2559 4085 2706 4142; x_wconf 82' lang='lat' dir='ltr'>sunt</span> 
     </span>
     <span class='ocr_line' id='line_1_54' title="bbox 255 4153 2704 4227; baseline -0 -13"><span class='ocrx_word' id='word_1_545' title='bbox 255 4155 582 4214; x_wconf 79' lang='lat' dir='ltr'>manifeste</span> <span class='ocrx_word' id='word_1_546' title='bbox 610 4154 686 4212; x_wconf 88' lang='lat' dir='ltr'>ad</span> <span class='ocrx_word' id='word_1_547' title='bbox 707 4153 858 4212; x_wconf 84' lang='lat' dir='ltr'>fines</span> <span class='ocrx_word' id='word_1_548' title='bbox 882 4154 1258 4214; x_wconf 90' lang='lat' dir='ltr'>necessarios</span> <span class='ocrx_word' id='word_1_549' title='bbox 1278 4154 1590 4224; x_wconf 67' lang='lat' dir='ltr'>ordinatae,</span> <span class='ocrx_word' id='word_1_550' title='bbox 1621 4154 1780 4212; x_wconf 91' lang='lat' dir='ltr'>sicut</span> <span class='ocrx_word' id='word_1_551' title='bbox 1804 4155 1867 4211; x_wconf 92' lang='lat' dir='ltr'>in</span> <span class='ocrx_word' id='word_1_552' title='bbox 1895 4168 2009 4213; x_wconf 84' lang='lat' dir='ltr'>usu</span> <span class='ocrx_word' id='word_1_553' title='bbox 2035 4155 2309 4212; x_wconf 89' lang='lat' dir='ltr'>ciborum</span> <span class='ocrx_word' id='word_1_554' title='bbox 2336 4154 2439 4227; x_wconf 89' lang='lat' dir='ltr'>qui</span> <span class='ocrx_word' id='word_1_555' title='bbox 2464 4153 2704 4213; x_wconf 80' lang='lat' dir='ltr'>ordina·</span> 
     </span>
     <span class='ocr_line' id='line_1_55' title="bbox 261 4223 2700 4297; baseline 0 -13"><span class='ocrx_word' id='word_1_556' title='bbox 261 4228 358 4284; x_wconf 87' lang='lat' dir='ltr'>tur</span> <span class='ocrx_word' id='word_1_557' title='bbox 384 4226 462 4284; x_wconf 87' lang='lat' dir='ltr'>ad</span> <span class='ocrx_word' id='word_1_558' title='bbox 500 4224 1018 4283; x_wconf 85' lang='lat' dir='ltr'>conservationem</span> <span class='ocrx_word' id='word_1_559' title='bbox 1040 4224 1354 4297; x_wconf 87' lang='lat' dir='ltr'>individui,</span> <span class='ocrx_word' id='word_1_560' title='bbox 1384 4231 1445 4283; x_wconf 90' lang='lat' dir='ltr'>et</span> <span class='ocrx_word' id='word_1_561' title='bbox 1487 4226 1551 4282; x_wconf 93' lang='lat' dir='ltr'>in</span> <span class='ocrx_word' id='word_1_562' title='bbox 1583 4238 1697 4282; x_wconf 91' lang='lat' dir='ltr'>usu</span> <span class='ocrx_word' id='word_1_563' title='bbox 1725 4238 2121 4283; x_wconf 87' lang='lat' dir='ltr'>venereorum</span> <span class='ocrx_word' id='word_1_564' title='bbox 2150 4225 2252 4297; x_wconf 90' lang='lat' dir='ltr'>qui</span> <span class='ocrx_word' id='word_1_565' title='bbox 2282 4224 2595 4283; x_wconf 91' lang='lat' dir='ltr'>ordinatur</span> <span class='ocrx_word' id='word_1_566' title='bbox 2619 4223 2700 4284; x_wconf 78' lang='lat' dir='ltr'>ad</span> 
     </span>
     <span class='ocr_line' id='line_1_56' title="bbox 261 4294 2705 4367; baseline 0 -13"><span class='ocrx_word' id='word_1_567' title='bbox 261 4295 784 4355; x_wconf 84' lang='lat' dir='ltr'>conservationem</span> <span class='ocrx_word' id='word_1_568' title='bbox 819 4296 1080 4367; x_wconf 89' lang='lat' dir='ltr'>speciei;</span> <span class='ocrx_word' id='word_1_569' title='bbox 1111 4296 1228 4354; x_wconf 91' lang='lat' dir='ltr'>nisi</span> <span class='ocrx_word' id='word_1_570' title='bbox 1278 4296 1440 4354; x_wconf 91' lang='lat' dir='ltr'>enim</span> <span class='ocrx_word' id='word_1_571' title='bbox 1479 4294 1720 4353; x_wconf 88' lang='lat' dir='ltr'>adesset</span> <span class='ocrx_word' id='word_1_572' title='bbox 1747 4295 2082 4364; x_wconf 63' lang='lat' dir='ltr'>delectam,</span> <span class='ocrx_word' id='word_1_573' title='bbox 2127 4295 2412 4354; x_wconf 89' lang='lat' dir='ltr'>animalia</span> <span class='ocrx_word' id='word_1_574' title='bbox 2471 4310 2507 4353; x_wconf 91' lang='lat' dir='ltr'>a</span> <span class='ocrx_word' id='word_1_575' title='bbox 2550 4306 2705 4367; x_wconf 77' lang='lat' dir='ltr'>prae-</span> 
     </span>
     <span class='ocr_line' id='line_1_57' title="bbox 263 4364 2698 4496; baseline -0 -72"><span class='ocrx_word' id='word_1_576' title='bbox 263 4364 457 4495; x_wconf 49' lang='lat' dir='ltr'>²dictist</span> <span class='ocrx_word' id='word_1_577' title='bbox 479 4365 693 4496; x_wconf 57' lang='lat' dir='ltr'>ililstibus</span> <span class='ocrx_word' id='word_1_578' title='bbox 721 4364 1084 4495; x_wconf 57' lang='lat' dir='ltr'>nffissariis</span> <span class='ocrx_word' id='word_1_579' title='bbox 1110 4364 1498 4427; x_wconf 88' lang='lat' dir='ltr'>abstinerent.</span> <span class='ocrx_word' id='word_1_580' title='bbox 1530 4366 1911 4439; x_wconf 83' lang='lat' dir='ltr'>lmpossibile</span> <span class='ocrx_word' id='word_1_581' title='bbox 1939 4379 2084 4440; x_wconf 85' lang='lat' dir='ltr'>ergo</span> <span class='ocrx_word' id='word_1_582' title='bbox 2113 4371 2205 4425; x_wconf 89' lang='lat' dir='ltr'>est</span> <span class='ocrx_word' id='word_1_583' title='bbox 2245 4366 2407 4441; x_wconf 88' lang='lat' dir='ltr'>quod</span> <span class='ocrx_word' id='word_1_584' title='bbox 2448 4365 2698 4424; x_wconf 84' lang='lat' dir='ltr'>delecta·</span> 
     </span>
    </p>
   </div>
  </div>
 </body>
</html>
