3076 5025
1128 307 1260 363 LIB.
1299 308 1371 375 11,
1413 306 1565 362 CAP.
1608 307 1863 363 Lxxxlx.
2602 316 2704 371 237

275 425 411 499 pori
441 429 509 484 ut
539 425 753 495 forma,
783 438 905 483 non
937 425 1144 483 unitur
1169 423 1288 482 nisi
1321 426 1559 496 corpori
1588 426 1761 508 cujus
1786 431 1878 484 est
1905 427 2141 499 proprie
2172 432 2361 486 actus.
2396 431 2708 489 Estautem

279 497 484 555 anima
530 502 701 554 actus
735 495 1014 576 ,corporis
1056 495 1346 569 organici.
1378 499 1506 554 Non
1536 501 1628 554 est
1655 497 1837 569 igitur
1864 503 2000 556 ante
2036 500 2539 571 organizationem
2585 515 2711 559 cor·

273 568 445 640 poris
493 567 558 625 in
598 580 828 625 semine
877 568 1078 625 anima
1110 572 1267 634 actu,
1293 566 1398 625 sed
1428 566 1627 624 solum
1656 568 1921 638 potentia
1949 568 2074 626 sive
2101 570 2335 627 virtute.
2369 571 2533 628 Unde
2554 572 2711 630 Aris·

249 637 495 699 {toteles
524 637 668 695 dicit
699 635 797 709 (pe
824 640 1031 707 anima,
1058 652 1126 708 ιι,
1156 643 1296 694 text.
1328 650 1549 694 comm.
1574 637 1661 709 30)
1693 638 1852 709 quod
1878 652 2087 697 semen
2115 645 2174 697 et
2201 640 2429 698 fructus
2459 641 2547 699 sic
2569 648 2709 701 sunt

249 702 550 782 *potentia
593 708 775 788 vitam
821 708 1103 766 habentia
1150 707 1312 789 quod
1351 707 1640 780 abjiciunt
1683 708 1965 789 animam,
2008 709 2070 766 id
2118 715 2209 769 est
2254 712 2455 768 anima
2484 719 2705 782 carent,

278 793 463 852 quum
507 784 707 836 tamen
759 779 819 836 id
861 779 1034 851 cujus
1083 791 1286 836 anima
1330 784 1422 836 est
1464 784 1635 837 actus
1674 784 1756 836 sit
1796 780 2064 860 potentia
2090 780 2269 838 vitam
2302 782 2552 853 bahem,
2583 798 2707 842 non

278 856 477 910 tamen
512 850 804 921 abjiciens
833 850 1116 907 animam.
1148 851 1502 920 sequeretur
1528 849 1730 911 etiam,
1757 863 1811 907 si
1842 864 1877 907 a
1901 850 2195 931 principio
2224 853 2426 910 anima
2453 860 2615 912 esset
2641 855 2707 912 in

277 921 535 990 semine,
583 919 743 1000 quod
773 921 1082 992 generatio
1110 919 1391 978 animalis
1420 926 1585 978 esset
1628 920 1823 978 sotum
1852 935 1958 991 per
1984 919 2372 992 decisionem,
2405 924 2561 982 sicut
2591 930 2707 996 est,

275 992 344 1050 in
375 990 743 1055 animalibus
772 990 1111 1059 annulosis,
1141 990 1301 1064 quod
1331 1005 1405 1048 ex
1429 1004 1553 1048 uno
1580 989 1732 1048 fiunt
1766 991 1905 1048 du0.
1947 993 2160 1049 Semen
2189 992 2370 1063 enim,
2404 995 2479 1064 si,
2506 996 2708 1054 statim

257 1091 262 1100 ¹
323 1075 469 1121 uum
498 1066 593 1120 est
615 1060 906 1125 decisum,
937 1061 1196 1120 animam
1230 1060 1494 1129 baberet,
1517 1060 1642 1134 jam
1672 1062 1912 1119 baberet
1948 1061 2196 1120 sormam
2226 1063 2705 1124 substantialem.

330 1133 491 1191 mnis
537 1137 735 1190 autem
788 1132 1094 1204 generatio
1142 1131 1561 1190 substantialis
1608 1131 1885 1203 praecedit
1930 1132 2181 1190 formam
2229 1134 2706 1206 substantialem,

277 1216 405 1262 non
436 1217 568 1261 eam
600 1201 872 1274 sequitur
897 1220 911 1234 ·
942 1203 995 1260 si
1021 1217 1154 1276 quai
1190 1216 1332 1261 vero
1365 1203 1898 1262 transmutationes
1949 1203 2201 1262 formam
2251 1205 2707 1265 substantialem

280 1279 640 1347 sequuntur,
671 1285 794 1355 non
824 1245 1179 1356 ordinantur
1206 1272 1281 1331 ad
1308 1286 1444 1332 esse
1472 1273 1761 1355 generati,
1788 1273 1895 1333 sed
1921 1274 2174 1356 zib-bene
2204 1288 2339 1333 esse
2370 1275 2583 1346 ipsius.
2613 1278 2708 1335 Sic

259 1345 469 1418 ‘igitur
495 1349 805 1417 generatio
834 1344 1114 1403 animalis
1144 1344 1544 1416 compleretur
1570 1357 1633 1400 in
1668 1358 1800 1415 ipsa
1829 1344 2136 1403 decisione
2168 1346 2420 1404 seminis
2445 1364 2460 1415 ;
2495 1360 2707 1406 omnes

280 1420 482 1475 autem
512 1414 1047 1473 transmutationes
1072 1419 1394 1488 sequentes
1424 1420 1631 1472 essent
1653 1414 1727 1473 ad
1755 1415 2203 1488 generationem
2231 1416 2704 1498 impertinentes,

279 1485 396 1546 sed
447 1486 645 1545 adbuc
696 1486 890 1556 magis
917 1490 1011 1544 est
1041 1485 1383 1554 ridiculum,
1409 1485 1461 1543 si
1493 1486 1611 1543 boc
1643 1484 1716 1543 de
1744 1487 1945 1544 anima
1974 1485 2253 1544 rationali
2283 1487 2549 1546 dicatur:
2581 1494 2708 1546 tum

279 1557 424 1630 quia
447 1556 528 1615 ini
575 1555 826 1615 ossibile
853 1561 946 1615 est
973 1560 1040 1615 ut
1065 1556 1361 1615 dividatur
1391 1555 1722 1614 secundum
1768 1556 2127 1615 divisionem
2157 1558 2448 1629 corporiS,
2479 1559 2554 1617 ad
2592 1559 2710 1617 hoc

279 1634 350 1686 ut
390 1629 459 1685 in
547 1628 711 1687 eciso
758 1628 989 1685 semine
1037 1631 1198 1686 esset
1239 1628 1471 1699 possit3
1520 1633 1647 1685 tum
1691 1627 1831 1700 quia
1878 1633 2228 1699 sequeretur
2254 1628 2434 1700 quod,
2467 1629 2529 1686 in
2580 1642 2709 1687 om·

281 1698 464 1758 nibus
492 1698 930 1771 pollutionibus
950 1712 1018 1756 ex
1049 1698 1270 1771 quibus
1297 1703 1624 1769 conceptus
1653 1711 1775 1756 non
1801 1699 2091 1771 sequitur,
2113 1698 2512 1758 nihilominus
2538 1700 2713 1759 ratio-

279 1769 452 1829 nales
481 1769 699 1828 animae
727 1769 1283 1840 multiplicarentur.

350 1844 554 1913 Neque
585 1840 764 1898 etiam
811 1838 930 1898 dici
976 1844 1174 1911 potest
1217 1839 1398 1912 (quod
1428 1839 1670 1911 quidam
1714 1838 1939 1914 dicunt)
1980 1841 2092 1899 etsi
2138 1856 2174 1898 a
2200 1841 2387 1914 princi
2436 1843 2495 1900 io
2548 1841 2709 1901 deci·

281 1911 478 1971 sionis
520 1912 586 1968 in
628 1909 859 1969 semine
909 1923 1031 1969 non
1077 1910 1156 1969 sit
1202 1910 1402 1968 anima
1429 1916 1588 1979 actu,
1621 1910 1726 1968 sed
1753 1910 1989 1982 virtute,
2019 1916 2279 1983 propter,
2310 1912 2380 1970 de
2427 1913 2705 1971 cientium

281 1995 671 2112 ggenorum,
714 1986 913 2038 tamen
959 1980 1277 2052 ipsammet
1296 1981 1572 2038 virtutem
1599 1980 1871 2052 seminis,
1902 1983 2062 2055 quod
2091 1988 2182 2041 est
2212 1996 2430 2066 corpus
2467 1984 2708 2056 organi-

391 2053 493 2122 ite‚
549 2052 661 2110 etsi
712 2065 834 2110 non
885 2052 1314 2124 organizatum,
1365 2065 1499 2110 esse
1548 2052 2071 2123 proportionaliter
2107 2054 2323 2112 semini
2355 2054 2612 2112 animam
2646 2055 2709 2112 in

281 2124 571 2204 potentia,
622 2122 728 2182 sed
778 2135 901 2180 non
951 2127 1126 2190 actu;
1175 2126 1253 2192 et,
1300 2123 1440 2194 quia
1480 2122 1600 2179 vita
1646 2122 1861 2192 plantae
1898 2124 2184 2196 pauciora
2210 2124 2461 2196 requirit
2483 2138 2711 2197 organa

282 2208 463 2268 quam
514 2198 638 2251 vita
682 2192 983 2263 animalis,
1026 2193 1221 2265 primo
1264 2194 1493 2251 semine
1520 2192 1888 2252 sufficienter
1916 2196 1989 2253 ad
2017 2195 2197 2252 vitam
2227 2195 2444 2266 plantae
2475 2196 2710 2268 organi·

281 2270 435 2335 zato,
467 2265 661 2336 ipsam
690 2263 1030 2335 praedictam
1058 2263 1334 2322 virtutem
1363 2263 1491 2321 fieri
1522 2264 1784 2321 animam
1811 2265 2200 2338 vegetabilem
2224 2284 2239 2335 ;
2271 2265 2507 2336 deinde,
2540 2280 2712 2338 orga-

281 2337 382 2396 nis
407 2349 509 2393 ma
556 2335 607 2393 ’s
634 2334 914 2405 perlectis
942 2340 997 2392 et
1035 2333 1467 2406 multiplicatis,
1499 2334 1767 2392 eamdem
1815 2336 2058 2407 perduci
2088 2341 2153 2394 ut
2178 2336 2259 2394 sit
2282 2338 2484 2394 anima
2512 2337 2707 2395 sensi·

280 2408 441 2476 tiva3
487 2420 525 2463 u
554 2405 741 2464 terius
786 2411 1006 2474 autem,
1056 2405 1250 2463 forma
1274 2418 1638 2478 organorum
1666 2404 1947 2477 perfecta,
1973 2406 2241 2464 eamdem
2284 2409 2545 2465 animam
2578 2406 2705 2465 fleri

281 2476 661 2547 rationalem,
710 2489 830 2535 non
879 2475 1119 2549 quidem
1162 2489 1267 2549 per
1308 2475 1603 2535 actionem
1648 2475 1885 2536 virtutis
1932 2477 2205 2547 seminia,
2242 2476 2347 2535 sed
2377 2493 2451 2536 ex
2477 2477 2706 2536 influxu

283 2547 599 2608 exterioris
643 2548 915 2621 agentis;
958 2552 1196 2620 propter
1223 2548 1384 2620 quod
1426 2549 1810 2618 suspicantur
1834 2548 2210 2606 Aristotelem
2241 2547 2467 2607 dixisse
2500 2549 2594 2621 (De
2622 2565 2710 2618 qe-

280 2625 460 2678 nes-at.
491 2620 688 2691 anim.)
738 2619 1102 2676 intellectum
1137 2618 1211 2676 ab
1240 2617 1576 2675 extrinseco
1607 2631 1762 2674 esse.
1795 2618 2132 2676 Secundum
2172 2619 2329 2676 enim
2361 2621 2514 2677 banc
2548 2619 2706 2690 posi·

280 2692 532 2758 tionem,
578 2695 928 2763 sequeretur
970 2687 1131 2762 quod
1159 2688 1238 2746 ali
1287 2702 1364 2746 ua
1388 2688 1580 2745 virtus
1608 2688 1814 2745 eadem
1843 2702 2095 2747 numero
2124 2702 2284 2748 nunc
2315 2695 2476 2746 esset
2504 2691 2706 2748 anima

281 2760 638 2835 vegetabilis
666 2766 896 2818 tantum
927 2766 986 2817 et
1014 2763 1250 2831 postmo
1296 2772 1392 2816 um
1416 2759 1619 2815 anima
1647 2758 1954 2829 sensitiva,
1984 2765 2041 2817 et
2069 2759 2158 2818 sic
2187 2759 2321 2830 ipsa
2350 2760 2541 2817 fornia
2569 2761 2707 2818 sub·

282 2830 586 2893 stantialis
627 2832 910 2889 continue
955 2830 1151 2902 magis
1191 2844 1262 2889 ac
1297 2842 1357 2886 m
1441 2828 1493 2886 is
1525 2827 1942 2901 perficeretur;
1976 2835 2034 2887 et
2079 2830 2330 2888 ulterius
2360 2837 2709 2902 sequeretur

282 2903 445 2986 qnod
472 2914 596 2960 non
616 2902 819 2970 simut,
850 2901 958 2960 sed
977 2901 1340 2970 successive,
1362 2915 1395 2958 e
1440 2905 1713 2958 uceretur
1741 2899 1933 2959 forma
1956 2901 2374 2960 substantialis
2404 2901 2475 2959 de
2498 2907 2705 2982 poten-

280 2980 368 3033 tia
393 2974 460 3033 in
487 2978 685 3032 actum
713 2991 727 3040 ;
758 2977 816 3030 et
840 2972 1092 3030 ulterius
1132 2970 1293 3045 quod
1340 2972 1645 3043 generatio
1676 2978 1838 3030 esset
1863 2977 2065 3031 motus
2093 2972 2438 3043 continuuS,
2466 2978 2623 3031 sicut
2651 2978 2710 3030 et

284 3043 592 3114 alterati03
624 3057 757 3117 quae
785 3043 990 3101 omnia
1016 3048 1159 3101 sunt
1184 3041 1586 3113 impossibilia
1611 3042 1675 3098 in
1705 3046 1936 3102 natura.

353 3117 428 3174 Se
473 3120 713 3172 ueretui·
753 3114 932 3172 etiam
980 3114 1176 3172 adbuc
1217 3113 1413 3185 majus
1458 3113 1909 3184 inconveniens,
1942 3114 2173 3172 scilicet
2199 3114 2356 3187 quod
2399 3115 2598 3172 anima
2623 3129 2709 3172 ra-

282 3187 414 3245 tion
478 3186 534 3244 is
563 3190 725 3244 esset
753 3184 1042 3244 mortalis.
1071 3183 1230 3242 Nihil
1259 3183 1419 3242 enim
1451 3183 1781 3242 formaliter
1806 3186 1984 3244 alicui
2016 3187 2100 3243 rei
2129 3184 2498 3258 corruptibili
2532 3185 2705 3242 adve-

282 3258 462 3316 niens
507 3255 649 3314 l‘acit
695 3256 892 3326 ipsum
943 3269 1078 3313 esse
1125 3254 1577 3326 incorruptibile
1620 3270 1725 3326 per
1770 3262 2080 3325 naturam;
2128 3257 2280 3314 alias
2322 3254 2707 3327 corruptibile

283 3331 618 3387 mutaretur
641 3327 704 3383 in
731 3324 1183 3397 incorruptibile
1207 3343 1221 3357 ·
1247 3325 1407 3399 quod
1437 3331 1529 3382 est
1556 3325 1952 3396 impossibile,
1983 3341 2168 3400 quum
2196 3325 2474 3385 differant
2501 3340 2709 3385 secun-

282 3399 427 3457 dum
472 3410 686 3470 genus,
728 3401 795 3454 ut
836 3395 1054 3454 dicitur
1102 3396 1165 3453 in
1195 3368 1429 3454 decimo
1456 3397 1944 3466 Metaphysicorum
1973 3398 2134 3470 (text.
2175 3411 2390 3457 comm.
2414 3395 2528 3469 26).
2561 3396 2705 3455 Sub·

281 3468 508 3528 stantia
530 3473 726 3526 autem
758 3468 972 3525 animae
1000 3467 1332 3535 sensibilis,
1355 3481 1538 3540 quum
1570 3473 1826 3538 ponatur
1848 3482 1982 3527 esse
2006 3483 2110 3539 per
2127 3469 2406 3528 accidens
2426 3471 2706 3540 generata

283 3554 323 3600 a
349 3552 600 3611 corpore
624 3543 908 3619 generato
931 3538 993 3595 in
1024 3551 1310 3609 processu
1341 3537 1644 3608 praedicto,
1676 3537 1749 3596 de
1779 3540 2134 3596 necessitate
2164 3546 2258 3597 est
2301 3552 2472 3596 corru
2523 3538 2706 3596 tibilis

284 3610 362 3669 ad
379 3615 827 3680 corruptionem
856 3608 1147 3680 corporis.
1166 3608 1226 3666 Si
1253 3607 1702 3680 igituripsamet
1731 3609 1811 3667 sit
1837 3609 2169 3673 rationalis,
2192 3610 2451 3684 quodam
2507 3608 2705 3667 umine

279 3682 652 3740 intrinsecus
688 3679 954 3748 inducto,
1001 3679 1161 3750 quod
1191 3678 1521 3737 formaliter
1551 3693 1616 3736 se
1661 3679 1835 3737 babet
1864 3680 1937 3738 ad
1967 3680 2157 3761 ipsam
2189 3681 2303 3753 (est
2330 3681 2490 3738 enim
2521 3679 2709 3738 sensi-

281 3751 471 3810 tivum
512 3749 779 3823 potentia
826 3749 1297 3821 intellectivnm),
1343 3750 1414 3807 de
1444 3750 1801 3808 necessitate
1828 3755 2099 3824 sequitur
2121 3752 2278 3823 quod
2305 3752 2505 3809 anima
2531 3751 2706 3809 ratio-

280 3822 465 3890 nalis,
508 3835 756 3892 corpore
783 3825 1064 3892 corrupto
1137 3821 1575 3891 corrumpitur;
1621 3821 1782 3894 quod
1829 3827 1921 3879 est
1963 3822 2358 3892 impossibile,
2408 3828 2474 3879 ut
2529 3835 2711 3894 supra

282 3892 361 3966 (c.
390 3893 484 3964 79)
515 3893 826 3964 probatum
856 3897 950 3950 est
973 3898 1031 3949 et
1057 3862 1207 3950 fides
1231 3890 1527 3949 catholica
1556 3891 1746 3950 docet.

353 3966 488 4022 Non
531 3963 715 4035 igitur
759 3963 1016 4035 ipsamet
1054 3961 1245 4019 virtus
1273 3976 1406 4033 quae
1428 3976 1564 4019 cum
1596 3963 1827 4021 semine
1855 3962 2149 4022 deciditur
2176 3969 2235 4022 et
2257 3963 2475 4023 dicitur
2501 3965 2710 4023 forma-

278 4033 424 4102 tive,
451 4038 546 4091 est
573 4034 774 4091 anima
801 4047 997 4106 neque
1024 4032 1089 4090 in
1116 4046 1406 4105 processu
1434 4034 1842 4105 generationis
1866 4034 1930 4091 nt
1951 4035 2184 4106 anima3
2212 4035 2339 4105 sed,
2365 4050 2547 4109 quum
2578 4038 2711 4109 ipsa

281 4104 588 4173 fundetur,
632 4104 788 4162 sicut
823 4105 887 4162 in
915 4103 1159 4175 proprio
1204 4102 1494 4175 subjectO,
1525 4104 1587 4160 in
1620 4105 1834 4176 spiritu
1864 4105 2036 4177 cujus
2066 4114 2159 4166 est
2187 4121 2390 4166 semen
2424 4110 2711 4166 contenti-

279 4187 423 4233 vum
471 4175 628 4255 sicut
675 4174 973 4248 quoddam
1026 4187 1408 4257 spumosum,
1448 4177 1727 4255 operatur
1756 4175 2170 4236 formationem
2202 4179 2494 4250 corporiS‚
2537 4188 2711 4251 prout

281 4246 409 4319 agit
448 4259 524 4305 ex
570 4259 626 4301 vi
675 4247 889 4304 animae
933 4251 1120 4318 patris
1148 4246 1244 4304 cui
1277 4244 1619 4326 attribuitur
1647 4246 1955 4319 generatio
2003 4249 2159 4307 sicut
2190 4249 2499 4322 principali
2532 4265 2709 4323 gene—

279 4315 462 4386 ranti,
490 4329 614 4373 non
641 4329 713 4373 ex
733 4317 790 4374 vi
818 4316 1034 4375 animae
1065 4316 1360 4389 concepti,
1392 4321 1570 4374 etiam
1598 4322 1913 4390 postquam
1945 4319 2147 4376 anima
2173 4321 2334 4380 inest
2359 4340 2373 4391 ;
2404 4335 2524 4378 non
2550 4322 2704 4376 enim

282 4392 641 4458 conceptum
681 4394 936 4467 ,generat
983 4387 1271 4459 seipsum,
1304 4387 1408 4445 sed
1443 4394 1762 4459 generatur
1789 4403 1826 4446 a
1852 4393 2037 4459 patre.
2070 4393 2132 4447 Et
2166 4392 2281 4449 hoc
2308 4398 2466 4473 patet
2489 4392 2710 4468 discur-

283 4458 440 4518 renti
488 4471 597 4530 per
641 4458 916 4531 singulas
959 4459 1209 4520 virtutes
1261 4457 1497 4520 animae.
1551 4461 1679 4518 Non
1729 4460 1888 4519 enim
1942 4466 2140 4533 potest
2191 4462 2430 4521 attribui
2495 4471 2705 4515 anima²
