3076 5025
1221 344 1355 400 LIB.
1396 344 1443 408 Ι,
1483 344 1635 401 CAP.
1676 344 1763 400 xl.
2650 353 2710 406 11

262 483 304 528 a
360 467 687 539 principie,
737 466 857 524 vim
920 470 1146 525 naturae
1214 465 1481 535 obtinet3
1513 480 1588 523 ex
1629 478 1748 538 quo
1796 465 2092 539 contingit
2152 472 2217 525 ut
2267 482 2359 539 ea,
2413 469 2633 541 quibus
2679 487 2715 529 a

260 539 537 613 pueritia
565 537 805 663 anittnus
848 536 1153 607 imbuitur,
1185 535 1270 595 ita
1296 536 1546 593 firmiter
1586 540 1900 595 teneantur
1928 551 1998 595 ac
2027 538 2079 595 si
2109 544 2311 596 essent
2361 542 2713 600 naturaliter

264 615 328 669 et
404 624 472 667 er
497 623 561 667 se
592 622 670 666 no
699 622 774 677 ἃς
1589 666 1594 670 .

340 625 569 738 ἰξατϋηι
597 692 739 735 vero
767 677 1064 750 contingit
1088 693 1162 735 ex
1190 692 1262 735 eo
1288 677 1447 750 quod
1477 689 1600 735 non
1635 677 2023 752 distinguitur
2061 679 2221 751 quod
2248 686 2341 738 est
2370 686 2575 740 notum
2608 697 2714 754 per

266 766 341 810 se
389 750 729 820 simpliciter,
782 753 841 806 et
884 749 1043 820 quod
1091 749 1271 821 quoad
1315 764 1411 804 nos
1458 755 1666 806 notum
1718 755 1827 806 est.
1873 752 2018 807 Nam
2076 750 2428 823 simpliciter
2470 753 2710 823 quidem

266 826 448 880 Deum
476 836 586 876 esse
628 834 738 891 per
767 833 835 877 se
876 824 1082 876 notum
1135 824 1246 887 est,
1240 832 1460 947 oguum
1502 818 1618 876 hoc
1666 818 1860 889 ipsum
1906 818 2065 892 quod
2105 822 2261 879 Deus
2307 829 2397 880 est
2427 822 2508 880 sit
2536 837 2714 881 suum

275 906 439 951 esse.
473 891 587 949 Sed
617 890 759 963 quia
788 891 900 947 hoc
928 890 1125 961 ipsum
1157 903 1235 962 qu
1345 892 1501 947 Deus
1527 894 1620 947 est
1641 894 1842 947 mente
1868 891 2181 962 concipere
2211 906 2331 949 non
2362 906 2712 964 possumuS,

270 966 551 1022 remanet
578 961 857 1042 ignotum·
880 961 1074 1041 quoad
1106 974 1241 1018 nos.
1273 959 1438 1017 Sicut
1473 976 1624 1016 omne
1650 964 1820 1015 totum
1846 976 1946 1016 sua
1969 965 2129 1031 parte
2154 962 2336 1032 majus
2366 979 2478 1020 esse
2513 979 2620 1036 per
2648 978 2713 1023 se

269 1039 488 1092 notum
518 1038 611 1090 est
660 1031 1044 1102 simpliciter3
1081 1031 1136 1089 ei
1179 1035 1399 1099 autem,
1428 1032 1529 1103 qui
1582 1032 1876 1088 rationem
1921 1035 2086 1088 totius
2117 1040 2314 1090 mente
2355 1048 2479 1092 non
2509 1034 2714 1093 conci·

268 1110 462 1177 peret,
509 1106 811 1174 oporteret
857 1115 992 1159 esse
1040 1102 1333 1173 ignotum.
1365 1103 1430 1157 Et
1461 1102 1550 1159 sic
1580 1099 1646 1158 fit
1689 1105 1752 1159 ut
1797 1101 1871 1159 ad
1914 1114 1986 1160 ea
2032 1116 2161 1174 quae
2209 1108 2352 1163 sunt
2393 1104 2716 1165 notissima

268 1188 499 1239 rernm,
552 1179 759 1230 noster
795 1173 1130 1230 intellectus
1179 1185 1245 1230 se
1311 1172 1544 1241 babeat,
1588 1177 1655 1229 ut
1701 1172 1916 1231 oculus
1966 1178 2198 1232 noctuae
2241 1174 2317 1232 ad
2386 1176 2601 1246 solem,
2647 1180 2717 1236 ut

270 1244 549 1304 secundo
580 1243 1072 1313 Metaphysicorum
1102 1242 1339 1300 dicitur.
1589 1301 1599 1311 ,

343 1318 465 1374 Nec
496 1319 728 1386 oportet
758 1319 841 1384 ut,
889 1313 1087 1372 statim
1111 1313 1352 1386 cognita
1380 1311 1560 1383 huius
1590 1312 1856 1370 nominis
1883 1314 2022 1370 Deus
2051 1311 2511 1386 significatione,
2549 1318 2718 1374 Deum

274 1401 391 1442 esse
442 1387 526 1442 sit
574 1390 805 1453 notum,
854 1390 921 1441 ut
964 1386 1158 1455 prima
1202 1384 1360 1441 ratio
1416 1383 1782 1441 intendebat.
1833 1383 2031 1441 Primo
2094 1384 2356 1457 quidem,
2404 1388 2547 1458 quia
2591 1400 2717 1445 non

273 1456 565 1516 omnibus
593 1462 798 1513 notum
829 1460 942 1523 est,
974 1455 1151 1512 etiam
1181 1454 1647 1513 concedentibus
1679 1456 1863 1511 Deum
1891 1468 2048 1523 esse,
2093 1453 2253 1527 quod
2304 1457 2461 1515 Deus
2507 1457 2590 1516 sit
2631 1456 2716 1527 id,

316 1541 401 1585 uo
434 1527 627 1598 maJus
658 1526 909 1599 cogitari
948 1538 1072 1582 non
1100 1526 1331 1596 possit;
1363 1538 1547 1598 quum
1580 1524 1747 1581 multi
1780 1525 2164 1597 antiquorum
2193 1526 2481 1584 mundum
2528 1527 2715 1586 istum

316 1598 541 1655 ixei-int
568 1600 752 1654 Deum
784 1610 939 1654 esse.
970 1598 1089 1653 Nec
1119 1596 1295 1654 etiam
1326 1610 1397 1652 ex
1425 1594 2014 1667 interpretationibus
2046 1595 2224 1654 hu'us
2250 1599 2516 1656 nominis
2549 1601 2715 1670 Deus,

280 1682 442 1740 quas
468 1671 871 1725 Damascenus
899 1666 1121 1738 posuit,
1153 1667 1378 1739 aliquid
1407 1664 1589 1737 huius
1622 1666 1809 1723 intelli
1857 1666 1875 1722 i
1904 1665 2097 1724 datur.
2177 1667 2347 1725 cinde
2380 1670 2542 1742 quia,
2575 1669 2714 1728 dato

282 1738 453 1811 qnod
506 1738 575 1794 ab
614 1738 892 1795 omnibus
920 1750 1027 1808 per
1071 1737 1185 1794 boc
1232 1751 1449 1795 nomen
1478 1739 1623 1817 Deus
1669 1681 2038 1817 inte-ifigatur
2083 1737 2308 1811 aliquid
2356 1754 2474 1811 quo
2517 1740 2712 1810 majus

288 1808 541 1881 cogitari
591 1823 707 1867 non
753 1808 971 1881 possit,
1000 1821 1123 1865 non
1167 1822 1415 1866 necesse
1463 1813 1576 1865 erit
1615 1807 1838 1879 aliquid
1867 1822 2024 1877 esse,
2053 1822 2173 1880 quo
2219 1807 2413 1880 majus
2459 1810 2712 1891 cogitari

286 1892 416 1936 non
460 1885 666 1950 potest,
703 1879 767 1936 in
816 1892 1015 1936 rerum
1046 1884 1276 1936 natura.
1310 1879 1525 1937 Eodem
1559 1878 1717 1934 enim
1770 1879 1949 1936 modo
1994 1892 2244 1937 necesse
2272 1884 2364 1937 est
2408 1894 2552 1952 poni
2586 1895 2712 1938 rem

289 1956 351 2007 et
377 1950 639 2007 nominis
659 1951 975 2007 rationem.
1008 1952 1089 2007 Ex
1116 1949 1231 2007 hoc
1254 1955 1450 2007 autem
1475 1948 1635 2021 quod
1665 1953 1859 2006 mente
1878 1948 2213 2021 concipitur
2238 1951 2397 2022 quod
2457 1951 2714 2009 rosertur

276 2021 399 2078 hoc
429 2022 673 2078 nomine
718 2025 880 2082 Deus.
914 2034 1035 2077 non
1084 2020 1354 2092 sequitur
1380 2023 1564 2078 Deum
1614 2032 1768 2088 esse,
1800 2019 1920 2077 nisi
1948 2020 2009 2076 in
2037 2020 2362 2079 intellectu.
2458 2023 2570 2079 nde
2602 2036 2714 2080 nec

273 2091 583 2163 oportebit
608 2092 687 2161 id,
743 2105 861 2164 quo
911 2091 1104 2163 maJus
1131 2091 1379 2163 cogitari
1411 2103 1531 2148 non
1579 2094 1794 2161 potest,
1842 2104 1977 2148 esse
2022 2090 2142 2149 nisi
2171 2091 2233 2148 in
2271 2091 2577 2150 intellectu
2606 2110 2624 2161 ς
2655 2098 2718 2150 et

270 2178 351 2221 ex
383 2163 504 2220 hoc
542 2175 665 2219 non
694 2162 966 2233 sequitur
1011 2162 1170 2234 quod
1200 2162 1280 2220 sit
1308 2159 1533 2233 aliquid
1562 2160 1621 2240 iu
1661 2174 1861 2242 rerum
1907 2166 2138 2241 natura,
2168 2176 2288 2235 quo
2318 2164 2512 2233 majus
2548 2162 2712 2235 cogi-

270 2232 394 2290 tari
424 2247 547 2291 non
576 2233 785 2304 possit.
818 2235 883 2289 Et
909 2233 997 2290 sic
1019 2232 1251 2290 nullum
1280 2232 1710 2290 inconveniens
1738 2230 1954 2289 accidit
1982 2232 2341 2303 ponentibus
2368 2236 2550 2291 Deum
2590 2246 2717 2291 non

273 2317 439 2363 esse.
474 2306 604 2360 Non
632 2304 789 2361 enim
820 2304 1251 2361 inconveniens
1279 2309 1388 2372 est,
1420 2301 1688 2375 quolibet
1713 2301 1851 2358 dato
1878 2302 1970 2359 vel
2000 2303 2062 2359 in
2092 2317 2152 2359 re
2177 2303 2266 2359 vel
2289 2303 2351 2360 in
2382 2305 2710 2373 intellectu,

270 2374 511 2446 aliquid
539 2374 732 2444 majus
760 2374 1010 2445 cogitari
1036 2374 1234 2445 posse,
1264 2373 1380 2431 nisi
1413 2375 1468 2430 ei
1497 2371 1601 2445 qui
1632 2372 1907 2430 concedit
1935 2386 2070 2432 esse
2086 2373 2335 2447 aliquid,
2365 2388 2485 2448 quo
2515 2373 2712 2447 majus

272 2459 353 2505 co
403 2445 538 2502 'tari
560 2459 685 2502 non
711 2446 902 2517 possit
933 2446 994 2502 in
1025 2458 1221 2502 rerum
1252 2451 1481 2501 natura.

404 2531 473 2574 ec
521 2516 699 2573 etiam
742 2521 991 2589 oportet,
1041 2523 1104 2574 ut
1150 2516 1413 2574 secunda
1460 2516 1610 2574 ratio
1652 2516 2039 2588 proponebat,
2092 2516 2214 2574 Deo
2260 2531 2441 2588 posse
2488 2516 2717 2599 aliquid

270 2588 481 2659 majus
520 2589 791 2660 cogitari,
825 2587 876 2644 si
921 2591 1115 2658 potest
1165 2587 1412 2658 cogitari
1462 2600 1583 2644 non
1615 2597 1772 2645 esse.
1811 2589 1955 2644 Nam
2009 2585 2169 2658 quod
2213 2587 2404 2658 possit
2463 2588 2717 2661 cogitari

272 2672 410 2717 non
438 2671 596 2727 esse,
626 2672 745 2715 non
772 2673 844 2714 ex
863 2658 1307 2730 imperfectione
1338 2657 1431 2714 sui
1455 2671 1590 2715 esse
1616 2664 1704 2715 est
1728 2658 1819 2713 vel
1843 2657 2283 2725 incertitudine,
2319 2673 2500 2731 quum
2536 2673 2718 2717 suum

282 2727 427 2786 esse
474 2730 553 2786 sit
587 2730 917 2787 secundum
965 2742 1031 2786 se
1083 2726 1663 2787 manifestissimum.
1710 2726 1816 2784 sed
1863 2741 1936 2782 ex
1982 2727 2282 2783 debilitate
2316 2730 2502 2786 nostri
2542 2729 2717 2787 intel-

283 2799 488 2856 lectus
537 2801 631 2872 qui
662 2813 797 2857 eum
827 2798 1039 2856 intueri
1069 2813 1191 2855 non
1221 2801 1414 2869 potest
1440 2811 1545 2868 per
1573 2799 1861 2868 seipsum,
1889 2796 1994 2853 sed
2024 2812 2094 2852 ex
2126 2795 2436 2855 effectibus
2465 2798 2616 2870 ejns.
2649 2801 2718 2856 Et

292 2869 412 2936 sic,
440 2842 512 2926 ad
539 2870 1017 2942 cognoscendum
1048 2870 1245 2940 ipsum
1278 2881 1432 2936 esse,
1467 2866 1877 2925 ratiocinando
1911 2865 2274 2937 perducitur.
2725 2859 2734 2880 ⁶

366 2942 449 2996 Ex
476 2954 588 3012 quo
615 2942 791 2998 etiam
836 2941 1010 2997 tertia
1039 2940 1190 2997 ratio
1220 2939 1488 2997 solvitur.
1520 2940 1687 3002 Nam,
1725 2938 1882 2995 sicut
1926 2938 2101 2995 nobis
2128 2952 2233 3019 per
2278 2952 2344 2996 se
2372 2944 2580 2997 notum
2623 2946 2717 2999 est

285 3011 451 3085 quod
480 3017 647 3067 totum
675 3028 776 3067 sua
818 3016 978 3081 parte
1004 3013 1078 3067 sit
1104 3011 1306 3080 maju8‚
1344 3010 1434 3066 sic
1478 3009 1818 3066 videntibus
1852 3009 2044 3079 ipsam
2084 3009 2344 3088 divinam
2389 3010 2714 3069 essentiam

277 3096 394 3153 per
419 3095 486 3140 se
532 3083 912 3140 notissimum
959 3086 1051 3139 est
1089 3083 1275 3138 Deum
1304 3093 1459 3148 esse,
1513 3094 1585 3136 ex
1615 3080 1729 3137 hoc
1776 3080 1935 3152 quod
1964 3094 2076 3137 sua
2117 3086 2378 3138 essentia
2410 3089 2503 3139 est
2537 3095 2716 3140 suum

275 3167 440 3211 esse.
475 3154 610 3221 Sed,
635 3153 777 3226 quia
803 3152 934 3225 eius
960 3152 1282 3210 essentiam
1302 3151 1499 3207 videre
1521 3164 1639 3207 non
1667 3164 2012 3221 possumus,
2044 3150 2117 3207 ad
2148 3151 2278 3224 ejus
2299 3165 2434 3210 esse
2461 3166 2717 3225 cognos-

277 3224 568 3293 dendum,
601 3237 724 3280 non
754 3238 856 3295 per
887 3224 1173 3294 seipsum,
1205 3222 1309 3279 sed
1337 3235 1442 3293 per
1469 3221 1600 3292 ejus
1649 3221 1895 3278 effectus
1925 3223 2323 3292 pervenimus.

347 3294 439 3352 Ad
468 3301 741 3376 quartam
788 3295 965 3351 etiam
998 3299 1153 3364 patet
1200 3293 1442 3350 solutio,
1474 3292 1571 3349 Sic
1600 3292 1760 3349 enim
1790 3292 1970 3349 homo
2000 3294 2347 3350 naturaliter
2387 3295 2570 3352 Deum
2610 3308 2711 3353 eo-

274 3372 543 3439 gnoscit.
572 3365 733 3423 sicut
773 3365 1122 3422 naturaliter
1150 3363 1347 3445 ipsum
1372 3362 1690 3420 desiderat.
1724 3362 2032 3419 Desiderat
2065 3369 2260 3420 autem
2298 3365 2493 3435 ipsum
2530 3366 2713 3422 bomo

276 3437 657 3505 naturaliter,
675 3437 739 3491 in
759 3439 1045 3516 quantum
1065 3433 1362 3513 desiderat
1378 3432 1726 3514 naturaliter
1739 3433 2187 3501 beatitudinem,
2236 3448 2323 3492 uae
2338 3436 2714 3516 estquaedam

278 3507 619 3566 similitudo
664 3507 884 3564 divinae
922 3505 1226 3563 bonitatis.
1276 3507 1583 3576 sicigitur
1626 3517 1744 3560 non
1796 3510 2045 3575 oportet,
2122 3520 2196 3562 uo
2280 3507 2613 3577 Deusipse‚
2644 3505 2709 3562 in

277 3592 349 3636 se
376 3579 696 3636 considera
721 3584 839 3643 tus,
861 3575 938 3633 sit
970 3575 1314 3633 naturaliter
1338 3581 1517 3632 notus
1540 3574 1788 3642 homini,
1808 3575 1914 3632 sed
1944 3575 2080 3631 simi
2111 3575 2276 3632 itudo
2306 3575 2518 3646 ipsius.
2551 3576 2712 3634 Unde

272 3655 511 3722 oportet
537 3649 727 3723 quod,
748 3661 856 3718 per
875 3645 1004 3717 eJus
1025 3645 1450 3704 similitudines
1472 3647 1535 3702 in
1565 3645 1875 3703 effectibus
1909 3651 2194 3718 repertas,
2221 3645 2287 3702 in
2306 3648 2713 3718 cognitionem

268 3721 466 3793 ipsius
498 3721 689 3780 homo
722 3717 1137 3775 ratiocinando
1167 3716 1486 3797 perveniat.

334 3794 421 3851 Ad
450 3794 736 3867 quintam
766 3788 948 3845 etiam
976 3788 1046 3844 de
1074 3788 1234 3844 facili
1279 3792 1439 3859 patet
1465 3786 1709 3845 solutio.
1741 3789 1887 3845 Nam
1916 3789 2073 3846 Deus
2103 3790 2194 3845 est
2221 3786 2463 3860 quidem
2493 3787 2556 3845 in
2591 3802 2711 3860 quo

270 3865 470 3923 omnia
497 3864 988 3936 cognoscuntur,
1019 3871 1142 3915 non
1172 3857 1254 3915 ita
1280 3858 1439 3931 quod
1469 3858 1586 3915 alia
1605 3872 1726 3916 non
1757 3865 2198 3930 cognoscantur
2225 3860 2343 3918 nisi
2369 3874 2441 3917 eo
2463 3858 2706 3932 cognito

272 3938 414 3994 sicut
441 3937 509 3995 in
558 3931 892 4008 principiis
936 3943 1041 4001 per
1094 3942 1160 3987 se
1207 3932 1367 3987 notis
1408 3928 1645 4001 accidit,
1687 3929 1795 3988 sed
1845 3929 1987 4003 quia
2030 3944 2136 4001 per
2180 3930 2310 4004 ejus
2335 3930 2708 3990 influentiam

275 4015 454 4073 omnis
486 4015 799 4072 causatur
829 4008 895 4067 in
924 4008 1101 4074 nobis
1132 4009 1421 4082 cognitio.
1454 4011 1498 4082 (1
1528 4014 1704 4081 part„
1735 4024 1793 4083 q.
1824 4023 1891 4081 11,
1923 4014 2032 4067 art.
2067 4008 2177 4081 12.)
