3076 5025
1084 332 1217 389 Lm.
1259 332 1356 401 111,
1396 332 1551 389 CAP.
1588 330 1794 389 xcvn.
2547 337 2649 391 393

213 454 426 515 denter
453 460 696 582 apiparet
719 458 966 535 naturas
993 467 1193 512 rerum
1222 452 1578 525 speculanti.
1610 452 1880 511 Inveniet
1907 452 2089 534 enim,
2120 452 2174 510 si
2221 452 2367 526 quis
2390 453 2647 526 diligen—

210 530 306 584 ter
325 526 499 583 consi
543 530 687 595 eret,
713 526 1004 597 gradatim
1034 539 1234 583 rerum
1263 524 1666 583 diversitatem
1696 524 2012 595 compleri;
2045 537 2182 580 nam
2224 537 2409 595 supra
2448 524 2647 582 inani-

211 601 379 655 mata
403 609 657 667 corpora
699 595 963 653 inveniet
1003 596 1259 667 plantas,
1289 601 1349 653 et
1392 609 1576 667 super
1619 594 1751 665 haS,
1800 594 2235 652 irrationabilia
2278 594 2564 652 animalia
2591 601 2650 653 et

211 680 400 738 super
426 665 554 726 baec
581 665 1017 724 intellectuales
1044 665 1435 737 substantias,
1468 671 1527 724 et
1553 665 1618 723 in
1647 665 1907 747 singulis
1935 664 2150 722 horum
2170 665 2434 723 inveniet
2458 665 2649 723 diver-

212 738 454 796 sitatem
478 779 495 807 ,
553 736 884 795 secundum
947 736 1108 809 quod
1153 736 1425 809 quaedam
1475 740 1620 794 sunt
1672 735 1809 794 aliis
1859 735 2259 817 perfectiora,
2307 736 2372 793 in
2413 741 2646 794 tantum

212 806 378 882 quod
404 821 477 864 ea
499 821 633 879 quae
663 813 806 866 sunt
838 820 1120 878 suprema
1146 806 1447 865 inferioris
1487 806 1731 879 generis
1770 806 2047 865 videntur
2088 819 2425 889 propinqua
2469 820 2646 880 supe·

209 878 363 937 riori
392 878 622 950 generi,
652 883 713 935 et
737 892 770 936 e
798 891 1111 947 converse,
1138 877 1297 935 sicut
1321 877 1607 935 animalia
1633 876 1967 936 immobilia
1994 883 2136 935 sunt
2156 877 2380 935 similia
2397 878 2644 959 plantis.

211 948 384 1007 Unde
412 954 471 1007 et
493 948 817 1022 Dionysius
845 948 989 1006 dicit
1016 947 1272 1020 septimo
1299 962 1429 1019 cap.
1458 951 1536 1004 De
1556 948 1732 1005 divin.
1755 949 2085 1018 nominibus,
2108 946 2270 1019 quod
2299 947 2503 1006 divina
2539 961 2644 1005 sa-

208 1019 447 1093 pientia
464 1019 775 1092 coniungit
798 1018 1299 1090 fines-primorum
1327 1017 1641 1090 principiis
1665 1019 2086 1076 secundorum.
2115 1017 2280 1075 Unde
2305 1023 2465 1089 patet
2485 1018 2647 1092 quod

208 1103 420 1216 rerum
432 1090 756 1218 t‹itiitersitas
786 1089 970 1163 exigit
997 1088 1160 1162 quod
1188 1102 1312 1147 non
1327 1089 1451 1147 sint
1466 1088 1961 1163 omniaaequalia‚
1984 1088 2090 1148 sed
2117 1087 2348 1146 sitordo
2371 1089 2435 1146 in
2466 1089 2647 1147 rebus

218 1175 257 1218 e
365 1175 431 1219 ra
471 1174 564 1218 ηε.

291 1174 372 1287 ng
399 1230 738 1289 diversitate
766 1235 966 1289 autem
995 1228 1345 1299 formarum,
1377 1229 1711 1288 secundum
1741 1243 1894 1304 quas
1920 1243 2118 1288 rerum
2169 1229 2405 1301 species
2454 1230 2649 1289 diver-

212 1300 550 1371 sificantur,
582 1300 854 1373 sequitur
875 1305 933 1359 et
960 1300 1376 1373 operationum
1405 1299 1764 1360 differentia.
1790 1304 1937 1360 Cum
1986 1302 2147 1358 enim
2176 1301 2648 1374 unumquodque
2699 1313 2702 1317 ’

211 1376 360 1451 agat
377 1371 708 1430 secundum
737 1371 898 1445 quod
927 1377 1017 1430 est
1046 1377 1180 1430 actu
1211 1370 1366 1454 (quae
1392 1372 1553 1429 enim
1575 1373 1797 1429 suntin
1817 1372 2106 1443 potentia,
2132 1371 2463 1429 secundum
2486 1371 2647 1445 quod

211 1441 591 1513 huiusmodi,
621 1441 1010 1500 inveniuntur
1035 1442 1292 1501 actionis
1321 1440 1628 1514 expertia),
1659 1447 1754 1500 est
1775 1448 1973 1501 autem
2027 1443 2499 1515 unumquodque
2539 1456 2651 1501 ens

214 1518 355 1571 actu
379 1527 486 1584 pei·
512 1513 796 1581 formam,
851 1517 1087 1584 oportet
1136 1513 1297 1585 quod
1345 1511 1613 1584 operatio
1671 1513 1757 1570 rei
1805 1527 1872 1571 se
1915 1517 2093 1571 uatur
2135 1511 2391 1570 formam
2430 1512 2646 1585 ipsius.

216 1583 467 1710 gportet
507 1582 711 1656 igitur,
771 1583 826 1641 si
885 1583 1010 1641 sint
1048 1582 1299 1643 diversae
1346 1583 1576 1652 formas,
1618 1583 1782 1656 quod
1829 1528 1945 1642 bgb

291 1725 447 1793 Quia
469 1737 613 1782 vero
638 1738 746 1796 per
770 1723 1072 1796 propriam
1102 1724 1401 1782 actionem
1425 1738 1523 1784 res
1553 1724 1839 1807 quaelibet
1864 1724 1938 1782 ad
1952 1724 2285 1807 proprium·
2308 1723 2490 1781 finem
2516 1737 2650 1796 pei·-
2736 1704 2747 1715 ’

213 1793 419 1876 tingit,
447 1808 697 1854 necesse
725 1799 817 1853 est
843 1795 1022 1852 etiam
1051 1794 1327 1867 proprios
1353 1794 1505 1854 fines
1530 1795 1919 1854 diversificari
1947 1809 2012 1852 in
2040 1794 2243 1866 rebus,
2268 1794 2542 1868 quamvis
2571 1795 2654 1853 sit

215 1863 364 1924 finis
390 1864 643 1924 ultimus
671 1864 975 1934 omnibuS‚
1004 1865 1367 1923 communis,
1584 1883 1591 1896 ²

209 1976 221 1988 .
291 1937 365 1995 Se
412 1936 575 1994 uitur
600 1936 778 1994 etiam
805 1950 880 1992 ex
903 1935 1242 1994 diversitate
1269 1935 1596 1993 formarum
1628 1936 1867 1995 diversa
1919 1934 2208 1993 habitudo
2264 1936 2530 1993 materiai
2576 1935 2653 1994 ad

214 2019 339 2066 res.
407 2020 509 2065 um
537 2006 698 2065 enim
727 2006 934 2064 formae
963 2004 1213 2064 diversae
1241 2006 1364 2065 sint
1391 2006 1722 2064 secundum
1782 2006 1899 2064 uod
1921 2005 2193 2079 quaedam
2212 2012 2354 2064 sunt
2373 2006 2512 2065 aliis
2527 2019 2655 2078 per·

218 2078 526 2147 fectioreS,
555 2083 699 2136 sunt
724 2076 882 2135 inter
907 2089 1010 2134 eas
1039 2076 1254 2149 aliquae
1282 2076 1346 2134 in
1373 2081 1604 2135 tantum
1633 2092 1738 2149 per
1763 2082 1928 2147 ectae,
2000 2076 2120 2134 uod
2135 2082 2278 2135 sunt
2299 2091 2406 2148 per
2424 2090 2490 2136 se
2518 2077 2657 2136 sub-

217 2149 507 2208 sistentes
536 2153 595 2206 et
620 2147 914 2220 pei-rectae,
946 2146 1020 2205 ad
1057 2147 1210 2205 nihil
1259 2147 1600 2220 indigentes
1644 2148 1909 2206 materiae
1980 2147 2333 2217 ulcimento;
2419 2148 2650 2206 uaedam

219 2233 363 2278 vero
393 2233 501 2290 per
529 2219 846 2290 sepefecte
867 2217 1197 2276 subsistere
1216 2230 1339 2276 non
1360 2224 1637 2290 possunt,
1656 2218 1767 2276 sed
1781 2218 2091 2276 materiam
2122 2232 2231 2290 pro
2260 2218 2367 2275 fun
2412 2224 2652 2277 amento

221 2288 560 2363 requirunt,
591 2294 659 2347 ut
681 2288 770 2347 sic
800 2288 951 2347 illud
970 2289 1130 2362 quod
1146 2289 1426 2364 subsistit
1459 2303 1583 2346 non
1603 2289 1685 2347 sit
1708 2290 1899 2347 forma
1920 2294 2172 2357 tantum,
2188 2303 2383 2361 neque
2402 2290 2655 2347 materia

216 2364 480 2429 tantum,
511 2373 644 2431 quae
670 2373 776 2431 per
803 2373 869 2417 se
899 2372 1022 2417 non
1052 2365 1145 2418 est
1170 2373 1279 2417 ens
1306 2364 1441 2417 actu
1494 2358 1601 2417 sed
1639 2361 2041 2431 compositum
2073 2373 2147 2416 ex
2190 2363 2465 2431 utroque.
2517 2362 2652 2416 Non

219 2436 422 2514 autem
451 2435 701 2512 possent
729 2430 979 2511 materia
1004 2435 1063 2486 et
1090 2430 1283 2510 forma
1308 2429 1383 2510 ad
1410 2401 1851 2511 aliquidunum
1898 2429 2385 2510 constituendum
2434 2443 2652 2487 conve-

218 2516 373 2572 nire,
405 2515 526 2560 nisi
556 2505 719 2559 esset
744 2500 946 2573 aliqua
971 2505 1278 2572 proportio
1301 2504 1458 2557 inter
1483 2515 1577 2558 ea.
1606 2502 1668 2558 Si
1715 2505 1913 2559 autem
1942 2503 2392 2572 proportionata
2418 2505 2654 2572 oportet

221 2587 293 2632 ea
319 2586 480 2642 esse,
511 2585 763 2630 necesse
795 2577 887 2630 est
917 2570 1080 2643 quod
1110 2570 1364 2629 diversis
1383 2571 1596 2628 formis
1624 2570 1875 2629 diversae
1904 2571 2164 2629 materiai
2201 2570 2646 2642 respondeant:

220 2644 382 2703 unde
412 2642 479 2700 fit
499 2647 566 2701 ut
592 2642 862 2715 quoedam
885 2641 1092 2699 formae
1116 2642 1422 2713 requirant
1455 2641 1768 2700 materiam
1798 2642 2163 2713 simplicem,
2206 2640 2478 2713 quaedam
2506 2654 2650 2699 vero

219 2713 534 2773 materiam
561 2712 978 2785 compositam,
1007 2716 1066 2769 et
1088 2711 1420 2770 secundum
1466 2711 1735 2771 diversas
1777 2712 2002 2770 formas
2049 2711 2361 2771 diversam.
2431 2712 2647 2770 artium

221 2783 724 2912 compositio-nem
754 2787 988 2855 oportet
1012 2796 1148 2841 esse
1175 2787 1607 2856 congruentem
1635 2782 1711 2840 ad
1737 2783 2000 2855 speciem
2020 2782 2226 2842 sormae
2245 2787 2305 2840 et
2335 2796 2371 2841 a
2440 2796 2652 2856 opera-

249 2869 494 2915 ionemi
541 2868 692 2913 siuS.

291 2929 374 2984 Ex
403 2869 641 2984 divgrsa
666 2930 865 2983 autem
893 2922 1242 2982 habitudine
1269 2923 1343 2981 ad
1367 2923 1676 2982 materiam
1702 2924 1974 2997 sequitui·
1996 2923 2310 2983 diversitas
2343 2925 2650 2997 agentium

222 3001 281 3055 et
296 2996 675 3069 patientium.
701 2997 845 3054 Cum
868 2994 1028 3051 enim
1046 2999 1184 3074 agat
1217 2994 1689 3067 unumquodque
1716 2996 1948 3053 ratione
1985 2995 2212 3062 formae,
2231 2995 2491 3066 patiatur
2508 3009 2648 3055 vero

224 3071 281 3127 et
308 3071 621 3125 moveatur
642 3066 874 3124 ratione
900 3071 1182 3128 materiae,
1214 3069 1444 3136 oportet
1473 3064 1637 3138 quod
1663 3065 1769 3123 illa
1800 3078 2055 3139 quorum
2088 3065 2295 3124 forniae
2337 3070 2479 3124 sunt
2516 3080 2650 3139 per·

223 3137 505 3196 rectiores
533 3142 592 3194 et
617 3137 822 3195 minus
849 3134 1208 3217 materiales,
1227 3141 1420 3217 ‘agant
1445 3136 1511 3193 in
1537 3136 1644 3194 illa
1670 3150 1804 3209 quae
1823 3141 1968 3195 sunt
1990 3136 2186 3209 magis
2221 3136 2554 3195 materialia
2590 3142 2652 3195 et

222 3206 1460 3360 qugxrudiiivggffissesggieigpffifgcgirgffis:et
1499 3276 1883 3360 materiarum
1929 3281 1989 3337 et
2032 3277 2338 3359 agentium
2375 3276 2650 3358 sequitur

221 3348 541 3409 diversitas
566 3353 996 3421 proprietatum
1027 3352 1085 3404 et
1114 3347 1533 3406 accidentium.
1560 3349 1704 3405 Cum
1749 3361 1910 3405 enim
1955 3347 2294 3406 substantia
2338 3353 2421 3406 sit
2462 3361 2646 3407 causa

174 3452 190 3467 -
222 3419 574 3489 accidentiS‚
605 3420 763 3477 sicut
792 3417 1493 3500 perfectum‘impetrsecti,
1520 3423 1757 3500 oportet
1779 3417 1941 3493 quod
1957 3433 2032 3476 ex
2057 3418 2313 3477 diversis
2333 3419 2668 3490 principiis

220 3489 723 3550 substantialibus
753 3488 989 3547 diversa
1012 3488 1345 3547 accidentia
1371 3502 1614 3560 propria
1640 3494 2108 3562 consequantur.
2139 3492 2390 3558 Rursus,
2421 3503 2557 3546 cum
2573 3503 2647 3546 ex

220 3559 479 3620 diversis
499 3560 817 3633 agentibus
846 3560 971 3618 sint
997 3559 1246 3617 diversae
1271 3559 1706 3631 impressiones
1723 3560 1791 3620 in
1808 3559 2196 3631 patientibuS,
2220 3573 2256 3617 o
2301 3564 2455 3617 ortet
2484 3558 2646 3632 quod

218 3644 328 3704 per
354 3630 591 3761 diversa
634 3630 892 3704 agentia,
948 3628 1187 3688 diversa
1225 3629 1352 3689 sint
1395 3629 1730 3689 accidentia
1773 3644 1908 3704 quae
1947 3630 2024 3691 ab
2071 3636 2272 3704 agenti
2317 3643 2391 3687 us
2441 3629 2647 3701 impri-

220 3714 371 3763 mun
398 3717 492 3760 ur.

294 3775 464 3831 Patet
492 3786 635 3845 ergo
665 3787 739 3831 ex
764 3742 964 3841 dictis,
994 3769 1175 3852 quod,
1205 3784 1344 3829 cum
1370 3784 1479 3843 per
1502 3770 1764 3830 divinam
1779 3771 2212 3843 providentiam
2232 3771 2412 3829 rebus
2431 3768 2650 3829 creatis

218 3841 461 3903 diversa
479 3843 831 3914 accidentia,
854 3848 913 3900 et
926 3846 1195 3900 actiones
1238 3847 1296 3900 et
1354 3841 1654 3914 assiones,
1667 3848 1726 3900 et
1742 3843 2170 3901 collocationes
2191 3841 2646 3913 distribuantur,

218 3925 349 3973 non
376 3914 494 3994 hoc
519 3913 746 3986 absque
773 3912 1007 3971 ratione
1047 3884 1282 3971 accidit.
1377 3912 1477 3994 inc
1503 3918 1599 3994 est
1651 3912 1812 3986 quod
1867 3926 2041 3993 sacra
2090 3912 2392 3994 Scriptura
2446 3925 2648 3993 rerum

216 3984 679 4113 goductionem
709 3988 768 4042 et
786 3982 1277 4056 gubernationem
1294 3987 1603 4053 saplentlae
1621 3988 1679 4041 et
1698 3983 2085 4055 providentiae
2104 3983 2319 4041 divinae
2342 3981 2644 4041 attribuit:

265 4053 444 4112 'citur
475 4053 658 4121 enim,
687 4056 881 4124 Prov„
908 4067 999 4121 111,
1023 4057 1111 4121 19,
1134 4057 1207 4112 20
1235 4071 1251 4110 2
1278 4055 1541 4111 Dominus
1554 4056 1827 4124 sapientia
1847 4054 2113 4122 fundavit
2137 4058 2358 4119 terram,
2380 4053 2655 4111 stabilivit

214 4125 379 4183 coelos
405 4123 706 4194 prudentia
734 4141 752 4179 ε
778 4126 1053 4205 sapientia
1076 4125 1228 4181 illius
1254 4128 1586 4206 maepuerunt
1611 4125 1814 4194 abyssi,
1840 4128 1893 4180 et
1928 4124 2097 4181 nubes
2128 4140 2249 4181 rore
2271 4129 2646 4192 concrescunt,-

216 4202 281 4254 et
306 4196 471 4265 Sap„
499 4204 634 4262 vm,
665 4196 719 4263 1,
746 4192 965 4252 dicitur
991 4194 1062 4251 de
1091 4194 1194 4252 Dei
1221 4194 1538 4266 sapientia,
1567 4194 1729 4267 quod
1755 4197 1983 4265 attinqit
2008 4210 2045 4250 a
2077 4197 2183 4265 fine
2207 4210 2379 4266 usque
2406 4195 2648 4267 adfinem

215 4267 461 4334 fortiter,
487 4266 541 4321 et
562 4263 805 4336 disponit
823 4265 1004 4321 omnia
1029 4268 1297 4334 sancitam
1316 4269 1374 4323 et
1397 4277 1480 4333 xi,
1502 4268 1594 4334 21,
1625 4263 1891 4338 eiusdem
1922 4263 2139 4323 dicitur
2166 4279 2180 4318 ε
2211 4266 2406 4322 Omnia
2423 4268 2486 4322 in
2504 4281 2645 4322 men-

215 4350 378 4408 sura,
405 4349 632 4393 numero
658 4338 710 4392 et
745 4333 981 4405 pondere
1025 4334 1386 4417 distribuis&
1419 4339 1485 4415 ut
1511 4348 1618 4416 per
1662 4347 2008 4416 mensuram
2053 4335 2463 4462 quantitatem,
2518 4335 2644 4393 sive

216 4406 494 4478 modum,
524 4409 630 4465 aut
650 4404 899 4479 gradum
927 4404 1309 4476 perfectionis
1338 4417 1813 4478 unuisquusque
1828 4416 1914 4461 rei
1942 4408 2065 4463 inte
2092 4405 2379 4479 ligamus;
2407 4418 2514 4476 per
2539 4415 2623 4459 nu

218 4489 454 4539 merum
482 4488 626 4537 vero
663 4475 1087 4551 pluralitatem,
1131 4479 1192 4536 et
1228 4474 1632 4537 diversitatem
1678 4473 2016 4549 specierum
2059 4480 2523 4550 consequentem
2570 4482 2644 4526 ex

1948 1588 2088 1642 eant
2131 1583 2401 1642 diversas
2441 1597 2650 1656 opera-
