3076 5025
1061 283 1194 337 LIB.
1234 282 1323 344 lv,
1366 282 1518 338 CAP.
1557 282 1647 338 xi.
2465 287 2514 339 5.
2539 289 2572 342 9

128 416 197 461 re
225 401 559 470 intellecta,
603 415 782 473 quam
828 414 1010 460 voces
1041 401 1369 460 exteriores
1410 401 1790 475 significant3
1830 402 1990 460 unde
2032 407 2093 460 et
2138 402 2270 475 ipsa
2319 402 2575 461 intentio

125 471 383 531 verbum
426 471 678 529 interius
724 472 1088 540 nominatur,
1130 472 1290 544 quod
1348 475 1441 530 est
1486 472 1765 530 exteriori
1806 472 1988 531 verbo
2037 472 2460 545 significatum.
2508 478 2576 531 Et

126 542 378 617 quidem
429 541 591 614 quod
680 542 919 599 raedicta
970 541 1221 599 intentio
1271 554 1395 600 non
1441 542 1523 600 sit
1569 542 1633 599 in
1686 542 1864 600 nobis
1917 555 2013 600 res
2061 542 2383 613 intellecta,
2435 546 2576 602 inde

123 618 381 685 apparet
405 611 565 693 quod
595 556 759 670 aflud
790 617 883 671 est
900 612 1233 692 intelligere
1263 626 1387 670 rem
1411 617 1470 669 et
1497 612 1659 694 aliud
1682 616 1772 670 est
1796 613 2133 684 intelligere
2163 613 2356 686 ipsam
2384 614 2576 671 inten-

123 684 363 742 tionem
412 681 798 751 intellectam,
832 683 993 755 quod
1035 683 1373 742 intellectus
1409 683 1552 740 facit
1597 683 1737 740 dum
1769 695 1839 741 su
1885 698 1949 741 er
1978 697 2157 741 suum
2204 698 2242 742 o
2286 698 2358 743 us
2404 685 2575 743 resse-

124 754 351 823 ctitur;
381 752 541 810 unde
567 757 626 810 et
647 752 781 810 aliae
809 752 1077 811 scientiae
1102 760 1243 810 sunt
1270 752 1341 810 de
1367 754 1548 811 rebus
1579 758 1638 812 et
1665 753 1798 811 aliae
1867 768 1899 810 e
1928 753 2246 811 intentioni
2296 768 2367 812 us
2398 755 2570 811 intel-

123 823 351 883 lectuS.
383 824 553 891 Quod
595 828 796 881 autem
825 823 1078 881 intentio
1108 824 1410 881 intellecta
1452 837 1575 881 non
1621 823 1702 881 sit
1751 824 1882 895 ipse
1906 823 2245 882 intellectus
2276 826 2338 882 in
2370 825 2566 891 nobis,

124 909 207 953 ex
229 893 351 952 hoc
372 898 534 965 patet
559 893 722 965 quod
753 893 1262 974 esse-intentionis
1291 893 1609 952 intellectae
1635 893 1814 951 etiam
1838 894 1902 951 in
1927 893 2062 965 ipso
2091 894 2395 953 intellectu
2424 910 2570 954 con·

124 964 319 1034 sistit,
350 976 474 1021 non
506 967 704 1022 autem
725 977 861 1022 esse
887 964 1229 1022 intellectus
1258 964 1473 1034 nostri,
1505 964 1681 1036 cujus
1709 979 1845 1022 esse
1876 978 1997 1022 non
2027 972 2120 1022 est
2148 979 2322 1022 suum
2356 967 2572 1023 intelli·

127 1049 299 1117 gere.
333 1036 529 1103 Quum
562 1047 705 1107 ergo
734 1033 799 1090 in
829 1036 951 1092 Deo
981 1034 1061 1092 sit
1087 1034 1244 1092 idem
1274 1049 1410 1093 esse
1439 1041 1498 1092 et
1524 1035 1881 1108 intelligere,
1912 1034 2165 1093 intentio
2195 1035 2587 1095 intellectain.

124 1117 268 1186 ipso
299 1111 389 1161 est
418 1104 549 1175 ejus
579 1104 961 1174 intellectus;
990 1111 1067 1173 et,
1097 1106 1239 1177 quia
1276 1105 1618 1164 intellectus
1638 1105 1701 1162 in
1727 1118 1800 1163 eo
1823 1110 1912 1163 est
1929 1119 2034 1169 res
2061 1105 2362 1164 intellecta
2387 1107 2575 1179 (intel-

124 1175 380 1249 ligendo
406 1175 564 1232 enim
598 1188 685 1241 se,
715 1175 908 1231 intelli
956 1175 1001 1231 it
1029 1173 1232 1233 omnia
1257 1176 1396 1243 alia,
1428 1179 1492 1232 ut
1520 1180 1832 1233 ostensum
1876 1180 1968 1233 est
1998 1175 2059 1248 (l.
2093 1190 2137 1244 1,
2166 1191 2220 1233 c.
2251 1177 2364 1248 49),
2393 1176 2573 1234 relin-

126 1246 338 1320 quitur
367 1245 530 1318 quod
559 1245 623 1302 in
654 1247 775 1303 Deo
806 1245 928 1303 inte
954 1245 996 1302 li
1042 1251 1178 1302 ente
1209 1246 1473 1317 seipsum
1506 1246 1586 1304 sit
1615 1244 1779 1303 idem
1824 1245 2165 1304 intellectus
2194 1253 2252 1303 et
2297 1261 2393 1305 res
2441 1261 2581 1320 quae

124 1315 492 1389 intelligitur
522 1320 580 1372 et
610 1314 861 1373 intentio
892 1315 1016 1372 inte
1045 1316 1218 1376 lecta.

206 1386 316 1445 Bis
360 1386 545 1458 igitur
587 1385 1006 1454 consideratis,
1041 1390 1363 1459 utcumque
1395 1386 1712 1458 concipere
1740 1399 2067 1458 possumus
2136 1387 2350 1445 naliter
2378 1386 2457 1445 sit
2484 1387 2574 1445 di-

125 1456 273 1515 vina
310 1456 619 1537 generatio
658 1456 1024 1537 accipienda.
1059 1459 1224 1514 Patet
1269 1457 1629 1538 enim-quod
1673 1470 1798 1515 non
1826 1463 1919 1516 est
1945 1458 2111 1530 possi
2156 1458 2233 1515 ile
2264 1460 2352 1515 sic
2381 1458 2569 1539 accipi

129 1531 584 1600 generationem
632 1526 896 1584 divinam
936 1532 1095 1585 sicut
1123 1528 1185 1584 in
1223 1528 1405 1585 rebus
1444 1528 1792 1586 inanimatis
1821 1528 2129 1600 generatio
2159 1529 2477 1591 invenitur,
2508 1542 2572 1585 in

129 1597 356 1670 quibus
383 1610 682 1669 generans
725 1597 1014 1668 imprimit
1041 1611 1211 1655 suam
1243 1612 1274 1656 s
1318 1599 1507 1655 eciem
1536 1598 1599 1654 in
1630 1597 1981 1656 exteriorem
2015 1600 2361 1669 materiam;
2394 1612 2572 1669 opor-

129 1673 224 1725 tet
249 1668 425 1736 enim‚
471 1667 803 1725 secundum
848 1667 1212 1739 positionem
1301 1669 1418 1736 dei,
1455 1668 1615 1740 quod
1648 1668 1832 1727 Filius
1875 1684 1912 1727 a
1949 1671 2070 1728 Deo
2102 1671 2342 1742 genitus
2372 1683 2566 1726 veram

128 1737 354 1797 habeat
381 1737 660 1796 deitatem
690 1743 748 1796 et
784 1738 863 1796 sit
892 1752 1068 1796 verus
1098 1740 1296 1807 Deus3
1332 1739 1466 1810 ipsa
1494 1744 1691 1796 autem
1723 1737 1914 1797 deitas
1945 1753 2067 1798 non
2097 1746 2186 1797 est
2222 1740 2416 1797 forma
2443 1753 2566 1796 ma-

128 1808 298 1868 teriae
328 1809 650 1871 inhaerens,
696 1821 889 1880 neque
930 1810 1089 1866 Deus
1138 1814 1230 1867 est
1270 1823 1341 1866 ex
1373 1809 1639 1866 materia
1667 1809 1984 1880 exsistens,
2034 1815 2099 1868 ut
2136 1811 2445 1891 probatum
2479 1815 2568 1867 est

130 1878 199 1952 (l.
223 1892 267 1949 1,
299 1893 351 1936 c.
381 1881 489 1950 17).
521 1878 806 1960 Similiter
835 1884 1031 1960 autem
1065 1893 1186 1936 non
1218 1885 1413 1951 potest
1439 1879 1630 1959 accipi
1657 1879 1856 1937 divina
1883 1885 2191 1952 generatio
2219 1881 2295 1938 ad
2324 1880 2565 1938 modum
2598 1903 2605 1908 ·

132 1950 546 2022 generationis
577 1963 709 2020 quae
741 1962 805 2006 iii
847 1948 1065 2020 plantis
1095 1950 1413 2019 invenitur,
1444 1954 1503 2007 et
1529 1954 1708 2007 etiam
1738 1950 1803 2008 in
1829 1950 2212 2020 animalibus,
2243 1965 2375 2023 quae
2406 1964 2569 2009 com·

133 2020 454 2078 municant
490 2033 626 2077 cum
655 2019 875 2091 plantis
903 2019 964 2076 in
996 2020 1274 2078 nutritiva
1311 2025 1365 2076 et
1403 2020 1748 2101 generativa
1772 2020 2022 2091 virtute3
2070 2034 2138 2080 se
2180 2027 2381 2080 aratur
2409 2021 2568 2079 enim

132 2090 365 2163 aliquid
395 2089 555 2162 quod
581 2095 707 2147 erat
733 2089 798 2146 in
825 2090 1029 2171 planta
1052 2091 1142 2147 vcl
1175 2091 1418 2148 animali
1438 2090 1509 2147 ad
1537 2090 1981 2164 generationem
2004 2092 2139 2150 simi
2170 2093 2221 2150 is
2253 2092 2311 2149 iii
2345 2092 2569 2163 specie,

129 2160 298 2234 quod
327 2161 394 2218 in
422 2159 540 2217 fine
587 2160 994 2241 generationis
1037 2166 1131 2218 est
1174 2161 1423 2219 omnino
1464 2167 1630 2219 extra
1672 2169 2090 2233 generantem;
2133 2177 2169 2220 a
2200 2165 2319 2221 Deo
2348 2169 2570 2233 autem,

115 2245 322 2359 guum
371 2230 752 2289 indivisibilis
782 2231 881 2300 sit,
917 2244 1040 2288 non
1082 2237 1279 2302 potest
1315 2231 1541 2304 aliquid
1572 2232 1873 2302 separari3
1908 2233 2037 2305 ipse
2081 2234 2255 2290 etiam
2305 2234 2489 2291 Filius
2534 2247 2571 2291 a

181 2314 255 2359 eo
300 2301 543 2375 genitus
581 2314 701 2359 non
729 2306 821 2359 est
860 2305 1024 2360 extra
1051 2304 1283 2360 Patrem
1313 2307 1719 2375 generantem,
1751 2302 1856 2360 sed
1887 2302 1950 2359 in
1980 2317 2074 2371 eo,
2105 2304 2262 2362 sicut
2291 2319 2364 2360 ex
2392 2319 2568 2374 supe-

129 2372 398 2430 rioribus
427 2371 881 2430 auctoritatibus
910 2377 1088 2442 patet.
1112 2375 1313 2444 Neque
1341 2372 1516 2428 etiam
1541 2377 1739 2442 potest
1757 2372 1959 2430 divina
1979 2373 2286 2445 generatio
2316 2373 2567 2445 intelligi

129 2441 471 2501 secundum
509 2442 753 2500 modum
794 2442 1193 2499 emanationis
1239 2455 1371 2514 quae
1413 2441 1712 2498 invenitur
1738 2442 1802 2497 in
1841 2443 2045 2499 anima
2070 2443 2392 2509 sensitiva;
2440 2456 2565 2499 non

131 2512 299 2573 enim
339 2515 498 2570 Deus
525 2512 600 2571 ab
628 2512 833 2585 aliquo
872 2511 1145 2570 exteriori
1180 2511 1396 2592 accipit
1433 2517 1503 2569 ut
1529 2511 1594 2592 in
1621 2511 1872 2593 alterum
1902 2514 2149 2570 influere
2181 2514 2410 2584 possit;
2445 2526 2567 2570 non

131 2584 299 2644 enim
328 2590 488 2642 esset
517 2584 772 2655 primum
807 2598 841 2641 a
885 2596 1028 2651 ens;
1060 2588 1440 2652 operationes
1465 2586 1644 2638 etiam
1675 2596 1889 2640 animae
1918 2583 2219 2641 sensitivae
2250 2596 2368 2639 non
2401 2596 2563 2641 com·

132 2654 377 2736 plentur
417 2655 547 2712 sine
596 2667 848 2725 corpora
874 2653 1010 2711 ibus
1051 2651 1501 2721 instrumentis;
1559 2654 1746 2709 Deum
1801 2658 1999 2710 autem
2047 2653 2430 2710 manifestum
2476 2658 2571 2711 est

133 2738 557 2796 incorporeum
599 2737 756 2783 esse.
794 2722 1165 2795 Relinquitur
1209 2723 1392 2804 igitur
1431 2722 1594 2794 quod
1639 2723 1943 2796 generatio
1991 2723 2194 2781 divina
2235 2723 2564 2780 secundum

132 2795 598 2854 intellectualem
630 2794 1070 2853 emanationem
1116 2793 1194 2852 sit
1226 2792 1633 2866 intelligenda.
1668 2795 1788 2851 Hoc
1828 2799 2027 2852 autem
2059 2794 2148 2851 sic
2194 2793 2562 2851 manifestari

178 2880 587 2995 pManifestum
627 2940 721 2993 est
747 2934 926 3003 enim,
970 2948 1045 2992 ex
1068 2933 1164 2991 his
1192 2947 1324 3005 quae
1353 2933 1652 2991 declarata
1679 2937 1823 2992 sunt
1850 2931 1914 3004 (l.
1942 2946 1986 3002 1,
2012 2948 2067 2992 c.
2096 2934 2188 3007 47)
2220 2933 2378 3007 quod
2409 2935 2566 2992 Deus

135 3006 406 3078 seipsum
459 3005 753 3086 intelligit.
805 3006 992 3063 Omne
1043 3009 1239 3062 autem
1289 3003 1677 3073 intellectum,
1728 3004 1788 3060 in
1838 3009 2125 3085 quantum
2174 3005 2565 3074 intellectum,

136 3082 374 3159 oportet
402 3090 536 3135 esse
565 3076 625 3132 in
657 3074 1067 3149 intelligente;
1099 3073 1397 3148 significat
1425 3074 1582 3131 enim
1616 3075 1813 3146 ipsum
1860 3075 2191 3148 intelligere
2239 3074 2566 3147 apprehen·

139 3159 378 3207 sionem
407 3147 536 3218 ejus
561 3147 721 3218 quod
752 3145 1106 3218 intelligitur
1130 3159 1237 3227 per
1265 3144 1629 3202 intellectum
1656 3163 1671 3214 ;
1703 3145 1860 3202 unde
1891 3148 2065 3203 etiam
2094 3147 2430 3203 intellectus
2462 3158 2569 3203 no-

136 3222 288 3286 ster,
318 3218 582 3289 seipsum
614 3216 975 3289 intelligens,
1008 3221 1100 3274 est
1127 3228 1189 3272 in
1219 3215 1440 3287 seipSO,
1465 3229 1586 3272 non
1609 3215 1805 3273 solum
1840 3221 1902 3273 ut
1919 3215 2077 3274 idem
2104 3214 2216 3275 sibi
2246 3230 2349 3288 per
2369 3228 2571 3274 essen·

136 3288 306 3358 tiam,
347 3288 455 3346 sed
500 3288 675 3344 etiam
715 3292 778 3344 ut
825 3302 861 3344 a
898 3300 965 3345 se
1006 3286 1441 3358 apprehensum
1484 3285 1894 3358 intelligendo.
1930 3287 2171 3358 Oportet
2200 3286 2382 3359 igitur
2410 3286 2569 3358 quod

137 3360 302 3417 Deus
331 3358 392 3415 in
425 3357 742 3429 seipso-sit
774 3360 839 3414 ut
864 3356 1228 3414 intellectum
1256 3356 1317 3413 in
1344 3356 1733 3428 intelligente.
1764 3357 2133 3415 Intellectum
2165 3364 2360 3414 autem
2388 3358 2447 3414 in
2478 3357 2569 3412 in-

136 3429 447 3502 telligente
477 3435 568 3486 est
600 3427 851 3484 intentio
878 3426 1180 3484 intellecta
1215 3432 1274 3483 et
1317 3426 1583 3484 verbum.
1616 3429 1716 3483 Est
1743 3426 1925 3500 igitur
1962 3427 2023 3484 iii
2055 3430 2174 3485 Deo
2201 3427 2569 3507 intelligente

137 3500 412 3571 seipsum
439 3499 684 3556 verbum
717 3497 818 3554 Dei
848 3497 1021 3570 quasi
1050 3501 1204 3554 Deus
1234 3497 1596 3566 intellectuS,
1623 3496 1781 3554 sicut
1806 3498 2050 3555 verbum
2075 3499 2287 3569 lapidis
2310 3500 2369 3555 in
2402 3497 2572 3555 intel-

135 3569 300 3629 lectu
330 3575 421 3627 est
449 3569 600 3640 lapis
629 3568 988 3626 intellectus.
1020 3569 1166 3625 Hinc
1195 3572 1287 3625 est
1355 3567 1469 3625 uod
1500 3565 1718 3624 dicitur
1744 3584 1758 3623 ε
1798 3568 2031 3625 Verbum
2058 3575 2174 3624 erat
2203 3569 2352 3639 apud
2378 3571 2562 3626 Deum.

137 3640 382 3713 (Iouam,
409 3653 452 3710 1,
488 3640 560 3711 1.)
596 3639 748 3707 Quia
776 3652 914 3695 vero
945 3638 1283 3696 intellectus
1351 3638 1549 3695 lvinus
1581 3651 1702 3695 non
1729 3638 1850 3694 exit
1870 3638 1941 3695 de
1962 3641 2227 3710 potentia
2253 3639 2314 3696 in
2347 3644 2567 3706 actum,

137 3710 248 3769 sed
278 3723 517 3781 semper
538 3719 631 3767 est
675 3715 810 3767 actu
854 3711 1140 3776 existens,
1170 3714 1233 3766 ut
1262 3709 1575 3780 probatum
1605 3714 1696 3765 est
1726 3707 1785 3835 ἓ.
1818 3722 1861 3778 ι,
1883 3723 1935 3766 c.
1967 3709 2080 3780 56),
2112 3725 2183 3766 ex
2214 3710 2568 3766 necessitate

139 3787 377 3852 oportet
408 3780 568 3853 quod
611 3793 847 3851 semper
881 3780 1148 3851 seipsum
1193 3779 1571 3836 intellexerit.
1602 3781 1684 3835 Ex
1774 3792 1845 3836 oc
1874 3786 2070 3838 autem
2111 3779 2269 3851 quod
2301 3781 2569 3849 seipsum

136 3851 443 3925 intelligit,
475 3856 707 3922 oportet
747 3850 908 3922 quod
949 3851 1194 3908 verbum
1224 3849 1411 3920 ipsius
1450 3850 1510 3907 in
1542 3850 1675 3921 ipso
1721 3849 1820 3912 sit,
1866 3855 1931 3906 ut
1976 3856 2283 3907 ostensum
2316 3856 2422 3906 est.
2459 3851 2570 3905 Ne-

138 3935 315 3980 cesse
351 3926 444 3979 est
478 3921 661 3994 igitur
689 3934 924 4002 semper
959 3921 1206 3978 verbum
1235 3920 1457 4000 e'Uusjn
1489 3922 1609 3977 Deo
1639 3919 1961 4001 exstitisse.
1993 3923 2093 4001 istst
2121 3920 2302 4047 igitur
2324 3926 2568 3976 coaeter·

136 4005 287 4050 num
315 3995 435 4049 Deo
463 3992 705 4049 verbum
731 4004 945 4062 ipsiuS,
968 4004 1078 4048 nec
1103 4005 1241 4048 acce
1286 3995 1395 4047 itei
1422 4005 1490 4047 ex
1518 3995 1800 4061 tempore,
1823 3994 1979 4048 sicut
2006 3992 2148 4048 intel

138 4063 372 4121 accedit
401 4076 471 4119 ex
503 4067 763 4133 tempore
796 4061 1040 4119 verbum
1071 4060 1322 4118 interius
1351 4067 1727 4131 conceptum,
1771 4061 1931 4133 quod
1978 4066 2071 4120 est
2115 4060 2366 4118 intentio
2399 4060 2569 4116 intel·

132 4133 314 4192 lecta.
347 4133 496 4190 Hinc
525 4138 617 4190 est
643 4132 802 4204 quod
832 4131 1085 4189 dicitur:
1117 4133 1182 4187 In
1249 4133 1480 4200 rincipt‘o
1506 4134 1626 4185 erat
1650 4132 1901 4188 Verbum.
1935 4130 2174 4204 (Ionum,
2198 4146 2240 4200 1,
2275 4130 2349 4203 l.)
2373 4130 2569 4199 Quum

134 4210 341 4263 autem
370 4203 707 4261 intellectus
732 4201 970 4259 divinus
1001 4215 1123 4258 non
1143 4215 1212 4259 so
1245 4215 1341 4258 um
1369 4202 1448 4258 sit
1471 4214 1706 4271 semper
1725 4201 1784 4258 in
1807 4207 1963 4270 actii,
1987 4203 2094 4260 sed
2119 4202 2296 4259 etiam
2329 4201 2410 4258 sit
2441 4201 2573 4272 ipso

135 4281 313 4334 actus
342 4288 552 4346 purus,
599 4279 662 4329 ut
689 4272 1001 4353 probatum
1031 4276 1124 4329 est
1149 4272 1209 4345 (l.
1241 4286 1283 4340 i,
1324 4286 1376 4328 c.
1412 4271 1518 4342 16),
1552 4276 1783 4340 oportet
1820 4272 1978 4343 quod
2022 4272 2358 4330 substantia
2391 4270 2567 4328 intel-

135 4344 332 4404 lectus
363 4344 548 4402 divini
575 4343 652 4400 sit
689 4356 885 4413 ipsum
914 4356 1090 4400 suum
1127 4342 1478 4422 intelligere,
1508 4341 1670 4421 quod
1698 4345 1793 4421 est
1835 4346 2004 4399 actus
2032 4342 2391 4399 intellectus.
2425 4346 2569 4397 Esse

139 4421 342 4475 autem
370 4414 536 4474 verbi
574 4414 824 4473 interius
853 4412 1125 4484 concepti
1154 4412 1280 4471 sive
1310 4415 1665 4469 intentionis
1692 4410 2004 4470 intellectae
2033 4417 2125 4470 est
2162 4412 2357 4484 ipsum
2389 4421 2569 4469 suum

2178 3990 2330 4047 ectui
2366 3995 2570 4047 nostro
