3076 5025
344 280 413 340 38
1239 273 1373 328 Lis.
1417 274 1460 339 t,
1501 271 1657 327 CAP.
1694 270 1893 326 xxxii.

343 398 620 475 quamvis
649 396 878 468 lapides
907 393 1133 465 fecerit,
1161 397 1305 467 quia
1328 394 1389 451 in
1429 393 1674 451 nomine
1707 390 1925 462 lapidis
1954 389 2310 472 intelligitur
2329 388 2547 469 modus
2589 386 2785 445 deter-

332 473 609 531 minatus
638 468 900 536 essendi,
933 466 1263 525 secundum
1292 479 1465 537 quem
1500 464 1653 535 lapis
1680 477 1714 519 a
1758 465 1879 519 Deo
1930 460 2337 541 distinguitur3
2389 461 2655 516 imitatur
2683 472 2787 539 aii·

332 545 459 600 -tem
496 541 645 610 lapis
678 541 861 596 Deum
891 543 957 595 ut
981 550 1249 605 causam,
1282 536 1612 593 secundum
1646 546 1803 602 esse,
1835 530 2169 590 secundum
2198 530 2548 600 bonitatem,
2574 535 2633 585 et
2659 530 2784 585 alia

330 600 721 739 'hugusmodss
749 609 909 667 sicut
936 613 993 665 et
1019 606 1158 688 ²²!iae.
1184 612 1513 687 creaturae.⁸
1797 674 1808 685 .
2104 670 2140 682 ..
2496 669 2507 681 ·
2544 670 2555 680 ·
2605 669 2616 680 ·

472 680 767 752 ujusmodi
801 684 998 736 autem
1024 678 1222 735 simile
1262 690 1515 732 inveniri
1560 679 1758 746 potest
1791 687 1856 731 in
1893 676 2179 753 potentiis
2221 674 2655 753 cognoscitivis
2679 712 2694 739 ,
2725 673 2787 751 et

344 752 410 812 in
444 751 760 808 virtutibus
788 748 1109 821 operativis
1138 747 1439 804 humanis
1471 746 1817 802 Intellectus
1837 744 1998 801 enim
2022 756 2200 799 unica
2219 747 2434 798 virtute
2466 744 2790 820 cognoscit

344 824 554 881 omnia
578 835 711 894 quae
762 834 900 947 pars
947 819 1235 878 sensitiva
1280 818 1534 875 diversis
1577 815 1859 897 potentiis
1907 811 2316 893 apprehendit,
2345 818 2404 868 et
2446 812 2627 868 etiam
2657 810 2783 867 alia

342 892 553 951 multa.
611 891 761 948 Intel
789 896 955 949 ectus
1004 891 1181 947 etiam
1232 893 1456 960 quanto
1503 887 1680 943 l'uerit
1725 886 1922 947 altior,
1972 889 2140 942 tanto
2187 883 2392 963 aliquo
2438 895 2561 939 uno
2609 881 2788 962 plura

349 975 719 1033 cognoscere
789 967 965 1029 otest,
998 960 1071 1018 ad
1098 973 1230 1032 quae
1255 957 1676 1030 cognoscenda
1697 955 2039 1013 intellectus
2068 953 2319 1010 inferior
2347 965 2467 1009 non
2501 956 2791 1023 pertingit

346 1032 469 1091 nisi
500 1047 605 1104 per
634 976 845 1089 muita.
872 1034 1143 1089 Potestas
1192 1035 1387 1086 autem
1434 1028 1600 1100 regia
1647 1027 1723 1084 ad
1770 1027 2002 1107 omn-ia·
2024 1024 2129 1106 illa
2152 1023 2512 1090 extenditur,
2544 1023 2618 1079 ad
2647 1035 2788 1093 quae

348 1101 601 1162 diversae
633 1103 745 1160 sub
773 1102 906 1172 ipsa
932 1105 1256 1172 potestates
1289 1099 1559 1157 ordinem
1591 1098 1833 1155 habent.
1859 1098 1956 1154 Sic
1987 1101 2170 1167 igitur
2196 1099 2256 1150 et
2286 1097 2445 1151 Deus
2464 1107 2568 1164 per
2593 1103 2786 1173 unum

346 1171 602 1244 simplex
632 1186 808 1230 suum
839 1185 994 1241 esse,
1026 1170 1435 1229 omnimodam
1491 1168 1920 1250 perfectionem
1967 1164 2238 1246 possidet
2283 1177 2464 1238 quam
2495 1176 2593 1220 res
2621 1163 2785 1231 aliae,

344 1242 473 1305 imo
504 1244 692 1301 multo
722 1240 1006 1315 majorem
1031 1256 1137 1313 per
1160 1240 1429 1312 quaedam
1456 1239 1691 1297 diversa
1716 1242 2167 1317 consequentia.
2533 1303 2545 1315 .
2696 1302 2709 1313 ·

421 1314 504 1369 Ex
533 1328 651 1385 quo
684 1317 841 1385 patet
868 1312 1200 1370 necessitas
1222 1311 1478 1381 plurium
1502 1310 1814 1367 nominum
1840 1307 1916 1389 de
1941 1309 2062 1364 Deo
2090 1305 2407 1386 dictorum.
2434 1306 2783 1383 Quiaenim

349 1396 486 1445 eum
521 1397 641 1439 nou
671 1395 999 1453 possumus
1028 1395 1098 1438 co
1145 1394 1392 1438 noscere
1422 1379 1773 1437 naturaliter
1801 1392 1918 1435 nisi
1947 1392 2021 1434 ex
2051 1373 2366 1433 effectibus
2407 1372 2784 1431 deveniendo

346 1452 415 1511 in
444 1454 664 1523 ipsum,
692 1456 924 1523 oportet
963 1465 1084 1524 quo
1155 1452 1399 1508 nomina
1426 1451 1646 1522 quibus
1678 1448 2106 1520 perfectionem
2151 1445 2346 1526 ipsius
2370 1443 2790 1526 significamus

349 1520 587 1580 diversa
617 1524 758 1590 sint,
790 1522 947 1579 sicut
973 1526 1031 1578 et
1057 1521 1455 1592 perfectiones
1486 1522 1546 1576 in
1577 1520 1754 1576 rebus
1784 1517 2173 1598 inveniuntur
2202 1516 2471 1573 diversae.
2493 1517 2553 1572 Sl
2584 1519 2789 1595 autem

349 1592 546 1664 ipsam
575 1593 920 1660 essentiam,
947 1596 1124 1662 prout
1153 1596 1263 1658 est,
1296 1603 1615 1661 possemus
1643 1589 1998 1660 intelligere,
2032 1592 2093 1645 et
2119 1601 2173 1644 ei
2210 1599 2426 1644 nomen
2456 1597 2789 1666 ,proprium

350 1662 652 1734 adaptare,
681 1675 800 1719 uno
833 1661 1075 1719 nomine
1104 1667 1331 1718 tantum
1377 1675 1507 1718 eam
1547 1660 2038 1738 exprimeremus»,
2070 1657 2230 1730 quod
2320 1661 2643 1715 remittitur
2670 1655 2790 1741 ‘his

352 1733 454 1805 qui
489 1746 623 1790 eum
657 1746 761 1804 per
793 1732 1117 1790 essentiam
1165 1731 1469 1789 videbunt.
1499 1730 1676 1789 zach.
1713 1730 1924 1788 ultimo
1956 1728 2066 1785 :In
2105 1727 2197 1784 die
2236 1728 2281 1785 it
2376 1729 2485 1785 erit
2526 1729 2791 1784 Dorium

353 1814 526 1871 unus,
554 1807 607 1861 et
628 1817 820 1861 nomen
838 1801 960 1874 ejus
985 1814 1175 1861 nnwn.

1295 2012 1560 2086 CAPUT
1593 2017 1844 2087 xxxii.

647 2201 802 2257 QUOD
833 2200 1005 2249 m
1030 2201 1113 2247 D}
1132 2199 1251 2248 nlo
1276 2202 1360 2247 m·
1385 2201 1574 2248 mnus
1615 2200 1777 2247 Auis
1807 2198 2070 2247 UNIVOOE
2100 2198 2503 2247 Punicam

421 2364 508 2423 Ex
533 2362 632 2422 his
659 2368 857 2421 autem
884 2366 1045 2435 patet
1072 2362 1231 2436 quod
1257 2362 1409 2420 nihil
1439 2363 1511 2421 de
1540 2364 1661 2420 Deo
1690 2367 1748 2419 et
1774 2360 1954 2421 rebus
1982 2360 2121 2421 aliis
2143 2366 2340 2433 potest
2361 2362 2617 2420 univoce
2634 2372 2787 2444 ρω-

348 2428 563 2496 dicari.
591 2437 738 2492 Nam
769 2432 1018 2492 effectus
1045 2434 1146 2507 qui
1179 2447 1301 2490 non
1330 2435 1446 2491 reci
1494 2435 1538 2490 it
1567 2433 1819 2491 formam
1849 2433 2180 2490 secundum
2209 2434 2473 2504 speciem
2517 2433 2786 2491 similem

346 2517 459 2579 per
489 2520 665 2579 quam
696 2519 881 2577 agens
910 2505 1053 2578 agit,
1086 2519 1300 2562 nomen
1335 2504 1408 2562 ab
1438 2506 1456 2562 i
1487 2504 1543 2562 la
1591 2503 1780 2562 forma
1828 2509 2131 2575 sumptum
2185 2504 2516 2562 secundum
2570 2503 2787 2562 univo-

347 2590 484 2635 cam
515 2576 996 2647 praedicationem
1040 2576 1302 2646 recipere
1348 2588 1468 2633 non
1500 2580 1715 2646 potest.
1745 2577 1877 2632 Non
1908 2575 2068 2631 enim
2097 2575 2350 2632 univoce
2377 2575 2596 2633 dicitur
2636 2574 2788 2632 cali·

356 2644 472 2704 dus
504 2647 665 2718 ignis
693 2661 729 2703 a
755 2645 883 2704 sole
914 2653 1234 2718 generatus
1259 2652 1316 2703 et
1344 2647 1456 2703 sol.
1488 2649 1704 2702 Rerum
1744 2652 1939 2702 autem
1969 2659 2219 2718 quarum
2255 2647 2410 2703 Deus
2440 2650 2533 2717 est
2572 2659 2786 2716 causa,

354 2715 564 2776 formae
597 2716 670 2773 ad
700 2717 959 2787 speciem
985 2717 1200 2775 divinae
1227 2717 1464 2773 virtutis
1494 2728 1616 2772 non
1686 2717 2018 2783 erveniunt,
2049 2730 2233 2797 quum
2256 2715 2493 2772 divisim
2527 2721 2586 2773 et
2604 2716 2791 2787 parti-

370 2787 648 2845 culariter
675 2786 984 2857 recipiant,
1015 2788 1173 2860 quod
1213 2787 1273 2843 in
1328 2789 1447 2844 Deo
1495 2786 1849 2857 simpiciter
1888 2791 1946 2843 et
1991 2787 2407 2844 universaliter
2460 2786 2786 2845 invenitur.

368 2858 534 2914 Patet
564 2858 578 2912 i
629 2859 747 2913 itur
774 2857 931 2928 quod
964 2857 1036 2913 de
1067 2860 1186 2914 Deo
1215 2857 1277 2913 in
1308 2857 1487 2914 rebus
1515 2858 1652 2913 aliis
1681 2857 1830 2913 niliil
1861 2857 2112 2915 univoce
2138 2857 2253 2914 dici
2286 2862 2500 2927 potest.

422 2928 478 2981 Α
598 2930 703 2988 ius.
740 2926 794 3005 si
823 2927 1042 3006 aliquis
1091 2925 1339 2983 effectus
1380 2927 1453 2984 ad
1506 2927 1766 2996 speciem
1821 2940 2020 2985 causae
2103 2927 2380 2998 ertingat,
2410 2927 2788 2997 praedicatio-

351 3007 493 3054 nem
536 2996 800 3052 nominis
832 3009 1082 3053 univoce
1108 3009 1228 3053 non
1260 2997 1667 3066 consequitur,
1698 2996 1816 3053 nisi
1848 3009 2030 3053 secun
2081 3011 2175 3054 um
2210 2997 2481 3054 eumdem
2540 2996 2782 3054 essendi

353 3065 602 3123 modum
634 3065 901 3121 eamdem
933 3065 1195 3136 speciem
1222 3067 1313 3122 vel
1345 3065 1593 3122 formam
1617 3067 1927 3136 suscipiat.
1959 3070 2088 3123 Non
2115 3069 2273 3125 enim
2301 3070 2549 3126 univoce
2567 3067 2784 3123 dicitur

355 3134 576 3194 domus
603 3149 735 3206 quae
766 3140 856 3192 est
900 3135 962 3190 in
1011 3141 1134 3192 arte
1165 3141 1222 3192 et
1263 3135 1326 3192 in
1376 3137 1642 3204 materia,
1672 3145 1910 3207 propter
1956 3137 2070 3194 hoc
2116 3138 2277 3210 quod
2326 3140 2518 3197 forma
2559 3137 2778 3196 domus

349 3202 539 3263 habet
567 3217 702 3263 esse
732 3203 1027 3263 dissimile
1058 3205 1395 3277 utrobique.
1434 3208 1551 3264 Res
1593 3215 1789 3263 autem
1818 3207 1951 3264 aliae
1980 3209 2213 3266 etiamsi
2244 3209 2494 3267 omnino
2523 3205 2782 3266 similem

356 3273 615 3334 formam
674 3282 1205 3348 consequerentur,
1238 3289 1359 3333 non
1406 3281 1605 3334 tamen
1632 3283 2083 3349 consequuntur
2120 3281 2449 3337 secundum
2509 3277 2784 3336 eumdem

350 3345 604 3405 modum
637 3346 901 3405 essendi.
928 3348 1076 3404 Nam
1124 3346 1273 3403 nihil
1305 3351 1398 3404 est
1424 3347 1484 3404 in
1503 3350 1621 3405 Deo
1649 3347 1806 3428 quod
1839 3361 1961 3405 non
1991 3349 2070 3405 sit
2096 3349 2294 3421 ipsum
2328 3363 2463 3408 esse
2491 3350 2786 3419 divinum,

353 3422 423 3475 nt
450 3431 522 3472 ex
552 3416 729 3474 dictis
760 3417 909 3498 (cap.
951 3417 1039 3489 13)
1077 3423 1256 3488 patet.
1286 3417 1457 3485 Quod
1486 3419 1548 3475 in
1588 3418 1724 3475 aliis
1750 3416 1931 3476 rebus
1970 3431 2094 3477 non
2139 3420 2375 3478 accidit.
2406 3420 2792 3493 impossibiie

354 3491 448 3548 est
479 3488 665 3554 igitur
689 3485 914 3560 aliquid
944 3486 1015 3544 de
1048 3489 1170 3544 Deo
1199 3488 1452 3545 univoce
1478 3496 1536 3547 et
1560 3488 1737 3546 rebus
1766 3489 1903 3546 aliis
1928 3489 2264 3570 praedicari.

426 3557 650 3625 Adhuc,
681 3569 861 3615 omne
884 3557 1050 3630 quod
1079 3557 1151 3615 de
1177 3559 1451 3629 pluribus
1481 3560 1732 3617 univoce
1761 3559 2118 3630 praedicatur
2142 3562 2236 3618 vel
2284 3567 2376 3620 est
2467 3576 2643 3631 enus,
2689 3561 2786 3620 vel

352 3633 450 3687 cst
476 3629 734 3699 species,
771 3627 864 3686 vel
912 3625 1268 3697 differentia,
1294 3629 1384 3687 vel
1430 3631 1729 3698 accidenS,
1779 3635 1881 3687 aut
1930 3630 2253 3701 proprium.
2296 3634 2376 3688 De
2471 3647 2544 3689 eo
2585 3638 2789 3690 autem

351 3697 508 3756 nihil
545 3700 900 3769 praedicatur
925 3704 991 3756 ut
1016 3711 1229 3772 genus,
1262 3711 1370 3756 nec
1396 3706 1464 3757 ut
1492 3699 1846 3768 differentia.
1871 3705 1935 3758 ut
1959 3714 2143 3773 supra
2167 3700 2317 3774 (cap.
2347 3702 2438 3774 25)
2473 3709 2791 3762 ostensum

350 3775 469 3834 est,
500 3775 557 3823 et
586 3771 668 3824 ita
694 3770 845 3827 nihil
875 3767 948 3828 de
973 3771 1096 3827 Deo
1129 3770 1484 3841 praedicatur
1514 3775 1573 3827 ut
1601 3784 1793 3841 genus
1824 3785 1933 3829 nec
1962 3779 2028 3830 ut
2055 3771 2411 3841 differentia,
2445 3787 2555 3831 uec
2608 3775 2792 3833 etiam

350 3841 423 3896 ut
453 3839 688 3907 species
713 3854 848 3911 quin
877 3853 949 3898 ex
972 3853 1194 3916 genere
1216 3848 1277 3898 et
1304 3840 1640 3898 differentia
1677 3842 2083 3908 constituitur,
2111 3857 2222 3902 nec
2251 3843 2477 3917 aliquid
2532 3845 2584 3901 ei
2630 3843 2792 3903 acci·

350 3904 495 3967 dere
526 3913 753 3988 potest,
780 3915 847 3966 iit
884 3924 1067 3983 supra
1092 3911 1245 3983 (cap.
1277 3912 1368 3983 23)
1397 3911 1869 3983 demonstratum
1911 3920 2027 3971 est.
2073 3915 2140 3971 Et
2192 3913 2275 3972 ita
2339 3915 2487 3972 nihil
2536 3914 2610 3971 de
2666 3917 2792 3974 Deo

350 3976 730 4058 praedicatur,
764 3991 955 4052 neque
996 3985 1062 4039 ut
1102 3980 1401 4050 accidens,
1442 3996 1635 4055 neque
1685 3989 1750 4041 ut
1794 3984 2125 4057 proprium.
2155 3986 2299 4042 Nam
2355 3985 2666 4057 proprium
2716 3983 2796 4044 de

350 4059 574 4178 ξὲᾳετο
604 4047 1002 4177 ἣοοέἑίἒρῑίᾳω
1029 4057 1140 4111 est.
1173 4051 1549 4124 Relinquitur
1582 4053 1769 4127 igitur
1814 4054 1966 4111 nihil
2008 4052 2082 4112 de
2133 4054 2254 4114 Deo
2301 4060 2363 4114 et
2410 4056 2593 4114 rebus
2647 4053 2794 4116 aliis

445 4131 610 4175 ivoce
680 4133 708 4174 r
802 4133 970 4177 icari.

421 4189 557 4243 Item
610 4133 764 4272 qeiqd
800 4192 1050 4250 univoce
1078 4191 1151 4251 de
1172 4192 1448 4274 pluribus
1476 4194 1851 4264 prredicatur,
1882 4197 2133 4268 utroque
2160 4194 2422 4264 illorum,
2461 4195 2535 4254 ad
2575 4196 2792 4257 minus

352 4231 683 4320 secundum
712 4261 1100 4332 intellectum,
1131 4264 1469 4334 simplicius
1496 4271 1606 4323 est.
1637 4268 1757 4322 Deo
1786 4271 1981 4323 autem
2013 4279 2208 4349 neque
2237 4266 2569 4326 secundum
2603 4268 2791 4327 ratio-

353 4338 514 4412 nem,
547 4344 738 4413 neq-ue
774 4331 1105 4390 secundum
1155 4335 1521 4404 intellectum
1556 4342 1748 4407 potest
1780 4348 1916 4392 esse
1945 4335 2178 4412 aliquid
2220 4338 2586 4415 simplicius·
2620 4335 2796 4400 Nini}

349 4396 539 4474 igitur
567 4415 823 4462 univoce
846 4401 921 4464 de
945 4404 1069 4462 Deo
1096 4409 1156 4463 et
1183 4405 1364 4464 rebus
1392 4407 1530 4466 aliis
1558 4406 1934 4480 praedicatur.
