3076 5025
1103 336 1234 390 us.
1275 336 1364 401 iv,
1405 336 1555 390 cAP.
1595 305 1806 391 xxxuss
2539 338 2642 391 547

283 455 397 510 Am
435 454 564 522 lius,
597 467 804 511 eorum
835 468 966 526 quae
995 467 1117 511 non
1147 455 1589 511 communicant
1620 455 1685 511 in
1712 455 1956 513 materia
1986 455 2130 513 etin
2201 469 2375 512 enere
2398 456 2647 513 unoim-

205 525 381 598 poss·
427 523 503 581 ile
532 528 624 580 est
651 523 777 580 fieri
807 525 1263 582 conversionem
1292 525 1355 581 in
1390 525 1681 591 invicem;
1714 539 1833 582 non
1865 525 2022 586 enim
2052 539 2125 581 ex
2176 539 2311 583 inea
2338 523 2402 582 fit
2430 525 2642 584 albedo

205 595 355 677 guia
384 598 527 652 sunt
555 594 924 652 diversorum
957 609 1245 667 generum
1269 613 1283 664 3
1309 609 1500 667 neque
1529 608 1748 666 corpus
1779 595 2136 653 elementare
2161 599 2356 666 potest
2382 597 2645 654 converti

205 679 277 723 m
316 664 563 737 aliquod
596 679 912 736 corporum
942 665 1271 723 coelestium
1300 666 1391 722 vel
1421 665 1481 746 in
1505 666 1761 746 aliquam
1780 666 2192 738 incorpoream
2223 665 2642 736 substantiam,

211 739 322 794 aut
366 750 400 791 e
445 749 758 804 converso,
806 749 992 807 quum
1034 749 1157 793 non
1203 741 1559 793 conveniant
1602 750 1662 792 m
1707 737 1968 794 materia.
1995 736 2261 805 tverbum
2290 743 2491 793 autem
2521 736 2642 807 Dei,

208 818 405 879 quum
436 805 512 862 sit
543 807 720 876 DeuS,
751 820 873 863 non
896 806 1171 864 convenit
1195 820 1387 878 neque
1417 807 1475 862 in
1509 820 1726 879 genere
1751 820 1943 880 neque
1972 807 2035 863 in
2064 808 2310 864 materia
2337 820 2473 864 cum
2503 820 2648 879 quo-

207 890 474 947 cumque
504 876 643 945 alio,
666 890 737 934 eo
768 876 927 949 quod
958 876 1199 935 neusin
1223 891 1439 957 genere
1469 890 1590 933 non
1622 882 1715 934 est
1742 891 1934 951 neque
1963 877 2267 934 materiam
2306 876 2502 934 habet.
2531 881 2645 934 lm·
2694 912 2701 920 -

203 946 502 1018 possibile
532 947 832 1075 estdigitur
853 946 1108 1004 Verbum
1138 950 1243 1004 Dei
1270 947 1459 1005 fuisse
1486 947 1552 1004 in
1577 960 1817 1004 carnem
1842 960 2198 1006 conversum
2225 948 2319 1003 vel
2354 947 2419 1003 in
2448 947 2644 1020 quod-

203 1030 349 1075 cum
399 1031 473 1073 ue
497 1032 534 1073 a
557 1033 624 1084 iu,
664 1060 680 1075 .

285 1030 579 1155 Prgeterea,
610 1090 683 1144 de
711 1088 938 1146 ratione
966 1087 1188 1157 carnis,
1216 1088 1448 1145 ossium
1474 1094 1532 1145 et
1577 1088 1895 1161 sanguinis
1934 1091 1994 1146 et
2014 1086 2359 1146 hu'usmodi
2386 1088 2645 1159 partium

204 1162 307 1215 est
335 1157 499 1230 quod
543 1157 620 1214 sit
642 1172 716 1214 ex
756 1159 1144 1216 determinata
1185 1159 1453 1216 materia.
1498 1158 1560 1216 Si
1591 1158 1774 1232 igitur
1799 1157 2051 1217 Verbum
2163 1157 2285 1215 isit
2312 1158 2373 1215 in
2402 1172 2642 1216 carnem

208 1240 599 1298 conversum,
649 1227 978 1285 secundum
1018 1228 1380 1299 positionem
1425 1229 1786 1300 praedictam,
1817 1235 2101 1302 sequetur
2126 1228 2288 1302 quod
2310 1228 2376 1285 in
2410 1227 2643 1286 Christo

207 1311 340 1356 non
386 1298 560 1356 suerit
607 1312 749 1355 vera
793 1311 933 1356 caro
963 1312 1071 1355 nec
1101 1299 1320 1369 aliquid
1350 1299 1509 1356 aliud
1540 1298 1999 1370 huiusmodi3et
2025 1299 2115 1357 sic
2158 1299 2334 1356 etiam
2372 1311 2497 1356 non
2536 1300 2646 1355 erit

203 1382 392 1426 verus
420 1367 625 1438 hom0,
655 1369 759 1426 sed
811 1382 1103 1440 apparens
1135 1371 1384 1437 tantum,
1430 1374 1489 1425 et
1515 1368 1636 1426 alia
1659 1369 2040 1440 huiusmodi:
2071 1382 2205 1442 quoe
2236 1383 2421 1440 supra
2448 1367 2522 1439 (c.
2553 1373 2641 1438 3⁰)

204 1445 427 1498 eontra
455 1439 828 1496 valentinum
852 1439 1186 1510 posuimus.

239 1585 242 1586 ⁷
286 1511 457 1567 Patet
476 1509 656 1584 igitur
677 1511 790 1567 hoc
809 1509 969 1636 5⁰⁰⁶
995 1512 1257 1567 loannes
1282 1508 1456 1567 dicite
1480 1511 1555 1566 Et
1581 1509 1817 1567 Ver-bam
1846 1524 1973 1565 caro
1996 1510 2211 1577 ructuat
2236 1511 2318 1563 est
2345 1507 2642 1589 (annn.,1,

218 1578 328 1652 14),
374 1593 499 1637 non
547 1579 635 1638 sic
680 1580 822 1637 intel
851 1579 1130 1654 igendum
1184 1593 1318 1638 esse
1369 1580 1544 1653 quasi
1581 1580 1836 1637 Verbum
1890 1579 1968 1638 sit
2011 1591 2367 1636 conversum
2409 1591 2475 1635 ιιι
2516 1591 2645 1635 car·

213 1661 374 1712 nem,
406 1650 514 1706 sed
548 1649 689 1721 quia
721 1663 961 1707 carnem
992 1650 1338 1721 assumpsit,
1370 1655 1435 1706 ut
1462 1664 1598 1708 cum
1631 1649 1977 1708 hominihus
2004 1654 2458 1707 conversaretur
2480 1653 2539 1705 et
2557 1647 2644 1707 eis

214 1718 473 1777 visibilis
502 1726 809 1790 appareret
837 1737 853 1788 ς
881 1720 1038 1778 unde
1059 1725 1127 1777 -et
1149 1720 1459 1778 subditur:
1491 1724 1566 1777 Et
1590 1721 1862 1776 habitavit
1895 1722 1957 1777 in
1982 1721 2157 1782 nobis,
2187 1723 2239 1774 et
2262 1718 2502 1775 vidimus
2528 1719 2644 1788 qlo-

208 1792 362 1846 riam
413 1790 553 1859 θέω,
605 1794 717 1847 etc.
769 1791 1194 1918 (τ’ὸίἀὰωείουῐ
1237 1797 1297 1849 et
1337 1791 1398 1848 in
1431 1791 1663 1850 Baruch
1711 1792 1784 1849 de
1816 1793 1934 1848 Deo
1964 1790 2179 1848 dicitur
2210 1788 2373 1863 quod
2398 1790 2462 1847 in
2483 1790 2645 1847 terris

205 1862 368 1916 visus
393 1865 473 1916 est
499 1866 552 1918 et
574 1874 698 1917 cum
723 1861 932 1918 homini
1055 1865 1402 1918 conversatus
1429 1866 1526 1920 est.
1560 1861 1842 1935 (Bm-uch..
1868 1873 1960 1933 111,
1986 1860 2103 1934 38.)

1173 2079 1428 2144 CAPUT
1464 2080 1714 2144 xxxn.

531 2256 611 2302 DE
641 2256 872 2303 monn
906 2257 1033 2303 nn
1069 2256 1147 2303 m·
1178 2257 1566 2304 noi-mulus
1601 2257 1777 2305 omna
1809 2256 2049 2308 m
2077 2257 2331 2308 mun.

289 2422 426 2479 Non
469 2419 666 2478 solum
714 2424 911 2477 autem
957 2419 1116 2477 circa
1158 2432 1377 2489 corpus
1423 2418 1662 2489 Christi,
1691 2418 1799 2476 sed
1835 2419 2011 2476 etiam
2039 2419 2201 2478 circa
2226 2419 2359 2492 ejus
2385 2420 2648 2480 animam

219 2491 409 2565 aliqui
438 2490 595 2549 male
614 2490 884 2549 sensisse
910 2488 1312 2547 inveniuntur.

286 2562 502 2621 Posuit
525 2561 686 2620 enim
711 2562 888 2619 Arius
915 2560 1074 2634 quod
1106 2561 1166 2617 in
1198 2559 1434 2617 Christo
1459 2572 1585 2617 non
1613 2559 1724 2617 fuit
1744 2559 1962 2628 anima,
1990 2557 2100 2617 sed
2122 2558 2282 2632 quod
2300 2559 2496 2619 solum
2519 2575 2647 2619 car-

215 2646 359 2691 nem
411 2633 757 2704 assumpsit,
804 2631 901 2689 cui
947 2631 1226 2711 divinitas
1250 2630 1385 2711 loco
1413 2629 1630 2687 animae
1654 2629 1767 2687 ruit
1797 2647 1813 2699 ;
1843 2633 1903 2686 et
1929 2628 2003 2687 ad
2029 2628 2145 2710 lioc
2174 2630 2519 2701 ponendum
2548 2645 2648 2688 ne-

213 2702 500 2761 cessitate
545 2702 797 2775 quadam
844 2701 1077 2759 videtur
1123 2700 1313 2758 fuisse
1361 2700 1662 2758 inductus.
1712 2702 1906 2768 Quum
1954 2714 2115 2757 enim
2161 2700 2337 2757 vellet
2378 2715 2648 2759 asserere

215 2773 379 2847 quod
409 2773 598 2831 Filius
619 2772 724 2829 Dei
744 2772 822 2830 sit
841 2777 1114 2831 creatura
1140 2777 1201 2828 et
1220 2771 1419 2828 minor
1447 2770 1738 2852 l³atre,·ad
1771 2771 1886 2829 hoc
1912 2769 2283 2841 probandum
2314 2770 2419 2829 illa
2457 2773 2648 2853 Scrip-

211 2847 486 2901 turarum
511 2842 843 2913 assumpsit
880 2842 1228 2899 testimonia
1310 2856 1400 2899 uae
1444 2840 1848 2898 infirmitatem
1879 2840 2201 2898 humanam
2232 2840 2560 2899 ostendunt
2582 2856 2650 2900 in

217 2914 494 2982 Christo;
542 2917 620 2981 et,
667 2926 744 2969 ne
770 2910 988 2983 aliquis
1016 2911 1147 2983 ejus
1175 2926 1282 2983 pro
1325 2911 1931 2990 ationem—refelleret,
1960 2911 2211 2969 dicendo
2239 2917 2547 2982 assumpta
2573 2910 2648 2969 ab

213 2996 293 3043 eo
337 2981 684 3041 testimonia
727 2981 959 3041 christo
1002 2995 1125 3039 non
1170 2981 1502 3040 secundum
1553 2979 1813 3037 divinam
1858 2984 2151 3049 naturam,
2191 2980 2296 3038 sed
2323 2979 2649 3040 humanam

216 3053 561 3122 convenire,
589 3053 863 3126 nequiter
889 3052 1146 3110 animam
1176 3052 1429 3109 removit
1448 3066 1484 3108 a
1505 3049 1758 3115 Christo,
1791 3055 1873 3120 ut,
1903 3064 2089 3123 quum
2112 3052 2382 3124 quaedam
2412 3052 2649 3124 corpori

220 3122 489 3183 humano
517 3123 833 3181 convenire
862 3135 986 3180 non
1011 3123 1268 3194 possint,
1299 3122 1456 3180 sicut
1473 3120 1634 3194 quod
1663 3121 1855 3179 iratus
1880 3126 1994 3190 est,
2022 3122 2187 3194 quod
2224 3121 2440 3191 timuit,
2483 3123 2647 3196 quod

221 3195 429 3263 oravit,
478 3193 880 3253 necessarium
927 3191 1030 3250 fiat
1059 3192 1403 3264 hujusmodi
1430 3191 1491 3248 in
1532 3191 1740 3272 Filium
1774 3190 1878 3249 Dei
1904 3190 2360 3250 minorationem
2388 3191 2636 3250 inferre.

218 3264 561 3336 assumpsit
604 3268 799 3322 autem
864 3263 924 3320 iu
980 3277 1104 3321 suae
1158 3262 1476 3333 positionis
1523 3268 1917 3320 assertionem
1972 3262 2347 3334 praemissum
2402 3263 2649 3321 verbum

216 3336 468 3394 loannis
511 3333 800 3393 dicentis:
851 3335 1087 3392 Verbum
1130 3349 1255 3389 caro
1280 3334 1492 3401 tactum
1514 3337 1624 3400 est3
1656 3346 1726 3388 ex
1755 3346 1875 3405 quo
1905 3333 2173 3403 accipere
2213 3332 2449 3391 volebat
2487 3334 2650 3415 quod

219 3406 416 3465 solam
447 3419 685 3463 carnem
710 3403 964 3463 Verbum
990 3403 1402 3475 assumpserit,
1433 3415 1558 3461 non
1584 3408 1783 3461 autem
1812 3402 2091 3461 animam.
2122 3405 2191 3461 ln
2215 3404 2332 3462 hac
2353 3402 2649 3475 positione

220 3476 402 3534 etiam
436 3475 797 3546 Apollinaris
824 3488 963 3533 eum
995 3478 1239 3532 secutus
1268 3478 1378 3531 est.

287 3545 666 3605 nanifestum
712 3548 808 3603 est
849 3548 1050 3603 autem
1096 3558 1166 3602 ex
1223 3543 1547 3616 praemissis
1592 3542 1751 3602 hanc
1805 3542 2165 3616 positionem
2218 3543 2649 3616 impossibilem

294 3687 618 3745 ostensum
663 3691 756 3743 est
800 3685 953 3742 enim
996 3698 1178 3756 supra
1245 3684 1283 3741 l.
1332 3697 1374 3752 1,
1405 3699 1458 3742 c.
1487 3685 1580 3766 27)
1651 3682 1770 3742 uod
1813 3685 1971 3741 Deus
2000 3684 2192 3742 forma
2218 3685 2488 3756 corporis
2516 3697 2652 3745 esse

218 3769 348 3815 non
379 3762 597 3829 potest.
644 3756 836 3824 Quum
882 3755 1066 3828 igitur
1109 3756 1220 3811 Ver
1265 3768 1363 3811 um
1394 3755 1496 3813 Dei
1529 3761 1606 3836 sit
1682 3768 1811 3821 eus,
1844 3758 1907 3810 ut
1931 3760 2244 3812 ostensum
2275 3760 2368 3814 est
2392 3756 2467 3837 (c.
2495 3759 2553 3825 3,
2583 3760 2645 3814 ss

217 3832 279 3886 et
329 3828 442 3899 14),
489 3825 864 3898 impossibile
891 3831 983 3882 est
1011 3825 1171 3897 quod
1213 3825 1467 3882 Verbum
1497 3828 1600 3883 Del
1630 3825 1706 3883 sit
1747 3825 1936 3903 forma
1981 3825 2250 3896 corporis
2281 3830 2346 3884 ut
2371 3840 2459 3884 sic
2487 3825 2653 3884 carni

290 3912 332 3955 o
360 3897 563 3956 anima
581 3911 717 3956 esse
746 3896 956 3967 possit.
984 3895 1152 3953 Utilis
1185 3899 1384 3952 autem
1411 3902 1505 3953 est
1525 3895 1655 3953 haec
1682 3899 1836 3953 ratio
1862 3900 2075 3953 contra
2097 3896 2521 3968 Apollinarem,
2551 3896 2653 3970 qui

263 3968 477 4026 erbum
521 3967 626 4025 Dei
667 3980 872 4025 verum
920 3967 1108 4024 Deum
1148 3964 1745 4047 esseconfitebatun
1775 3970 1855 4047 et,
1886 3964 2159 4047 licet-hoc
2183 3966 2358 4024 Arius
2384 3970 2650 4041 negaret,
2691 4034 2695 4039 ,

217 4042 423 4097 tamen
469 4038 647 4097 etiam
693 4044 902 4096 contra
944 4050 1082 4096 eum
1127 4035 1409 4108 praedicta
1447 4035 1717 4107 procedit
1744 4040 1916 4106 rano,
1946 4050 2085 4109 quia
2112 4050 2237 4095 non
2266 4037 2463 4096 solum
2493 4039 2651 4097 Deus
2689 4062 2694 4071 ·

219 4122 348 4167 non
393 4114 593 4181 potest
633 4120 767 4167 esse
811 4108 1001 4166 torma
1040 4105 1333 4178 corporis,
1384 4106 1492 4164 sed
1519 4119 1631 4164 nec
1680 4105 1857 4163 etiam
1886 4105 2104 4180 aliquis
2136 4108 2652 4178 supercoelestium

217 4179 560 4251 spirituum,
609 4179 765 4236 inter
807 4191 961 4251 quos
1002 4190 1350 4259 supremum
1393 4176 1603 4234 Filium
1648 4176 1752 4258 pei
1793 4177 1971 4257 arius
2097 4177 2311 4247 nebat3
2349 4178 2468 4236 nisi
2500 4179 2653 4237 sorte

221 4251 559 4308 secuudum
600 4248 964 4321 positionem
1008 4248 1313 4321 origenis,
1356 4247 1457 4327 qui
1502 4251 1704 4319 posuit
1745 4260 1981 4327 ammas
2074 4260 2325 4306 umanas
2381 4248 2648 4322 eJ'usdem

222 4320 447 4392 speciei
494 4327 554 4378 et
597 4327 824 4378 naturae
865 4332 1004 4379 cum
1033 4332 1102 4376 su
1148 4317 1560 4377 ercoelestibus
1603 4316 1907 4390 spiritibus
1932 4329 2113 4387 esse;
2142 4317 2318 4391 cujus
2344 4316 2648 4392 opinionis

219 4389 542 4450 falsitatem
574 4405 755 4462 supra
778 4390 841 4464 (l.
866 4404 934 4460 11,
959 4404 1010 4448 c.
1042 4392 1109 4446 95
1158 4388 1551 4470 ostendimus·
1774 4458 1788 4471 ,
1838 4456 1851 4470 Ο

289 4463 447 4534 ueni,
476 4461 779 4521 subtracto
809 4473 881 4520 eo
920 4458 1082 4532 quod
1123 4466 1216 4519 est
1250 4460 1324 4518 de
1359 4465 1594 4518 ratione
1627 4458 1911 4531 hominis,
1929 4472 2110 4519 verus
2138 4458 2324 4519 homo
2360 4471 2499 4517 esse
2521 4467 2646 4515 non
