3076 5025
402 290 503 346 130
1282 282 1416 338 LIB.
1456 281 1528 348 11,
1571 281 1724 336 CAP.
1764 280 1940 335 xxvl.

468 410 622 477 Item,
651 411 963 465 ostensum
991 408 1086 463 est
1113 417 1185 462 su
1231 417 1296 460 ra
1324 402 1387 474 (l.
1416 415 1461 470 1,
1494 416 1547 458 c.
1571 400 1658 472 95)
1686 398 1843 472 quod
1870 400 2028 458 Deus
2057 412 2180 457 non
2196 403 2394 471 potest
2412 399 2565 457 velte
2586 399 2833 472 aliquod

399 477 656 547 malum3
685 473 845 535 unde
872 481 1032 547 patet
1057 487 1178 548 quo
1246 475 1405 531 Deus
1434 485 1681 543 peccare
1710 482 1828 526 non
1860 473 2075 540 potest.
2171 540 2182 552 ³
2231 541 2243 552 .

473 548 759 607 Similiter
786 551 1098 606 ostensum
1141 549 1234 601 est
1276 553 1462 614 supra
1507 542 1569 614 (l.
1602 555 1645 612 1,
1666 556 1717 598 c.
1779 539 1866 612 13)
1911 541 2070 612 quod
2126 540 2331 599 divina
2376 540 2654 599 voluntas
2707 554 2829 599 non

400 624 598 694 potest
625 632 761 677 esse
790 616 1118 746 mlutahilis.
1145 615 1243 674 Sic
1271 613 1456 687 igitur
1482 625 1606 671 non
1636 615 1832 683 potest
1858 610 2051 669 fecere
2081 611 2144 669 id
2181 610 2344 684 quod
2371 616 2464 670 est
2509 626 2546 669 a
2584 625 2651 670 se
2690 611 2846 671 voli-

558 703 678 747 non
710 690 795 746 im
859 687 966 746 eri.

400 698 1020 820 tmSnciendumptamen
1092 753 1210 813 uod
1249 753 1365 812 hoc
1387 751 1510 811 alio
1537 752 1722 811 modo
1747 753 1966 812 dieitur
1993 766 2116 810 non
2165 764 2351 825 posse
2399 766 2436 812 a
2519 751 2836 811 raemissie.

402 834 553 890 Nam
575 831 887 902 praemissa
913 771 1266 899 simffiiciter
1295 826 1453 882 Deus
1480 836 1592 881 nec
1614 824 1788 895 velle,
1819 838 1929 882 nec
1977 823 2171 905 facere
2214 828 2429 895 polest.
2532 824 2834 895 ujusmodi

404 906 604 961 autem
634 901 793 959 Deus
819 904 1016 972 potest
1043 895 1282 970 quidem
1311 895 1404 952 vel
1438 893 1654 965 facere,
1677 895 1773 953 vel
1803 895 1978 964 velle,
2007 909 2059 953 si
2088 910 2120 975 e
2146 908 2219 951 us
2245 894 2547 961 voluntas,
2579 894 2671 951 vel
2731 907 2835 976 po-

403 970 593 1031 tentia
617 971 892 1029 absolute
933 967 1367 1036 consideretur,
1416 978 1538 1023 non
1597 971 1796 1023 autem
1844 966 1898 1025 si
1933 979 2103 1024 consi
2150 970 2368 1034 eretur,
2399 971 2842 1036 praesupposita

404 1041 712 1101 voluntate
739 1040 811 1098 de
841 1041 1140 1111 opposite.
1172 1039 1318 1095 Nam
1346 1035 1628 1096 voluntas
1655 1037 1859 1094 divina
1875 1041 2149 1107 respectu
2170 1041 2600 1104 creaturarum,
2625 1049 2835 1094 neces·

407 1113 647 1172 sitatem
678 1125 798 1169 non
826 1107 1007 1168 habet
1043 1107 1160 1166 nisi
1210 1123 1284 1165 ex
1326 1107 1766 1178 suppositione,
1799 1114 1864 1165 ut
1899 1114 2212 1165 ostensum
2260 1111 2351 1164 est
2408 1105 2470 1178 (l.
2524 1118 2570 1190 J,
2617 1121 2676 1163 c.
2724 1106 2841 1178 83).

407 1186 476 1241 Et
502 1183 639 1240 ideo
667 1194 880 1241 omnes
909 1182 1041 1239 istae
1069 1179 1406 1236 locutiones
1433 1195 1446 1234 ε
1477 1180 1620 1234 Dente
1644 1194 1755 1234 non
1775 1182 1954 1249 potest
1972 1180 2155 1246 tacere
2178 1180 2459 1234 cerati-aria
2476 1177 2562 1233 lm
2583 1192 2706 1247 ‹12⁸ae
2725 1177 2842 1236 dis·

399 1253 590 1327 posim
612 1254 814 1335 facere,
847 1255 911 1309 et
933 1263 1323 1324 quaecumque
1360 1248 1638 1306 similiter
1678 1249 1978 1319 dicuntur,
2009 1248 2429 1321 intelliguntur
2461 1248 2842 1327 composite:

407 1323 501 1383 sic
529 1336 689 1381 enim
717 1321 1031 1394 implicant
1048 1317 1526 1391 suppositionem
1548 1317 1764 1378 divinae
1783 1319 2110 1377 voluntatis
2131 1318 2205 1375 de
2227 1318 2529 1389 opposito.
2557 1319 2616 1375 Sl
2639 1324 2844 1376 autem

406 1394 823 1469 intelligantur
849 1391 1062 1463 divise,
1094 1395 1242 1450 sunt
1266 1387 1454 1460 falsae,
1485 1390 1632 1463 quia
1654 1390 1986 1463 respiciunt
2010 1389 2339 1462 potentiam
2387 1394 2446 1447 et
2473 1388 2848 1449 voluntalem

409 1460 864 1594 nesligtliltsgffiteem
888 1531 1048 1590 Deus
1076 1530 1202 1604 agit
1229 1545 1336 1602 per
1361 1529 1749 1600 voluntatem,
1782 1531 1869 1589 ita
1894 1536 1952 1588 et
1996 1543 2101 1602 per
2145 1529 2511 1588 intellectum
2542 1534 2602 1587 et
2646 1530 2847 1589 scien·

409 1606 578 1674 tiam,
614 1609 678 1663 ut
704 1610 1017 1662 ostensum
1047 1607 1142 1660 est
1166 1601 1244 1672 (c.
1268 1605 1428 1681 235³?
1447 1600 1561 1670 24).
1596 1601 1727 1682 Pari
1756 1601 1946 1682 igitur
1968 1602 2202 1659 ratione
2229 1614 2356 1659 non
2404 1605 2606 1672 potest
2648 1600 2843 1681 facere

411 1689 549 1748 quae
574 1687 640 1733 se
668 1675 962 1732 iacturum
991 1685 1114 1730 non
1145 1675 1465 1744 praescivit‚
1491 1675 1597 1728 aut
1625 1670 1921 1729 dimittere
1949 1685 2084 1744 quae
2113 1685 2184 1730 se
2207 1671 2499 1729 facturum
2523 1676 2844 1743 praescnnt,

411 1747 555 1818 quia
581 1758 702 1804 non
732 1741 929 1815 potest
956 1741 1149 1800 tacere
1177 1756 1311 1815 quse
1338 1741 1533 1799 facere
1563 1751 1688 1798 non
1733 1741 1880 1810 vult,
1912 1748 2019 1799 eut
2065 1742 2362 1800 dimittere
2402 1756 2537 1814 quae
2589 1741 2734 1798 vult.
2778 1744 2854 1800 Et

413 1816 623 1874 eodem
654 1813 837 1873 modo
863 1813 1213 1873 conceditur
1236 1818 1295 1870 et
1324 1817 1578 1884 negatur
1604 1817 1804 1871 utrum
1852 1826 1946 1883 ue,
1973 1816 2040 1871 ut
2098 1813 2352 1871 scillicet
2391 1812 2677 1885 praedicta
2721 1824 2849 1870 non

409 1899 593 1959 posse
639 1886 891 1956 dicatur,
932 1897 1055 1941 non
1106 1883 1348 1956 quidem
1404 1882 1703 1955 absolute,
1727 1895 1796 1942 se
1876 1882 1991 1944 sub
2036 1883 2384 1944 conditione
2424 1883 2519 1942 vel
2562 1883 2852 1956 supposi-

412 1957 602 2016 tione.
632 1956 679 2030 (1
703 1962 858 2030 part,
885 1969 946 2029 q.
975 1967 1125 2024 nr,
1153 1957 1267 2012 art.
1293 1957 1331 2012 3
1352 1957 1415 2011 et
1437 1953 1519 2025 4).

1380 2172 1634 2240 CAPUT
1682 2171 1894 2239 xxv1.

420 2350 574 2411 σου»
596 2349 841 2401 smnus
877 2347 1263 2401 mrnmcrcs
1307 2348 1428 2397 non
1479 2347 1863 2400 concursu
1904 2351 1986 2403 an
2037 2350 2486 2428 ner-samueli
2532 2352 2852 2408 macrus.

489 2518 782 2589 Quoniam
813 2523 1013 2599 autem
1042 2520 1354 2577 ostensum
1400 2523 1497 2578 est
1537 2515 1704 2592 quod
1746 2518 1951 2578 divina
1993 2518 2261 2591 potentia
2298 2519 2376 2579 ad
2417 2519 2856 2583 determinatos

416 2588 668 2649 euectus
700 2602 823 2647 non
852 2587 1158 2661 limitatur,
1188 2604 1260 2648 ac
1288 2603 1394 2661 per
1422 2588 1562 2661 hoc,
1590 2589 1752 2663 quod
1780 2605 1852 2648 ex
1883 2590 2240 2649 necessitate
2281 2597 2510 2650 naturae
2537 2604 2661 2650 non
2699 2593 2846 2664 egit,

416 2659 527 2719 sed
554 2674 660 2733 per
687 2656 1054 2718 intellectum
1081 2662 1141 2717 et
1167 2660 1530 2740 voluntatem
1559 2678 1573 2729 ;
1601 2674 1677 2718 ne
1705 2660 1803 2719 cui
1839 2660 1989 2718 sorte
2016 2660 2286 2719 videatur
2312 2661 2474 2735 quod
2502 2663 2630 2736 ejus
2670 2663 2854 2721 intel·-

414 2731 631 2800 lectus,
661 2731 754 2788 vel
779 2731 1033 2789 scientia
1061 2730 1135 2811 ad
1163 2730 1593 2789 determinatos
1616 2729 1873 2789 effectus
1900 2731 2285 2790 solummodo
2332 2733 2530 2804 possit
2579 2733 2847 2804 extendi,

414 2804 476 2859 et
501 2801 591 2859 sic
619 2805 758 2872 agat
784 2816 858 2859 ex
880 2806 1236 2858 necessitate
1264 2801 1554 2868 scientiae,
1584 2803 1859 2874 quamvis
1886 2814 2010 2859 non
2050 2816 2125 2860 ex
2167 2804 2527 2861 necessitate
2570 2809 2800 2862 naturae
2828 2823 2852 2875 ;

412 2876 598 2931 restat
625 2871 940 2929 ostendere
1021 2870 1137 2927 uod
1168 2871 1299 2944 eJ‘us
1326 2870 1602 2941 scientia,
1631 2872 1725 2928 vel
1754 2872 2095 2932 intellectus
2123 2873 2309 2931 nullis
2338 2873 2658 2932 effectuum
2684 2875 2852 2932 limi·

411 2942 579 2999 tibus
605 2948 957 2999 coarctatur.
1040 2949 1312 2999 stensum
1332 2948 1421 2999 est
1451 2940 1613 2999 enim
1640 2956 1823 3013 supra
1845 2942 1907 3014 (l.
1937 2956 1980 3005 1,
2011 2958 2067 3002 c.
2099 2942 2193 3017 49)
2239 2944 2398 3017 quod
2432 2946 2590 3002 Deus
2635 2945 2854 3004 omnia

414 3010 535 3069 elia
565 3022 699 3083 quae
727 3010 802 3069 ab
831 3024 903 3068 eo
932 3008 1250 3082 procedere
1278 3016 1554 3092 possunt,
1586 3011 2055 3085 comprehendit,
2094 3027 2266 3073 suam
2296 3015 2617 3073 essentiam
2658 3014 2848 3074 intel·

411 3076 678 3153 figendo,
709 3081 772 3137 in
799 3095 919 3152 qua
946 3081 1151 3138 omnia
1195 3082 1537 3153 hujusmodi
1586 3097 1721 3142 esse
1770 3084 2180 3142 necessarium
2228 3092 2321 3143 est
2362 3099 2467 3155 per
2512 3084 2846 3155 aliqualem

410 3150 893 3220 similitudinem,
924 3152 1083 3209 sicut
1109 3150 1358 3210 effectus
1403 3153 1621 3211 virtute
1669 3159 1814 3212 sunt
1857 3154 1923 3211 in
1966 3169 2170 3213 causa.
2222 3156 2283 3213 Si
2329 3154 2514 3227 igitur
2565 3157 2847 3224 potentia

413 3217 617 3281 divina
643 3218 717 3279 ad
743 3218 991 3280 effectus
1009 3220 1436 3281 determinatos
1460 3236 1584 3280 non
1613 3230 1968 3294 coarctatur,
1999 3231 2266 3296 utsupra
2289 3223 2365 3297 (c.
2394 3224 2490 3296 22)
2518 3230 2845 3286 ostensum

411 3296 525 3362 cst,
549 3293 958 3351 necessarium
987 3296 1162 3351 estet
1192 3293 1265 3351 de
1294 3292 1424 3366 ejus
1453 3293 1762 3352 intellectu
1791 3296 2048 3354 similem
2080 3296 2439 3355 sententiam
2511 3296 2766 3354 roserre.

480 3362 700 3428 Adhuc,
732 3360 948 3421 divinae
969 3363 1246 3423 essentiae
1275 3362 1630 3422 intinitatem
1661 3378 1844 3437 supra
1882 3367 1945 3438 (l.
1975 3381 2017 3437 1,
2048 3382 2101 3426 c.
2132 3371 2202 3425 43
2274 3372 2444 3425 osten
2491 3365 2670 3424 imus.
2700 3366 2845 3425 Infl-

410 3432 603 3492 nitum
635 3438 857 3514 autem,
885 3434 1256 3505 quantalibet
1282 3435 1588 3494 additione
1611 3434 1917 3494 finitorum
1945 3437 2121 3507 facta,
2150 3453 2188 3496 a
2230 3437 2451 3510 aequari
2475 3451 2598 3494 non
2618 3443 2844 3509 potest,

408 3503 556 3577 quin
578 3505 639 3562 in
666 3504 965 3562 infinitum
985 3505 1229 3563 excedat
1250 3506 1623 3578 quantalibet
1641 3504 1829 3577 finita,
1856 3508 1910 3566 si
1932 3509 2110 3566 etiam
2133 3521 2385 3568 numero
2429 3507 2667 3566 infinita
2686 3508 2846 3568 exis-

407 3580 559 3633 tant.
586 3572 747 3633 Nihil
775 3572 938 3633 aliud
967 3580 1179 3648 praeter
1206 3578 1390 3635 Deum
1420 3583 1658 3636 constat
1696 3591 1833 3636 esse
1877 3579 2208 3637 secundum
2257 3578 2580 3637 essentiam
2635 3578 2842 3636 infini-

308 3640 311 3643 ’
406 3649 558 3713 tum,
589 3658 725 3703 cum
747 3646 954 3704 omnia
978 3647 1101 3705 alia
1118 3647 1450 3706 secundum
1481 3648 1762 3706 essentiae
1790 3648 2083 3707 rationem
2113 3650 2230 3708 sub
2271 3649 2687 3708 determinatis
2732 3663 2840 3722 ge·

406 3715 658 3774 neribus
678 3721 736 3775 et
762 3716 1080 3788 speciebus
1107 3717 1545 3777 concludantur
1574 3736 1590 3775 :
1620 3718 2183 3802 quomodocumque
2213 3720 2399 3793 igitur
2434 3725 2497 3777 et
2524 3725 2849 3793 quantum-

407 3798 666 3858 cumque
695 3785 881 3845 divini
911 3784 1160 3847 effectus
1191 3786 1795 3860 comprehendantur,
1821 3802 2058 3861 semper
2086 3804 2147 3848 in
2174 3789 2379 3848 divina
2425 3791 2694 3848 essentia
2741 3793 2841 3849 est

403 3860 477 3914 ut
501 3870 608 3915 eos
638 3857 899 3920 excedat.
927 3857 1098 3916 etita
1123 3858 1383 3930 plurium
1410 3858 1563 3917 ratio
1593 3869 1732 3917 esse
1756 3860 1969 3931 possit.
2002 3861 2250 3919 Divinus
2268 3861 2836 3933 igiturintellectus.

406 3926 511 3999 qui
539 3928 796 3998 perfecte
825 3928 1088 3986 divinam
1117 3931 1441 3988 essentiam
1469 3930 1787 4001 cognoscit
1841 3935 2112 4001 utsupra
2138 3930 2201 4011 (l.
2229 3943 2275 4001 1,
2303 3944 2360 3988 c.
2385 3930 2479 4003 47)
2518 3937 2840 3991 ostensum

404 3998 522 4064 est,
550 4008 787 4055 omnem
817 3996 1106 4057 finitatem
1134 3998 1453 4057 effectuum
1481 3971 1853 4060 transcendit
1878 4017 1896 4059 ε
1924 4013 2050 4059 non
2075 4001 2264 4075 igitur
2283 4002 2738 4061 exnecessitate
2761 4001 2842 4062 td

404 4063 523 4125 hos
551 4067 644 4124 vel
676 4067 818 4127 illos
846 4067 1096 4128 effectus
1125 4076 1481 4129 coarctetur.

472 4135 627 4200 Item,
652 4150 836 4219 supra
853 4138 917 4266 ἓ.
943 4152 988 4211 1,
1008 4155 1064 4198 c.
1083 4141 1176 4213 69)
1200 4145 1512 4222 ostensum
1532 4148 1626 4224 est
1651 4140 1814 4269 quod
1833 4140 2074 4224 divinus
2092 4141 2436 4225 intellectus
2455 4140 2834 4225 infinitorum

402 4209 500 4265 est
533 4220 604 4265 co
649 4213 826 4290 nitort
906 4222 1013 4269 eus
1041 4214 1237 4269 autem
1270 4225 1375 4282 per
1400 4226 1496 4270 sui
1544 4217 1668 4269 inte
1697 4213 1884 4271 lectus
1932 4219 2248 4272 scientiam
2292 4226 2391 4272 res
2440 4213 2723 4285 producit
2768 4225 2836 4272 m

400 4289 563 4411 essstse.
713 4278 922 4337 salitas
956 4280 1142 4353 igitur
1181 4281 1368 4339 divini
1413 4281 1759 4342 intellectus
1804 4282 1881 4343 ad
1915 4282 2121 4344 finitos
2166 4283 2420 4344 effectus
2462 4295 2588 4343 non
2633 4297 2835 4344 coarc-

468 4417 745 4496 Amplius,
772 4417 828 4478 si
850 4417 1038 4481 divini
1056 4418 1399 4485 intellectus
1419 4422 1743 4487 causalitas
1791 4421 1871 4487 ed
1914 4423 2165 4487 effectus
2206 4425 2477 4501 aliquos,
2523 4424 2709 4498 quasi
2757 4423 2840 4485 de
