3076 5025
415 290 523 346 340
1316 278 1450 336 ΗΒ.
1487 278 1589 346 ΙΙΙ,
1630 277 1781 334 CAP.
1821 276 1971 333 bxv,

489 408 764 479 Amplius,
797 399 1597 476 unumquodqueiutendens
1613 398 1873 471 aliquem
1891 395 2072 455 finem
2094 395 2288 470 magis
2307 399 2476 454 curat
2497 394 2570 453 de
2590 407 2664 453 eo
2687 395 2856 467 quod

421 487 511 539 est
539 493 646 551 pro
691 475 936 548 inquitis
961 473 1064 532 fini
1094 469 1501 551 ultimo‚‚quia
1541 469 1668 550 hoc·
1712 474 1811 549 est·
1859 468 2036 548 etiam
2087 465 2229 549 finis
2277 466 2851 548 aliorumssltimus

421 555 619 610 autem
648 493 788 605 gnis
818 546 1034 605 divinae
1056 543 1384 601 voluntatis
1413 547 1505 599 est
1527 539 1768 598 bonitas
1795 551 2011 620 ipsius,
2041 551 2139 596 cut
2168 550 2750 618 propinquissimum
2779 551 2853 595 ιιι

419 621 601 681 rebus
632 617 847 676 creatis
875 620 966 676 est
991 614 1215 673 bouum
1247 610 1477 670 ordinis
1502 611 1689 669 totius
1724 610 2010 673 universi,
2038 621 2175 666 cuni
2205 608 2278 666 ad
2307 621 2504 688 ipsum
2534 607 2852 688 ordinetur

421 692 578 751 sicut
606 690 681 748 ad
707 687 887 746 finem
915 698 1093 744 omne
1120 681 1474 755 particulare
1503 680 1727 740 bonum
1754 680 1934 752 hujus
1964 678 2053 736 vel
2082 679 2247 737 illius
2291 692 2398 744 rei,
2430 683 2587 736 sicut
2639 691 2850 738 minus

421 762 752 835 perfectum
777 757 1085 815 ordinatur
1110 753 1184 813 ad
1208 753 1269 811 id
1295 752 1454 826 quod
1480 757 1572 810 est
1598 751 1938 833 perfectius.
1962 749 2124 808 Unde
2154 755 2213 831 et
2229 748 2504 821 quaelibet
2528 762 2666 819 pars
2686 748 2854 830 inve-

423 832 588 890 nitur
614 843 749 889 esse
773 832 1015 899 propter
1035 836 1213 884 suum
1248 827 1461 882 totum.
1493 821 1555 880 ld
1594 823 1777 894 igitur
1826 820 1984 894 quod
2036 833 2292 901 maxime
2340 824 2512 900 curat
2565 821 2723 877 Deus
2777 832 2847 876 in

423 902 605 961 rebus
633 898 871 964 creatis,
901 903 992 955 est
1020 894 1169 954 ordo
1194 893 1479 952 universi.
1513 895 1614 973 Est
1641 891 1825 964 igitur
1845 890 2212 972 gubernator
2238 902 2452 963 ipsius.
2492 960 2502 969 Ι

493 974 644 1037 Item,
674 968 954 1042 quaelibet
980 980 1077 1026 res
1104 971 1303 1024 creata
1329 969 1719 1036 consequitur
1737 974 1909 1020 suam
1939 962 2211 1021 ultimam
2266 960 2687 1032 perfectionem
2740 973 2850 1032 per

423 1040 832 1123 operationem
859 1038 1178 1109 propriam.
1208 1038 1352 1094 Nam
1383 1040 1618 1106 oportet
1642 1032 1803 1105 quod
1832 1032 2080 1091 ultimus
2128 1030 2268 1091 finis
2317 1035 2375 1088 et
2414 1029 2702 1102 perfectio
2759 1031 2847 1090 rei

422 1119 504 1175 sit
522 1110 616 1169 vel
640 1110 771 1182 ipsa
799 1108 1088 1181 operatio,
1115 1106 1208 1165 vel
1234 1105 1601 1177 operationis
1627 1103 1941 1167 terminus,
1975 1109 2078 1161 aut
2104 1100 2378 1162 effectus.
2428 1103 2641 1160 Forma
2682 1114 2849 1170 vero,

424 1180 755 1243 secundum
782 1193 961 1255 quam
988 1191 1085 1237 res
1113 1182 1225 1248 est,
1255 1182 1347 1235 est
1374 1174 1659 1249 perfectio
1678 1174 1889 1246 prima,
1919 1179 1983 1232 ut
2011 1173 2246 1246 patetin
2271 1171 2537 1253 secundo
2562 1174 2854 1253 ssepaima

426 1255 590 1326 (text.
619 1264 837 1311 comm.
866 1251 945 1323 4).
971 1249 1133 1308 Ordo
1170 1252 1367 1306 autem
1412 1259 1610 1305 rerum
1656 1252 1984 1303 creatarum
2027 1241 2358 1325 secundum
2397 1242 2851 1325 distinctionem

425 1328 770 1383 naturarum
797 1325 857 1380 et
883 1318 1176 1394 graduum
1220 1318 1508 1389 ipsarum,
1549 1315 1818 1388 procedit
1849 1330 1921 1373 ex
1973 1314 2177 1373 divina
2222 1319 2536 1385 sapientia,
2583 1317 2744 1372 sicut
2784 1326 2854 1371 ιιι

425 1392 692 1454 secundo
719 1392 870 1472 (cap.
894 1390 990 1463 24)
1015 1395 1109 1448 est
1134 1393 1466 1447 ostensum.
1497 1390 1649 1467 Ergo
1682 1391 1739 1443 et
1766 1386 1915 1444 ordo
1943 1384 2358 1465 operationum
2408 1396 2515 1455 per
2555 1397 2707 1464 quas
2751 1396 2850 1442 res

417 1470 640 1524 creatae
664 1475 860 1536 magis
887 1460 1366 1589 approipinquant
1393 1458 1466 1517 ad
1493 1457 1769 1515 ultimum
1798 1457 1999 1537 tinem.
2033 1455 2319 1536 ordinare
2353 1460 2551 1513 autem
2578 1459 2851 1513 actiones

425 1535 759 1607 aliquarum
788 1545 985 1590 rerum
1012 1546 1048 1589 a
1125 1529 1305 1588 finem
1350 1535 1442 1587 est
1468 1527 1802 1600 gubernare
1825 1539 2011 1600 ipsas.
2045 1528 2201 1584 Deus
2232 1529 2417 1597 igitur
2458 1538 2565 1596 per
2592 1537 2721 1584 suae
2752 1537 2850 1581 sa·

423 1605 664 1679 pientiae
690 1602 1122 1675 providentiam
1152 1600 1333 1659 rebus
1363 1598 1855 1672 gubernationem
1886 1602 1943 1654 et
1970 1597 2236 1669 regimen
2268 1599 2531 1667 praestat.

499 1676 650 1733 Hinc
695 1679 787 1732 est
856 1672 974 1732 uod
1000 1684 1173 1731 sacra
1194 1671 1498 1743 Scriptura
1527 1671 1710 1728 Deum
1756 1667 2072 1725 Dominum
2103 1672 2163 1724 et
2186 1679 2387 1747 regem
2416 1663 2727 1738 profitetur
2755 1678 2852 1723 se-

422 1744 692 1803 cundum
715 1743 824 1802 illu
894 1745 992 1803 Ps.
1040 1754 1194 1812 xctx,
1225 1745 1257 1800 3
1290 1743 1597 1798 :Dominus
1639 1741 1757 1811 ipse
1795 1742 1875 1795 est
1914 1742 2076 1795 Deus.
2131 1739 2198 1795 Et
2246 1742 2410 1806 item,
2435 1749 2595 1805 XLVI,
2627 1739 2659 1794 8
2692 1754 2705 1791 ε
2737 1738 2856 1793 Rex

419 1817 599 1874 omnis
623 1818 780 1871 terrae
803 1817 962 1872 Deus.
990 1814 1069 1870 Re
1118 1812 1169 1870 's
1198 1811 1357 1871 enim
1388 1815 1448 1869 et
1473 1809 1701 1868 domini
1732 1815 1825 1867 est
1851 1822 1963 1867 suo
1994 1807 2245 1879 imperio
2280 1821 2485 1888 regere
2529 1811 2589 1864 et
2634 1806 2855 1879 guber·

427 1898 573 1944 nare
602 1884 929 1955 subjectos,
959 1883 1048 1942 Un
1092 1897 1124 1940 e
1152 1886 1211 1939 et
1232 1894 1430 1940 rerum
1460 1893 1704 1939 cursum
1738 1893 1911 1940 sacra
1955 1880 2259 1950 Scriptura
2298 1877 2503 1937 divino
2550 1882 2851 1948 praecepto

420 1954 691 2023 ascribit,
717 1955 848 2024 Job,
876 1965 960 2023 lx,
985 1959 1018 2012 7
1054 1953 1197 2023 :Qui
1211 1953 1467 2025 praecipt’t
1485 1953 1589 2008 soli
1606 1955 1657 2007 et
1682 1966 1791 2008 non
1816 1952 2012 2019 oritur,
2041 1953 2094 2006 et
2119 1949 2303 2006 stellas
2331 1948 2541 2006 claudit
2568 1949 2732 2020 quasi
2756 1948 2857 2004 sub

425 2028 727 2095 siqnacuto.
767 2026 835 2083 Et
866 2026 962 2084 Ps.
997 2026 1287 2104 cxlmnfi
1303 2025 1663 2092 :Praeceptum
1684 2023 1890 2102 posuit,
1923 2025 1974 2076 et
1999 2036 2109 2077 non
2131 2019 2437 2100 praeteribit
2505 2089 2516 2101 ⁸
2618 2089 2631 2100 ·

498 2098 610 2154 Per
633 2096 751 2154 hoc
782 2099 980 2154 autem
1010 2092 1345 2153 excluditur
1367 2105 1534 2151 error
1576 2097 1958 2165 antiquorum
2005 2090 2369 2149 naturalium
2415 2103 2519 2162 qui
2566 2088 2859 2170 ‘dicebant

426 2166 633 2226 omnia
661 2180 735 2225 ex
762 2164 1121 2225 necessitate
1150 2163 1411 2223 materiae
1434 2162 1771 2235 provenire,
1793 2176 1867 2219 ex
1885 2174 2004 2235 quo
2030 2159 2393 2234 sequebatur
2415 2172 2621 2219 omnia
2649 2174 2687 2219 a
2708 2172 2860 2220 casu

422 2235 724 2308 accidere,
761 2241 821 2295 et
847 2248 973 2296 non
996 2248 1072 2296 ex
1097 2233 1302 2309 aliquo
1328 2233 1717 2308 providentiae
1745 2232 1976 2293 ordine.
2008 2232 2051 2304 (1
2080 2236 2258 2303 part„
2290 2245 2351 2305 q.
2377 2242 2527 2302 xxn,
2566 2235 2678 2290 art.
2704 2230 2789 2304 2.)

1404 2449 1659 2519 CAPUT
1702 2450 1877 2518 LXV.

1061 2633 1213 2688 QUOD
1248 2633 1400 2684 DBUS
1435 2632 1783 2682 coNSERVA‘r
1816 2632 1924 2680 RES
1951 2633 2014 2680 IN
2048 2633 2211 2680 ESSE.

498 2801 582 2857 Ex
606 2811 681 2856 eo
709 2802 907 2856 autem
935 2797 1102 2872 quod
1128 2798 1291 2857 Deus
1317 2810 1417 2856 res
1441 2810 1554 2856 sua
1583 2796 1955 2870 providentia
1988 2795 2161 2870 regit,
2185 2796 2459 2869 sequitur
2483 2793 2643 2869 quod
2670 2795 2859 2855 resin

428 2883 563 2929 esse
592 2873 923 2927 conservet.
951 2867 1039 2926 Ad
1068 2867 1567 2942 gubernationem
1603 2868 1762 2926 enim
1793 2867 1871 2925 ali
1918 2879 2132 2925 uorum
2180 2867 2436 2939 pertinet
2492 2879 2672 2925 omne
2705 2866 2854 2925 illud

424 2954 532 3013 per
560 2938 927 3019 quod-suum
957 2936 1138 2996 finem
1168 2951 1351 2997 conse
1395 2943 1639 3020 uuntur.
1670 2881 2005 3018 secungum
2035 2937 2152 2997 hoc
2180 2937 2342 2997 enim
2363 2936 2567 3011 aliqua
2584 2935 2736 3017 regi,
2759 2938 2853 2995 vel

424 3009 747 3083 gubernari
775 3007 1075 3078 dicuntur,
1105 3008 1268 3080 quod
1296 3022 1369 3068 or
1409 3013 1653 3067 inantur
1674 3021 1739 3066 ιιι
1770 3007 1974 3066 finem.
2007 3009 2074 3066 ln
2102 3006 2280 3066 finem
2334 3012 2532 3067 autem
2576 3007 2853 3067 ultimum

423 3092 602 3153 quem
625 3081 781 3137 Deus
807 3078 1083 3148 intendit,
1108 3078 1342 3138 scilicet
1364 3076 1691 3137 bonitatem
1716 3077 2001 3146 divinam,
2016 3078 2373 3138 ordinantur
2393 3091 2492 3138 res
2511 3090 2635 3136 non
2655 3078 2853 3137 solum

422 3162 531 3222 per
558 3149 674 3207 boc
701 3149 861 3230 quod
892 3154 1234 3221 operantur,
1262 3149 1369 3208 sed
1397 3150 1575 3207 etiam
1605 3162 1710 3220 per
1736 3148 1852 3208 hoc
1878 3148 2039 3221 quod
2068 3155 2230 3219 sunt,
2256 3149 2400 3223 quia
2446 3149 2511 3207 in
2563 3153 2854 3222 quantum

418 3225 588 3289 sunt,
620 3219 832 3278 divinae
881 3219 1169 3279 bonitatis
1214 3219 1672 3279 similitudinem
1767 3222 1961 3289 erunt,
2007 3219 2169 3294 quod
2215 3226 2307 3280 est
2354 3218 2496 3278 finis
2541 3233 2764 3290 rerum,
2788 3226 2856 3278 ut

423 3303 610 3371 supra
630 3296 943 3373 ostensum
971 3294 1065 3349 est
1089 3290 1243 3363 (cap.
1273 3293 1344 3349 ¹9
1373 3295 1432 3372 et
1453 3289 1567 3363 2ο).
1598 3289 1682 3348 Ad
1711 3232 1976 3349 dgivinam
2003 3289 2191 3363 igitur
2226 3290 2665 3364 providentiam
2721 3303 2852 3363 per·

421 3366 573 3418 tinet
600 3361 759 3434 quod
789 3374 885 3418 res
914 3364 1347 3442 conserventur
1371 3374 1438 3419 in
1465 3374 1622 3419 esse.

491 3432 644 3496 Item,
674 3436 908 3512 oportet
932 3430 1093 3504 quod
1119 3430 1277 3513 idem
1310 3431 1404 3513 ⁴sit
1429 3444 1614 3491 causa
1665 3429 1775 3512 rei,
1806 3434 1867 3488 et
1920 3431 2401 3512 conservationis
2454 3431 2671 3505 ipsius.
2702 3434 2848 3492 Nam

418 3508 800 3561 conservatio
823 3514 909 3560 rei
940 3514 1063 3560 non
1087 3507 1181 3560 est
1204 3514 1325 3560 nisi
1354 3502 1727 3560 continuatio
1754 3513 1891 3561 esse
1917 3502 2135 3573 ipsius.
2168 3501 2494 3562 ostensum
2524 3509 2725 3563 autem
2762 3509 2853 3562 est

419 3584 606 3644 supra
631 3571 758 3644 (lib.
784 3584 852 3641 11,
882 3585 1011 3645 cap.
1038 3575 1109 3631 23
1138 3577 1199 3630 et
1224 3572 1339 3645 24),
1410 3571 1528 3632 uod
1579 3573 1738 3630 Deus
1766 3584 1875 3645 per
1917 3584 2096 3632 suum
2123 3572 2495 3633 intellectum
2536 3578 2595 3632 et
2636 3573 2846 3633 volun-

419 3647 603 3702 tatem
631 3648 724 3701 est
748 3655 934 3702 causa
958 3641 1201 3703 essendi
1230 3654 1394 3701 omni
1440 3655 1513 3702 us
1549 3641 1749 3701 rebus.
1783 3642 1972 3717 Igitur
1994 3656 2104 3717 per
2134 3655 2319 3704 suum
2370 3643 2743 3704 intellectum
2794 3649 2851 3703 et

423 3713 791 3773 voluntatem
819 3717 1136 3773 conservat
1161 3726 1259 3772 res
1282 3725 1495 3772 omnes
1522 3712 1589 3771 in
1618 3726 1780 3772 esse.

487 3785 640 3852 Ιιεηι,
671 3783 900 3842 ιιιιΙιιιιιι
941 3784 1296 3856 particulare
1326 3796 1515 3856 agens
1545 3784 1868 3843 univocum
1896 3789 2094 3856 potest
2117 3797 2255 3845 esse
2283 3784 2640 3858 simpliciter
2666 3798 2849 3845 causa

419 3855 682 3934 speciei3
727 3854 883 3921 sicut
927 3854 1027 3936 hic
1070 3853 1272 3935 bomo,
1297 3865 1421 3935 non
1463 3859 1832 3928 potestesse
1861 3869 2048 3914 causa
2091 3856 2314 3929 speciei
2359 3856 2659 3926 hunianae,
2690 3861 2849 3918 esset

420 3937 581 4004 enim
633 3938 817 3983 causa
865 3936 1066 3983 omnis
1111 3924 1398 3997 bominis,
1450 3931 1509 3983 et
1562 3938 1669 3997 per
1709 3938 2089 3998 consequens
2142 3926 2437 3999 suiipsius
2487 3941 2503 3983 τ
2549 3926 2715 4000 quod
2759 3931 2850 3986 est

415 3995 816 4075 impossibile.
850 3997 950 4053 Est
976 4000 1175 4056 autem
1199 4007 1387 4055 causa
1414 3995 1514 4055 liic
1544 3996 1726 4056 bomo
1755 3995 1937 4068 hujus
1982 3995 2248 4056 hominis
2273 4010 2383 4070 per
2426 4011 2495 4057 se
2523 3997 2843 4071 loquendo.

419 4063 525 4124 Hic
571 4071 768 4148 autem
808 4066 994 4147 bomo
1020 4072 1116 4148 est
1141 4079 1262 4148 ‚per
1291 4066 1410 4126 hoc
1436 4068 1599 4149 quod
1645 4073 1858 4127 natura
1885 4066 2149 4126 humana
2175 4071 2269 4127 est
2309 4068 2375 4127 in
2420 4068 2534 4128 hac
2574 4068 2840 4133 materia,

419 4146 552 4212 quie
576 4142 670 4218 est
687 4137 1191 4218 ,individuationis
1210 4137 1594 4211 principium.
1617 4138 1723 4197 Hic
1750 4136 1935 4210 igitur
1958 4136 2141 4196 homo
2177 4151 2302 4197 non
2328 4142 2423 4198 est
2449 4152 2638 4198 causa
2653 4138 2846 4198 homi·

415 4216 537 4274 ms,
582 4218 703 4265 nisi
732 4221 797 4265 ιιι
837 4214 1126 4281 quantum
1155 4213 1247 4267 est
1273 4222 1458 4269 causa
1484 4209 1645 4282 quod
1673 4209 1865 4268 forma
1892 4207 2156 4268 humana
2180 4206 2285 4268 fiat
2325 4210 2391 4268 in
2435 4209 2548 4269 hac
2575 4209 2843 4269 materia.

418 4272 540 4333 Hoc
567 4280 889 4359 autem-est
932 4291 1068 4339 esse
1095 4280 1456 4352 principium
1544 4277 1910 4339 enerationis
1952 4277 2133 4359 liujus
2167 4278 2454 4339 bominis
2500 4282 2669 4339 Patet
2702 4292 2846 4352 ergo

417 4342 582 4428 quod
595 4357 707 4404 nec
734 4346 833 4406 hic
850 4348 1057 4429 bomo,
1077 4364 1190 4410 nec
1217 4350 1458 4424 aliquod
1476 4351 1641 4430 aiud
1668 4361 1857 4432 agens
1878 4361 2198 4410 univocum
2224 4351 2288 4409 in
2306 4357 2520 4410 natura
2543 4355 2637 4411 est
2661 4363 2849 4430 causa

420 4427 541 4477 nisi
596 4421 1006 4501 generationis
1065 4419 1245 4495 liujus
1301 4422 1395 4482 vel
1447 4421 1613 4481 illius
1653 4435 1762 4483 rei.
1827 4420 2069 4496 Oportet
2122 4426 2321 4483 autem
2372 4422 2567 4495 ipsius
2618 4421 2845 4495 speciei
