3076 5025
377 195 382 201 ι
458 249 562 306 484
1323 241 1457 299 LIB.
1495 241 1598 307 111,
1637 239 1792 299 GAP.
1831 240 2032 298 CLXII.

1409 458 1667 524 CAPUT
1726 458 1928 524 CLXI.

463 629 617 684 QUOD
652 628 800 673 DBUS
838 625 1089 677 annuos
1121 624 1168 670 A
1196 621 1458 669 menno
1495 620 1749 668 utimr
1783 621 1858 667 ΕΤ
1891 620 2139 673 Anonos
2174 620 2240 666 m
2271 620 2532 667 nocuo
2560 619 2880 675 limem.

537 773 696 832 Licet
723 777 922 830 autem
950 770 1051 828 ille
1079 769 1181 842 qui
1225 773 1433 840 peccat
1475 768 1969 840 impedimentum
1997 767 2203 840 gratiae
2230 771 2491 837 praestet,
2511 770 2592 835 et,
2625 766 2693 823 in
2757 780 2882 825 nau·
2972 811 2973 816 η

463 849 589 903 tum
620 842 768 901 ordo
810 854 1009 899 rerum
1056 839 1260 913 exigit,
1336 839 1545 897 ratiam
1592 851 1716 896 non
1747 838 1989 897 deberet
2016 838 2535 908 recipere‚tamen,
2568 837 2717 917 quia
2821 850 2883 896 ns

462 919 677 988 praeter
702 911 972 970 ordinem
1016 910 1197 968 rebus
1223 910 1285 966 in
1331 910 1478 967 itum
1518 908 1750 979 operari
1800 913 2016 980 potest,
2045 908 2202 965 sicut
2236 921 2371 965 cum
2422 921 2653 964 caecum
2686 906 2884 968 illumi·

441 987 568 1043 ‘nat
597 982 686 1039 vel
709 987 1011 1041 mortuum
1040 980 1382 1050 resuscitat,
1413 980 1711 1037 interdum
1744 993 1816 1036 ex
1847 977 2216 1037 abundantia
2243 977 2529 1036 bonitatis
2561 991 2692 1035 suae
2726 978 2881 1036 etiam

465 1067 572 1113 eos
626 1053 727 1126 qui
774 1051 1262 1124 impedimentum
1296 1051 1502 1124 gratiae
1530 1054 1814 1121 praestant
1864 1048 2090 1107 auxilio
2123 1061 2236 1107 suo
2288 1048 2882 1128 praenimia-avertens

466 1137 572 1183 eos
602 1138 636 1180 a
668 1123 825 1180 malo
857 1128 914 1180 et
942 1127 1295 1179 convertens
1322 1121 1393 1178 ad
1416 1121 1674 1190 bonum;
1701 1125 1778 1184 et,
1804 1119 1962 1178 sicut
1989 1133 2110 1177 non
2132 1131 2346 1177 omnes
2370 1132 2568 1177 caecos
2598 1119 2883 1176 illuminat

463 1207 578 1253 nec
606 1206 817 1252 omnes
848 1191 1165 1266 languidos
1210 1195 1404 1258 sanat,
1437 1197 1503 1248 ut
1530 1198 1590 1248 et
1618 1192 1681 1248 in
1727 1191 1851 1249 illis
1879 1203 2034 1263 quos
2084 1194 2253 1247 curat
2300 1202 2455 1260 opus
2483 1189 2729 1270 virtutis
2772 1189 2881 1261 ejus

468 1270 748 1336 appareat
785 1263 935 1321 etin
981 1262 1121 1321 aliis
1163 1261 1311 1320 ordo
1372 1267 1599 1319 naturae
1647 1266 1933 1330 servetur,
1964 1260 2047 1318 ita
2076 1272 2199 1317 non
2247 1273 2459 1317 omnes
2487 1274 2591 1333 qui
2648 1260 2879 1333 gratiam

466 1335 801 1407 impediunt
825 1333 1049 1391 auxilio
1088 1344 1200 1391 suo
1230 1332 1514 1404 praevenit
1542 1336 1606 1388 ut
1650 1336 1993 1389 avertantur
2021 1345 2055 1388 a
2084 1331 2245 1387 malo
2276 1336 2333 1388 et
2372 1335 2801 1388 convertantur
2821 1329 2879 1388 ad

465 1406 716 1473 bonum,
740 1403 847 1462 sed
898 1403 1156 1475 aliquos,
1183 1402 1245 1460 in
1299 1402 1520 1474 quibus
1563 1402 1689 1459 vult
1739 1416 1910 1461 suam
1962 1400 2435 1459 misericordiam
2486 1414 2792 1471 apparere,
2814 1400 2880 1459 ita

468 1475 628 1548 quod
669 1476 728 1531 in
757 1473 894 1533 aliis
918 1473 1167 1545 justitiae
1201 1471 1350 1531 ordo
1381 1473 1816 1531 manifestetur.
1848 1472 1995 1529 Hinc
2043 1477 2133 1529 est
2173 1471 2337 1544 quod
2363 1472 2693 1542 Apostolus
2717 1470 2876 1529 dicit:

466 1549 611 1604 Deus
638 1547 818 1601 volens
855 1544 1127 1600 ostendere
1156 1546 1298 1599 iram
1317 1546 1368 1599 et
1391 1550 1576 1599 notam
1601 1545 1783 1611 facere
1806 1544 2105 1613 potentiam
2144 1557 2323 1606 suam,
2353 1543 2621 1599 sustinuit
2647 1544 2711 1597 in
2731 1542 2878 1598 mlta

460 1617 736 1689 patientia
756 1630 893 1671 vasa
915 1616 1014 1670 irae
1040 1618 1173 1684 apta
1198 1617 1259 1670 in
1285 1616 1588 1676 interitum,
1616 1617 1678 1669 ut
1706 1613 2005 1670 ostenderet
2031 1614 2258 1669 divitias
2304 1614 2492 1683 glorias
2535 1627 2648 1669 suae
2670 1615 2731 1668 in
2768 1625 2875 1668 vm

466 1686 871 1750 misericordiae,
904 1700 1023 1755 quae
1042 1687 1384 1756 praeparavit
1410 1687 1472 1739 in
1498 1685 1751 1753 gloriam.
1786 1683 1981 1756 (Rom,
2011 1696 2095 1754 ix,
2120 1687 2211 1751 22,
2237 1683 2354 1756 23.)

540 1758 686 1814 Cum
763 1761 960 1813 autem
1005 1757 1163 1814 Deus
1212 1754 1521 1812 hominum
1561 1754 1663 1826 qui
1709 1754 1772 1812 in
1824 1753 2047 1812 eisdem
2092 1753 2353 1826 peccatis
2401 1753 2743 1811 detinentur
2784 1752 2870 1811 hos

469 1826 708 1896 quidem
745 1825 1111 1905 praeveniens
1155 1829 1479 1893 convertat,
1504 1824 1646 1882 illos
1674 1831 1872 1883 autem
1905 1824 2198 1883 sustineat
2218 1824 2342 1882 sive
2361 1823 2662 1896 permittat
2688 1836 2872 1882 secun·

468 1893 611 1954 dum
641 1895 908 1952 ordinem
952 1909 1150 1952 rerum
1193 1895 1535 1966 procedere,
1564 1908 1687 1964 non
1717 1901 1809 1953 est
1835 1895 1985 1953 ratio
2012 1894 2367 1976 inquirenda
2395 1909 2581 1967 quare
2610 1895 2723 1952 bos
2752 1906 2872 1952 con·

466 1972 655 2023 vertat
678 1971 736 2022 et
760 1978 882 2023 non
910 1963 1050 2023 iilos
1072 1983 1088 2034 ;
1120 1966 1235 2023 hoc
1260 1965 1419 2022 enim
1445 1979 1517 2022 ex
1544 1965 1798 2036 simplici
1818 1965 1949 2037 ejus
1970 1965 2275 2023 voluntate
2305 1965 2619 2036 dependet,
2645 1965 2792 2024 sicut
2815 1977 2875 2022 ex

469 2035 722 2107 simplici
768 2035 899 2106 ejus
965 2036 1271 2116 voluntate
1296 2036 1614 2163 ¹processit
1654 2036 1838 2107 quod,
1869 2048 2007 2094 cum
2070 2035 2274 2094 omnia
2313 2034 2525 2093 fierent
2565 2049 2640 2094 ex
2685 2034 2874 2114 nihilq,

468 2106 739 2179 quaedam
776 2106 930 2163 sacta
954 2111 1096 2164 sunt
1127 2105 1258 2163 aliis
1336 2105 1591 2178 igniora,
1620 2110 1678 2162 et
1707 2106 1863 2164 sicut
1885 2120 1958 2164 ex
1988 2105 2242 2178 simplici
2284 2106 2589 2164 voluntate
2638 2104 2880 2177 procedit

467 2174 712 2235 artificis
756 2181 821 2232 ut
858 2190 930 2233 ex
955 2176 1162 2234 eadem
1204 2177 1452 2233 materia
1475 2175 1750 2234 similiter
1776 2176 2068 2258 disposita
2090 2176 2362 2250 quaedam
2392 2190 2535 2235 vasa
2584 2173 2876 2256 formatae!

467 2246 700 2306 nobiles
749 2260 900 2304 usus
937 2250 997 2303 et
1039 2245 1314 2319 quaedam
1357 2246 1429 2304 ad
1476 2246 1796 2320 ignobiles.
1831 2248 1977 2305 Hinc
2019 2251 2114 2306 est
2198 2246 2318 2305 uod
2351 2248 2677 2317 Apostolus
2715 2246 2874 2303 dicit:

465 2318 669 2373 Annon
697 2317 856 2372 habet
885 2320 1203 2387 potestatem
1251 2318 1451 2387 figulus
1483 2318 1587 2372 luti
1614 2332 1683 2373 ex
1735 2317 1919 2373 eadem
1945 2332 2130 2374 massa
2155 2262 2336 2385 jacere
2361 2317 2521 2373 aliud
2561 2316 2766 2388 quidem
2784 2328 2875 2370 aas

465 2388 529 2444 in
558 2387 827 2455 honorem,
858 2387 1014 2443 aliud
1038 2401 1163 2443 vero
1191 2389 1253 2442 in
1278 2389 1655 2443 contumeliam
1672 2389 1702 2443 ?
1729 2388 1927 2460 (Rom,
1959 2401 2041 2458 lx,
2070 2388 2187 2459 21.)

539 2459 650 2514 Per
679 2457 794 2516 boc
818 2464 1016 2515 autem
1043 2457 1378 2516 excluditur
1404 2472 1571 2516 error
1600 2458 1896 2531 OrigeniS,
1924 2459 2025 2533 qui
2056 2457 2290 2517 dicebat
2314 2457 2429 2518 hos
2450 2457 2523 2517 ad
2554 2459 2734 2517 Deum
2757 2466 2873 2515 con·

465 2530 612 2585 verti
647 2533 706 2585 et
733 2542 853 2586 non
885 2529 1059 2597 alioS,
1088 2533 1328 2603 propter
1355 2529 1556 2602 aliqua
1584 2543 1764 2601 opera
1793 2544 1924 2601 quae
1954 2529 2170 2588 animae
2206 2543 2413 2588 eorum
2446 2529 2707 2587 fecerant
2727 2532 2869 2587 ante-

468 2611 646 2726 quggn
686 2599 1053 2742 ῑοὲἶὶροῑίὺυε
1099 2600 1445 2669 unirentur;
1478 2614 1611 2672 quae
1666 2600 1907 2673 quidem
1956 2600 2178 2673 positio
2233 2599 2571 2672 improbata
2615 2605 2705 2659 est
2738 2598 2790 2672 (l.
2812 2608 2867 2666 11,

1434 2799 1689 2865 CAPUT
1719 2801 1947 2865 CLXII.

1039 2960 1193 3016 QUOD
1230 2962 1378 3008 DBUS
1413 2962 1625 3009 Nmssm
1657 2964 1765 3010 EST
1797 2964 1985 3011 CAUSA
2020 2964 2326 3013 Pssccfflm.

537 3106 820 3186 Quamvis
852 3110 1050 3164 autem
1081 3107 1371 3180 quosdam
1401 3114 1746 3179 peccatores
1777 3112 1934 3168 Deus
1964 3110 2038 3168 ad
2065 3125 2131 3170 se
2176 3124 2298 3170 non
2345 3114 2673 3182 convertat,
2701 3108 2793 3168 sed
2814 3109 2857 3164 iii

464 3184 725 3305 pecgatis
754 3176 1086 3304 “gun-‘gum
1116 3191 1323 3236 eorum
1365 3179 1577 3237 merita
1622 3193 1729 3237 eos
1774 3181 2093 3254 relinquat,
2122 3195 2246 3239 non
2287 3186 2488 3240 tamen
2526 3196 2634 3240 eos
2662 3181 2733 3239 ad
2756 3193 2855 3251 pec·

465 3261 574 3305 can
626 3262 719 3303 um
750 3261 811 3304 in
857 3262 949 3304 uci
982 3289 997 3303 .

536 3319 821 3398 {lomines
849 3317 1008 3375 enim
1034 3322 1284 3398 peccant
1305 3333 1411 3389 per
1437 3320 1553 3376 hoc
1582 3320 1741 3392 quod
1786 3321 2025 3380 deviant
2066 3321 2141 3379 ab
2181 3322 2338 3393 ipso,
2372 3321 2476 3394 qui
2519 3327 2613 3380 est
2655 3321 2857 3379 ultimus

462 3385 626 3459 sinis,
659 3395 724 3445 ut
764 3403 837 3444 ex
881 3388 1290 3459 superioribus
1320 3389 1394 3460 (c.
1428 3394 1529 3446 143
1573 3398 1629 3447 et
1661 3391 1782 3463 ¹47)
1840 3396 2018 3463 patet.
2060 3394 2202 3451 Cum
2240 3398 2439 3450 autem
2485 3406 2664 3450 omne
2710 3401 2857 3464 agens

464 3466 602 3531 agat
628 3459 699 3514 ad
729 3458 1033 3538 proprium
1056 3459 1232 3515 tinem
1278 3465 1337 3515 et
1381 3459 1496 3517 sibi
1540 3463 2016 3531 convenientem,
2042 3461 2419 3534 impossibile
2448 3463 2739 3534 estquod,
2766 3463 2857 3517 Deo

462 3534 697 3600 agente,
726 3528 907 3600 aliqui
931 3533 1269 3587 avertantur
1295 3527 1369 3587 ab
1400 3530 1611 3587 ultimo
1641 3530 1780 3602 fine,
1812 3532 1911 3605 qui
1942 3535 2099 3590 Deus
2143 3539 2253 3591 est.
2301 3533 2679 3605 Impossibile
2713 3532 2859 3604 igitur

463 3603 556 3657 est
584 3598 742 3670 quod
775 3600 930 3656 Deus
958 3599 1192 3671 aliquos
1222 3613 1466 3671 peccare
1499 3601 1696 3659 faciat.

531 3670 682 3732 Item,
713 3668 935 3726 bonum
960 3683 1145 3727 causa
1192 3670 1336 3728 mali
1382 3684 1518 3728 esse
1568 3685 1689 3729 non
1732 3677 1947 3744 potest.
1977 3673 2088 3732 Sed
2134 3679 2440 3746 peccatum
2498 3679 2592 3732 est
2634 3670 2859 3732 hominis

460 3739 684 3797 malum
710 3758 725 3809 3
756 3741 1151 3798 contrariatur
1179 3741 1338 3798 enim
1370 3742 1611 3812 proprio
1639 3743 1903 3802 liominis
1933 3744 2112 3812 bono,
2143 3746 2304 3817 quod
2333 3752 2427 3803 est
2454 3746 2654 3802 vivere
2679 3754 2859 3802 secun·

462 3808 602 3868 dum
635 3811 945 3867 rationem.
971 3811 1344 3891 impossibile
1374 3818 1462 3869 est
1493 3814 1674 3883 igitur
1694 3814 1850 3886 quod
1883 3817 2040 3873 Deus
2066 3815 2145 3873 sit
2170 3815 2349 3873 alicui
2376 3830 2561 3874 causa
2585 3810 2858 3897 peccandi.

521 3882 808 3943 Praeterea.
825 3894 1024 3939 omnis
1045 3882 1339 3953 sapientia
1358 3887 1416 3939 et
1438 3882 1678 3942 bonitas
1700 3884 1965 3943 hominis
1980 3884 2328 3943 derivatura
2343 3887 2637 3957 sapientia
2653 3891 2707 3942 et
2723 3884 2861 3942 bom-

462 3952 580 4007 tate
605 3952 824 4018 divina,
855 3952 1012 4009 sicut
1040 3952 1309 4025 quaedam
1339 3953 1672 4011 similitudo
1699 3955 1911 4025 ipsius.
1945 3957 2255 4029 Repugnat
2277 3964 2473 4013 aulem
2507 3953 2795 4037 sapientiai
2812 3954 2861 4008 et

458 4017 712 4078 bonitati
743 4023 1016 4080 humanae
1043 4024 1205 4096 quod
1234 4023 1491 4096 aliquem
1521 4039 1766 4094 peccare
1798 4026 2199 4099 faciat.1gitur
2226 4027 2413 4084 multo
2442 4039 2633 4097 magis
2654 4024 2854 4083 divine,

528 4090 745 4157 Adhuc,
780 4099 1083 4173 peccatum
1116 4107 1299 4174 omne
1324 4109 1395 4151 ex
1424 4095 1538 4175 aliq
1553 4109 1626 4151 uo
1654 4096 1886 4154 defectu
1917 4097 2186 4167 provenit
2214 4098 2466 4168 proximi
2501 4098 2741 4173 agentis,
2754 4102 2854 4169 non
3008 4124 3009 4173 l

460 4164 656 4241 autem
687 4176 758 4220 ex
787 4163 1099 4221 influentia
1127 4165 1300 4236 primi
1331 4170 1604 4237 agentis;
1635 4166 1790 4224 sicut
1817 4172 2123 4237 peccalum
2143 4167 2600 4226 claudicationis
2620 4163 2853 4237 provenit

461 4241 536 4309 eir
581 4229 974 4313 dispositione
1026 4234 1207 4305 tibiae,
1240 4247 1359 4292 non
1396 4240 1590 4292 autem
1645 4251 1717 4292 ex
1759 4236 1973 4294 virtute
2015 4238 2257 4307 motiva,
2290 4253 2427 4295 cum
2477 4244 2669 4295 tamen
2698 4247 2761 4292 ex
2794 4242 2853 4287 ea

461 4303 542 4356 sit
568 4302 854 4372 quidquid
900 4304 972 4361 de
1014 4304 1376 4375 perfectione
1422 4311 1621 4363 motus
1666 4308 1726 4362 in
1771 4305 2207 4365 claudicatione
2252 4314 2514 4378 apparet.
2551 4306 2848 4365 Proximum

459 4373 660 4426 autem
689 4383 874 4442 agens
902 4374 1129 4444 peccati
1159 4374 1408 4434 humani
1433 4382 1526 4434 est
1554 4377 1852 4435 voluntas,
1882 4379 1985 4436 Est
2027 4377 2212 4453 igitur
2237 4378 2507 4437 defectus
2545 4374 2753 4450 peccati
2790 4382 2850 4426 ex
