3076 5025
1091 197 1222 252 ΜΒ.
1268 196 1365 263 111,
1406 196 1559 252 CAP.
1598 197 1782 252 xxm.
2548 200 2652 254 285

207 333 358 391 ergo
402 324 604 376 motus
651 319 916 377 coelestis
963 319 1258 388 corpori8‚
1291 323 1580 390 quantum
1618 316 1691 374 ad
1719 316 1976 374 activum
2019 316 2378 388 principium
2411 331 2530 375 non
2562 325 2656 377 cst

205 388 529 457 naturaliS,
552 388 660 446 sed
686 389 881 461 magis
908 388 1285 447 volontarius
1314 394 1372 445 et
1400 387 1828 445 intellectualis
1853 405 1868 456 3
1899 391 2188 460 quantum
2217 401 2358 445 vero
2388 388 2464 445 ad
2492 390 2654 459 prin-

206 459 437 531 cipium
461 458 772 529 passivum
794 464 887 517 est
907 459 1222 528 naturaliS,
1249 471 1389 517 nam
1421 471 1642 529 corpus
1671 458 1916 516 coeleste
1945 456 2124 515 habet
2151 458 2484 516 naturalem
2505 462 2653 530 apti-

204 530 482 588 tudinem
508 528 584 587 ad
608 529 788 587 talem
817 536 1070 588 motum.
1098 531 1221 587 Hoc
1251 532 1450 587 autem
1482 528 1801 586 manifeste
1828 533 2092 600 apparet,
2123 527 2178 586 si
2210 527 2496 588 habitudo
2516 544 2657 588 con·

202 600 507 659 sideretur
534 599 800 659 coelestis
839 600 1110 672 corporis
1154 600 1229 657 ad
1257 612 1435 658 suum
1459 600 1574 655 ubi.
1601 598 1826 656 Patitur
1854 598 2013 656 enim
2048 602 2109 655 et
2135 604 2407 656 movetur
2436 613 2652 658 unum-

202 671 493 745 quodque
540 670 874 729 secundum
921 669 1083 744 quod
1112 675 1205 729 est
1233 670 1299 728 in
1326 670 1632 742 potentia;
1665 669 1791 741 agit
1818 674 1876 726 et
1902 674 2101 728 movet
2126 670 2457 740 secundum
2532 671 2653 729 uod

201 747 299 800 est
329 747 489 800 actu.
520 743 748 812 Corpus
779 745 976 798 autem
1007 741 1273 810 coeleste,
1303 740 1636 800 secundum
1669 754 1842 798 suam
1871 739 2275 797 substantiam
2307 742 2479 799 consi
2524 756 2652 799 era-

201 817 336 871 tum
383 811 690 870 invenitur
736 816 798 869 ut
826 811 908 876 ,in
959 811 1227 884 potentia
1272 809 1684 869 indifferenter
1734 823 1799 869 se
1844 810 2073 868 habens
2103 810 2175 868 ad
2206 810 2512 883 quodlibet
2534 813 2651 880 ubi,

202 883 370 942 sicut
417 882 670 941 materia
712 881 909 954 prima
953 882 1028 940 ad
1069 880 1399 964 quamlibet
1445 881 1720 951 formam,
1754 879 1912 939 sicut
1939 879 2285 951 praedictum
2330 889 2440 939 est.
2470 881 2655 952 Aliter

200 958 413 1014 autem
442 957 535 1010 est
559 952 631 1010 de
663 967 768 1011 cor
809 967 913 1011 ore
942 966 1107 1026 gravi
1138 958 1196 1010 et
1223 951 1361 1022 levi,
1391 952 1554 1025 quod
1580 953 1640 1009 in
1673 965 1786 1012 sua
1812 956 2028 1009 natura
2042 951 2510 1022 consideratum,
2529 967 2650 1010 non

200 1029 304 1082 est
329 1021 689 1082 indifferens
717 1039 753 1081 a
822 1037 1063 1082 omnem
1093 1023 1316 1086 locum,
1345 1021 1451 1081 sed
1480 1037 1553 1080 ex
1577 1024 1807 1081 ratione
1838 1036 1964 1081 suae
1992 1023 2199 1081 formae
2228 1021 2655 1081 determinatur

198 1094 327 1155 sibi
379 1094 575 1152 locus.
625 1096 851 1153 Natura
885 1093 1070 1168 igitur
1093 1093 1365 1166 corporis
1396 1093 1597 1167 gravis
1624 1098 1683 1152 et
1709 1093 1859 1152 levis
1888 1097 1980 1151 est
2006 1092 2364 1164 principium
2395 1093 2653 1152 activum

198 1170 417 1224 motus
474 1164 640 1237 ejus;
685 1171 901 1223 natura
942 1178 1085 1224 vero
1130 1164 1403 1247 corporis
1451 1164 1716 1223 coelestis
1765 1169 1857 1222 est
1884 1168 2086 1222 motus
2120 1163 2316 1235 ipsius
2344 1163 2652 1234 passivum

198 1235 598 1311 principium.
633 1234 794 1293 Unde
818 1249 941 1294 non
971 1235 1147 1294 debet
1173 1235 1357 1295 alicui
1385 1234 1573 1293 videri
1603 1233 1762 1308 quod
1791 1234 2090 1292 violenter
2115 1239 2448 1305 moveatur,
2497 1235 2655 1293 sicut

195 1319 467 1379 corpora
484 1305 690 1379 gravia
718 1313 778 1364 et
810 1306 984 1369 levia,
1008 1319 1141 1390 quae
1157 1321 1191 1365 a
1214 1305 1392 1365 nobis
1410 1311 1726 1387 moventur
1789 1319 1853 1362 er
1873 1304 2264 1363 intellectum.
2293 1305 2654 1376 Corporibus

198 1378 371 1436 enim
389 1376 674 1450 gravibus
695 1376 1006 1436 etlevibus
1034 1382 1196 1436 inest
1223 1376 1516 1436 naturalis
1542 1381 1728 1448 aputu
1773 1390 1810 1433 o
1834 1375 1913 1433 ad
1941 1376 2307 1434 contrarium
2340 1381 2566 1434 motum
2597 1375 2653 1434 ei

197 1462 330 1522 quo
359 1452 677 1506 moventur
700 1462 739 1507 a
763 1447 970 1518 nobis3
989 1447 1197 1506 etidco
1213 1447 1443 1506 anobis
1459 1456 1774 1506 moventur
1788 1461 1893 1518 per
1911 1446 2277 1510 violentiam,
2293 1445 2429 1504 licet
2453 1453 2653 1505 motus

198 1517 484 1591 corporis
503 1517 785 1577 animalis
813 1532 934 1601 quo
955 1524 1269 1576 moventur
1295 1518 1370 1577 ab
1398 1518 1603 1576 anima
1628 1531 1750 1575 non
1773 1518 1854 1575 sit
1871 1517 1927 1575 ei
1946 1516 2266 1588 violentuS,
2282 1517 2344 1575 in
2364 1524 2652 1590 quantum

198 1595 297 1648 est
310 1587 798 1657 animatum,etsi
810 1589 961 1649 sitei
973 1587 1297 1659 violentus,
1328 1589 1390 1647 iu
1452 1594 1697 1646 uantum
1730 1593 1822 1645 est
1849 1601 2027 1660 grave
2043 1587 2363 1660 quoddam.
2396 1589 2476 1645 Co
2550 1602 2656 1647 ora

199 1665 411 1719 autem
456 1659 731 1718 coelestia
777 1672 903 1718 non
948 1659 1172 1719 babent
1219 1659 1404 1742 aptitu
1451 1659 1612 1717 inem
1654 1658 1729 1716 ad
1759 1664 1986 1717 motum
2015 1657 2402 1728 contrarium,
2435 1671 2500 1717 se
2578 1658 2655 1716 ad

200 1731 384 1789 illum
406 1743 528 1803 quo
559 1736 877 1789 moventur
904 1744 942 1789 a
969 1729 1307 1789 substantia
1327 1728 1733 1802 intelligente;
1764 1729 1923 1787 unde
1946 1728 2126 1787 simul
2147 1733 2238 1787 est
2256 1729 2651 1800 volontariuS,

203 1805 508 1882 quantum
558 1801 635 1860 ad
678 1799 1041 1874 principium
1088 1800 1369 1872 activum,
1413 1806 1474 1859 et
1507 1799 1825 1871 naturalis,
1851 1803 2142 1873 quantum
2187 1799 2261 1857 ad
2292 1799 2654 1872 principium

245 1884 547 1931 assurum.

200 1886 242 1946 P
281 1942 461 2012 Quod
496 1946 695 2001 autem
720 1946 925 2001 motus
950 1940 1085 2000 coeli
1121 1945 1217 2000 est
1239 1939 1640 2012 volontarius,
1658 1939 1989 2000 secundum
2009 1940 2266 1999 activum
2294 1940 2653 2013 principium

203 2026 342 2072 non
371 2026 519 2085 repu
563 2019 667 2071 nat
695 2012 911 2072 unitati
939 2017 1000 2070 et
1026 2011 1434 2071 conformitati
1464 2011 1729 2071 coelestis
1760 2018 1999 2081 motus3
2032 2026 2106 2069 ex
2131 2012 2248 2070 boc
2268 2011 2427 2084 quod
2450 2012 2657 2088 volun·

197 2089 306 2143 tas
326 2082 402 2141 ad
422 2096 524 2141 mu
551 2088 694 2142 tase
714 2082 893 2141 habet
931 2088 989 2141 et
1017 2095 1143 2142 non
1169 2088 1264 2141 est
1288 2082 1684 2143 determinata
1711 2082 1787 2141 ad
1815 2096 2001 2140 unum
2029 2100 2043 2151 ;
2074 2083 2235 2155 quia,
2267 2082 2424 2140 sicut
2444 2089 2656 2141 natura

202 2154 647 2213 determinatur
685 2153 760 2212 ad
809 2166 996 2212 unum
1035 2167 1143 2225 per
1172 2167 1346 2213 suam
1373 2153 1674 2220 virtutem,
1705 2153 1790 2210 ita
1815 2153 2096 2211 voluntas
2124 2151 2552 2211 determinatur
2579 2154 2653 2211 ad

198 2238 400 2356 gnum
415 2238 523 2297 per
542 2237 715 2282 suam
746 2224 1129 2296 sapientiam,
1158 2238 1281 2298 qua
1312 2224 1595 2282 voluntas
1615 2223 1895 2296 dirigitur
1939 2222 2334 2282 infallibiliter
2360 2224 2436 2282 ad
2466 2238 2651 2281 unum

280 2369 451 2424 Patet
496 2364 674 2424 etiam
721 2379 796 2424 ex
843 2364 1179 2438 praemissis
1229 2363 1411 2439 quod,
1432 2364 1498 2423 in
1515 2363 1680 2422 'motu
1705 2364 1863 2433 coeli,
1886 2378 2009 2422 non
2034 2368 2129 2421 est
2148 2368 2359 2423 contra
2378 2370 2652 2424 naturam

201 2450 411 2509 neque
441 2448 728 2496 accessus
756 2435 831 2493 ad
857 2435 1100 2509 aliquod
1129 2436 1226 2492 ubi
1248 2449 1444 2508 neque
1477 2448 1758 2493 recessus
1788 2433 1862 2492 ab
1892 2447 1985 2492 eo.
2016 2434 2139 2492 Hoc
2169 2435 2328 2491 enim
2352 2434 2565 2492 accidit
2589 2437 2652 2492 in

201 2515 383 2568 motu
409 2506 683 2581 gravium
713 2511 769 2566 et
797 2506 1018 2565 levium
1045 2511 1287 2578 propter
1315 2505 1434 2564 duo
1466 2523 1480 2564 ε
1512 2506 1707 2588 primo
1774 2503 1973 2564 uidem
2036 2505 2135 2563 uia
2156 2504 2409 2563 intentio
2427 2509 2652 2565 naturae

205 2584 307 2638 est
338 2577 748 2647 determinata,
772 2577 920 2636 etin
948 2576 1232 2660 gravibus
1252 2576 1392 2634 etin
1419 2576 1673 2646 levibuS‚
1706 2591 1740 2632 a
1801 2589 1987 2634 unum
2041 2589 2256 2643 ocum;
2287 2575 2464 2646 unde,
2495 2576 2655 2635 sicut

204 2649 566 2708 naturaliter
601 2648 791 2706 tendit
838 2649 899 2705 in
947 2662 1169 2720 ipsum,
1200 2648 1286 2705 ita
1311 2652 1521 2705 contra
1549 2653 1823 2704 naturam
1854 2644 2078 2703 recedit
2106 2645 2180 2704 ab
2207 2659 2279 2704 eo
2307 2664 2322 2716 ;
2354 2647 2643 2712 secundo,

205 2719 358 2794 quia
402 2718 522 2778 duo
569 2723 771 2778 motus
808 2732 1065 2791 quorum
1109 2732 1233 2776 uno
1271 2716 1500 2776 accedit
1548 2717 1620 2775 ad
1672 2716 1934 2775 medium
1960 2721 2017 2774 et
2046 2717 2233 2777 altero
2263 2717 2485 2775 recedit
2511 2723 2655 2776 sunt

205 2788 522 2849 contrarii.
548 2789 610 2847 Si
652 2793 850 2847 autem
900 2787 1229 2861 accipiatur
1267 2788 1332 2846 in
1377 2793 1546 2846 motu
1591 2788 1861 2859 gravium
1910 2792 1970 2844 et
2002 2786 2224 2844 levium
2250 2799 2372 2845 non
2403 2786 2651 2846 ultimus

207 2860 388 2920 locus
417 2858 523 2919 sed
553 2859 811 2930 medius,
848 2859 1008 2919 sicut
1034 2860 1107 2918 ad
1132 2860 1331 2932 ipsum
1362 2857 1667 2917 acceditur
1690 2858 2060 2927 naturaliter,
2091 2857 2176 2915 ita
2204 2857 2278 2916 ab
2309 2857 2442 2931 ipso
2479 2863 2652 2916 natu-

211 2930 421 2989 raliter
441 2929 759 3000 receditur,
787 2930 929 3004 quia
955 2935 1145 2990 totum
1177 2935 1295 2990 stat
1323 2928 1436 3011 sub
1469 2943 1590 2988 una
1611 2929 1942 2988 intentione
1963 2934 2212 2999 naturae,
2244 2934 2301 2987 et
2346 2941 2471 2987 non
2512 2933 2657 2989 sunt

210 3004 418 3059 motus
440 3000 722 3059 contrarii
753 3042 773 3065 ,
807 3000 911 3059 sed
943 3015 1104 3060 unus
1132 3005 1190 3059 et
1217 3005 1568 3060 continuus.
1592 3003 1687 3061 ,lta
1713 3005 1909 3059 autem
1943 2999 2115 3058 estin
2132 3004 2300 3058 motu
2317 3000 2653 3059 coelestium

211 3084 557 3142 corporum,
583 3071 727 3145 quia
756 3077 983 3130 naturae
1013 3070 1266 3130 intentio
1296 3076 1530 3129 nonest
1556 3070 1801 3143 aliquod
1828 3071 1925 3127 ubi
1952 3070 2431 3134 determinatum,
2449 3070 2653 3143 utjam

209 3140 444 3200 dictum
473 3147 596 3211 est3
623 3146 824 3201 motus
846 3141 1027 3201 etiam
1049 3156 1170 3216 quo
1199 3141 1424 3201 recedit
1449 3154 1672 3213 corpus
1689 3141 2060 3200 circulariter
2086 3147 2315 3199 motum
2345 3141 2419 3199 ab
2449 3141 2653 3215 aliquo

207 3212 396 3293 signo
423 3224 543 3269 non
574 3219 666 3271 est
711 3213 1049 3271 contrarius
1076 3211 1267 3271 motui
1296 3225 1416 3287 quo
1443 3210 1590 3270 illuc
1615 3211 1863 3293 accedit²
1914 3211 2019 3270 sed
2050 3216 2144 3270 est
2173 3224 2330 3269 unus
2370 3217 2570 3271 motus
2595 3216 2656 3269 et

210 3288 544 3342 continuus
570 3299 585 3350 ;
622 3282 780 3341 unde
804 3282 1073 3357 quolibet
1098 3283 1214 3347 ubi,
1241 3283 1305 3342 in
1328 3287 1496 3341 motu
1520 3281 1680 3355 coeli,
1706 3288 1799 3341 est
1813 3287 1972 3340 sicut
1992 3281 2254 3340 medium
2277 3287 2336 3340 et
2355 3295 2477 3341 non
2497 3282 2655 3340 sicut

206 3359 545 3411 extremum
570 3353 636 3413 in
663 3358 832 3412 motu
855 3359 1038 3413 recto.

284 3426 419 3482 Non
448 3422 647 3481 differt
674 3429 896 3495 autem,
920 3428 1209 3497 quantum
1238 3423 1316 3482 ad
1346 3430 1700 3496 praesentem
1732 3422 2148 3487 intentionem,
2192 3428 2392 3481 utrum
2432 3437 2653 3494 corpus

208 3494 463 3553 coeleste
493 3499 804 3553 moveatur
829 3509 867 3553 a
893 3493 1234 3554 substantia
1259 3493 1650 3553 intellectuali
1681 3492 2002 3552 con‘uncta
2025 3508 2158 3566 quae
2187 3493 2268 3552 sit
2292 3493 2493 3552 anima
2521 3493 2653 3565 ejus

204 3564 310 3622 vel
354 3579 393 3623 a
435 3564 780 3627 substantia
820 3570 1114 3638 separata,
1154 3570 1214 3624 et
1240 3571 1437 3624 utrum
1468 3578 1780 3637 unumquo
1825 3579 1939 3636 que
1964 3578 2280 3636 corporum
2317 3563 2652 3622 coelestium

207 3639 526 3694 moveatur
575 3647 613 3692 a
657 3634 802 3707 Deo,
843 3636 938 3694 vel
966 3635 1198 3694 nullum
1228 3635 1592 3704 immediate,
1614 3635 1717 3693 sed
1746 3634 2150 3694 mediantibus
2179 3633 2534 3693 substantiis
2560 3634 2653 3691 in·

207 3704 659 3765 tellectualibus
707 3705 949 3777 creatiS‚
990 3710 1094 3765 aut
1127 3704 1386 3778 primum
1433 3710 1666 3764 tantum
1709 3705 2050 3763 immediate
2094 3718 2129 3761 a
2161 3706 2304 3772 De0,
2349 3705 2467 3763 alia
2510 3718 2652 3764 vero

205 3776 618 3835 mediantibus
639 3776 996 3835 substantiis
1022 3776 1240 3835 creatis
1263 3793 1278 3846 ;
1306 3774 1633 3835 dummodo
1660 3774 1949 3833 habeatur
1977 3774 2136 3849 quod
2160 3780 2361 3833 motus
2388 3774 2652 3833 coelestis

209 3853 384 3974 esta3
406 3845 1179 3990 substantiaintellectuali.
1204 3844 1250 3920 (l
1271 3853 1449 3920 part„
1489 3862 1552 3921 q.
1578 3858 1719 3917 m,
1759 3852 1870 3906 art.
1915 3850 1988 3910 33
2034 3846 2084 3902 11
2136 3847 2311 3917 seut„
2359 3845 2479 3906 dist
2523 3859 2651 3916 m,
