3076 5025
463 267 572 323 296
1021 316 1027 326 ,
1338 260 1472 318 LIB.
1512 261 1611 329 111,
1650 258 1805 318 CAP.
1842 257 2018 318 xxxi.

382 377 414 396 ·’
466 399 601 460 quae
640 385 705 442 in
743 384 947 459 aliquo
992 388 1458 458 cognoscuntur.
1492 382 1602 440 llla
1649 382 1835 454 igitur
1882 386 2028 441 sunt
2069 378 2341 440 meliora.
2377 381 2512 439 Non
2562 383 2660 439 εει
2709 378 2901 462 igitur

379 491 384 500 -
511 456 682 524 loria,
711 455 937 528 quaein
955 454 1071 514 hoc
1098 454 1378 514 consistit
1404 453 1567 527 quod
1593 452 1814 526 aliquis
1839 456 2266 526 cognoscatur,
2296 462 2603 511 summum
2624 450 2896 513 hominis

510 540 717 585 onum.

537 598 825 660 Praeterea,
852 608 1155 655 summum
1186 595 1413 655 honum
1445 599 1679 666 oportet
1706 607 1844 652 esse
1874 593 2223 667 perfectum,
2252 604 2439 666 quum
2470 592 2697 666 quietet
2726 604 2905 665 appe·
2984 648 2989 651 ,

376 679 382 688 ’
468 667 664 725 titum.
697 666 971 739 cognitio
1000 671 1197 724 autem
1228 665 1420 746 famae,
1450 664 1514 721 in
1537 678 1658 746 qua
1682 664 1878 793 gloria
1905 665 2170 745 humana
2209 661 2511 727 consistit,
2538 667 2633 721 est
2677 663 2904 735 imper·

468 737 660 807 fecta;
691 742 785 795 est
824 737 984 795 enim
1029 737 1352 809 plurimum
1400 742 1676 793 incertitu
1724 748 1842 793 inis
1881 740 1941 793 et
1984 745 2209 793 erroris
2253 732 2507 794 habenS.
2537 736 2668 793 Non
2697 737 2904 806 potest

465 806 653 882 igitur
679 806 819 866 talis
847 806 1043 880 gloria
1066 819 1203 866 esse
1230 819 1534 865 summum
1564 806 1813 865 honum.
2572 874 2584 886 ,
2618 874 2629 886 ⁸
2707 873 2719 886 .

535 879 688 940 Item,
715 877 773 934 id
803 877 961 949 quod
994 882 1087 936 est
1114 890 1417 936 summum
1443 876 1710 935 hominis
1735 875 1961 936 bouum
1991 878 2227 949 oportet
2247 887 2385 935 esse
2432 874 2897 956 stabilissimum

464 947 530 1006 in
562 947 741 1006 rebus
769 947 1082 1017 humanis;
1113 947 1462 1007 naturaliter
1482 947 1643 1005 enim
1666 946 2038 1006 desideratur
2058 946 2340 1005 diuturna
2357 945 2502 1004 boni
2529 950 2896 1005 constantia.

467 1017 667 1076 Gloria
689 1022 888 1076 autem
911 1031 1044 1090 quae
1071 1018 1136 1076 in
1164 1018 1323 1077 fama
1341 1018 1623 1077 consistit
1644 1022 1738 1076 εει
1758 1017 2220 1078 instabilissima
2239 1034 2262 1098 ;·
2282 1016 2435 1076 nihil
2462 1017 2625 1076 enim
2652 1021 2747 1076 est
2770 1028 2907 1075 mu-

465 1087 712 1219 {labiliuss
741 1088 1026 1218 ogiinione
1053 1095 1113 1150 et
1139 1088 1317 1149 laude
1343 1088 1628 1148 humana.
1656 1090 1786 1149 Non
1814 1095 1909 1149 est
1932 1088 2120 1163 igitur
2159 1087 2301 1148 talis
2348 1084 2545 1160 gloria
2591 1098 2904 1147 summum

1435 1376 1692 1445 CAPUT
1740 1378 1927 1444 XXX.

811 1557 964 1615 QUOD
1017 1556 1318 1607 menas
1365 1556 1613 1609 nomms
1668 1557 1787 1607 NON
1831 1556 2133 1606 conslsm
2187 1557 2252 1605 m
2301 1558 2564 1607 nrvrrns·

543 1724 626 1780 Ex
666 1721 782 1780 hoc
818 1725 1018 1781 autem
1064 1725 1309 1795 apparet
1347 1720 1509 1795 quod
1557 1735 1668 1781 nec
1707 1720 1926 1781 divitiae
1974 1726 2119 1781 sunt
2145 1733 2449 1783 summum
2493 1720 2761 1782 hominis
2789 1720 2912 1784 ho·

541 1866 673 1921 Non
702 1862 862 1922 enim
892 1865 1249 1934 appetuntur
1268 1862 1489 1922 divitiae
1517 1861 1638 1921 nisi
1657 1866 1897 1934 propter
1918 1861 2110 1944 aliud3
2137 1875 2245 1934 per
2282 1876 2352 1943 se
2388 1862 2549 1923 enim
2579 1862 2731 1922 nihil
2752 1862 2907 1926 boni

469 1933 754 2003 inserunt,
781 1933 885 1992 sed
916 1934 1115 1992 solum
1143 1934 1367 1993 utimur
1392 1934 1482 1993 eis
1512 1933 1604 1992 vel
1638 1933 1713 1991 ad
1739 1945 2010 2004 corporis
2037 1937 2536 1992 sustentationem
2562 1933 2657 1991 vel
2680 1933 2757 1993 ad
2785 1935 2905 1995 ali-

469 2004 612 2076 quid
641 2004 1008 2076 hujusmodi.
1039 2003 1209 2072 Quod
1237 2009 1435 2064 autem
1457 2010 1551 2061 est
1578 2016 1881 2061 summum
1911 2008 2003 2062 est
2028 2010 2268 2075 propter
2293 2017 2360 2062 se
2390 2002 2817 2077 desideratum,
2837 2009 2905 2066 et

469 2086 594 2132 non
628 2079 866 2146 propter
889 2074 1071 2133 aliud.
1103 2076 1231 2132 Non
1262 2079 1404 2134 sunt
1425 2074 1615 2147 igitur
1639 2074 1860 2132 divitiae
1888 2087 2191 2133 summum
2220 2073 2486 2132 hominis
2513 2073 2765 2135 bonum.

538 2146 759 2209 Adhuc,
790 2158 996 2203 eorum
1025 2145 1339 2216 possessio
1361 2145 1453 2203 vel
1492 2145 1869 2204 conservatio
1894 2157 2017 2203 non
2061 2148 2425 2216 potestesse
2454 2157 2757 2205 summum
2790 2146 2904 2206 ho·

467 2215 653 2274 minis
680 2215 905 2274 bonum
938 2229 1072 2296 quae
1111 2215 1368 2274 maxime
1412 2216 1731 2273 conserunt
1767 2215 1998 2273 homini
2044 2216 2109 2273 in
2157 2214 2274 2274 hoc
2317 2214 2480 2287 quod
2521 2215 2899 2279 emittuntur.

470 2285 702 2344 Divitiae
729 2291 926 2345 autem
957 2300 1021 2342 in
1058 2285 1174 2344 hoc
1213 2286 1471 2344 maxime
1519 2284 1838 2343 conserunt
1880 2284 2044 2358 quod
2090 2284 2540 2357 expenduntur;
2571 2286 2689 2346 hoc
2735 2287 2901 2348 enim

468 2369 853 2486 earumbusus
879 2360 993 2415 est.
1020 2357 1149 2416 Non
1165 2361 1363 2428 potest
1389 2356 1575 2430 igitur
1600 2356 1940 2416 divitiarum
1971 2356 2282 2430 possessio
2307 2369 2442 2416 esse
2465 2369 2770 2417 summum
2794 2358 2901 2419 ho·

453 2439 654 2486 :minis
723 2441 928 2487 onum.

541 2498 812 2580 Amplius,
856 2503 1028 2558 actus
1068 2497 1306 2559 virtutis
1351 2496 1673 2580 laudabilis
1715 2504 1809 2558 est
1855 2497 2187 2581 secundum
2233 2496 2395 2581 quod
2439 2497 2515 2558 ad
2549 2497 2899 2562 felicitatem

470 2570 719 2627 accedit.
756 2570 944 2642 Magis
970 2574 1168 2629 autem
1208 2575 1300 2629 est
1345 2569 1665 2628 laudabilis
1711 2576 1881 2630 actus
1928 2569 2304 2629 liberalitatis
2341 2575 2400 2627 ει
2447 2569 2896 2643 munificentiae,

470 2653 604 2711 quae
626 2645 771 2698 sunt
795 2640 956 2699 circa
979 2640 1269 2712 pecunias
1318 2654 1393 2699 ex
1430 2641 1546 2699 hoc
1575 2640 1734 2714 quod
1765 2642 2035 2711 pecuniae
2077 2640 2430 2700 emittuntur
2471 2653 2651 2714 quani
2680 2654 2754 2698 ex
2783 2641 2902 2704 noc

469 2709 632 2781 quod
667 2717 1133 2793 couseryantiin
1166 2683 1327 2792 unde
1355 2715 1414 2769 ει
1442 2710 1517 2769 ab
1543 2710 1665 2793 ‘hoc
1695 2711 1943 2769 nomina
1980 2712 2193 2793 harum
2220 2711 2504 2792 virtutum
2551 2716 2893 2772 sumuntur.

468 2781 600 2839 Non
642 2787 922 2840 consistit
956 2782 1140 2855 igitur
1166 2782 1431 2840 hominis
1457 2781 1712 2840 felicitas
1748 2782 1811 2839 in
1838 2794 2226 2853 possessione
2248 2781 2612 2842 divitiarum.

541 2852 692 2913 Item,
723 2850 874 2909 illud
902 2851 964 2908 in
1000 2850 1177 2923 cujus
1201 2852 1629 2910 consecutione
1655 2865 1958 2911 summum
1982 2852 2248 2912 hominis
2279 2850 2506 2910 bonum
2535 2858 2630 2911 est
2661 2857 2901 2927 oportet

469 2933 608 2979 esse
636 2922 880 2978 homine
908 2921 1407 3002 melius-Divitiis
1435 2928 1632 2980 autem
1664 2923 1844 2982 homo
1866 2927 1958 2981 est
1986 2923 2220 2992 melior,
2249 2935 2435 3005 quum
2461 2923 2584 2980 sint
2612 2937 2709 2982 res
2739 2937 2899 2996 quae·

470 2989 710 3116 dambad
742 3003 919 3050 usum
945 2991 1209 3051 hominis
1232 2992 1541 3052 ordinatae.
1565 2995 1699 3051 Non
1723 2999 1816 3053 εει
1841 2993 2026 3068 igitur
2042 2992 2107 3052 in
2127 2993 2354 3053 divitiis
2374 3005 2677 3052 summum
2700 2995 2903 3055 homi·

468 3071 568 3119 nis
635 3073 840 3119 onum.

539 3132 824 3200 Praeterea,
853 3144 1155 3191 summum
1182 3132 1449 3192 hominis
1475 3133 1702 3192 bonum
1732 3134 1987 3193 fortunae
2013 3148 2137 3194 non
2164 3133 2448 3207 suhjacet.
2467 3136 2614 3191 Nam
2644 3131 2899 3197 fortuita

469 3198 697 3281 absque
718 3202 919 3260 studio
945 3203 1198 3261 rationis
1227 3203 1527 3263 eveniunt.
1560 3205 1799 3277 Oportet
1836 3210 2036 3264 autem
2063 3205 2226 3279 quod
2253 3218 2357 3278 per
2380 3204 2677 3262 rationem
2708 3205 2895 3267 homo

466 3283 774 3343 proprium
823 3271 1001 3332 finem
1044 3279 1465 3348 consequatur.
1498 3276 1567 3332 ln
1619 3276 2049 3335 consecutione
2080 3281 2280 3334 autem
2314 3274 2653 3333 divitiarum
2705 3277 2897 3335 maxi·

467 3343 879 3472 mumt'tlossium
924 3343 1103 3403 hahet
1144 3344 1401 3405 fortuna.
1436 3348 1569 3405 Non
1612 3350 1707 3405 est
1747 3345 1932 3420 igitur
1965 3346 2032 3405 in
2073 3345 2302 3406 divitiis
2346 3345 2609 3405 humana
2635 3344 2894 3409 felicitas

464 3424 617 3470 cons
644 3428 660 3469 l
693 3427 728 3470 ii
796 3455 812 3472 .

535 3483 811 3553 Amplius,
838 3484 954 3546 hoc
975 3484 1222 3546 evidens
1257 3484 1325 3545 fit
1350 3500 1458 3558 per
1486 3486 1604 3546 hoc
1640 3486 1798 3561 quod
1832 3485 2054 3547 divitiae
2089 3485 2487 3547 involuntarie
2517 3487 2893 3557 amittuntur,

467 3556 529 3611 et
547 3554 709 3635 quod
739 3555 914 3635 malis
940 3556 1177 3619 evenire
1205 3563 1463 3629 possunt
1487 3570 1645 3639 quos
1688 3570 1937 3618 necesse
1961 3563 2057 3617 εει
2099 3568 2340 3617 summo
2374 3556 2536 3616 bono
2578 3570 2803 3625 carere,
2834 3562 2899 3616 et

460 3623 625 3705 quoii
654 3624 969 3705 instabiles
997 3633 1161 3698 sunt,
1190 3632 1249 3686 et
1281 3627 1402 3686 alia
1427 3627 1795 3700 hujusmodi,
1824 3640 1958 3701 quae
1984 3642 2060 3688 ex
2095 3627 2510 3703 superioribus
2552 3627 2893 3690 rationibus

464 3693 672 3770 colligi
700 3700 976 3767 possunt.
1005 3699 1154 3769 (1·11,
1179 3711 1240 3771 q.
1270 3709 1337 3769 ιι,
1362 3702 1473 3759 art.
1504 3698 1578 3770 ¹).

1430 3915 1686 3981 CAPUT
1720 3914 1937 3983 XXXI.

371 4160 376 4169 1
785 4095 937 4151 ouon
979 4093 1279 4146 rmciras
1327 4094 1449 4144 noi«
1495 4095 1798 4145 cousisrn·
1839 4094 1906 4144 m
1941 4093 2235 4146 torma
2281 4097 2593 4150 mnam.

371 4189 382 4220 l

373 4228 384 4240 ’
532 4253 818 4383 ῗίιέὶίιίιετ
839 4263 1036 4317 autem
1056 4257 1250 4317 necin
1280 4256 1584 4318 mundana
1606 4257 1873 4331 potentia
1884 4271 2189 4321 summum
2210 4261 2476 4322 hominis
2493 4260 2719 4324 honum
2742 4270 2886 4323 esse

462 4336 732 4465 poQeuuiii
749 4395 814 4455 in
839 4409 913 4455 ea
934 4397 1262 4463 obtinenda
1285 4397 1613 4472 plurimum
1639 4401 1879 4462 fortuna
1902 4400 2120 4475 possit,
2145 4407 2207 4464 et
2221 4400 2527 4465 instabilis
2554 4405 2660 4477 sit,
2687 4407 2751 4464 et
2769 4414 2894 4467 non
