3076 5025
365 1103 374 1109 ·
469 1099 617 1152 sunt
644 1107 777 1165 quae
804 1097 1062 1164 possunt
1090 1092 1362 1149 delicere.
1389 1094 1590 1164 Neque
1627 1092 1845 1149 iterum
1885 1105 2091 1149 verum
2121 1095 2214 1150 est
2239 1090 2400 1162 quod
2424 1103 2627 1149 omnis
2654 1090 2910 1150 effectus

426 272 570 332 ,³86
1287 328 1303 342 ,
1340 265 1474 322 Llss.
1516 265 1616 333 111,
1655 264 1808 322 cAP.
1844 264 2024 321 xcw.

464 402 726 449 occursu
783 388 1103 446 latronum.
1151 387 1319 445 Hunc
1364 391 1564 444 autem
1611 384 1889 443 effectum
1935 386 2150 444 iterum
2191 385 2474 467 praecedit
2522 384 2647 444 alia
2689 400 2905 458 causa,

465 459 703 520 scilicet
727 458 886 531 quod
915 459 1045 530 ipse
1073 457 1255 515 exivit
1282 457 1527 515 domum
1558 475 1573 513 :
1606 456 1768 515 hunc
1792 461 1991 515 autem
2015 456 2212 514 adhuc
2234 458 2371 525 alia,
2402 456 2561 529 quod
2586 456 2722 514 vult
2750 471 2906 530 quae-

463 543 601 591 rere
631 542 845 602 aquam
870 547 886 597 3
916 541 1095 609 quam
1138 528 1379 601 quidem
1424 527 1707 599 praecedit
1749 541 1954 596 causa,
1983 526 2406 609 scilicit—sitis:
2438 533 2496 584 et
2520 527 2669 585 haec·
2690 541 2907 609 cau-sa-

466 605 568 659 tur
593 614 667 658 ex
710 605 1078 657 comestione
1120 599 1440 666 salsorum,
1472 612 1606 670 quae
1626 598 1750 670 jam
1780 603 1874 655 est
1899 597 1991 655 vel
2018 598 2149 680 fuit.
2173 598 2233 654 Sl
2267 609 2431 670 ergo,
2462 612 2652 679 causa
2679 605 2901 681 pos1ta²

377 682 386 730 Ξ
466 684 721 730 necesse
750 675 842 728 est
864 669 1138 727 effectum
1156 668 1320 740 poni,
1351 682 1599 726 necesse
1628 674 1741 737 est,
1771 669 1825 726 si
1851 668 2111 727 comedit
2139 668 2319 736 salsa,
2350 668 2511 740 quod
2540 673 2713 726 sitiat
2732 686 2750 738 3
2771 675 2902 728 etsi

374 765 386 811 χ
467 741 620 811 sitit,
651 742 812 814 quod
854 741 997 798 velit
1035 754 1298 820 quaerere
1346 752 1562 812 aquam
1585 757 1601 807 3
1626 746 1685 797 et
1708 738 1760 796 si
1789 739 1916 796 vult
1958 752 2223 820 quaerere
2251 752 2488 811 aquam,
2512 737 2686 820 quod
2734 747 2906 797 exeat

377 867 388 876 ,
471 811 723 871 domum
747 829 764 881 ;
792 811 923 868 etsi
971 816 1092 867 exit
1136 809 1400 879 domum,
1431 809 1593 882 quod
1633 813 2018 868 occurrantei
2047 809 2348 877 latrones;
2388 814 2528 867 etsi
2557 815 2910 881 occurrunt,

376 937 384 945 ,
468 882 635 956 quod
673 881 997 939 occidatur.
1030 883 1183 953 Ergo
1225 880 1298 939 de
1327 880 1519 952 primo
1549 879 1623 938 ad
1650 881 1928 938 ultimum
1975 884 2344 960 necesse-est
2374 879 2536 939 hunc
2583 879 2908 938 comeden-

415 1010 430 1019 ,
465 957 592 1011 tem
649 950 813 1010 salsa
856 965 892 1009 a
936 951 1270 1009 latronibus
1319 951 1533 1008 occidi.
1567 950 1879 1008 Concludit
1944 964 2087 1023 ergo
2138 950 2542 1031 Philosophus
2591 963 2722 1008 uon
2771 964 2908 1010 esse

376 1035 380 1039 '
464 1035 677 1080 verum
708 1021 889 1094 quod,
937 1021 1135 1093 posita
1162 1034 1363 1085 causa,
1395 1034 1647 1079 necesse
1676 1021 1756 1078 sit
1783 1019 2060 1079 effectum
2087 1033 2253 1093 pom,
2285 1034 2428 1093 quia
2452 1021 2675 1101 aliquae
2705 1033 2909 1080 causae

467 1163 692 1224 haheat
707 1176 815 1234 per
839 1176 905 1220 se
925 1175 1192 1231 causam,
1211 1164 1354 1235 quia
1379 1163 1538 1235 quod
1568 1167 1660 1220 est
1683 1176 1788 1234 per
1814 1162 2113 1232 accidens,
2132 1161 2365 1220 scilicet
2388 1161 2573 1219 istum
2603 1162 2909 1221 volentem

469 1246 690 1307 aquam
719 1246 982 1306 quaerere
1006 1246 1318 1291 occurrere
1342 1232 1698 1301 latronibu8‚
1728 1245 1849 1290 non
1883 1233 2061 1291 habet
2094 1233 2358 1305 aliquam
2384 1246 2654 1313 causam.
2682 1235 2772 1314 13⁴¹
2800 1233 2911 1290 hac

470 1309 674 1364 autem
719 1304 952 1362 ratione
990 1309 1251 1374 apparet,
1279 1303 1437 1376 quod
1485 1316 1699 1361 omnes
1730 1302 1979 1362 effectus
2013 1303 2116 1376 qui
2158 1303 2525 1360 reducuntur
2551 1317 2616 1384 in
2643 1303 2911 1377 aliquam

474 1387 724 1433 causam
753 1388 858 1447 per
899 1387 965 1431 se
1011 1381 1364 1446 praesentem
1382 1372 1474 1431 vel
1494 1374 1871 1446 praeteritam,
1901 1387 2019 1447 qua
2038 1374 2493 1446 positanecesse
2519 1379 2599 1431 sit
2627 1372 2910 1431 effectum

469 1445 641 1519 poni,
668 1459 742 1502 ex
783 1444 1138 1503 necessitate
1158 1445 1535 1518 contingunt.
1567 1445 1669 1502 Vel
1699 1458 1841 1518 ergo
1859 1450 2089 1516 oportet
2106 1444 2304 1502 dicere
2331 1444 2491 1516 quod
2531 1457 2658 1525 non
2695 1457 2911 1503 omnes

472 1514 726 1573 effectus
755 1513 969 1572 divinae
999 1514 1384 1585 providentiae
1413 1514 1766 1584 subdantur,
1798 1520 1855 1572 et
1882 1516 1971 1573 sic
2001 1514 2202 1572 divina
2243 1514 2620 1587 providentla
2657 1528 2790 1596 non
2817 1521 2909 1573 cst

471 1585 548 1644 de
577 1584 879 1654 omnibuS,
911 1585 1070 1657 quod
1097 1586 1264 1658 prius
1292 1586 1402 1643 suit
1428 1591 1775 1653 ostensum3
1804 1586 1898 1643 vel
1919 1586 2079 1658 quod
2108 1590 2354 1666 nonest
2374 1598 2795 1666 necessarium
2818 1591 2902 1648 ut.

469 1655 849 1728 providentia
864 1655 1080 1725 posita,
1113 1655 1360 1714 effectus
1378 1655 1508 1728 eJus
1537 1660 1857 1727 ponantur,
1888 1662 1945 1714 et
1974 1657 2063 1715 sic
2096 1655 2471 1728 providentia
2499 1668 2624 1712 non
2639 1661 2907 1737 estcerta

470 1731 579 1783 aut
608 1730 699 1783 est
746 1726 1153 1783 necessarium
1198 1726 1359 1798 quod
1408 1727 1612 1785 omnia
1639 1740 1713 1783 ex
1738 1727 2092 1785 necessitate
2122 1726 2491 1799 contingant.
2524 1726 2914 1807 Providentia

470 1795 640 1853 enim
671 1807 795 1852 nou
822 1795 1019 1853 solum
1049 1796 1227 1854 estin
1252 1797 1532 1867 praesenti
1562 1803 1850 1868 tempore,
1881 1797 1973 1854 vel
1999 1797 2319 1871 praeteritO,
2348 1795 2456 1855 sed
2494 1801 2748 1868 aeterne,
2769 1810 2912 1870 quia

471 1864 629 1924 nihil
659 1870 858 1934 potest
890 1879 1024 1923 esse
1053 1866 1117 1922 in
1151 1868 1270 1923 Deo
1300 1880 1422 1924 non
1452 1872 1762 1924 aetcrnum.

542 1933 762 1997 Adhuc,
797 1934 848 1991 si
882 1933 1084 1993 divina
1105 1936 1478 2006 providentia
1504 1943 1596 1994 est
1614 1944 1793 2004 certa,
1826 1941 2057 2017 oportet
2081 1936 2237 1994 hanc
2266 1937 2744 1995 conditionalem
2773 1950 2911 1996 esse

468 2015 674 2062 veram
706 2023 721 2061 ι
752 2004 807 2062 si
837 2006 995 2062 Deus
1024 2005 1281 2075 providit
1308 2007 1444 2076 hoc,
1475 2006 1592 2064 hoc
1614 2008 1745 2063 erit.
1775 2008 1963 2078 Hujus
1987 2012 2184 2065 autem
2214 2007 2645 2066 conditionalis
2675 2014 2913 2067 antece·

475 2074 630 2133 dens
656 2079 746 2132 est
772 2076 1203 2145 necessarium,
1231 2076 1373 2147 quia
1399 2081 1490 2134 est
1529 2082 1841 2134 aeternum.
1872 2080 2025 2149 Ergo
2062 2090 2442 2151 consequens
2483 2083 2575 2137 est
2620 2091 2910 2138 necessa-

469 2144 653 2204 rium.
688 2145 928 2215 Oportet
956 2146 1118 2202 enim
1161 2147 1360 2204 omnis
1409 2146 1837 2205 conditionalis
1864 2160 2244 2220 consequens
2282 2162 2418 2207 esse
2466 2151 2907 2219 necessarium,

470 2214 647 2286 cujus
675 2215 1036 2273 antecedens
1063 2219 1155 2274 est
1173 2217 1603 2288 necessarium,
1635 2222 1694 2274 et
1710 2217 1845 2275 ideo
1874 2230 2253 2290 consequens
2283 2222 2375 2277 est
2403 2220 2561 2278 sicut
2582 2220 2907 2278 conclusio

471 2284 904 2344 antecedentis.
934 2285 1225 2359 Quicquid
1258 2293 1456 2345 autem
1484 2301 1559 2344 ex
1586 2288 1931 2345 necessario
1961 2281 2253 2361 sequitur,
2274 2294 2508 2362 oportet
2530 2303 2670 2349 esse
2702 2304 2911 2349 neces·

471 2355 722 2414 sarium.
747 2355 1026 2427 Sequitur
1050 2355 1254 2438 igitur,
1285 2357 1339 2415 si
1367 2356 1573 2417 divina
1614 2358 1988 2429 providentia
2031 2363 2122 2416 est
2166 2364 2347 2431 certa,
2395 2360 2558 2434 quod
2592 2361 2811 2420 omnia
2835 2375 2909 2419 ex

469 2425 835 2484 necessitate
863 2430 1234 2496 proveniant.

538 2496 815 2567 Amplius,
844 2494 896 2552 si
926 2496 1151 2569 aliquid
1182 2501 1275 2556 est
1299 2497 1608 2569 provisum
1638 2512 1674 2556 a
1695 2499 1838 2569 Deo,
1868 2504 2013 2571 puta
2038 2498 2197 2573 quod
2227 2500 2368 2559 talis
2397 2500 2478 2560 sit
2508 2507 2901 2574 regnaturuS,

469 2572 576 2626 aut
604 2579 748 2647 ergo
776 2566 1065 2637 possibile
1088 2569 1358 2640 estquod
1387 2581 1510 2627 non
1538 2575 1766 2643 regnet,
1796 2576 2068 2628 autnon.
2100 2571 2158 2629 Si
2200 2572 2440 2643 quidem
2487 2585 2610 2630 non
2642 2579 2743 2632 est
2773 2587 2909 2646 pos-

469 2635 650 2695 sibile
676 2649 876 2707 1psum
917 2650 1039 2694 non
1059 2651 1329 2710 regnare,
1360 2652 1505 2713 ergo
1537 2639 1915 2712 impossibile
1942 2645 2036 2699 est
2054 2641 2252 2712 ipsum
2283 2655 2406 2700 non
2436 2656 2691 2714 regnare
2716 2662 2732 2701 ε
2755 2657 2903 2718 ergo

467 2706 880 2764 necessarium
910 2713 1004 2765 est
1030 2722 1166 2765 eum
1188 2723 1455 2781 regnare.
1488 2709 1550 2767 Si
1574 2716 1768 2768 autem
1790 2710 2080 2783 possibile
2101 2716 2194 2769 est
2241 2726 2377 2770 eum
2396 2727 2647 2786 regnare
2682 2714 2904 2787 (possi-

466 2775 578 2835 bili
599 2782 796 2834 autem
857 2777 1015 2835 osito
1046 2790 1168 2835 non
1196 2779 1469 2852 sequitur
1490 2780 1719 2853 aliquid
1747 2780 2165 2853 impossihile),
2213 2784 2485 2856 sequitur
2531 2789 2738 2844 autem
2759 2785 2908 2842 divi·

465 2858 610 2905 nam
638 2846 804 2918 provi
851 2848 1072 2905 entiam
1102 2848 1390 2918 deficere3
1430 2863 1550 2907 non
1602 2856 1694 2908 est
1731 2850 1916 2934 igitur
1956 2852 2330 2923 impossibile
2383 2853 2647 2912 divinam
2700 2856 2903 2927 provi-

467 2914 732 2975 dentiam
764 2916 1035 2997 deiicere.
1085 2923 1197 2977 Aut
1226 2920 1411 2992 igitur
1434 2925 1687 2992 oportet,
1720 2934 1773 2978 si
1803 2922 2009 2980 omnia
2044 2923 2169 2980 sint
2219 2925 2472 2995 praevisa
2500 2939 2536 2982 a
2562 2926 2712 2994 De0,
2737 2925 2903 3007 quod

467 2985 673 3045 divina
695 2986 1070 3058 providentia
1093 3001 1215 3046 non
1246 2990 1326 3047 sit
1354 2997 1534 3061 certa,
1567 2996 1670 3050 aut
1697 2992 1857 3064 quod
1877 2993 2083 3051 omnia
2107 3007 2183 3051 ex
2209 2994 2567 3053 necessitate
2596 3002 2899 3055 eveniant.

532 3057 686 3125 Item,
711 3063 1162 3128 argumentatur
1178 3059 1268 3117 sic
1285 3060 1511 3119 Tullius
1540 3061 1604 3119 in
1624 3062 1729 3120 lib.
1759 3066 1835 3119 De
1860 3063 2197 3120 divinatione
2224 3066 2491 3123 secundo
2518 3065 2674 3137 (cap.
2698 3066 2756 3140 8)
2788 3086 2806 3124 ε
2832 3066 2894 3125 Si

462 3127 672 3184 omnia
695 3140 732 3184 a
760 3129 881 3185 Deo
907 3129 1158 3198 praevisa
1185 3135 1348 3201 sunt,
1374 3136 1574 3190 certus
1595 3138 1687 3189 est
1713 3133 1861 3191 ordo
1890 3147 2230 3192 causarum.
2253 3135 2314 3192 Si
2336 3141 2535 3193 autem
2553 3136 2673 3197 hoc
2687 3150 2901 3195 verum

409 3214 414 3217 ·
462 3201 576 3260 est,
602 3197 808 3255 omnia
835 3197 955 3256 sato
980 3205 1276 3272 aguntum
1306 3201 1466 3274 quod
1487 3202 1541 3260 si
1567 3203 1773 3261 omnia
1799 3203 1920 3261 fato
1949 3209 2228 3285 aguntur,
2260 3206 2411 3263 nihil
2437 3212 2531 3264 est
2571 3207 2635 3264 in
2688 3213 2900 3266 nostra

459 3271 778 3347 potestate,
814 3269 1050 3326 Nullum
1085 3275 1178 3327 est
1219 3285 1362 3343 ergo
1406 3273 1735 3331 voluntatis
1794 3274 2125 3333 arbitrium.
2169 3276 2446 3349 Sequitur
2495 3277 2686 3349 igitur
2727 3278 2895 3352 quod

458 3336 708 3396 tollatur
735 3338 990 3396 liberum
1018 3340 1328 3399 arbitrium
1357 3342 1410 3399 si
1435 3342 1638 3402 divina
1655 3345 2046 3414 providentia,
2070 3345 2151 3403 sit
2175 3352 2357 3417 certa,
2388 3351 2448 3405 et
2460 3347 2676 3406 eodem
2704 3350 2892 3407 modo

460 3413 748 3478 sequetur
776 3409 934 3482 quod
963 3423 1178 3468 omnes
1200 3425 1399 3470 causae
1429 3413 1851 3486 contingentes
1873 3416 2181 3474 tollantur.

529 3478 820 3548 Praeterea,
866 3479 1068 3538 divina
1110 3482 1483 3553 providentia
1536 3497 1754 3542 causas
1792 3484 2021 3544 medias
2075 3499 2200 3545 non
2249 3486 2528 3554 excludit,
2582 3493 2650 3546 ut
2709 3503 2898 3563 supra

455 3545 613 3675 gcaffi.
639 3548 733 3620 77)
763 3554 1073 3608 ostensum
1104 3556 1214 3610 est.
1245 3554 1406 3611 Inter
1431 3567 1647 3612 causas
1678 3563 1875 3612 autem
1904 3560 2048 3614 sunt
2074 3556 2292 3631 aliquae
2330 3559 2781 3631 contingentes,
2837 3565 2898 3620 et

500 3631 533 3674 e
579 3632 712 3699 cere
741 3620 1025 3700 valentes.
1042 3621 1318 3702 ‘Deficere
1349 3623 1534 3695 igitur
1554 3628 1753 3695 potest
1780 3626 2169 3698 providentiae
2191 3626 2464 3686 effectus·
2498 3632 2628 3686 Non
2656 3636 2755 3688 est
2785 3630 2894 3705 igi·

455 3690 558 3746 tur
579 3689 683 3746 Dei
723 3690 1098 3759 providenua
1124 3698 1306 3751 certa.

529 3758 772 3839 Oportet
798 3765 994 3818 autem
1024 3761 1099 3819 ad
1127 3762 1342 3820 horum
1383 3761 1750 3824 solutionem
1778 3766 1983 3841 aliqua
2007 3772 2273 3839 repetere
2306 3783 2381 3827 ex
2407 3768 2507 3828 his
2536 3783 2673 3842 quae
2702 3784 2893 3842 supra

451 3835 654 3900 posita
677 3834 839 3896 sunt,
870 3832 1349 3912 utmanisestum
1376 3832 1480 3891 fiat
1507 3835 1671 3907 quod
1702 3837 1852 3895 nihil
1890 3837 2153 3896 divinam
2180 3840 2616 3910 providentiam
2647 3839 2886 3914 effugit,

385 3950 394 3957 .
451 3903 515 3955 et
541 3900 699 3972 quod
722 3900 869 3957 ordo
898 3900 1115 3960 divinae
1135 3903 1521 3973 providentiae
1552 3907 1802 3965 omnino
1829 3907 2132 3966 immutari
2155 3921 2276 3967 non
2302 3914 2531 3982 potest;
2550 3925 2663 3969 nec
2682 3915 2887 3969 tamen

452 3974 687 4096 oporttet
714 3969 874 4051 quod
916 3986 989 4098 e?
1029 3987 1160 4044 quae
1204 3988 1278 4031 ex
1321 3973 1696 4045 providentia
1747 3978 1952 4036 divina
1995 3980 2358 4049 proveniunt
2403 3995 2478 4038 ex
2522 3982 2888 4040 necessitate

452 4050 607 4097 cunc
635 4054 670 4097 a
695 4054 942 4098 evenian
974 4084 989 4098 .

524 4109 725 4189 Primo
757 4123 1015 4185 namque
1041 4112 1547 4173 considerandum
1583 4122 1696 4185 est,
1726 4117 1909 4191 quod,
1939 4132 2076 4176 cum
2104 4121 2265 4178 Deus
2310 4120 2392 4178 sit
2424 4121 2700 4180 omnium
2729 4123 2887 4181 exis·

446 4179 704 4258 tentium
733 4194 938 4251 causa,
965 4182 1144 4241 rebus
1173 4184 1457 4244 omnibus
1485 4188 1804 4245 conferens
1832 4201 1993 4258 esse,
2034 4194 2269 4261 oportet
2317 4191 2479 4264 quod
2523 4205 2653 4251 suae
2688 4193 2883 4264 provi·

403 4298 412 4303 .
448 4246 667 4307 dentiae
689 4250 836 4308 ordo
864 4266 1076 4311 omnes
1102 4267 1201 4335 res
1229 4268 1362 4313 com
1407 4256 1922 4330 lectatur;quibus
1947 4259 2110 4318 enim
2139 4274 2275 4320 esse
2293 4261 2383 4318 lar
2425 4258 2547 4321 itus
2567 4266 2682 4331 est,
2708 4276 2884 4345 opor-

444 4319 533 4374 tet
559 4318 720 4391 quod
749 4324 809 4377 et
827 4329 1344 4407 conservationem
1367 4269 1683 4410 Yargiatur,
1714 4337 1773 4385 et
1832 4329 2218 4389 erfectionem
2266 4345 2380 4412 con
2409 4338 2535 4390 erat
2570 4332 2637 4390 in
2665 4334 2882 4414 ultimo

443 4384 585 4446 fine.
614 4389 760 4449 Cum
788 4396 987 4451 autem
1014 4407 1081 4451 m
1108 4393 1377 4469 quolibet
1403 4397 1751 4470 providente
1775 4343 1898 4459 ‹fuo
1926 4401 2296 4461 considerari
2326 4408 2620 4476 oporteat,
2642 4404 2882 4462 scilicet
