<?xml version="1.0" encoding="UTF-8"?>
<!DOCTYPE html PUBLIC "-//W3C//DTD XHTML 1.0 Transitional//EN"
    "http://www.w3.org/TR/xhtml1/DTD/xhtml1-transitional.dtd">
<html xmlns="http://www.w3.org/1999/xhtml" xml:lang="en" lang="en">
 <head>
  <title>
</title>
<meta http-equiv="Content-Type" content="text/html;charset=utf-8" />
  <meta name='ocr-system' content='tesseract 3.04.00' />
  <meta name='ocr-capabilities' content='ocr_page ocr_carea ocr_par ocr_line ocrx_word'/>
</head>
<body>
  <div class='ocr_page' id='page_1' title='image "./deveritatecatho00rubegoog_0254.png"; bbox 0 0 3076 5025; ppageno 0'>
   <div class='ocr_carea' id='block_1_1' title="bbox 476 176 2047 248">
    <p class='ocr_par' dir='ltr' id='par_1_1' title="bbox 476 176 2047 248">
     <span class='ocr_line' id='line_1_1' title="bbox 476 176 2047 248; baseline -0.008 -5"><span class='ocrx_word' id='word_1_1' title='bbox 476 188 582 244; x_wconf 80' lang='lat'><strong>220</strong></span> <span class='ocrx_word' id='word_1_2' title='bbox 1354 181 1488 236; x_wconf 84' lang='lat' dir='ltr'><strong>LIB.</strong></span> <span class='ocrx_word' id='word_1_3' title='bbox 1529 179 1599 248; x_wconf 86' lang='lat'><strong>11,</strong></span> <span class='ocrx_word' id='word_1_4' title='bbox 1639 178 1792 234; x_wconf 75' lang='lat' dir='ltr'>CAP.</span> <span class='ocrx_word' id='word_1_5' title='bbox 1833 176 2047 233; x_wconf 79' lang='lat' dir='ltr'>LXXXI.</span> 
     </span>
    </p>
   </div>
   <div class='ocr_carea' id='block_1_2' title="bbox 478 294 2922 3049">
    <p class='ocr_par' dir='ltr' id='par_1_2' title="bbox 478 294 2921 1068">
     <span class='ocr_line' id='line_1_2' title="bbox 480 294 2915 376; baseline -0.004 -12"><span class='ocrx_word' id='word_1_6' title='bbox 480 305 713 365; x_wconf 86' lang='lat' dir='ltr'><strong>animas</strong></span> <span class='ocrx_word' id='word_1_7' title='bbox 745 308 1051 376; x_wconf 88' lang='lat' dir='ltr'><strong>separatas</strong></span> <span class='ocrx_word' id='word_1_8' title='bbox 1079 305 1215 361; x_wconf 90' lang='lat' dir='ltr'><strong>actu</strong></span> <span class='ocrx_word' id='word_1_9' title='bbox 1263 301 1551 361; x_wconf 78' lang='lat' dir='ltr'><strong>exsistere</strong></span> <span class='ocrx_word' id='word_1_10' title='bbox 1580 297 1880 368; x_wconf 80' lang='lat' dir='ltr'><strong>infinitas3</strong></span> <span class='ocrx_word' id='word_1_11' title='bbox 1911 310 2047 356; x_wconf 90' lang='lat' dir='ltr'><strong>esse</strong></span> <span class='ocrx_word' id='word_1_12' title='bbox 2085 296 2247 355; x_wconf 91' lang='lat' dir='ltr'><strong>enim</strong></span> <span class='ocrx_word' id='word_1_13' title='bbox 2287 294 2587 353; x_wconf 83' lang='lat' dir='ltr'><strong>infinitum</strong></span> <span class='ocrx_word' id='word_1_14' title='bbox 2630 300 2795 366; x_wconf 90' lang='lat' dir='ltr'><strong>actu,</strong></span> <span class='ocrx_word' id='word_1_15' title='bbox 2845 296 2915 356; x_wconf 91' lang='lat' dir='ltr'><strong>in</strong></span> 
     </span>
     <span class='ocr_line' id='line_1_3' title="bbox 478 366 2907 448; baseline -0.004 -13"><span class='ocrx_word' id='word_1_16' title='bbox 478 378 577 437; x_wconf 85' lang='lat' dir='ltr'><strong>his</strong></span> <span class='ocrx_word' id='word_1_17' title='bbox 649 390 740 434; x_wconf 81' lang='lat' dir='ltr'><strong>uae</strong></span> <span class='ocrx_word' id='word_1_18' title='bbox 764 389 888 432; x_wconf 91' lang='lat' dir='ltr'><strong>non</strong></span> <span class='ocrx_word' id='word_1_19' title='bbox 913 373 1135 431; x_wconf 87' lang='lat' dir='ltr'><strong>hahent</strong></span> <span class='ocrx_word' id='word_1_20' title='bbox 1153 371 1227 429; x_wconf 86' lang='lat' dir='ltr'><strong>ad</strong></span> <span class='ocrx_word' id='word_1_21' title='bbox 1254 372 1507 429; x_wconf 83' lang='lat' dir='ltr'><strong>invicem</strong></span> <span class='ocrx_word' id='word_1_22' title='bbox 1538 369 1834 440; x_wconf 86' lang='lat' dir='ltr'><strong>ordinem,</strong></span> <span class='ocrx_word' id='word_1_23' title='bbox 1864 374 1957 426; x_wconf 91' lang='lat' dir='ltr'><strong>est</strong></span> <span class='ocrx_word' id='word_1_24' title='bbox 1977 380 2114 427; x_wconf 89' lang='lat' dir='ltr'><strong>esse</strong></span> <span class='ocrx_word' id='word_1_25' title='bbox 2128 366 2429 448; x_wconf 78' lang='lat' dir='ltr'><strong>infinitum</strong></span> <span class='ocrx_word' id='word_1_26' title='bbox 2453 381 2559 437; x_wconf 89' lang='lat' dir='ltr'><strong>per</strong></span> <span class='ocrx_word' id='word_1_27' title='bbox 2585 366 2907 436; x_wconf 73' lang='lat' dir='ltr'><strong>accidens:</strong></span> 
     </span>
     <span class='ocr_line' id='line_1_4' title="bbox 480 437 2921 521; baseline -0.004 -16"><span class='ocrx_word' id='word_1_28' title='bbox 480 461 599 521; x_wconf 92' lang='lat' dir='ltr'><strong>quo</strong></span> <span class='ocrx_word' id='word_1_29' title='bbox 670 457 891 512; x_wconf 79' lang='lat' dir='ltr'><strong>ponere</strong></span> <span class='ocrx_word' id='word_1_30' title='bbox 915 458 1038 502; x_wconf 93' lang='lat' dir='ltr'><strong>non</strong></span> <span class='ocrx_word' id='word_1_31' title='bbox 1069 446 1341 514; x_wconf 87' lang='lat' dir='ltr'><strong>reputant</strong></span> <span class='ocrx_word' id='word_1_32' title='bbox 1369 440 1832 509; x_wconf 86' lang='lat' dir='ltr'><strong>inconveniens;</strong></span> <span class='ocrx_word' id='word_1_33' title='bbox 1857 444 1932 520; x_wconf 44' lang='lat' dir='ltr'><strong>et·</strong></span> <span class='ocrx_word' id='word_1_34' title='bbox 1943 444 2037 497; x_wconf 89' lang='lat' dir='ltr'><strong>est</strong></span> <span class='ocrx_word' id='word_1_35' title='bbox 2061 438 2287 510; x_wconf 81' lang='lat' dir='ltr'><strong>positio</strong></span> <span class='ocrx_word' id='word_1_36' title='bbox 2305 437 2620 496; x_wconf 76' lang='lat' dir='ltr'><strong>Avicennae</strong></span> <span class='ocrx_word' id='word_1_37' title='bbox 2651 442 2712 495; x_wconf 92' lang='lat' dir='ltr'><strong>et</strong></span> <span class='ocrx_word' id='word_1_38' title='bbox 2736 438 2921 510; x_wconf 79' lang='lat' dir='ltr'><strong>Alga-</strong></span> 
     </span>
     <span class='ocr_line' id='line_1_5' title="bbox 478 507 2913 585; baseline -0.004 -10"><span class='ocrx_word' id='word_1_39' title='bbox 478 518 648 575; x_wconf 86' lang='lat' dir='ltr'><strong>zelis.</strong></span> <span class='ocrx_word' id='word_1_40' title='bbox 680 515 832 585; x_wconf 84' lang='lat' dir='ltr'><strong>Quid</strong></span> <span class='ocrx_word' id='word_1_41' title='bbox 862 521 1059 573; x_wconf 91' lang='lat' dir='ltr'><strong>autem</strong></span> <span class='ocrx_word' id='word_1_42' title='bbox 1088 513 1304 572; x_wconf 90' lang='lat' dir='ltr'><strong>horum</strong></span> <span class='ocrx_word' id='word_1_43' title='bbox 1330 511 1681 570; x_wconf 86' lang='lat' dir='ltr'><strong>Aristoteles</strong></span> <span class='ocrx_word' id='word_1_44' title='bbox 1703 515 1981 578; x_wconf 80' lang='lat' dir='ltr'><strong>senserit,</strong></span> <span class='ocrx_word' id='word_1_45' title='bbox 2006 508 2081 567; x_wconf 91' lang='lat' dir='ltr'><strong>ab</strong></span> <span class='ocrx_word' id='word_1_46' title='bbox 2118 522 2200 566; x_wconf 81' lang='lat' dir='ltr'><strong>eo</strong></span> <span class='ocrx_word' id='word_1_47' title='bbox 2248 520 2531 580; x_wconf 81' lang='lat' dir='ltr'><strong>expresse</strong></span> <span class='ocrx_word' id='word_1_48' title='bbox 2574 521 2699 567; x_wconf 92' lang='lat' dir='ltr'><strong>non</strong></span> <span class='ocrx_word' id='word_1_49' title='bbox 2743 507 2913 565; x_wconf 82' lang='lat' dir='ltr'><strong>inve-</strong></span> 
     </span>
     <span class='ocr_line' id='line_1_6' title="bbox 478 577 2913 661; baseline -0.003 -16"><span class='ocrx_word' id='word_1_50' title='bbox 478 589 663 656; x_wconf 86' lang='lat' dir='ltr'><strong>nitur,</strong></span> <span class='ocrx_word' id='word_1_51' title='bbox 712 599 897 659; x_wconf 90' lang='lat' dir='ltr'><strong>quum</strong></span> <span class='ocrx_word' id='word_1_52' title='bbox 947 590 1145 643; x_wconf 91' lang='lat' dir='ltr'><strong>tamen</strong></span> <span class='ocrx_word' id='word_1_53' title='bbox 1188 596 1469 655; x_wconf 82' lang='lat' dir='ltr'><strong>expresse</strong></span> <span class='ocrx_word' id='word_1_54' title='bbox 1511 581 1718 639; x_wconf 90' lang='lat' dir='ltr'><strong>mundi</strong></span> <span class='ocrx_word' id='word_1_55' title='bbox 1759 579 2148 661; x_wconf 64' lang='lat' dir='ltr'><strong>aeternitatem</strong></span> <span class='ocrx_word' id='word_1_56' title='bbox 2196 583 2400 650; x_wconf 89' lang='lat' dir='ltr'><strong>ponat.</strong></span> <span class='ocrx_word' id='word_1_57' title='bbox 2451 577 2671 635; x_wconf 89' lang='lat' dir='ltr'><strong>Ultima</strong></span> <span class='ocrx_word' id='word_1_58' title='bbox 2708 583 2913 637; x_wconf 88' lang='lat' dir='ltr'><strong>tamen</strong></span> 
     </span>
     <span class='ocr_line' id='line_1_7' title="bbox 479 651 2910 731; baseline -0.003 -15"><span class='ocrx_word' id='word_1_59' title='bbox 479 657 897 731; x_wconf 63' lang='lat' dir='ltr'><strong>praedictarum</strong></span> <span class='ocrx_word' id='word_1_60' title='bbox 946 653 1300 727; x_wconf 87' lang='lat' dir='ltr'>opinionum</span> <span class='ocrx_word' id='word_1_61' title='bbox 1348 651 1662 724; x_wconf 83' lang='lat' dir='ltr'><strong>principiis</strong></span> <span class='ocrx_word' id='word_1_62' title='bbox 1701 652 1774 711; x_wconf 89' lang='lat' dir='ltr'><strong>ab</strong></span> <span class='ocrx_word' id='word_1_63' title='bbox 1828 663 1901 708; x_wconf 91' lang='lat' dir='ltr'><strong>eo</strong></span> <span class='ocrx_word' id='word_1_64' title='bbox 1946 655 2165 722; x_wconf 81' lang='lat' dir='ltr'><strong>posltls</strong></span> <span class='ocrx_word' id='word_1_65' title='bbox 2219 660 2343 707; x_wconf 92' lang='lat' dir='ltr'><strong>non</strong></span> <span class='ocrx_word' id='word_1_66' title='bbox 2396 653 2715 721; x_wconf 84' lang='lat' dir='ltr'><strong>repugnat;</strong></span> <span class='ocrx_word' id='word_1_67' title='bbox 2764 661 2910 708; x_wconf 89' lang='lat' dir='ltr'><strong>nam</strong></span> 
     </span>
     <span class='ocr_line' id='line_1_8' title="bbox 480 718 2907 801; baseline -0.004 -16"><span class='ocrx_word' id='word_1_68' title='bbox 480 727 695 801; x_wconf 88' lang='lat' dir='ltr'><strong>probat</strong></span> <span class='ocrx_word' id='word_1_69' title='bbox 721 726 1001 799; x_wconf 83' lang='lat' dir='ltr'><strong>(Physic.,</strong></span> <span class='ocrx_word' id='word_1_70' title='bbox 1031 737 1121 793; x_wconf 91' lang='lat'><strong>111,</strong></span> <span class='ocrx_word' id='word_1_71' title='bbox 1149 728 1292 781; x_wconf 86' lang='lat' dir='ltr'><strong>text.</strong></span> <span class='ocrx_word' id='word_1_72' title='bbox 1337 736 1555 781; x_wconf 91' lang='lat' dir='ltr'><strong>comm.</strong></span> <span class='ocrx_word' id='word_1_73' title='bbox 1589 726 1658 780; x_wconf 75' lang='lat'><strong>40</strong></span> <span class='ocrx_word' id='word_1_74' title='bbox 1703 727 1761 779; x_wconf 91' lang='lat' dir='ltr'><strong>et</strong></span> <span class='ocrx_word' id='word_1_75' title='bbox 1784 721 1959 790; x_wconf 76' lang='lat' dir='ltr'><strong>infra,</strong></span> <span class='ocrx_word' id='word_1_76' title='bbox 1992 726 2051 801; x_wconf 80' lang='lat' dir='ltr'><strong>et</strong></span> <span class='ocrx_word' id='word_1_77' title='bbox 2075 722 2154 778; x_wconf 82' lang='lat' dir='ltr'><strong>De</strong></span> <span class='ocrx_word' id='word_1_78' title='bbox 2188 719 2384 800; x_wconf 39' lang='lat' dir='ltr'><strong>emto-et</strong></span> <span class='ocrx_word' id='word_1_79' title='bbox 2416 718 2642 782; x_wconf 84' lang='lat' dir='ltr'><strong>mundo,</strong></span> <span class='ocrx_word' id='word_1_80' title='bbox 2684 733 2726 788; x_wconf 94' lang='lat'><strong>1,</strong></span> <span class='ocrx_word' id='word_1_81' title='bbox 2743 724 2907 800; x_wconf 65' lang='lat' dir='ltr'><strong>text.</strong></span> 
     </span>
     <span class='ocr_line' id='line_1_9' title="bbox 482 788 2905 871; baseline -0.003 -15"><span class='ocrx_word' id='word_1_82' title='bbox 482 812 699 857; x_wconf 90' lang='lat' dir='ltr'><strong>comm.</strong></span> <span class='ocrx_word' id='word_1_83' title='bbox 731 802 799 855; x_wconf 63' lang='lat'><strong>54</strong></span> <span class='ocrx_word' id='word_1_84' title='bbox 839 802 898 853; x_wconf 88' lang='lat' dir='ltr'><strong>et</strong></span> <span class='ocrx_word' id='word_1_85' title='bbox 935 794 1111 866; x_wconf 79' lang='lat' dir='ltr'><strong>infra)</strong></span> <span class='ocrx_word' id='word_1_86' title='bbox 1141 793 1441 853; x_wconf 83' lang='lat' dir='ltr'><strong>infinitum</strong></span> <span class='ocrx_word' id='word_1_87' title='bbox 1478 806 1601 850; x_wconf 91' lang='lat' dir='ltr'><strong>non</strong></span> <span class='ocrx_word' id='word_1_88' title='bbox 1639 806 1775 851; x_wconf 87' lang='lat' dir='ltr'><strong>esse</strong></span> <span class='ocrx_word' id='word_1_89' title='bbox 1811 797 1949 850; x_wconf 89' lang='lat' dir='ltr'><strong>actu</strong></span> <span class='ocrx_word' id='word_1_90' title='bbox 1993 803 2058 849; x_wconf 79' lang='lat' dir='ltr'><strong>in</strong></span> <span class='ocrx_word' id='word_1_91' title='bbox 2100 790 2457 862; x_wconf 78' lang='lat' dir='ltr'><strong>corporibus</strong></span> <span class='ocrx_word' id='word_1_92' title='bbox 2499 788 2905 871; x_wconf 77' lang='lat' dir='ltr'><strong>naturalibus,</strong></span> 
     </span>
     <span class='ocr_line' id='line_1_10' title="bbox 486 860 2916 926; baseline -0.002 0"><span class='ocrx_word' id='word_1_93' title='bbox 486 883 609 926; x_wconf 92' lang='lat' dir='ltr'><strong>non</strong></span> <span class='ocrx_word' id='word_1_94' title='bbox 638 874 836 926; x_wconf 90' lang='lat' dir='ltr'><strong>autem</strong></span> <span class='ocrx_word' id='word_1_95' title='bbox 866 866 931 923; x_wconf 91' lang='lat' dir='ltr'><strong>in</strong></span> <span class='ocrx_word' id='word_1_96' title='bbox 972 864 1328 924; x_wconf 81' lang='lat' dir='ltr'><strong>substantiis</strong></span> <span class='ocrx_word' id='word_1_97' title='bbox 1374 862 1891 923; x_wconf 84' lang='lat' dir='ltr'><strong>immaterialibus.</strong></span> <span class='ocrx_word' id='word_1_98' title='bbox 1922 863 2157 919; x_wconf 89' lang='lat' dir='ltr'><strong>Certum</strong></span> <span class='ocrx_word' id='word_1_99' title='bbox 2202 867 2404 920; x_wconf 90' lang='lat' dir='ltr'><strong>tamen</strong></span> <span class='ocrx_word' id='word_1_100' title='bbox 2449 865 2544 918; x_wconf 89' lang='lat' dir='ltr'><strong>est</strong></span> <span class='ocrx_word' id='word_1_101' title='bbox 2586 873 2750 918; x_wconf 80' lang='lat' dir='ltr'><strong>circa</strong></span> <span class='ocrx_word' id='word_1_102' title='bbox 2793 860 2916 920; x_wconf 84' lang='lat' dir='ltr'><strong>hoc</strong></span> 
     </span>
     <span class='ocr_line' id='line_1_11' title="bbox 486 930 2917 1065; baseline -0.003 -69"><span class='ocrx_word' id='word_1_103' title='bbox 486 938 718 1065; x_wconf 55' lang='lat' dir='ltr'><strong>nullaim</strong></span> <span class='ocrx_word' id='word_1_104' title='bbox 764 935 1172 1062; x_wconf 56' lang='lat' dir='ltr'><strong>difficultatem</strong></span> <span class='ocrx_word' id='word_1_105' title='bbox 1213 933 1336 1007; x_wconf 90' lang='lat' dir='ltr'><strong>pati</strong></span> <span class='ocrx_word' id='word_1_106' title='bbox 1391 934 1702 993; x_wconf 78' lang='lat' dir='ltr'><strong>catholicae</strong></span> <span class='ocrx_word' id='word_1_107' title='bbox 1742 933 1879 991; x_wconf 86' lang='lat' dir='ltr'><strong>fidei</strong></span> <span class='ocrx_word' id='word_1_108' title='bbox 1930 931 2327 1003; x_wconf 83' lang='lat' dir='ltr'><strong>professores,</strong></span> <span class='ocrx_word' id='word_1_109' title='bbox 2375 931 2477 1003; x_wconf 90' lang='lat' dir='ltr'><strong>qui</strong></span> <span class='ocrx_word' id='word_1_110' title='bbox 2520 930 2917 989; x_wconf 80' lang='lat' dir='ltr'><strong>aeternitatem</strong></span> 
     </span>
     <span class='ocr_line' id='line_1_12' title="bbox 481 1019 1123 1068; baseline -0.009 0"><span class='ocrx_word' id='word_1_111' title='bbox 481 1022 626 1068; x_wconf 91' lang='lat' dir='ltr'><strong>mun</strong></span> <span class='ocrx_word' id='word_1_112' title='bbox 673 1020 845 1066; x_wconf 78' lang='lat' dir='ltr'><strong>tnon</strong></span> <span class='ocrx_word' id='word_1_113' title='bbox 914 1019 1123 1064; x_wconf 90' lang='lat' dir='ltr'><strong>onun.</strong></span> 
     </span>
    </p>

    <p class='ocr_par' dir='ltr' id='par_1_3' title="bbox 481 1021 2922 2118">
     <span class='ocr_line' id='line_1_13' title="bbox 557 1021 2920 1149; baseline -0.003 -13"><span class='ocrx_word' id='word_1_114' title='bbox 557 1082 687 1136; x_wconf 90' lang='lat' dir='ltr'><strong>Non</strong></span> <span class='ocrx_word' id='word_1_115' title='bbox 727 1083 821 1136; x_wconf 92' lang='lat' dir='ltr'><strong>est</strong></span> <span class='ocrx_word' id='word_1_116' title='bbox 846 1021 1020 1134; x_wconf 51' lang='lat' dir='ltr'><strong>ert‘iam</strong></span> <span class='ocrx_word' id='word_1_117' title='bbox 1062 1075 1470 1134; x_wconf 88' lang='lat' dir='ltr'><strong>necessarium</strong></span> <span class='ocrx_word' id='word_1_118' title='bbox 1512 1074 1692 1149; x_wconf 90' lang='lat' dir='ltr'><strong>quod,</strong></span> <span class='ocrx_word' id='word_1_119' title='bbox 1725 1074 1777 1132; x_wconf 89' lang='lat' dir='ltr'><strong>si</strong></span> <span class='ocrx_word' id='word_1_120' title='bbox 1808 1073 2011 1132; x_wconf 89' lang='lat' dir='ltr'><strong>anima</strong></span> <span class='ocrx_word' id='word_1_121' title='bbox 2036 1075 2257 1141; x_wconf 89' lang='lat' dir='ltr'><strong>manet,</strong></span> <span class='ocrx_word' id='word_1_122' title='bbox 2287 1083 2538 1144; x_wconf 91' lang='lat' dir='ltr'><strong>corpore</strong></span> <span class='ocrx_word' id='word_1_123' title='bbox 2578 1071 2920 1141; x_wconf 87' lang='lat' dir='ltr'><strong>destructo,</strong></span> 
     </span>
     <span class='ocr_line' id='line_1_14' title="bbox 481 1141 2922 1219; baseline -0.003 -12"><span class='ocrx_word' id='word_1_124' title='bbox 481 1149 665 1207; x_wconf 83' lang='lat' dir='ltr'><strong>fuerit</strong></span> <span class='ocrx_word' id='word_1_125' title='bbox 692 1148 745 1205; x_wconf 83' lang='lat' dir='ltr'><strong>ei</strong></span> <span class='ocrx_word' id='word_1_126' title='bbox 776 1146 1219 1206; x_wconf 83' lang='lat' dir='ltr'><strong>accidentaliter</strong></span> <span class='ocrx_word' id='word_1_127' title='bbox 1253 1146 1439 1215; x_wconf 89' lang='lat' dir='ltr'><strong>unita,</strong></span> <span class='ocrx_word' id='word_1_128' title='bbox 1472 1151 1536 1203; x_wconf 92' lang='lat' dir='ltr'><strong>ut</strong></span> <span class='ocrx_word' id='word_1_129' title='bbox 1563 1149 1774 1219; x_wconf 89' lang='lat' dir='ltr'><strong>quarta</strong></span> <span class='ocrx_word' id='word_1_130' title='bbox 1799 1144 1953 1203; x_wconf 88' lang='lat' dir='ltr'><strong>ratio</strong></span> <span class='ocrx_word' id='word_1_131' title='bbox 1981 1141 2394 1202; x_wconf 84' lang='lat' dir='ltr'><strong>concludebat.</strong></span> <span class='ocrx_word' id='word_1_132' title='bbox 2425 1141 2718 1200; x_wconf 80' lang='lat' dir='ltr'><strong>Accidens</strong></span> <span class='ocrx_word' id='word_1_133' title='bbox 2752 1142 2922 1200; x_wconf 92' lang='lat' dir='ltr'><strong>enim</strong></span> 
     </span>
     <span class='ocr_line' id='line_1_15' title="bbox 485 1206 2921 1342; baseline -0.003 -64"><span class='ocrx_word' id='word_1_134' title='bbox 485 1206 842 1278; x_wconf 82' lang='lat' dir='ltr'><strong>describitur</strong></span> <span class='ocrx_word' id='word_1_135' title='bbox 884 1218 1043 1291; x_wconf 90' lang='lat' dir='ltr'><strong>quod</strong></span> <span class='ocrx_word' id='word_1_136' title='bbox 1090 1223 1286 1289; x_wconf 87' lang='lat' dir='ltr'><strong>potest</strong></span> <span class='ocrx_word' id='word_1_137' title='bbox 1329 1217 1542 1275; x_wconf 87' lang='lat' dir='ltr'><strong>adesse</strong></span> <span class='ocrx_word' id='word_1_138' title='bbox 1570 1216 1663 1273; x_wconf 85' lang='lat' dir='ltr'><strong>vel</strong></span> <span class='ocrx_word' id='word_1_139' title='bbox 1692 1215 1903 1273; x_wconf 89' lang='lat' dir='ltr'><strong>abesse</strong></span> <span class='ocrx_word' id='word_1_140' title='bbox 1932 1219 2161 1342; x_wconf 72' lang='lat' dir='ltr'><strong>¹praeter</strong></span> <span class='ocrx_word' id='word_1_141' title='bbox 2188 1213 2632 1293; x_wconf 75' lang='lat' dir='ltr'><strong>corruptionem</strong></span> <span class='ocrx_word' id='word_1_142' title='bbox 2659 1211 2921 1284; x_wconf 89' lang='lat' dir='ltr'><strong>subjecti</strong></span> 
     </span>
     <span class='ocr_line' id='line_1_16' title="bbox 484 1282 2922 1363; baseline -0.004 -14"><span class='ocrx_word' id='word_1_143' title='bbox 484 1290 804 1361; x_wconf 89' lang='lat' dir='ltr'><strong>compositi</strong></span> <span class='ocrx_word' id='word_1_144' title='bbox 831 1303 904 1346; x_wconf 86' lang='lat' dir='ltr'><strong>ex</strong></span> <span class='ocrx_word' id='word_1_145' title='bbox 932 1288 1179 1346; x_wconf 89' lang='lat' dir='ltr'><strong>materia</strong></span> <span class='ocrx_word' id='word_1_146' title='bbox 1209 1292 1269 1344; x_wconf 91' lang='lat' dir='ltr'><strong>et</strong></span> <span class='ocrx_word' id='word_1_147' title='bbox 1294 1286 1523 1357; x_wconf 79' lang='lat' dir='ltr'><strong>sorma;</strong></span> <span class='ocrx_word' id='word_1_148' title='bbox 1555 1286 1608 1345; x_wconf 90' lang='lat' dir='ltr'><strong>si</strong></span> <span class='ocrx_word' id='word_1_149' title='bbox 1639 1291 1835 1344; x_wconf 90' lang='lat' dir='ltr'><strong>autem</strong></span> <span class='ocrx_word' id='word_1_150' title='bbox 1866 1299 1928 1342; x_wconf 91' lang='lat' dir='ltr'><strong>re</strong></span> <span class='ocrx_word' id='word_1_151' title='bbox 1954 1288 2154 1342; x_wconf 91' lang='lat' dir='ltr'><strong>eratur</strong></span> <span class='ocrx_word' id='word_1_152' title='bbox 2168 1282 2243 1342; x_wconf 90' lang='lat' dir='ltr'><strong>ad</strong></span> <span class='ocrx_word' id='word_1_153' title='bbox 2268 1295 2562 1363; x_wconf 80' lang='lat' dir='ltr'><strong>principia</strong></span> <span class='ocrx_word' id='word_1_154' title='bbox 2589 1283 2922 1354; x_wconf 87' lang='lat' dir='ltr'><strong>compositi</strong></span> 
     </span>
     <span class='ocr_line' id='line_1_17' title="bbox 485 1353 2917 1432; baseline -0.004 -12"><span class='ocrx_word' id='word_1_155' title='bbox 485 1359 982 1432; x_wconf 85' lang='lat' dir='ltr'><strong>subjecti‚verum</strong></span> <span class='ocrx_word' id='word_1_156' title='bbox 1013 1372 1134 1416; x_wconf 92' lang='lat' dir='ltr'><strong>non</strong></span> <span class='ocrx_word' id='word_1_157' title='bbox 1157 1357 1477 1414; x_wconf 86' lang='lat' dir='ltr'><strong>invenitur.</strong></span> <span class='ocrx_word' id='word_1_158' title='bbox 1505 1359 1750 1414; x_wconf 87' lang='lat' dir='ltr'><strong>Constat</strong></span> <span class='ocrx_word' id='word_1_159' title='bbox 1778 1356 1939 1414; x_wconf 90' lang='lat' dir='ltr'><strong>enim</strong></span> <span class='ocrx_word' id='word_1_160' title='bbox 1963 1353 2273 1412; x_wconf 88' lang='lat' dir='ltr'><strong>materiam</strong></span> <span class='ocrx_word' id='word_1_161' title='bbox 2301 1366 2554 1425; x_wconf 79' lang='lat' dir='ltr'><strong>primam</strong></span> <span class='ocrx_word' id='word_1_162' title='bbox 2574 1353 2917 1425; x_wconf 84' lang='lat' dir='ltr'><strong>ingenitam</strong></span> 
     </span>
     <span class='ocr_line' id='line_1_18' title="bbox 485 1424 2919 1507; baseline -0.004 -18"><span class='ocrx_word' id='word_1_163' title='bbox 485 1437 542 1489; x_wconf 93' lang='lat' dir='ltr'><strong>et</strong></span> <span class='ocrx_word' id='word_1_164' title='bbox 573 1429 1083 1501; x_wconf 87' lang='lat' dir='ltr'><strong>incorruptibilem</strong></span> <span class='ocrx_word' id='word_1_165' title='bbox 1113 1441 1270 1498; x_wconf 89' lang='lat' dir='ltr'><strong>esse,</strong></span> <span class='ocrx_word' id='word_1_166' title='bbox 1294 1434 1358 1486; x_wconf 92' lang='lat' dir='ltr'><strong>ut</strong></span> <span class='ocrx_word' id='word_1_167' title='bbox 1371 1427 1583 1500; x_wconf 90' lang='lat' dir='ltr'><strong>probat</strong></span> <span class='ocrx_word' id='word_1_168' title='bbox 1597 1426 1946 1485; x_wconf 90' lang='lat' dir='ltr'><strong>Aristoteles</strong></span> <span class='ocrx_word' id='word_1_169' title='bbox 1975 1424 2256 1507; x_wconf 60' lang='lat' dir='ltr'><strong>(Rhysic.‚</strong></span> <span class='ocrx_word' id='word_1_170' title='bbox 2287 1437 2330 1493; x_wconf 91' lang='lat'><strong>1,</strong></span> <span class='ocrx_word' id='word_1_171' title='bbox 2361 1428 2501 1481; x_wconf 84' lang='lat' dir='ltr'><strong>text.</strong></span> <span class='ocrx_word' id='word_1_172' title='bbox 2531 1436 2757 1481; x_wconf 89' lang='lat' dir='ltr'><strong>comm.</strong></span> <span class='ocrx_word' id='word_1_173' title='bbox 2790 1424 2919 1505; x_wconf 60' lang='lat' dir='ltr'><strong>⁸2).ss</strong></span> 
     </span>
     <span class='ocr_line' id='line_1_19' title="bbox 486 1494 2917 1575; baseline -0.003 -16"><span class='ocrx_word' id='word_1_174' title='bbox 486 1501 666 1569; x_wconf 88' lang='lat' dir='ltr'><strong>unde,</strong></span> <span class='ocrx_word' id='word_1_175' title='bbox 707 1499 1018 1558; x_wconf 89' lang='lat' dir='ltr'><strong>recedente</strong></span> <span class='ocrx_word' id='word_1_176' title='bbox 1067 1499 1277 1563; x_wconf 86' lang='lat' dir='ltr'><strong>forma,</strong></span> <span class='ocrx_word' id='word_1_177' title='bbox 1314 1505 1516 1557; x_wconf 89' lang='lat' dir='ltr'><strong>manet</strong></span> <span class='ocrx_word' id='word_1_178' title='bbox 1560 1498 1622 1554; x_wconf 93' lang='lat' dir='ltr'><strong>in</strong></span> <span class='ocrx_word' id='word_1_179' title='bbox 1668 1511 1778 1555; x_wconf 88' lang='lat' dir='ltr'><strong>sua</strong></span> <span class='ocrx_word' id='word_1_180' title='bbox 1818 1502 2114 1565; x_wconf 80' lang='lat' dir='ltr'><strong>essentia3</strong></span> <span class='ocrx_word' id='word_1_181' title='bbox 2144 1506 2268 1553; x_wconf 93' lang='lat' dir='ltr'><strong>non</strong></span> <span class='ocrx_word' id='word_1_182' title='bbox 2295 1498 2494 1575; x_wconf 84' lang='lat' dir='ltr'><strong>tamen</strong></span> <span class='ocrx_word' id='word_1_183' title='bbox 2515 1494 2732 1574; x_wconf 34' lang='lat' dir='ltr'><strong>‘forma</strong></span> <span class='ocrx_word' id='word_1_184' title='bbox 2760 1507 2917 1552; x_wconf 84' lang='lat' dir='ltr'><strong>acci-</strong></span> 
     </span>
     <span class='ocr_line' id='line_1_20' title="bbox 487 1565 2917 1637; baseline -0.004 -6"><span class='ocrx_word' id='word_1_185' title='bbox 487 1571 802 1631; x_wconf 88' lang='lat' dir='ltr'><strong>dentaliter</strong></span> <span class='ocrx_word' id='word_1_186' title='bbox 844 1570 897 1626; x_wconf 90' lang='lat' dir='ltr'><strong>ei</strong></span> <span class='ocrx_word' id='word_1_187' title='bbox 946 1569 1282 1637; x_wconf 89' lang='lat' dir='ltr'><strong>uniebatur,</strong></span> <span class='ocrx_word' id='word_1_188' title='bbox 1314 1568 1420 1626; x_wconf 91' lang='lat' dir='ltr'><strong>sed</strong></span> <span class='ocrx_word' id='word_1_189' title='bbox 1462 1568 1900 1636; x_wconf 80' lang='lat' dir='ltr'><strong>essentialiter3</strong></span> <span class='ocrx_word' id='word_1_190' title='bbox 1947 1565 2262 1625; x_wconf 87' lang='lat' dir='ltr'><strong>uniebatur</strong></span> <span class='ocrx_word' id='word_1_191' title='bbox 2285 1578 2445 1622; x_wconf 81' lang='lat' dir='ltr'><strong>enim</strong></span> <span class='ocrx_word' id='word_1_192' title='bbox 2475 1578 2530 1621; x_wconf 76' lang='lat' dir='ltr'><strong>ei</strong></span> <span class='ocrx_word' id='word_1_193' title='bbox 2576 1565 2917 1623; x_wconf 88' lang='lat' dir='ltr'><strong>secundum</strong></span> 
     </span>
     <span class='ocr_line' id='line_1_21' title="bbox 485 1635 2909 1708; baseline -0.003 -9"><span class='ocrx_word' id='word_1_194' title='bbox 485 1656 622 1700; x_wconf 87' lang='lat' dir='ltr'><strong>esse</strong></span> <span class='ocrx_word' id='word_1_195' title='bbox 649 1654 860 1698; x_wconf 89' lang='lat' dir='ltr'><strong>unum.</strong></span> <span class='ocrx_word' id='word_1_196' title='bbox 890 1639 1176 1698; x_wconf 88' lang='lat' dir='ltr'><strong>Similiter</strong></span> <span class='ocrx_word' id='word_1_197' title='bbox 1206 1644 1404 1697; x_wconf 90' lang='lat' dir='ltr'><strong>autem</strong></span> <span class='ocrx_word' id='word_1_198' title='bbox 1427 1639 1630 1696; x_wconf 89' lang='lat' dir='ltr'><strong>anima</strong></span> <span class='ocrx_word' id='word_1_199' title='bbox 1656 1638 1859 1696; x_wconf 91' lang='lat' dir='ltr'><strong>unitur</strong></span> <span class='ocrx_word' id='word_1_200' title='bbox 1887 1636 2122 1708; x_wconf 90' lang='lat' dir='ltr'><strong>corpori</strong></span> <span class='ocrx_word' id='word_1_201' title='bbox 2152 1635 2483 1694; x_wconf 90' lang='lat' dir='ltr'><strong>secundum</strong></span> <span class='ocrx_word' id='word_1_202' title='bbox 2514 1648 2652 1693; x_wconf 90' lang='lat' dir='ltr'><strong>esse</strong></span> <span class='ocrx_word' id='word_1_203' title='bbox 2694 1648 2909 1706; x_wconf 90' lang='lat' dir='ltr'><strong>unum,</strong></span> 
     </span>
     <span class='ocr_line' id='line_1_22' title="bbox 485 1705 2916 1787; baseline -0.002 -19"><span class='ocrx_word' id='word_1_204' title='bbox 485 1718 553 1769; x_wconf 90' lang='lat' dir='ltr'><strong>ut</strong></span> <span class='ocrx_word' id='word_1_205' title='bbox 601 1725 782 1782; x_wconf 87' lang='lat' dir='ltr'><strong>supra</strong></span> <span class='ocrx_word' id='word_1_206' title='bbox 813 1710 884 1782; x_wconf 92' lang='lat' dir='ltr'><strong>(c.</strong></span> <span class='ocrx_word' id='word_1_207' title='bbox 927 1710 1015 1782; x_wconf 87' lang='lat'><strong>68)</strong></span> <span class='ocrx_word' id='word_1_208' title='bbox 1055 1716 1365 1768; x_wconf 90' lang='lat' dir='ltr'><strong>ostensum</strong></span> <span class='ocrx_word' id='word_1_209' title='bbox 1392 1714 1502 1769; x_wconf 90' lang='lat' dir='ltr'><strong>est.</strong></span> <span class='ocrx_word' id='word_1_210' title='bbox 1533 1708 1714 1776; x_wconf 91' lang='lat' dir='ltr'><strong>Unde,</strong></span> <span class='ocrx_word' id='word_1_211' title='bbox 1747 1708 1887 1765; x_wconf 91' lang='lat' dir='ltr'><strong>licet</strong></span> <span class='ocrx_word' id='word_1_212' title='bbox 1913 1710 2151 1766; x_wconf 87' lang='lat' dir='ltr'><strong>maneat</strong></span> <span class='ocrx_word' id='word_1_213' title='bbox 2178 1711 2315 1778; x_wconf 90' lang='lat' dir='ltr'><strong>post</strong></span> <span class='ocrx_word' id='word_1_214' title='bbox 2360 1718 2600 1776; x_wconf 91' lang='lat' dir='ltr'><strong>corpus,</strong></span> <span class='ocrx_word' id='word_1_215' title='bbox 2632 1705 2916 1787; x_wconf 77' lang='lat' dir='ltr'><strong>substan-</strong></span> 
     </span>
     <span class='ocr_line' id='line_1_23' title="bbox 485 1776 2918 1850; baseline -0.002 -11"><span class='ocrx_word' id='word_1_216' title='bbox 485 1780 708 1840; x_wconf 91' lang='lat' dir='ltr'><strong>tialiter</strong></span> <span class='ocrx_word' id='word_1_217' title='bbox 751 1787 951 1839; x_wconf 85' lang='lat' dir='ltr'><strong>tamen</strong></span> <span class='ocrx_word' id='word_1_218' title='bbox 985 1781 1039 1838; x_wconf 91' lang='lat' dir='ltr'><strong>ei</strong></span> <span class='ocrx_word' id='word_1_219' title='bbox 1080 1780 1305 1850; x_wconf 88' lang='lat' dir='ltr'><strong>unitur,</strong></span> <span class='ocrx_word' id='word_1_220' title='bbox 1336 1793 1456 1838; x_wconf 91' lang='lat' dir='ltr'><strong>non</strong></span> <span class='ocrx_word' id='word_1_221' title='bbox 1509 1778 1971 1837; x_wconf 86' lang='lat' dir='ltr'><strong>accidentaliter.</strong></span> <span class='ocrx_word' id='word_1_222' title='bbox 2004 1776 2174 1846; x_wconf 88' lang='lat' dir='ltr'><strong>Quod</strong></span> <span class='ocrx_word' id='word_1_223' title='bbox 2212 1781 2413 1834; x_wconf 86' lang='lat' dir='ltr'><strong>autem</strong></span> <span class='ocrx_word' id='word_1_224' title='bbox 2440 1781 2693 1834; x_wconf 78' lang='lat' dir='ltr'><strong>materia</strong></span> <span class='ocrx_word' id='word_1_225' title='bbox 2720 1776 2918 1847; x_wconf 88' lang='lat' dir='ltr'><strong>prima</strong></span> 
     </span>
     <span class='ocr_line' id='line_1_24' title="bbox 486 1846 2915 1923; baseline -0.002 -13"><span class='ocrx_word' id='word_1_226' title='bbox 486 1858 793 1910; x_wconf 86' lang='lat' dir='ltr'><strong>remaneat</strong></span> <span class='ocrx_word' id='word_1_227' title='bbox 834 1856 969 1909; x_wconf 91' lang='lat' dir='ltr'><strong>actu</strong></span> <span class='ocrx_word' id='word_1_228' title='bbox 1017 1855 1155 1923; x_wconf 91' lang='lat' dir='ltr'><strong>post</strong></span> <span class='ocrx_word' id='word_1_229' title='bbox 1205 1849 1494 1914; x_wconf 83' lang='lat' dir='ltr'><strong>formam,</strong></span> <span class='ocrx_word' id='word_1_230' title='bbox 1548 1862 1668 1907; x_wconf 92' lang='lat' dir='ltr'><strong>non</strong></span> <span class='ocrx_word' id='word_1_231' title='bbox 1715 1855 1809 1907; x_wconf 88' lang='lat' dir='ltr'><strong>est</strong></span> <span class='ocrx_word' id='word_1_232' title='bbox 1855 1848 1974 1907; x_wconf 91' lang='lat' dir='ltr'><strong>nisi</strong></span> <span class='ocrx_word' id='word_1_233' title='bbox 2023 1847 2354 1907; x_wconf 90' lang='lat' dir='ltr'><strong>secundum</strong></span> <span class='ocrx_word' id='word_1_234' title='bbox 2407 1852 2603 1905; x_wconf 87' lang='lat' dir='ltr'><strong>actum</strong></span> <span class='ocrx_word' id='word_1_235' title='bbox 2663 1846 2915 1905; x_wconf 88' lang='lat' dir='ltr'><strong>alterius</strong></span> 
     </span>
     <span class='ocr_line' id='line_1_25' title="bbox 487 1916 2915 1991; baseline -0.002 -11"><span class='ocrx_word' id='word_1_236' title='bbox 487 1923 735 1991; x_wconf 75' lang='lat' dir='ltr'><strong>formae5</strong></span> <span class='ocrx_word' id='word_1_237' title='bbox 780 1922 981 1978; x_wconf 88' lang='lat' dir='ltr'><strong>anima</strong></span> <span class='ocrx_word' id='word_1_238' title='bbox 1030 1925 1226 1978; x_wconf 87' lang='lat' dir='ltr'><strong>autem</strong></span> <span class='ocrx_word' id='word_1_239' title='bbox 1273 1920 1536 1979; x_wconf 91' lang='lat' dir='ltr'><strong>humana</strong></span> <span class='ocrx_word' id='word_1_240' title='bbox 1580 1924 1782 1978; x_wconf 90' lang='lat' dir='ltr'><strong>manet</strong></span> <span class='ocrx_word' id='word_1_241' title='bbox 1823 1919 1887 1977; x_wconf 90' lang='lat' dir='ltr'><strong>in</strong></span> <span class='ocrx_word' id='word_1_242' title='bbox 1935 1923 2069 1977; x_wconf 91' lang='lat' dir='ltr'><strong>actu</strong></span> <span class='ocrx_word' id='word_1_243' title='bbox 2118 1917 2367 1986; x_wconf 86' lang='lat' dir='ltr'><strong>eodem3</strong></span> <span class='ocrx_word' id='word_1_244' title='bbox 2397 1923 2457 1975; x_wconf 91' lang='lat' dir='ltr'><strong>et</strong></span> <span class='ocrx_word' id='word_1_245' title='bbox 2499 1931 2573 1975; x_wconf 87' lang='lat' dir='ltr'><strong>ex</strong></span> <span class='ocrx_word' id='word_1_246' title='bbox 2609 1916 2729 1976; x_wconf 89' lang='lat' dir='ltr'><strong>hoc</strong></span> <span class='ocrx_word' id='word_1_247' title='bbox 2771 1930 2915 1976; x_wconf 90' lang='lat' dir='ltr'><strong>con-</strong></span> 
     </span>
     <span class='ocr_line' id='line_1_26' title="bbox 487 1988 2918 2118; baseline -0.001 -68"><span class='ocrx_word' id='word_1_248' title='bbox 487 1991 870 2118; x_wconf 52' lang='lat' dir='ltr'><strong>tingitsquod</strong></span> <span class='ocrx_word' id='word_1_249' title='bbox 914 1990 1114 2049; x_wconf 88' lang='lat' dir='ltr'><strong>anima</strong></span> <span class='ocrx_word' id='word_1_250' title='bbox 1156 1991 1420 2049; x_wconf 88' lang='lat' dir='ltr'><strong>humana</strong></span> <span class='ocrx_word' id='word_1_251' title='bbox 1465 1994 1560 2049; x_wconf 90' lang='lat' dir='ltr'><strong>est</strong></span> <span class='ocrx_word' id='word_1_252' title='bbox 1600 1991 1792 2050; x_wconf 87' lang='lat' dir='ltr'><strong>forma</strong></span> <span class='ocrx_word' id='word_1_253' title='bbox 1844 1994 1902 2047; x_wconf 91' lang='lat' dir='ltr'><strong>et</strong></span> <span class='ocrx_word' id='word_1_254' title='bbox 1948 1994 2138 2059; x_wconf 81' lang='lat' dir='ltr'><strong>actuS,</strong></span> <span class='ocrx_word' id='word_1_255' title='bbox 2172 1988 2420 2047; x_wconf 90' lang='lat' dir='ltr'><strong>materia</strong></span> <span class='ocrx_word' id='word_1_256' title='bbox 2469 1994 2668 2045; x_wconf 86' lang='lat' dir='ltr'><strong>autem</strong></span> <span class='ocrx_word' id='word_1_257' title='bbox 2720 1988 2918 2061; x_wconf 83' lang='lat' dir='ltr'><strong>prima</strong></span> 
     </span>
    </p>

    <p class='ocr_par' dir='ltr' id='par_1_4' title="bbox 530 2070 913 2120">
     <span class='ocr_line' id='line_1_27' title="bbox 530 2070 913 2120; baseline -0.005 0"><span class='ocrx_word' id='word_1_258' title='bbox 530 2070 669 2120; x_wconf 89' lang='lat' dir='ltr'><strong>oten</strong></span> <span class='ocrx_word' id='word_1_259' title='bbox 698 2076 755 2119; x_wconf 81' lang='lat' dir='ltr'><strong>ia</strong></span> <span class='ocrx_word' id='word_1_260' title='bbox 782 2075 913 2119; x_wconf 91' lang='lat' dir='ltr'><strong>ens.</strong></span> 
     </span>
    </p>

    <p class='ocr_par' dir='ltr' id='par_1_5' title="bbox 489 2078 2917 2486">
     <span class='ocr_line' id='line_1_28' title="bbox 489 2078 2917 2204; baseline -0.002 -13"><span class='ocrx_word' id='word_1_261' title='bbox 489 2078 526 2135; x_wconf 73' lang='lat' dir='ltr'>p</span> <span class='ocrx_word' id='word_1_262' title='bbox 560 2132 730 2202; x_wconf 87' lang='lat' dir='ltr'><strong>Quod</strong></span> <span class='ocrx_word' id='word_1_263' title='bbox 760 2138 956 2190; x_wconf 89' lang='lat' dir='ltr'><strong>autem</strong></span> <span class='ocrx_word' id='word_1_264' title='bbox 985 2130 1194 2204; x_wconf 91' lang='lat' dir='ltr'><strong>quinta</strong></span> <span class='ocrx_word' id='word_1_265' title='bbox 1220 2130 1373 2189; x_wconf 88' lang='lat' dir='ltr'><strong>ratio</strong></span> <span class='ocrx_word' id='word_1_266' title='bbox 1404 2128 1776 2202; x_wconf 88' lang='lat' dir='ltr'><strong>proponebat</strong></span> <span class='ocrx_word' id='word_1_267' title='bbox 1820 2129 2046 2187; x_wconf 88' lang='lat' dir='ltr'><strong>nullam</strong></span> <span class='ocrx_word' id='word_1_268' title='bbox 2071 2129 2475 2200; x_wconf 87' lang='lat' dir='ltr'><strong>operationem</strong></span> <span class='ocrx_word' id='word_1_269' title='bbox 2558 2140 2700 2186; x_wconf 88' lang='lat' dir='ltr'><strong>osse</strong></span> <span class='ocrx_word' id='word_1_270' title='bbox 2729 2141 2917 2188; x_wconf 86' lang='lat' dir='ltr'><strong>rema-</strong></span> 
     </span>
     <span class='ocr_line' id='line_1_29' title="bbox 491 2143 2910 2283; baseline -0.001 -24"><span class='ocrx_word' id='word_1_271' title='bbox 491 2217 632 2260; x_wconf 91' lang='lat' dir='ltr'><strong>nere</strong></span> <span class='ocrx_word' id='word_1_272' title='bbox 662 2205 722 2259; x_wconf 91' lang='lat' dir='ltr'><strong>in</strong></span> <span class='ocrx_word' id='word_1_273' title='bbox 741 2203 961 2283; x_wconf 42' lang='lat' dir='ltr'><strong>anim-a,</strong></span> <span class='ocrx_word' id='word_1_274' title='bbox 992 2202 1046 2259; x_wconf 90' lang='lat' dir='ltr'><strong>si</strong></span> <span class='ocrx_word' id='word_1_275' title='bbox 1076 2216 1111 2258; x_wconf 91' lang='lat' dir='ltr'><strong>a</strong></span> <span class='ocrx_word' id='word_1_276' title='bbox 1135 2214 1383 2272; x_wconf 90' lang='lat' dir='ltr'><strong>corpore</strong></span> <span class='ocrx_word' id='word_1_277' title='bbox 1412 2204 1740 2272; x_wconf 81' lang='lat' dir='ltr'><strong>separetur,</strong></span> <span class='ocrx_word' id='word_1_278' title='bbox 1764 2172 2021 2258; x_wconf 72' lang='lat' dir='ltr'><strong>dicimus</strong></span> <span class='ocrx_word' id='word_1_279' title='bbox 2048 2213 2183 2257; x_wconf 90' lang='lat' dir='ltr'><strong>esse</strong></span> <span class='ocrx_word' id='word_1_280' title='bbox 2210 2198 2450 2280; x_wconf 78' lang='lat' dir='ltr'><strong>falsum.</strong></span> <span class='ocrx_word' id='word_1_281' title='bbox 2485 2143 2726 2279; x_wconf 48' lang='lat' dir='ltr'><strong>§fauent</strong></span> <span class='ocrx_word' id='word_1_282' title='bbox 2752 2200 2910 2256; x_wconf 92' lang='lat' dir='ltr'><strong>enim</strong></span> 
     </span>
     <span class='ocr_line' id='line_1_30' title="bbox 489 2267 2917 2345; baseline -0.002 -13"><span class='ocrx_word' id='word_1_283' title='bbox 489 2274 868 2345; x_wconf 84' lang='lat' dir='ltr'><strong>operationes</strong></span> <span class='ocrx_word' id='word_1_284' title='bbox 895 2273 1015 2329; x_wconf 84' lang='lat' dir='ltr'>111ae</span> <span class='ocrx_word' id='word_1_285' title='bbox 1043 2286 1174 2344; x_wconf 82' lang='lat' dir='ltr'><strong>quae</strong></span> <span class='ocrx_word' id='word_1_286' title='bbox 1199 2285 1306 2344; x_wconf 94' lang='lat' dir='ltr'><strong>per</strong></span> <span class='ocrx_word' id='word_1_287' title='bbox 1333 2284 1561 2344; x_wconf 87' lang='lat' dir='ltr'><strong>organa</strong></span> <span class='ocrx_word' id='word_1_288' title='bbox 1588 2284 1711 2330; x_wconf 91' lang='lat' dir='ltr'><strong>non</strong></span> <span class='ocrx_word' id='word_1_289' title='bbox 1740 2276 2125 2339; x_wconf 83' lang='lat' dir='ltr'><strong>exercentur;</strong></span> <span class='ocrx_word' id='word_1_290' title='bbox 2158 2267 2503 2341; x_wconf 70' lang='lat' dir='ltr'><strong>hujusmodi</strong></span> <span class='ocrx_word' id='word_1_291' title='bbox 2533 2274 2734 2328; x_wconf 87' lang='lat' dir='ltr'><strong>autem</strong></span> <span class='ocrx_word' id='word_1_292' title='bbox 2773 2275 2917 2328; x_wconf 87' lang='lat' dir='ltr'><strong>sunt</strong></span> 
     </span>
     <span class='ocr_line' id='line_1_31' title="bbox 490 2340 2916 2424; baseline -0.002 -23"><span class='ocrx_word' id='word_1_293' title='bbox 490 2344 823 2424; x_wconf 82' lang='lat' dir='ltr'><strong>intelligere</strong></span> <span class='ocrx_word' id='word_1_294' title='bbox 853 2349 911 2400; x_wconf 93' lang='lat' dir='ltr'><strong>et</strong></span> <span class='ocrx_word' id='word_1_295' title='bbox 925 2341 1094 2424; x_wconf 83' lang='lat' dir='ltr'><strong>velle.</strong></span> <span class='ocrx_word' id='word_1_296' title='bbox 1122 2344 1489 2424; x_wconf 69' lang='lat' dir='ltr'><strong>Quaeautem</strong></span> <span class='ocrx_word' id='word_1_297' title='bbox 1516 2355 1622 2414; x_wconf 89' lang='lat' dir='ltr'><strong>per</strong></span> <span class='ocrx_word' id='word_1_298' title='bbox 1648 2354 1875 2423; x_wconf 76' lang='lat' dir='ltr'><strong>organa</strong></span> <span class='ocrx_word' id='word_1_299' title='bbox 1904 2353 2191 2412; x_wconf 92' lang='lat' dir='ltr'><strong>corporea</strong></span> <span class='ocrx_word' id='word_1_300' title='bbox 2208 2345 2576 2410; x_wconf 83' lang='lat' dir='ltr'><strong>exercentur,</strong></span> <span class='ocrx_word' id='word_1_301' title='bbox 2598 2340 2761 2398; x_wconf 87' lang='lat' dir='ltr'><strong>sicut</strong></span> <span class='ocrx_word' id='word_1_302' title='bbox 2775 2345 2916 2398; x_wconf 87' lang='lat' dir='ltr'><strong>sunt</strong></span> 
     </span>
     <span class='ocr_line' id='line_1_32' title="bbox 489 2412 2470 2486; baseline -0.004 -13"><span class='ocrx_word' id='word_1_303' title='bbox 489 2421 868 2486; x_wconf 79' lang='lat' dir='ltr'><strong>operatlones</strong></span> <span class='ocrx_word' id='word_1_304' title='bbox 895 2427 1110 2471; x_wconf 79' lang='lat' dir='ltr'><strong>ammae</strong></span> <span class='ocrx_word' id='word_1_305' title='bbox 1137 2418 1431 2470; x_wconf 80' lang='lat' dir='ltr'><strong>nutritivae</strong></span> <span class='ocrx_word' id='word_1_306' title='bbox 1462 2418 1518 2470; x_wconf 91' lang='lat' dir='ltr'><strong>et</strong></span> <span class='ocrx_word' id='word_1_307' title='bbox 1547 2418 1870 2482; x_wconf 77' lang='lat' dir='ltr'><strong>sensitivae,</strong></span> <span class='ocrx_word' id='word_1_308' title='bbox 1903 2412 2030 2469; x_wconf 83' lang='lat' dir='ltr'><strong>haec</strong></span> <span class='ocrx_word' id='word_1_309' title='bbox 2055 2423 2180 2468; x_wconf 91' lang='lat' dir='ltr'><strong>non</strong></span> <span class='ocrx_word' id='word_1_310' title='bbox 2208 2416 2470 2468; x_wconf 90' lang='lat' dir='ltr'><strong>manent.</strong></span> 
     </span>
    </p>

    <p class='ocr_par' dir='ltr' id='par_1_6' title="bbox 487 2481 2917 3049">
     <span class='ocr_line' id='line_1_33' title="bbox 561 2481 2917 2556; baseline -0.001 -13"><span class='ocrx_word' id='word_1_311' title='bbox 561 2485 876 2543; x_wconf 89' lang='lat' dir='ltr'><strong>Sciendum</strong></span> <span class='ocrx_word' id='word_1_312' title='bbox 905 2490 1103 2542; x_wconf 89' lang='lat' dir='ltr'><strong>tamen</strong></span> <span class='ocrx_word' id='word_1_313' title='bbox 1133 2488 1224 2543; x_wconf 90' lang='lat' dir='ltr'><strong>est</strong></span> <span class='ocrx_word' id='word_1_314' title='bbox 1268 2483 1427 2556; x_wconf 88' lang='lat' dir='ltr'><strong>quod</strong></span> <span class='ocrx_word' id='word_1_315' title='bbox 1456 2482 1578 2542; x_wconf 90' lang='lat' dir='ltr'><strong>alio</strong></span> <span class='ocrx_word' id='word_1_316' title='bbox 1606 2483 1787 2542; x_wconf 89' lang='lat' dir='ltr'><strong>modo</strong></span> <span class='ocrx_word' id='word_1_317' title='bbox 1829 2481 2113 2555; x_wconf 87' lang='lat' dir='ltr'><strong>intelligit</strong></span> <span class='ocrx_word' id='word_1_318' title='bbox 2157 2481 2378 2549; x_wconf 88' lang='lat' dir='ltr'><strong>anima,</strong></span> <span class='ocrx_word' id='word_1_319' title='bbox 2410 2485 2685 2553; x_wconf 89' lang='lat' dir='ltr'><strong>separata</strong></span> <span class='ocrx_word' id='word_1_320' title='bbox 2726 2495 2763 2540; x_wconf 89' lang='lat' dir='ltr'><strong>a</strong></span> <span class='ocrx_word' id='word_1_321' title='bbox 2792 2494 2917 2540; x_wconf 89' lang='lat' dir='ltr'><strong>cor-</strong></span> 
     </span>
     <span class='ocr_line' id='line_1_34' title="bbox 487 2552 2916 2628; baseline -0.002 -15"><span class='ocrx_word' id='word_1_322' title='bbox 487 2568 633 2628; x_wconf 90' lang='lat' dir='ltr'><strong>pore</strong></span> <span class='ocrx_word' id='word_1_323' title='bbox 654 2562 711 2613; x_wconf 89' lang='lat' dir='ltr'><strong>et</strong></span> <span class='ocrx_word' id='word_1_324' title='bbox 746 2555 978 2627; x_wconf 89' lang='lat' dir='ltr'><strong>corpori</strong></span> <span class='ocrx_word' id='word_1_325' title='bbox 1007 2554 1195 2624; x_wconf 89' lang='lat' dir='ltr'><strong>unita,</strong></span> <span class='ocrx_word' id='word_1_326' title='bbox 1221 2555 1379 2613; x_wconf 87' lang='lat' dir='ltr'><strong>sicut</strong></span> <span class='ocrx_word' id='word_1_327' title='bbox 1402 2559 1460 2611; x_wconf 90' lang='lat' dir='ltr'><strong>et</strong></span> <span class='ocrx_word' id='word_1_328' title='bbox 1492 2553 1613 2612; x_wconf 85' lang='lat' dir='ltr'><strong>alio</strong></span> <span class='ocrx_word' id='word_1_329' title='bbox 1642 2554 1823 2612; x_wconf 91' lang='lat' dir='ltr'><strong>modo</strong></span> <span class='ocrx_word' id='word_1_330' title='bbox 1852 2559 1945 2612; x_wconf 86' lang='lat' dir='ltr'><strong>est</strong></span> <span class='ocrx_word' id='word_1_331' title='bbox 1967 2571 1982 2623; x_wconf 89' lang='lat'>;</span> <span class='ocrx_word' id='word_1_332' title='bbox 2006 2553 2476 2625; x_wconf 89' lang='lat' dir='ltr'><strong>unumquodque</strong></span> <span class='ocrx_word' id='word_1_333' title='bbox 2504 2552 2666 2610; x_wconf 91' lang='lat' dir='ltr'><strong>enim</strong></span> <span class='ocrx_word' id='word_1_334' title='bbox 2698 2565 2916 2611; x_wconf 87' lang='lat' dir='ltr'><strong>secun·</strong></span> 
     </span>
     <span class='ocr_line' id='line_1_35' title="bbox 490 2621 2917 2706; baseline -0.001 -22"><span class='ocrx_word' id='word_1_335' title='bbox 490 2627 631 2684; x_wconf 90' lang='lat' dir='ltr'><strong>dum</strong></span> <span class='ocrx_word' id='word_1_336' title='bbox 664 2626 779 2683; x_wconf 90' lang='lat' dir='ltr'><strong>hoc</strong></span> <span class='ocrx_word' id='word_1_337' title='bbox 808 2625 930 2706; x_wconf 81' lang='lat' dir='ltr'><strong>agit</strong></span> <span class='ocrx_word' id='word_1_338' title='bbox 958 2625 1288 2683; x_wconf 87' lang='lat' dir='ltr'><strong>secundum</strong></span> <span class='ocrx_word' id='word_1_339' title='bbox 1317 2624 1477 2698; x_wconf 90' lang='lat' dir='ltr'><strong>quod</strong></span> <span class='ocrx_word' id='word_1_340' title='bbox 1503 2632 1613 2683; x_wconf 91' lang='lat' dir='ltr'><strong>est.</strong></span> <span class='ocrx_word' id='word_1_341' title='bbox 1646 2627 1790 2684; x_wconf 84' lang='lat' dir='ltr'><strong>Esse</strong></span> <span class='ocrx_word' id='word_1_342' title='bbox 1819 2623 2055 2697; x_wconf 89' lang='lat' dir='ltr'><strong>quidem</strong></span> <span class='ocrx_word' id='word_1_343' title='bbox 2085 2623 2299 2681; x_wconf 83' lang='lat' dir='ltr'><strong>animae</strong></span> <span class='ocrx_word' id='word_1_344' title='bbox 2326 2624 2624 2691; x_wconf 71' lang='lat' dir='ltr'><strong>humanae,</strong></span> <span class='ocrx_word' id='word_1_345' title='bbox 2658 2621 2801 2680; x_wconf 90' lang='lat' dir='ltr'><strong>dum</strong></span> <span class='ocrx_word' id='word_1_346' title='bbox 2824 2627 2917 2681; x_wconf 84' lang='lat' dir='ltr'><strong>est</strong></span> 
     </span>
     <span class='ocr_line' id='line_1_36' title="bbox 490 2692 2914 2769; baseline -0.002 -14"><span class='ocrx_word' id='word_1_347' title='bbox 490 2697 726 2769; x_wconf 86' lang='lat' dir='ltr'><strong>corpori</strong></span> <span class='ocrx_word' id='word_1_348' title='bbox 757 2702 925 2755; x_wconf 80' lang='lat' dir='ltr'><strong>unita</strong></span> <span class='ocrx_word' id='word_1_349' title='bbox 977 2696 1089 2754; x_wconf 90' lang='lat' dir='ltr'><strong>etsi</strong></span> <span class='ocrx_word' id='word_1_350' title='bbox 1121 2696 1204 2754; x_wconf 89' lang='lat' dir='ltr'><strong>sit</strong></span> <span class='ocrx_word' id='word_1_351' title='bbox 1243 2695 1606 2764; x_wconf 89' lang='lat' dir='ltr'><strong>absolutum,</strong></span> <span class='ocrx_word' id='word_1_352' title='bbox 1638 2710 1676 2754; x_wconf 90' lang='lat' dir='ltr'><strong>a</strong></span> <span class='ocrx_word' id='word_1_353' title='bbox 1702 2708 1949 2766; x_wconf 83' lang='lat' dir='ltr'><strong>corpore</strong></span> <span class='ocrx_word' id='word_1_354' title='bbox 1983 2705 2106 2752; x_wconf 94' lang='lat' dir='ltr'><strong>non</strong></span> <span class='ocrx_word' id='word_1_355' title='bbox 2134 2692 2498 2766; x_wconf 89' lang='lat' dir='ltr'><strong>dependens,</strong></span> <span class='ocrx_word' id='word_1_356' title='bbox 2530 2698 2732 2750; x_wconf 86' lang='lat' dir='ltr'><strong>tamen</strong></span> <span class='ocrx_word' id='word_1_357' title='bbox 2763 2697 2914 2751; x_wconf 82' lang='lat' dir='ltr'><strong>stra·</strong></span> 
     </span>
     <span class='ocr_line' id='line_1_37' title="bbox 488 2738 2914 2839; baseline -0.002 -14"><span class='ocrx_word' id='word_1_358' title='bbox 488 2773 757 2825; x_wconf 90' lang='lat' dir='ltr'><strong>mentum</strong></span> <span class='ocrx_word' id='word_1_359' title='bbox 791 2738 1087 2839; x_wconf 77' lang='lat' dir='ltr'><strong>quoddam</strong></span> <span class='ocrx_word' id='word_1_360' title='bbox 1118 2766 1312 2838; x_wconf 89' lang='lat' dir='ltr'><strong>ipsius</strong></span> <span class='ocrx_word' id='word_1_361' title='bbox 1341 2771 1400 2823; x_wconf 91' lang='lat' dir='ltr'><strong>et</strong></span> <span class='ocrx_word' id='word_1_362' title='bbox 1424 2765 1757 2838; x_wconf 87' lang='lat' dir='ltr'><strong>subjectum</strong></span> <span class='ocrx_word' id='word_1_363' title='bbox 1786 2765 1987 2837; x_wconf 90' lang='lat' dir='ltr'><strong>ipsum</strong></span> <span class='ocrx_word' id='word_1_364' title='bbox 2011 2764 2307 2836; x_wconf 88' lang='lat' dir='ltr'><strong>recipiens</strong></span> <span class='ocrx_word' id='word_1_365' title='bbox 2336 2769 2427 2821; x_wconf 89' lang='lat' dir='ltr'><strong>est</strong></span> <span class='ocrx_word' id='word_1_366' title='bbox 2455 2776 2712 2835; x_wconf 88' lang='lat' dir='ltr'><strong>corpus;</strong></span> <span class='ocrx_word' id='word_1_367' title='bbox 2754 2762 2914 2821; x_wconf 90' lang='lat' dir='ltr'><strong>unde</strong></span> 
     </span>
     <span class='ocr_line' id='line_1_38' title="bbox 487 2833 2916 2910; baseline -0.001 -15"><span class='ocrx_word' id='word_1_368' title='bbox 487 2843 550 2895; x_wconf 90' lang='lat' dir='ltr'><strong>et</strong></span> <span class='ocrx_word' id='word_1_369' title='bbox 603 2843 1039 2910; x_wconf 88' lang='lat' dir='ltr'><strong>consequenter</strong></span> <span class='ocrx_word' id='word_1_370' title='bbox 1094 2838 1359 2908; x_wconf 89' lang='lat' dir='ltr'><strong>operatio</strong></span> <span class='ocrx_word' id='word_1_371' title='bbox 1405 2838 1647 2909; x_wconf 89' lang='lat' dir='ltr'><strong>propria</strong></span> <span class='ocrx_word' id='word_1_372' title='bbox 1699 2835 1851 2909; x_wconf 87' lang='lat' dir='ltr'><strong>ejus,</strong></span> <span class='ocrx_word' id='word_1_373' title='bbox 1905 2850 2036 2908; x_wconf 82' lang='lat' dir='ltr'><strong>quae</strong></span> <span class='ocrx_word' id='word_1_374' title='bbox 2083 2839 2176 2893; x_wconf 90' lang='lat' dir='ltr'><strong>est</strong></span> <span class='ocrx_word' id='word_1_375' title='bbox 2220 2834 2554 2906; x_wconf 89' lang='lat' dir='ltr'><strong>intelligere</strong></span> <span class='ocrx_word' id='word_1_376' title='bbox 2622 2833 2737 2892; x_wconf 89' lang='lat' dir='ltr'><strong>etsi</strong></span> <span class='ocrx_word' id='word_1_377' title='bbox 2788 2845 2916 2893; x_wconf 91' lang='lat' dir='ltr'><strong>non</strong></span> 
     </span>
     <span class='ocr_line' id='line_1_39' title="bbox 490 2875 2914 2988; baseline -0.001 -23"><span class='ocrx_word' id='word_1_378' title='bbox 490 2908 821 2987; x_wconf 88' lang='lat' dir='ltr'><strong>dependeat</strong></span> <span class='ocrx_word' id='word_1_379' title='bbox 836 2922 883 2988; x_wconf 36' lang='lat' dir='ltr'><strong>&#39;a</strong></span> <span class='ocrx_word' id='word_1_380' title='bbox 907 2919 1156 2979; x_wconf 89' lang='lat' dir='ltr'><strong>corpore</strong></span> <span class='ocrx_word' id='word_1_381' title='bbox 1185 2906 1372 2987; x_wconf 42' lang='lat' dir='ltr'><strong>quasi,</strong></span> <span class='ocrx_word' id='word_1_382' title='bbox 1388 2921 1492 2978; x_wconf 86' lang='lat' dir='ltr'><strong>per</strong></span> <span class='ocrx_word' id='word_1_383' title='bbox 1517 2920 1808 2978; x_wconf 90' lang='lat' dir='ltr'><strong>organum</strong></span> <span class='ocrx_word' id='word_1_384' title='bbox 1841 2904 2148 2978; x_wconf 88' lang='lat' dir='ltr'><strong>corporale</strong></span> <span class='ocrx_word' id='word_1_385' title='bbox 2177 2904 2454 2971; x_wconf 83' lang='lat' dir='ltr'><strong>exercita,</strong></span> <span class='ocrx_word' id='word_1_386' title='bbox 2483 2875 2662 2962; x_wconf 75' lang='lat' dir='ltr'><strong>habet</strong></span> <span class='ocrx_word' id='word_1_387' title='bbox 2708 2912 2914 2963; x_wconf 88' lang='lat' dir='ltr'><strong>tamen</strong></span> 
     </span>
     <span class='ocr_line' id='line_1_40' title="bbox 489 2975 2915 3049; baseline -0.001 -13"><span class='ocrx_word' id='word_1_388' title='bbox 489 2977 786 3049; x_wconf 79' lang='lat' dir='ltr'><strong>obJectum</strong></span> <span class='ocrx_word' id='word_1_389' title='bbox 832 2991 894 3033; x_wconf 83' lang='lat' dir='ltr'><strong>in</strong></span> <span class='ocrx_word' id='word_1_390' title='bbox 941 2990 1212 3049; x_wconf 88' lang='lat' dir='ltr'><strong>corpore,</strong></span> <span class='ocrx_word' id='word_1_391' title='bbox 1243 2976 1474 3035; x_wconf 76' lang='lat' dir='ltr'><strong>scilicet</strong></span> <span class='ocrx_word' id='word_1_392' title='bbox 1516 2977 1910 3047; x_wconf 80' lang='lat' dir='ltr'><strong>phantasma3</strong></span> <span class='ocrx_word' id='word_1_393' title='bbox 1956 2976 2135 3047; x_wconf 91' lang='lat' dir='ltr'><strong>unde,</strong></span> <span class='ocrx_word' id='word_1_394' title='bbox 2167 2975 2451 3047; x_wconf 78' lang='lat' dir='ltr'><strong>quamdiu</strong></span> <span class='ocrx_word' id='word_1_395' title='bbox 2501 2980 2592 3032; x_wconf 89' lang='lat' dir='ltr'><strong>est</strong></span> <span class='ocrx_word' id='word_1_396' title='bbox 2618 2975 2824 3033; x_wconf 90' lang='lat' dir='ltr'><strong>anima</strong></span> <span class='ocrx_word' id='word_1_397' title='bbox 2850 2975 2915 3033; x_wconf 89' lang='lat' dir='ltr'><strong>in</strong></span> 
     </span>
    </p>
   </div>
   <div class='ocr_carea' id='block_1_3' title="bbox 369 3044 2916 3134">
    <p class='ocr_par' dir='ltr' id='par_1_7' title="bbox 369 3044 2916 3134">
     <span class='ocr_line' id='line_1_41' title="bbox 369 3044 2916 3134; baseline -0.001 -26"><span class='ocrx_word' id='word_1_398' title='bbox 369 3126 384 3134; x_wconf 29' lang='grc' dir='ltr'>ρ</span> <span class='ocrx_word' id='word_1_399' title='bbox 488 3060 758 3119; x_wconf 83' lang='lat' dir='ltr'><strong>corpore,</strong></span> <span class='ocrx_word' id='word_1_400' title='bbox 784 3060 908 3104; x_wconf 91' lang='lat' dir='ltr'><strong>non</strong></span> <span class='ocrx_word' id='word_1_401' title='bbox 934 3052 1130 3119; x_wconf 89' lang='lat' dir='ltr'><strong>potest</strong></span> <span class='ocrx_word' id='word_1_402' title='bbox 1165 3047 1495 3119; x_wconf 89' lang='lat' dir='ltr'><strong>intelligere</strong></span> <span class='ocrx_word' id='word_1_403' title='bbox 1524 3049 1657 3105; x_wconf 90' lang='lat' dir='ltr'><strong>sine</strong></span> <span class='ocrx_word' id='word_1_404' title='bbox 1686 3048 2119 3119; x_wconf 86' lang='lat' dir='ltr'><strong>phantasmate,</strong></span> <span class='ocrx_word' id='word_1_405' title='bbox 2138 3058 2249 3103; x_wconf 91' lang='lat' dir='ltr'><strong>nec</strong></span> <span class='ocrx_word' id='word_1_406' title='bbox 2266 3045 2442 3103; x_wconf 89' lang='lat' dir='ltr'><strong>etiam</strong></span> <span class='ocrx_word' id='word_1_407' title='bbox 2462 3044 2770 3104; x_wconf 89' lang='lat' dir='ltr'><strong>reminisci</strong></span> <span class='ocrx_word' id='word_1_408' title='bbox 2791 3044 2916 3106; x_wconf 84' lang='lat' dir='ltr'><strong>nisi</strong></span> 
     </span>
    </p>
   </div>
   <div class='ocr_carea' id='block_1_4' title="bbox 485 3116 2917 3191">
    <p class='ocr_par' dir='ltr' id='par_1_8' title="bbox 485 3116 2917 3191">
     <span class='ocr_line' id='line_1_42' title="bbox 485 3116 2917 3191; baseline -0 -16"><span class='ocrx_word' id='word_1_409' title='bbox 485 3132 596 3191; x_wconf 91' lang='lat' dir='ltr'><strong>per</strong></span> <span class='ocrx_word' id='word_1_410' title='bbox 622 3118 897 3175; x_wconf 84' lang='lat' dir='ltr'><strong>virtutem</strong></span> <span class='ocrx_word' id='word_1_411' title='bbox 927 3117 1305 3190; x_wconf 85' lang='lat' dir='ltr'><strong>cogitativam</strong></span> <span class='ocrx_word' id='word_1_412' title='bbox 1334 3123 1394 3174; x_wconf 85' lang='lat' dir='ltr'><strong>et</strong></span> <span class='ocrx_word' id='word_1_413' title='bbox 1420 3118 1868 3175; x_wconf 86' lang='lat' dir='ltr'><strong>memorativam</strong></span> <span class='ocrx_word' id='word_1_414' title='bbox 1891 3131 1997 3188; x_wconf 89' lang='lat' dir='ltr'><strong>per</strong></span> <span class='ocrx_word' id='word_1_415' title='bbox 2028 3130 2206 3190; x_wconf 90' lang='lat' dir='ltr'><strong>quam</strong></span> <span class='ocrx_word' id='word_1_416' title='bbox 2279 3116 2656 3173; x_wconf 87' lang='lat' dir='ltr'><strong>hantasmata</strong></span> <span class='ocrx_word' id='word_1_417' title='bbox 2685 3129 2917 3187; x_wconf 83' lang='lat' dir='ltr'><strong>praepa-</strong></span> 
     </span>
    </p>
   </div>
   <div class='ocr_carea' id='block_1_5' title="bbox 488 3185 3019 3260">
    <p class='ocr_par' dir='ltr' id='par_1_9' title="bbox 488 3185 3019 3260">
     <span class='ocr_line' id='line_1_43' title="bbox 488 3185 3019 3260; baseline 0 -14"><span class='ocrx_word' id='word_1_418' title='bbox 488 3192 716 3258; x_wconf 89' lang='lat' dir='ltr'><strong>rantur,</strong></span> <span class='ocrx_word' id='word_1_419' title='bbox 744 3193 808 3246; x_wconf 87' lang='lat' dir='ltr'><strong>ut</strong></span> <span class='ocrx_word' id='word_1_420' title='bbox 837 3202 909 3246; x_wconf 89' lang='lat' dir='ltr'><strong>ex</strong></span> <span class='ocrx_word' id='word_1_421' title='bbox 937 3186 1112 3245; x_wconf 91' lang='lat' dir='ltr'><strong>dictis</strong></span> <span class='ocrx_word' id='word_1_422' title='bbox 1143 3187 1216 3259; x_wconf 90' lang='lat' dir='ltr'><strong>(c.</strong></span> <span class='ocrx_word' id='word_1_423' title='bbox 1246 3187 1339 3260; x_wconf 86' lang='grc'><strong>73)</strong></span> <span class='ocrx_word' id='word_1_424' title='bbox 1368 3193 1565 3258; x_wconf 89' lang='lat' dir='ltr'><strong>patet;</strong></span> <span class='ocrx_word' id='word_1_425' title='bbox 1597 3193 1654 3246; x_wconf 91' lang='lat' dir='ltr'><strong>et</strong></span> <span class='ocrx_word' id='word_1_426' title='bbox 1685 3193 1925 3259; x_wconf 89' lang='lat' dir='ltr'><strong>propter</strong></span> <span class='ocrx_word' id='word_1_427' title='bbox 1953 3188 2087 3257; x_wconf 89' lang='lat' dir='ltr'><strong>hoc,</strong></span> <span class='ocrx_word' id='word_1_428' title='bbox 2119 3187 2241 3244; x_wconf 92' lang='lat' dir='ltr'><strong>inte</strong></span> <span class='ocrx_word' id='word_1_429' title='bbox 2270 3187 2453 3258; x_wconf 87' lang='lat' dir='ltr'><strong>ligere</strong></span> <span class='ocrx_word' id='word_1_430' title='bbox 2486 3187 2792 3258; x_wconf 87' lang='lat' dir='ltr'><strong>(quantum</strong></span> <span class='ocrx_word' id='word_1_431' title='bbox 2838 3185 2917 3246; x_wconf 79' lang='lat' dir='ltr'><strong>ad</strong></span> <span class='ocrx_word' id='word_1_432' title='bbox 3014 3195 3019 3203; x_wconf 86' lang='lat'>‘</span> 
     </span>
    </p>
   </div>
   <div class='ocr_carea' id='block_1_6' title="bbox 483 3255 2921 4389">
    <p class='ocr_par' dir='ltr' id='par_1_10' title="bbox 484 3255 2921 3825">
     <span class='ocr_line' id='line_1_44' title="bbox 489 3255 2917 3332; baseline -0 -14"><span class='ocrx_word' id='word_1_433' title='bbox 489 3258 649 3318; x_wconf 92' lang='lat' dir='ltr'><strong>hunc</strong></span> <span class='ocrx_word' id='word_1_434' title='bbox 678 3258 944 3332; x_wconf 89' lang='lat' dir='ltr'><strong>modum)</strong></span> <span class='ocrx_word' id='word_1_435' title='bbox 975 3264 1034 3316; x_wconf 90' lang='lat' dir='ltr'><strong>et</strong></span> <span class='ocrx_word' id='word_1_436' title='bbox 1061 3255 1338 3315; x_wconf 89' lang='lat' dir='ltr'><strong>similiter</strong></span> <span class='ocrx_word' id='word_1_437' title='bbox 1380 3258 1687 3316; x_wconf 86' lang='lat' dir='ltr'><strong>reminisci</strong></span> <span class='ocrx_word' id='word_1_438' title='bbox 1727 3257 2071 3328; x_wconf 86' lang='lat' dir='ltr'><strong>destruitur,</strong></span> <span class='ocrx_word' id='word_1_439' title='bbox 2112 3270 2360 3330; x_wconf 89' lang='lat' dir='ltr'><strong>corpore</strong></span> <span class='ocrx_word' id='word_1_440' title='bbox 2409 3257 2733 3315; x_wconf 77' lang='lat' dir='ltr'><strong>destructo,</strong></span> <span class='ocrx_word' id='word_1_441' title='bbox 2765 3258 2917 3317; x_wconf 77' lang='lat' dir='ltr'><strong>Esse</strong></span> 
     </span>
     <span class='ocr_line' id='line_1_45' title="bbox 487 3326 2921 3402; baseline 0 -17"><span class='ocrx_word' id='word_1_442' title='bbox 487 3343 628 3388; x_wconf 86' lang='lat' dir='ltr'><strong>vero</strong></span> <span class='ocrx_word' id='word_1_443' title='bbox 671 3330 885 3387; x_wconf 85' lang='lat' dir='ltr'><strong>animae</strong></span> <span class='ocrx_word' id='word_1_444' title='bbox 925 3333 1213 3399; x_wconf 83' lang='lat' dir='ltr'><strong>separatae</strong></span> <span class='ocrx_word' id='word_1_445' title='bbox 1243 3334 1336 3387; x_wconf 90' lang='lat' dir='ltr'><strong>est</strong></span> <span class='ocrx_word' id='word_1_446' title='bbox 1375 3328 1491 3400; x_wconf 91' lang='lat' dir='ltr'><strong>ipsi</strong></span> <span class='ocrx_word' id='word_1_447' title='bbox 1536 3329 1654 3388; x_wconf 92' lang='lat' dir='ltr'><strong>soli</strong></span> <span class='ocrx_word' id='word_1_448' title='bbox 1685 3328 1912 3402; x_wconf 90' lang='lat' dir='ltr'><strong>absque</strong></span> <span class='ocrx_word' id='word_1_449' title='bbox 1939 3340 2226 3401; x_wconf 87' lang='lat' dir='ltr'><strong>corpore;</strong></span> <span class='ocrx_word' id='word_1_450' title='bbox 2256 3326 2416 3386; x_wconf 92' lang='lat' dir='ltr'><strong>unde</strong></span> <span class='ocrx_word' id='word_1_451' title='bbox 2443 3341 2553 3385; x_wconf 88' lang='lat' dir='ltr'><strong>nec</strong></span> <span class='ocrx_word' id='word_1_452' title='bbox 2594 3326 2727 3398; x_wconf 88' lang='lat' dir='ltr'><strong>ejus</strong></span> <span class='ocrx_word' id='word_1_453' title='bbox 2777 3340 2921 3400; x_wconf 88' lang='lat' dir='ltr'><strong>ope-</strong></span> 
     </span>
     <span class='ocr_line' id='line_1_46' title="bbox 487 3396 2916 3478; baseline 0 -22"><span class='ocrx_word' id='word_1_454' title='bbox 487 3401 662 3469; x_wconf 85' lang='lat' dir='ltr'><strong>ratio,</strong></span> <span class='ocrx_word' id='word_1_455' title='bbox 691 3414 823 3471; x_wconf 82' lang='lat' dir='ltr'><strong>quae</strong></span> <span class='ocrx_word' id='word_1_456' title='bbox 853 3404 945 3458; x_wconf 90' lang='lat' dir='ltr'><strong>est</strong></span> <span class='ocrx_word' id='word_1_457' title='bbox 973 3398 1328 3470; x_wconf 91' lang='lat' dir='ltr'><strong>intelligere,</strong></span> <span class='ocrx_word' id='word_1_458' title='bbox 1359 3399 1691 3471; x_wconf 85' lang='lat' dir='ltr'><strong>explebitur</strong></span> <span class='ocrx_word' id='word_1_459' title='bbox 1716 3414 1823 3471; x_wconf 91' lang='lat' dir='ltr'><strong>per</strong></span> <span class='ocrx_word' id='word_1_460' title='bbox 1850 3403 2184 3471; x_wconf 89' lang='lat' dir='ltr'><strong>respectum</strong></span> <span class='ocrx_word' id='word_1_461' title='bbox 2226 3396 2303 3456; x_wconf 86' lang='lat' dir='ltr'><strong>acl</strong></span> <span class='ocrx_word' id='word_1_462' title='bbox 2330 3397 2408 3455; x_wconf 87' lang='lat' dir='ltr'><strong>ali</strong></span> <span class='ocrx_word' id='word_1_463' title='bbox 2456 3412 2533 3455; x_wconf 87' lang='lat' dir='ltr'><strong>ua</strong></span> <span class='ocrx_word' id='word_1_464' title='bbox 2569 3397 2804 3478; x_wconf 82' lang='lat' dir='ltr'><strong>objecta</strong></span> <span class='ocrx_word' id='word_1_465' title='bbox 2848 3399 2916 3457; x_wconf 91' lang='lat' dir='ltr'><strong>in</strong></span> 
     </span>
     <span class='ocr_line' id='line_1_47' title="bbox 487 3468 2918 3543; baseline -0.001 -16"><span class='ocrx_word' id='word_1_466' title='bbox 487 3471 794 3542; x_wconf 91' lang='lat' dir='ltr'><strong>corporeis</strong></span> <span class='ocrx_word' id='word_1_467' title='bbox 827 3469 1072 3543; x_wconf 81' lang='lat' dir='ltr'><strong>organis</strong></span> <span class='ocrx_word' id='word_1_468' title='bbox 1097 3469 1467 3539; x_wconf 83' lang='lat' dir='ltr'><strong>exsistentia,</strong></span> <span class='ocrx_word' id='word_1_469' title='bbox 1499 3484 1633 3543; x_wconf 83' lang='lat' dir='ltr'><strong>quae</strong></span> <span class='ocrx_word' id='word_1_470' title='bbox 1662 3476 1804 3529; x_wconf 88' lang='lat' dir='ltr'><strong>sunt</strong></span> <span class='ocrx_word' id='word_1_471' title='bbox 1847 3470 2302 3542; x_wconf 87' lang='lat' dir='ltr'><strong>phantasmata;</strong></span> <span class='ocrx_word' id='word_1_472' title='bbox 2336 3482 2402 3526; x_wconf 89' lang='lat' dir='ltr'><strong>se</strong></span> <span class='ocrx_word' id='word_1_473' title='bbox 2470 3468 2765 3541; x_wconf 77' lang='lat' dir='ltr'><strong>intelliget</strong></span> <span class='ocrx_word' id='word_1_474' title='bbox 2805 3481 2918 3540; x_wconf 88' lang='lat' dir='ltr'><strong>per</strong></span> 
     </span>
     <span class='ocr_line' id='line_1_48' title="bbox 488 3538 2918 3613; baseline -0 -15"><span class='ocrx_word' id='word_1_475' title='bbox 488 3542 771 3611; x_wconf 90' lang='lat' dir='ltr'><strong>seipsam,</strong></span> <span class='ocrx_word' id='word_1_476' title='bbox 802 3554 908 3611; x_wconf 88' lang='lat' dir='ltr'><strong>per</strong></span> <span class='ocrx_word' id='word_1_477' title='bbox 932 3540 1176 3598; x_wconf 90' lang='lat' dir='ltr'><strong>modum</strong></span> <span class='ocrx_word' id='word_1_478' title='bbox 1214 3539 1685 3599; x_wconf 88' lang='lat' dir='ltr'><strong>substantiarum</strong></span> <span class='ocrx_word' id='word_1_479' title='bbox 1715 3553 1846 3613; x_wconf 84' lang='lat' dir='ltr'><strong>quae</strong></span> <span class='ocrx_word' id='word_1_480' title='bbox 1876 3546 2018 3598; x_wconf 90' lang='lat' dir='ltr'><strong>sunt</strong></span> <span class='ocrx_word' id='word_1_481' title='bbox 2058 3539 2323 3598; x_wconf 88' lang='lat' dir='ltr'><strong>totaliter</strong></span> <span class='ocrx_word' id='word_1_482' title='bbox 2349 3538 2683 3597; x_wconf 88' lang='lat' dir='ltr'><strong>secundum</strong></span> <span class='ocrx_word' id='word_1_483' title='bbox 2711 3551 2854 3596; x_wconf 90' lang='lat' dir='ltr'><strong>esse</strong></span> <span class='ocrx_word' id='word_1_484' title='bbox 2878 3552 2918 3598; x_wconf 81' lang='lat' dir='ltr'><strong>a</strong></span> 
     </span>
     <span class='ocr_line' id='line_1_49' title="bbox 487 3607 2911 3738; baseline 0 -71"><span class='ocrx_word' id='word_1_485' title='bbox 487 3610 840 3682; x_wconf 87' lang='lat' dir='ltr'><strong>corporibus</strong></span> <span class='ocrx_word' id='word_1_486' title='bbox 883 3615 1191 3692; x_wconf 69' lang='lat' dir='ltr'><strong>separatae,</strong></span> <span class='ocrx_word' id='word_1_487' title='bbox 1221 3610 1292 3670; x_wconf 93' lang='lat' dir='ltr'><strong>de</strong></span> <span class='ocrx_word' id='word_1_488' title='bbox 1336 3611 1557 3685; x_wconf 89' lang='lat' dir='ltr'><strong>quibus</strong></span> <span class='ocrx_word' id='word_1_489' title='bbox 1586 3611 1845 3738; x_wconf 43' lang='lat' dir='ltr'><strong>infraffc.</strong></span> <span class='ocrx_word' id='word_1_490' title='bbox 1879 3609 2094 3682; x_wconf 65' lang='lat' dir='ltr'><strong>tlt-lot)</strong></span> <span class='ocrx_word' id='word_1_491' title='bbox 2126 3613 2354 3682; x_wconf 86' lang='lat' dir='ltr'><strong>agetur,</strong></span> <span class='ocrx_word' id='word_1_492' title='bbox 2386 3622 2423 3666; x_wconf 91' lang='lat' dir='ltr'><strong>a</strong></span> <span class='ocrx_word' id='word_1_493' title='bbox 2466 3607 2689 3689; x_wconf 82' lang='lat' dir='ltr'><strong>quibus</strong></span> <span class='ocrx_word' id='word_1_494' title='bbox 2724 3609 2911 3668; x_wconf 86' lang='lat' dir='ltr'><strong>etiam</strong></span> 
     </span>
     <span class='ocr_line' id='line_1_50' title="bbox 484 3677 2916 3761; baseline -0 -23"><span class='ocrx_word' id='word_1_495' title='bbox 484 3687 769 3761; x_wconf 87' lang='lat' dir='ltr'><strong>tanquam</strong></span> <span class='ocrx_word' id='word_1_496' title='bbox 816 3696 852 3739; x_wconf 90' lang='lat' dir='ltr'><strong>a</strong></span> <span class='ocrx_word' id='word_1_497' title='bbox 900 3680 1334 3753; x_wconf 80' lang='lat' dir='ltr'><strong>superlorlhus,</strong></span> <span class='ocrx_word' id='word_1_498' title='bbox 1379 3681 1626 3740; x_wconf 91' lang='lat' dir='ltr'><strong>uberius</strong></span> <span class='ocrx_word' id='word_1_499' title='bbox 1682 3682 1743 3738; x_wconf 92' lang='lat' dir='ltr'><strong>in</strong></span> <span class='ocrx_word' id='word_1_500' title='bbox 1793 3682 2052 3739; x_wconf 88' lang='lat' dir='ltr'><strong>uentiam</strong></span> <span class='ocrx_word' id='word_1_501' title='bbox 2110 3681 2373 3751; x_wconf 89' lang='lat' dir='ltr'><strong>recipere</strong></span> <span class='ocrx_word' id='word_1_502' title='bbox 2417 3684 2637 3750; x_wconf 80' lang='lat' dir='ltr'><strong>poterit</strong></span> <span class='ocrx_word' id='word_1_503' title='bbox 2664 3677 2739 3737; x_wconf 89' lang='lat' dir='ltr'><strong>ad</strong></span> <span class='ocrx_word' id='word_1_504' title='bbox 2780 3692 2916 3751; x_wconf 77' lang='lat' dir='ltr'><strong>pet,-</strong></span> 
     </span>
     <span class='ocr_line' id='line_1_51' title="bbox 487 3750 1210 3825; baseline 0 -17"><span class='ocrx_word' id='word_1_505' title='bbox 487 3753 707 3810; x_wconf 81' lang='lat' dir='ltr'><strong>fectius</strong></span> <span class='ocrx_word' id='word_1_506' title='bbox 733 3750 1210 3825; x_wconf 87' lang='lat' dir='ltr'><strong>intelligendum.</strong></span> 
     </span>
    </p>

    <p class='ocr_par' dir='ltr' id='par_1_11' title="bbox 485 3819 2916 4088">
     <span class='ocr_line' id='line_1_52' title="bbox 533 3819 2916 3948; baseline 0 -69"><span class='ocrx_word' id='word_1_507' title='bbox 533 3823 739 3902; x_wconf 28' lang='lat' dir='ltr'><strong>‘Cujus</strong></span> <span class='ocrx_word' id='word_1_508' title='bbox 784 3822 1046 3902; x_wconf 42' lang='lat' dir='ltr'><strong>signum,</strong></span> <span class='ocrx_word' id='word_1_509' title='bbox 1073 3821 1251 3880; x_wconf 90' lang='lat' dir='ltr'><strong>etiam</strong></span> <span class='ocrx_word' id='word_1_510' title='bbox 1279 3821 1340 3880; x_wconf 90' lang='lat' dir='ltr'><strong>in</strong></span> <span class='ocrx_word' id='word_1_511' title='bbox 1370 3821 1707 3880; x_wconf 83' lang='lat' dir='ltr'><strong>viventibus</strong></span> <span class='ocrx_word' id='word_1_512' title='bbox 1737 3825 1997 3902; x_wconf 81' lang='lat' dir='ltr'><strong>apparet.</strong></span> <span class='ocrx_word' id='word_1_513' title='bbox 2028 3823 2174 3879; x_wconf 87' lang='lat' dir='ltr'><strong>Nam</strong></span> <span class='ocrx_word' id='word_1_514' title='bbox 2197 3819 2419 3900; x_wconf 75' lang='lat' dir='ltr'><strong>anima,</strong></span> <span class='ocrx_word' id='word_1_515' title='bbox 2452 3820 2696 3900; x_wconf 83' lang='lat' dir='ltr'><strong>quando</strong></span> <span class='ocrx_word' id='word_1_516' title='bbox 2723 3819 2916 3948; x_wconf 63' lang='lat' dir='ltr'><strong>impe-</strong></span> 
     </span>
     <span class='ocr_line' id='line_1_53' title="bbox 487 3889 2913 3964; baseline -0 -15"><span class='ocrx_word' id='word_1_517' title='bbox 487 3893 646 3949; x_wconf 78' lang='lat' dir='ltr'><strong>ditur</strong></span> <span class='ocrx_word' id='word_1_518' title='bbox 674 3892 749 3950; x_wconf 87' lang='lat' dir='ltr'><strong>ab</strong></span> <span class='ocrx_word' id='word_1_519' title='bbox 777 3898 1168 3964; x_wconf 80' lang='lat' dir='ltr'><strong>occupatione</strong></span> <span class='ocrx_word' id='word_1_520' title='bbox 1196 3893 1357 3950; x_wconf 89' lang='lat' dir='ltr'><strong>circa</strong></span> <span class='ocrx_word' id='word_1_521' title='bbox 1390 3903 1609 3963; x_wconf 89' lang='lat' dir='ltr'><strong>corpus</strong></span> <span class='ocrx_word' id='word_1_522' title='bbox 1637 3905 1965 3963; x_wconf 81' lang='lat' dir='ltr'><strong>proprium,</strong></span> <span class='ocrx_word' id='word_1_523' title='bbox 1995 3890 2262 3949; x_wconf 90' lang='lat' dir='ltr'><strong>redditur</strong></span> <span class='ocrx_word' id='word_1_524' title='bbox 2287 3890 2541 3948; x_wconf 78' lang='lat' dir='ltr'><strong>debllior</strong></span> <span class='ocrx_word' id='word_1_525' title='bbox 2567 3889 2644 3947; x_wconf 89' lang='lat' dir='ltr'><strong>ad</strong></span> <span class='ocrx_word' id='word_1_526' title='bbox 2689 3890 2814 3948; x_wconf 89' lang='lat' dir='ltr'><strong>inte</strong></span> <span class='ocrx_word' id='word_1_527' title='bbox 2842 3890 2913 3948; x_wconf 89' lang='lat' dir='ltr'><strong>li·</strong></span> 
     </span>
     <span class='ocr_line' id='line_1_54' title="bbox 485 3961 2911 4088; baseline 0.001 -70"><span class='ocrx_word' id='word_1_528' title='bbox 485 3962 744 4088; x_wconf 56' lang='lat' dir='ltr'><strong>gendum</strong></span> <span class='ocrx_word' id='word_1_529' title='bbox 792 3962 995 4036; x_wconf 90' lang='lat' dir='ltr'><strong>aliqua</strong></span> <span class='ocrx_word' id='word_1_530' title='bbox 1040 3962 1290 4031; x_wconf 88' lang='lat' dir='ltr'><strong>altiora;</strong></span> <span class='ocrx_word' id='word_1_531' title='bbox 1338 3961 1495 4020; x_wconf 90' lang='lat' dir='ltr'><strong>unde</strong></span> <span class='ocrx_word' id='word_1_532' title='bbox 1552 3967 1610 4019; x_wconf 88' lang='lat' dir='ltr'><strong>et</strong></span> <span class='ocrx_word' id='word_1_533' title='bbox 1655 3963 1845 4021; x_wconf 81' lang='lat' dir='ltr'><strong>virtus</strong></span> <span class='ocrx_word' id='word_1_534' title='bbox 1886 3961 2313 4033; x_wconf 82' lang='lat' dir='ltr'><strong>temperantiae,</strong></span> <span class='ocrx_word' id='word_1_535' title='bbox 2341 3975 2473 4033; x_wconf 79' lang='lat' dir='ltr'><strong>quae</strong></span> <span class='ocrx_word' id='word_1_536' title='bbox 2521 3976 2558 4018; x_wconf 87' lang='lat' dir='ltr'><strong>a</strong></span> <span class='ocrx_word' id='word_1_537' title='bbox 2601 3961 2911 4032; x_wconf 82' lang='lat' dir='ltr'><strong>corporeis</strong></span> 
     </span>
    </p>

    <p class='ocr_par' dir='ltr' id='par_1_12' title="bbox 483 4030 2915 4389">
     <span class='ocr_line' id='line_1_55' title="bbox 527 4030 2909 4104; baseline 0 -16"><span class='ocrx_word' id='word_1_538' title='bbox 527 4032 980 4092; x_wconf 88' lang='lat' dir='ltr'><strong>electationibus</strong></span> <span class='ocrx_word' id='word_1_539' title='bbox 999 4032 1244 4092; x_wconf 88' lang='lat' dir='ltr'><strong>retrahit</strong></span> <span class='ocrx_word' id='word_1_540' title='bbox 1260 4032 1543 4102; x_wconf 88' lang='lat' dir='ltr'><strong>animam,</strong></span> <span class='ocrx_word' id='word_1_541' title='bbox 1564 4034 1861 4104; x_wconf 82' lang='lat' dir='ltr'><strong>praecipue</strong></span> <span class='ocrx_word' id='word_1_542' title='bbox 1891 4032 2030 4090; x_wconf 88' lang='lat' dir='ltr'><strong>facit</strong></span> <span class='ocrx_word' id='word_1_543' title='bbox 2054 4031 2332 4090; x_wconf 90' lang='lat' dir='ltr'><strong>homines</strong></span> <span class='ocrx_word' id='word_1_544' title='bbox 2352 4030 2426 4090; x_wconf 90' lang='lat' dir='ltr'><strong>ad</strong></span> <span class='ocrx_word' id='word_1_545' title='bbox 2447 4031 2909 4104; x_wconf 86' lang='lat' dir='ltr'><strong>intelligendum</strong></span> 
     </span>
     <span class='ocr_line' id='line_1_56' title="bbox 485 4101 2912 4176; baseline 0.001 -19"><span class='ocrx_word' id='word_1_546' title='bbox 485 4107 657 4172; x_wconf 90' lang='lat' dir='ltr'><strong>aptos</strong></span> <span class='ocrx_word' id='word_1_547' title='bbox 686 4120 703 4166; x_wconf 88' lang='lat'><strong>;</strong></span> <span class='ocrx_word' id='word_1_548' title='bbox 759 4104 1036 4162; x_wconf 84' lang='lat' dir='ltr'><strong>homines</strong></span> <span class='ocrx_word' id='word_1_549' title='bbox 1090 4103 1270 4161; x_wconf 90' lang='lat' dir='ltr'><strong>etiam</strong></span> <span class='ocrx_word' id='word_1_550' title='bbox 1324 4101 1689 4162; x_wconf 87' lang='lat' dir='ltr'><strong>dormientes</strong></span> <span class='ocrx_word' id='word_1_551' title='bbox 1720 4146 1736 4172; x_wconf 91' lang='lat'><strong>,</strong></span> <span class='ocrx_word' id='word_1_552' title='bbox 1794 4102 2034 4176; x_wconf 88' lang='lat' dir='ltr'><strong>quando</strong></span> <span class='ocrx_word' id='word_1_553' title='bbox 2085 4101 2392 4174; x_wconf 90' lang='lat' dir='ltr'><strong>corporeis</strong></span> <span class='ocrx_word' id='word_1_554' title='bbox 2440 4101 2728 4160; x_wconf 89' lang='lat' dir='ltr'><strong>sensibus</strong></span> <span class='ocrx_word' id='word_1_555' title='bbox 2786 4114 2912 4162; x_wconf 92' lang='lat' dir='ltr'><strong>non</strong></span> 
     </span>
     <span class='ocr_line' id='line_1_57' title="bbox 484 4171 2910 4253; baseline 0.001 -26"><span class='ocrx_word' id='word_1_556' title='bbox 484 4177 734 4253; x_wconf 32' lang='lat' dir='ltr'><strong>utun-tur</strong></span> <span class='ocrx_word' id='word_1_557' title='bbox 757 4186 866 4231; x_wconf 92' lang='lat' dir='ltr'><strong>nec</strong></span> <span class='ocrx_word' id='word_1_558' title='bbox 887 4180 978 4232; x_wconf 88' lang='lat' dir='ltr'><strong>est</strong></span> <span class='ocrx_word' id='word_1_559' title='bbox 1005 4173 1206 4247; x_wconf 87' lang='lat' dir='ltr'><strong>aliqua</strong></span> <span class='ocrx_word' id='word_1_560' title='bbox 1233 4172 1598 4245; x_wconf 89' lang='lat' dir='ltr'><strong>perturbatio</strong></span> <span class='ocrx_word' id='word_1_561' title='bbox 1621 4173 1941 4233; x_wconf 91' lang='lat' dir='ltr'><strong>humorum</strong></span> <span class='ocrx_word' id='word_1_562' title='bbox 1970 4177 2070 4231; x_wconf 89' lang='lat' dir='ltr'><strong>aut</strong></span> <span class='ocrx_word' id='word_1_563' title='bbox 2100 4173 2514 4232; x_wconf 87' lang='lat' dir='ltr'><strong>fumositatum</strong></span> <span class='ocrx_word' id='word_1_564' title='bbox 2546 4171 2910 4244; x_wconf 88' lang='lat' dir='ltr'><strong>impediens,</strong></span> 
     </span>
     <span class='ocr_line' id='line_1_58' title="bbox 483 4243 2915 4321; baseline 0.002 -25"><span class='ocrx_word' id='word_1_565' title='bbox 483 4249 819 4321; x_wconf 69' lang='lat' dir='ltr'><strong>percipiunt</strong></span> <span class='ocrx_word' id='word_1_566' title='bbox 872 4243 944 4301; x_wconf 91' lang='lat' dir='ltr'><strong>de</strong></span> <span class='ocrx_word' id='word_1_567' title='bbox 988 4244 1228 4313; x_wconf 84' lang='lat' dir='ltr'><strong>futuris,</strong></span> <span class='ocrx_word' id='word_1_568' title='bbox 1261 4258 1336 4301; x_wconf 87' lang='lat' dir='ltr'><strong>ex</strong></span> <span class='ocrx_word' id='word_1_569' title='bbox 1375 4258 1446 4302; x_wconf 89' lang='lat' dir='ltr'><strong>su</strong></span> <span class='ocrx_word' id='word_1_570' title='bbox 1492 4244 1750 4302; x_wconf 89' lang='lat' dir='ltr'><strong>eriorum</strong></span> <span class='ocrx_word' id='word_1_571' title='bbox 1794 4243 2212 4316; x_wconf 88' lang='lat' dir='ltr'><strong>impressione,</strong></span> <span class='ocrx_word' id='word_1_572' title='bbox 2247 4244 2449 4316; x_wconf 87' lang='lat' dir='ltr'><strong>aliqua</strong></span> <span class='ocrx_word' id='word_1_573' title='bbox 2518 4257 2609 4301; x_wconf 82' lang='lat' dir='ltr'><strong>uae</strong></span> <span class='ocrx_word' id='word_1_574' title='bbox 2660 4243 2915 4302; x_wconf 87' lang='lat' dir='ltr'><strong>modum</strong></span> 
     </span>
     <span class='ocr_line' id='line_1_59' title="bbox 486 4258 2912 4389; baseline 0.001 -20"><span class='ocrx_word' id='word_1_575' title='bbox 486 4313 961 4373; x_wconf 56' lang='lat' dir='ltr'><strong>ratiocinationis</strong></span> <span class='ocrx_word' id='word_1_576' title='bbox 993 4314 1271 4374; x_wconf 83' lang='lat' dir='ltr'><strong>humanae</strong></span> <span class='ocrx_word' id='word_1_577' title='bbox 1300 4328 1439 4375; x_wconf 86' lang='lat' dir='ltr'><strong>exce</strong></span> <span class='ocrx_word' id='word_1_578' title='bbox 1482 4321 1628 4386; x_wconf 89' lang='lat' dir='ltr'><strong>unt;</strong></span> <span class='ocrx_word' id='word_1_579' title='bbox 1659 4320 1718 4374; x_wconf 90' lang='lat' dir='ltr'><strong>et</strong></span> <span class='ocrx_word' id='word_1_580' title='bbox 1762 4314 1876 4373; x_wconf 88' lang='lat' dir='ltr'><strong>hoc</strong></span> <span class='ocrx_word' id='word_1_581' title='bbox 1907 4313 2096 4374; x_wconf 86' lang='lat' dir='ltr'><strong>multo</strong></span> <span class='ocrx_word' id='word_1_582' title='bbox 2125 4315 2321 4389; x_wconf 84' lang='lat' dir='ltr'><strong>magis</strong></span> <span class='ocrx_word' id='word_1_583' title='bbox 2349 4258 2567 4373; x_wconf 54' lang='lat' dir='ltr'><strong>accigit</strong></span> <span class='ocrx_word' id='word_1_584' title='bbox 2594 4314 2661 4372; x_wconf 93' lang='lat' dir='ltr'><strong>in</strong></span> <span class='ocrx_word' id='word_1_585' title='bbox 2688 4326 2912 4387; x_wconf 75' lang='lat' dir='ltr'><strong>synco-</strong></span> 
     </span>
    </p>
   </div>
   <div class='ocr_carea' id='block_1_7' title="bbox 3058 1234 3064 4982">
    <p class='ocr_par' dir='ltr' id='par_1_13' title="bbox 3058 1234 3064 4982">
     <span class='ocr_line' id='line_1_60' title="bbox 3058 1234 3064 4982; baseline 0 0"><span class='ocrx_word' id='word_1_586' title='bbox 3058 1234 3064 4982; x_wconf 95' lang='lat' dir='ltr'><strong> </strong></span> 
     </span>
    </p>
   </div>
  </div>
 </body>
</html>
