3076 5025
1005 318 1136 375 ΠΒ.
1174 319 1275 385 111,
1315 319 1468 374 GAP.
1508 318 1776 375 Lxxvlu.
2507 325 2605 377 361

1081 590 1335 654 CAPUT
1385 590 1709 655 LXXVIII.

175 762 331 817 ouon
367 759 773 809 mimus
808 759 1132 808 canarnms
1167 749 1732 806 mmmcwmnus
1765 761 1922 820 um
1947 761 2267 809 nnumin
2299 761 2613 811 nnaumna

1287 840 1332 885 A
1365 839 1501 886 nno.

247 1004 406 1074 Quia
429 1016 571 1062 vero
595 1002 671 1061 ad
696 1002 960 1061 divinam
979 1002 1413 1075 providentiam
1443 1003 1700 1074 pertinet
1732 1007 1802 1060 ut
1827 1003 1976 1063 ordo
2008 1008 2274 1062 servetur
2294 1004 2361 1062 in
2404 1004 2608 1078 rebuS,

170 1087 488 1149 congruus
514 1077 713 1132 autem
742 1074 891 1132 ordo
917 1078 1010 1133 est
1039 1078 1103 1132 ut
1120 1088 1246 1132 asu
1290 1073 1472 1132 remis
1499 1073 1575 1132 ad
1603 1072 1812 1132 infima
1828 1075 2612 1146 proportionaliterdescen—

167 1147 377 1216 datur,
399 1158 436 1204 o
479 1149 632 1203 ortet
650 1144 812 1216 quod
841 1144 1044 1203 divina
1068 1144 1238 1216 provi
1284 1145 1449 1203 entia
1472 1144 1807 1202 secundum
1822 1143 2139 1225 quamdam
2160 1147 2607 1226 proportionem

167 1230 372 1290 usque
486 1228 582 1273 res
601 1215 845 1273 ultimas
864 1215 1189 1286 perveniat.
1213 1217 1347 1273 Haec
1367 1220 1566 1273 autem
1585 1219 1894 1287 proportio
1914 1221 2009 1274 est
2026 1222 2111 1286 ut,
2134 1221 2292 1275 sicut
2314 1230 2613 1289 supremae

165 1292 465 1348 creaturae
491 1289 637 1345 sunt
661 1284 777 1345 sub
805 1288 932 1344 Deo
959 1290 1018 1343 et
1051 1285 1467 1358 gubernantur
1509 1285 1586 1344 ab
1629 1286 1786 1357 ipso,
1832 1285 1919 1344 ita
1962 1286 2283 1346 inferiores
2324 1293 2610 1350 creaturae

165 1359 303 1418 sint
329 1356 446 1416 snb
467 1355 884 1428 superioribus
910 1358 969 1414 et
996 1360 1284 1427 regantur
1310 1356 1387 1415 ab
1415 1355 1589 1429 ipsis.
1622 1358 1782 1414 Inter
1798 1368 2012 1415 omnes
2059 1363 2257 1416 autem
2305 1363 2612 1418 creaturae

168 1432 321 1488 sunt
346 1440 640 1508 supremae
664 1426 1125 1494 intellectualeS‚
1160 1426 1318 1485 sicut
1345 1440 1420 1486 ex
1450 1426 1867 1498 superioribus
1895 1426 2048 1499 (cap.
2073 1428 2171 1500 49)
2200 1433 2380 1499 patet.
2420 1429 2631 1501 Exigit*

164 1499 362 1628 ῗὲἑωτ
383 1497 604 1626 (ὲινίῐιω
626 1496 1022 1569 providentiae
1037 1496 1196 1555 ratio
1218 1502 1288 1556 ut
1326 1502 1556 1556 coeterae
1584 1501 1871 1556 creaturae
1892 1511 2003 1569 per
2021 1504 2328 1558 creaturas
2356 1500 2616 1559 rationa-

239 1581 524 1711 Argum,
555 1647 947 1711 quaecumque
973 1641 1249 1696 creatura
1271 1637 1589 1709 exequitur
1643 1636 1864 1698 divinae
1902 1637 2292 1711 providentiae
2341 1637 2613 1700 ordinem

165 1709 300 1770 hoc
318 1709 501 1767 hahet
523 1708 591 1767 in
616 1714 908 1782 quantum
934 1709 1253 1780 participat
1280 1707 1509 1780 aliquid
1543 1707 1617 1765 de
1645 1708 1862 1768 virtute
1888 1709 2006 1767 sihi
2034 1710 2426 1782 providentiS,
2456 1711 2619 1770 sicut

164 1786 230 1840 et
284 1780 757 1838 instrumentum
810 1790 935 1837 non
983 1784 1184 1836 movet
1225 1779 1346 1838 nisi
1393 1778 1460 1858 in
1501 1784 1794 1851 quantum
1842 1792 1949 1850 per
2011 1785 2241 1839 motum
2302 1780 2619 1852 participat

173 1849 418 1933 aliquid
465 1849 546 1908 de
589 1850 807 1930 virtute
849 1849 1203 1931 principalis
1242 1854 1498 1922 agentis.
1530 1850 1677 1917 Quae
1723 1848 1909 1930 igitur
1951 1851 2212 1922 amplius
2264 1851 2339 1910 de
2398 1853 2617 1912 virtute

173 1922 408 1982 divinae
448 1919 840 1993 providentlae
901 1925 1256 2000 participant
1326 1924 1471 1977 sunt
1509 1925 1815 1978 execuuva
1856 1921 2073 1982 divinae
2115 1922 2506 1993 providentioe
2550 1923 2618 1981 in

165 1992 290 2052 illa
314 2003 451 2064 ‹111oe
471 1991 681 2049 minus
707 1989 1087 2063 participant.
1115 1993 1410 2048 creaturae
1454 1994 1651 2047 autem
1697 1989 2136 2050 intellectuales
2175 1992 2313 2064 plus
2354 1992 2499 2052 aliis
2538 1992 2617 2053 de

164 2063 316 2135 ipsa
329 2061 710 2134 participant.
731 2063 902 2127 Nam,
919 2069 1056 2119 cum
1085 2061 1156 2119 ad
1188 2059 1625 2132 providentiam
1649 2060 1986 2134 requiratur
2012 2061 2332 2133 dispositio
2358 2062 2615 2135 ordinis,

167 2146 316 2207 quae
343 2131 411 2189 fit
435 2145 542 2203 per
566 2131 1037 2204 cognoscitivam
1066 2131 1362 2193 virtutem.
1396 2134 1455 2188 et
1481 2130 1757 2189 executio
1792 2145 1924 2203 quae
1964 2130 2030 2190 fit
2074 2146 2180 2204 per
2226 2133 2631 2204 operativam52

166 2207 474 2263 creaturae
498 2201 827 2260 rationales
877 2205 1191 2274 utramque
1233 2201 1514 2259 virtutem
1558 2201 1936 2272 participant,
1965 2202 2212 2275 reliquae
2256 2217 2399 2262 vero
2446 2215 2613 2263 crea·

165 2280 338 2336 tum
354 2273 631 2331 virtutem
663 2271 1026 2343 operativam
1055 2277 1305 2329 tantum.
1337 2273 1450 2329 Per
1476 2275 1781 2329 creaturas
1802 2271 1990 2343 igitur
2023 2273 2352 2332 rationales
2401 2287 2616 2333 omues

169 2345 636 2404 alise-creatam
653 2341 771 2400 suh
800 2341 1001 2400 divina
1028 2340 1400 2412 providentia
1421 2345 1732 2413 reguntur.

243 2414 474 2476 Adhuc,
501 2413 860 2485 cuicumque
902 2411 1077 2470 datur
1120 2427 1160 2471 a
1184 2414 1308 2469 Deo
1353 2411 1558 2484 aliqua
1605 2411 1819 2480 virtue,
1842 2411 2023 2472 datar
2058 2412 2116 2470 ei
2160 2412 2229 2470 in
2276 2412 2491 2471 ordine
2539 2413 2614 2473 ad

172 2483 463 2547 effectum
513 2483 710 2555 ipsius
756 2482 1015 2541 virtutis.
1065 2483 1164 2542 Sic
1208 2481 1370 2564 enim
1434 2482 1660 2553 optime
1722 2482 1930 2564 omnia
1992 2481 2418 2555 disponuntur,
2465 2483 2635 2543 dum⁸

169 2554 655 2629 unumquodque
677 2554 987 2612 ordinatur
1008 2553 1084 2611 ad
1104 2567 1311 2612 omma
1328 2552 1492 2611 hona
1516 2567 1651 2626 quae
1676 2565 1753 2610 ex
1778 2565 1915 2625 ipso
1944 2559 2085 2612 nata
2110 2558 2255 2613 sunt
2275 2555 2612 2626 provenire.

171 2628 383 2686 Virtus
410 2630 612 2685 autem
643 2624 1009 2683 intellectiva
1036 2624 1107 2682 de
1136 2629 1325 2683 se·est
1357 2622 1696 2681 ordinative
1720 2629 1780 2681 et
1808 2623 2089 2697 regitiva;
2130 2624 2287 2682 unde
2337 2624 2613 2684 videmus

171 2696 368 2772 quod,
387 2695 631 2769 quando
663 2694 1114 2776 conjunguntur
1141 2694 1206 2753 in
1236 2694 1695 2774 eodem‚·virtus
1714 2694 2322 2776 operativasequitur
2346 2694 2634 2768 regimem

169 2768 566 2827 intellectiva
591 2765 850 2835 virtutis,
884 2769 1043 2824 sicut
1068 2765 1133 2823 in
1161 2765 1408 2824 homine
1430 2764 1707 2823 videmus
1735 2765 1896 2836 quod
1925 2764 2002 2825 ad
2029 2765 2346 2837 imperium
2400 2766 2615 2825 volun-

170 2838 328 2898 tatis
373 2841 650 2896 movetur
691 2835 1048 2897 membruml
1077 2835 1262 2908 quue
1307 2836 1487 2894 etiam
1535 2840 1779 2908 apparet
1811 2834 1866 2893 si
1911 2834 1979 2893 in
2021 2834 2278 2895 diversis
2332 2836 2615 2908 existann

171 2921 327 2969 nam
352 2907 445 2966 illi
473 2907 754 2967 homines
782 2907 886 2980 qui
926 2906 1222 2966 excedunt
1262 2906 1331 2965 in
1372 2905 1593 2964 virtute
1637 2905 1960 2976 operativa,
1985 2911 2221 2978 oportet
2265 2906 2429 2980 quod
2472 2908 2616 2967 diri⁴

171 2983 407 3054 gantur
432 2978 510 3037 ab
532 2977 663 3037 illis
689 2977 792 3050 qui
821 2977 885 3037 in
913 2978 1132 3036 virtute
1175 2975 1542 3057 intellectiva
1581 2975 1894 3037 excedunt.
1922 2976 2121 3049 Exigit
2163 2976 2352 3049 igitur
2395 2977 2617 3039 divinae

171 3048 577 3176 providentiae
627 3049 784 3108 ratio
844 3046 1007 3120 quod
1073 3053 1362 3108 creaturae
1433 3046 1569 3107 allae
1632 3060 1742 3119 per
1807 3046 2246 3107 intellectuales
2309 3055 2618 3110 creaturas

306 3204 410 3255 em,
440 3189 687 3249 virtutes
709 3187 1102 3261 particulares
1128 3190 1285 3246 natae
1311 3190 1456 3246 sunt
1482 3186 1712 3245 moveri
1739 3201 1777 3246 a
1794 3186 2118 3248 virtutihus
2144 3188 2614 3260 universalibuS,

173 3265 254 3322 ut
278 3263 444 3333 patet
469 3259 685 3341 tamin
710 3263 838 3317 arte
865 3271 1043 3339 quam
1086 3256 1442 3339 inmatura..
1464 3258 1713 3316 Constat
1752 3264 1951 3318 autem
2039 3257 2160 3318 uod
2200 3260 2393 3319 virtus
2437 3260 2614 3318 intel·

174 3331 406 3392 lectiva
427 3334 523 3388 est
564 3328 965 3398 universalior
1016 3339 1182 3388 omni
1230 3328 1351 3387 alia
1387 3332 1605 3386 virtute
1645 3329 1968 3400 operativa.
2065 3343 2164 3389 am
2199 3330 2393 3389 virtus
2436 3329 2614 3389 intel·

175 3401 406 3463 lectiva
452 3400 722 3459 continet
783 3399 1012 3458 formas
1072 3397 1468 3457 universales.
1517 3399 1729 3456 Omnis
1794 3404 1996 3457 autem
2051 3400 2244 3458 virtus
2311 3400 2619 3472 operativa

173 3475 424 3532 tantum
449 3475 544 3530 est
569 3484 645 3528 ex
667 3469 869 3543 aliqua
895 3469 1090 3528 forma
1109 3469 1354 3541 propria
1397 3468 1703 3541 operantis
1734 3485 1749 3525 ε
1783 3473 2019 3541 oportet
2059 3469 2246 3543 igitur
2298 3469 2462 3543 quod
2510 3483 2617 3543 per

176 3542 442 3601 virtutes
469 3540 904 3600 intellectuales
933 3545 1285 3597 moveantur
1312 3545 1373 3598 et
1397 3545 1684 3620 regantur
1710 3552 1923 3598 omnes
1951 3539 2084 3598 aliae
2111 3543 2418 3600 creaturae.

255 3614 551 3682 Patarea,
599 3611 666 3670 in
707 3608 993 3669 omnibus
1037 3610 1328 3683 potentiis
1364 3609 1683 3678 ordinem,
1712 3623 1836 3667 una
1873 3614 1968 3668 est
2011 3609 2259 3669 directiv
2342 3611 2614 3681 alteriue,

181 3695 327 3758 quoe
351 3681 552 3756 magis
575 3680 871 3741 rationem
900 3681 1235 3754 cognoscit.
1273 3680 1439 3739 Unde
1465 3680 1740 3739 videmus
1768 3681 1833 3737 in
1879 3679 2130 3762 artibus,
2160 3693 2280 3754 quo
2368 3694 2481 3740 ars<
2511 3680 2639 3740 illm

180 3753 270 3813 ad
292 3750 920 3827 quamtpertinetfinis
947 3765 1022 3810 ex
1049 3765 1171 3824 quo
1201 3750 1459 3809 sumitur
1484 3751 1641 3809 ratio
1680 3751 1870 3809 totius
1913 3750 2173 3821 artificii,
2199 3750 2407 3825 dirigit
2449 3750 2641 3810 illane

180 3823 610 3896 etrimperatei
636 3835 772 3896 quae
816 3820 1135 3881 artificium
1187 3826 1507 3895 operatur:
1538 3822 1699 3880 sicut
1740 3834 1842 3880 ars
1886 3821 2312 3895 gubernatoris,
2353 3821 2619 3881 navitae·

177 3894 364 3960 tima,
405 3897 466 3950 et
505 3892 613 3951 illa
650 3906 786 3967 quin
829 3892 1084 3952 formam
1125 3892 1359 3951 inducit
1402 3891 1658 3963 imperat
1700 3891 1756 3949 ei
1802 3905 1957 3965 quae·
1976 3891 2287 3952 materiam
2328 3892 2641 3965 disponite*

183 3967 604 4024 Instrumenta
647 3972 792 4022 vero
839 3977 976 4038 quae
1019 3976 1146 4022 non
1204 3966 1584 4035 cognoscunt
1640 3960 1904 4034 aliquam
1970 3963 2265 4022 rationem
2327 3969 2625 4036 reguntur

87 4036 94 4046 '
179 4037 451 4095 tantuma
480 4033 622 4093 Cum
650 4033 836 4108 igitur
860 4033 1010 4093 solae
1035 4032 1475 4093 intellectuales
1501 4036 1791 4091 creaturae
1816 4033 2081 4092 rationes
2110 4032 2347 4093 ordinis
2384 4039 2641 4094 crentur·

180 4116 400 4166 rarum
428 4114 794 4179 cognoscere
813 4105 1075 4178 possint.
1104 4117 1311 4166 earum
1339 4103 1453 4161 erit
1473 4115 1683 4177 regere
1715 4107 1777 4161 et
1820 4102 2158 4178 gubernare
2200 4116 2416 4165 omnes
2465 4104 2621 4165 alias

188 4181 688 4330 Ὓᾶῗιῗὶᾳυοᾱ
716 4250 813 4306 est
845 4238 850 4243 ’
894 4259 960 4305 er
981 4258 1051 4305 se
1077 4248 1173 4304 est
1194 4256 1381 4325 causa
1404 4242 1537 4315 ejus
1563 4243 1725 4325 quod
1751 4247 1847 4303 est
1869 4257 1977 4316 per
1997 4244 2161 4304 aliud
2184 4262 2205 4303 τ
2224 4246 2381 4306 solas
2416 4251 2616 4328 autem

197 4318 820 4463 ffiffiffiflrtff
839 4322 1584 4446 attestantia&
1607 4319 2619 4469 οῗῗῐιὲῳὲἑῆιᾙξῐῗαῧὲᾞᾷ

201 4458 982 4535 creaturae‘exneceseitate
999 4461 1236 4522 uatum
1257 4460 1603 4533 operantur,
1630 4456 2018 4533 tanquam-ab
2044 4457 2167 4519 alio
2214 4462 2411 4518 motae.
2442 4456 2614 4513 crea·
