3076 5025
528 322 630 376 120
1429 319 1562 373 LIB.
1603 320 1675 385 11,
1715 318 1870 374 CAP.
1908 317 2039 381 XIX.

1476 539 1733 605 CAPUT
1770 540 1988 604 XVIII.

701 710 972 764 QUOHODO
1017 709 1360 757 501.va
1387 709 1676 756 RATIONES
1725 709 1953 756 comita
1978 708 2352 757 (muricum
2386 706 2469 755 AB
2492 706 2741 756 AE'I'BRNO·

597 867 679 923 Ex
701 864 817 922 hoc
862 869 1057 921 autem
1090 868 1332 935 apparet
1357 863 1593 922 vanitas
1634 863 2115 936 impugnantium
2143 862 2507 921 creationem
2537 874 2641 934 per
2674 861 2875 920 rationis

526 941 798 1006 sumptas
819 948 892 992 ex
916 939 1127 992 natura
1152 940 1352 992 motus
1366 935 1457 991 vel
1479 934 1851 1003 mutationis,
1879 939 2082 1005 utpote
2147 932 2265 991 uod
2286 938 2521 1004 oportet
2554 931 2790 990 creation

525 1006 685 1065 sicut
724 1011 972 1063 caeteros
1013 1010 1213 1063 motus
1256 1004 1349 1061 vel
1378 1003 1761 1074 mutationes,
1804 1017 1941 1062 esse
1987 1004 2050 1060 in
2096 1018 2132 1061 a
2160 1004 2298 1076 iquo
2345 1002 2632 1073 subjecto,
2671 1007 2724 1060 et
2758 1016 2821 1074 qu

526 1081 763 1148 oportet
792 1088 910 1134 non
939 1087 1073 1134 esse
1101 1075 1482 1132 transmutari
1511 1074 1575 1132 in
1603 1087 1760 1140 esse,
1791 1074 1994 1133 sicuti
2042 1073 2136 1131 nis
2166 1078 2597 1132 transmutatur
2624 1072 2683 1130 in
2707 1084 2868 1130 aerea.

524 1149 655 1204 Non
705 1145 863 1203 enim
909 1149 1004 1203 est
1067 1145 1289 1203 creatio
1333 1145 1607 1212 mutati0‚
1650 1144 1756 1202 sed
1828 1144 1961 1215 ipsa
2043 1144 2398 1215 ependentia
2452 1156 2589 1202 esse
2652 1142 2807 1200 creati
2826 1140 2869 1199 all

526 1216 884 1288 principium
910 1229 946 1273 a
968 1229 1087 1296 quo
1133 1216 1487 1284 instituitur,
1517 1220 1579 1272 et
1603 1215 1693 1273 sic
1737 1220 1830 1272 est
1853 1215 1925 1273 de
1953 1227 2172 1287 genere
2217 1213 2528 1271 relationis
2559 1212 2740 1293 :unde
2772 1210 2870 1269 niul

522 1287 800 1359 prohibet
827 1298 957 1344 eani
985 1299 1050 1342 in
1075 1290 1274 1344 creato
1304 1299 1440 1343 esse
1469 1285 1628 1343 sicut
1654 1285 1717 1342 in
1747 1284 2037 1358 subJecto.
2075 1284 2303 1343 Dicitur
2327 1290 2527 1342 tamen
2553 1288 2757 1341 creatio
2784 1294 2872 1340 emt

525 1357 798 1439 mutatio·
823 1356 1117 1429 quaedam,
1173 1356 1501 1436 secundum
1546 1356 1788 1437 niodum
1837 1354 2210 1483 intelligendi
2257 1359 2510 1424 tantum,
2558 1352 2620 1412 in
2649 1359 2871 1434 quantun

525 1428 760 1486 scilicet
781 1427 1121 1484 intellectus
1150 1432 1356 1483 noster
1378 1432 1595 1497 accipit
1623 1439 1803 1483 unam
1824 1432 1884 1483 et
1900 1440 2030 1483 eam
2076 1439 2169 1483 em
2196 1439 2322 1482 rem
2354 1429 2569 1483 utnon
2596 1428 2875 1481 existentem

524 1498 694 1570 prius
723 1502 782 1553 et
808 1502 1017 1567 postea
1044 1495 1417 1554 existentem.

595 1572 851 1638 Apparet
875 1573 1096 1636 autem,
1127 1566 1180 1624 si
1210 1566 1433 1624 creatio
1462 1566 1673 1623 relatio
1694 1566 1965 1639 quaedam
2008 1571 2120 1634 est,
2150 1565 2312 1638 quod
2336 1578 2435 1623 res
2462 1563 2722 1637 quaedam
2749 1562 2873 1620 etiam

527 1642 838 1708 est,neque
859 1637 1122 1694 increata
1148 1642 1467 1709 est,neque
1496 1636 1616 1694 alia
1634 1638 1922 1696 relatione
1947 1638 2317 1695 creata.Cum
2348 1635 2508 1693 enim
2538 1632 2770 1692 effectus
2788 1645 2872 1689 σε·

526 1712 663 1765 atus
688 1706 925 1764 realiter
950 1706 1278 1778 dependeat
1304 1721 1342 1762 a
1367 1712 1654 1774 creatore,
1679 1712 1912 1779 oportet
1932 1706 2277 1779 hujusmodi
2294 1706 2643 1764 relationem
2663 1713 2875 1762 esserem

528 1777 870 1851 quamdam.
900 1777 1109 1836 Omnis
1133 1783 1329 1836 autem
1360 1790 1458 1836 res
1482 1792 1519 1834 a
1543 1780 1665 1834 Deo
1694 1777 1758 1834 in
1790 1791 1926 1836 esse
1956 1776 2323 1848 producitur.
2350 1779 2449 1833 Est
2497 1775 2676 1847 igitur
2703 1774 2760 1832 in
2784 1784 2873 1851 esst

525 1861 565 1904 a
594 1849 716 1905 Deo
751 1846 1056 1918 producta,
1086 1861 1210 1905 non
1238 1853 1433 1905 tamen
1460 1847 1582 1905 alia
1608 1847 1908 1907 creatione
1937 1852 2133 1905 creata
2160 1861 2337 1919 quam
2363 1845 2501 1917 ipsa
2528 1850 2875 1915 creaturapn·

525 1931 652 1984 ma,
682 1931 815 1989 quae
835 1932 940 1987 per
957 1931 1086 1976 eam
1118 1923 1315 1975 creata
1343 1917 1580 1986 dicitur,
1606 1919 1749 1990 quia
1775 1917 2106 1976 accidentia
2133 1923 2191 1975 et
2213 1918 2610 1986 l'ormae,sicut
2625 1922 2877 1991 persentit

527 1993 692 2068 sunnt,
710 1988 795 2044 ita
813 2001 922 2069 nec
946 2002 1052 2059 per
1074 2001 1140 2045 se
1155 1996 1464 2069 creantur,
1486 2001 1624 2045 cum
1648 1989 1872 2047 creatio
1900 1989 1981 2046 sit
1999 1987 2313 2061 productio
2341 1987 2498 2045 entis
2529 2004 2545 2043 ε
2578 1985 2682 2044 sed
2705 1986 2878 2044 sicutin

526 2056 649 2117 alio
678 2063 841 2121 sunt,
870 2063 954 2116 ita
976 2059 1040 2116 in
1068 2058 1205 2117 aliis
1241 2059 1458 2116 creatis
1482 2065 1778 2117 creantur.

595 2130 882 2198 Praeterem
910 2128 1124 2186 relatio
1152 2141 1279 2187 non
1306 2129 1559 2186 refertur
1585 2142 1690 2197 per
1717 2128 1892 2187 aliam
1915 2127 2289 2191 relationem,
2319 2127 2462 2200 quia
2490 2125 2581 2185 sic
2605 2131 2756 2185 esset
2768 2122 2875 2182 ahin

524 2197 943 2279 ininfinitum,
975 2199 1080 2258 sed
1121 2213 1227 2269 per
1259 2199 1520 2271 seipsam
1546 2200 1817 2264 refertur,
1843 2200 1986 2272 quia
2014 2196 2414 2258 essentialiter
2442 2197 2651 2256 relatio
2679 2196 2879 2275 estlion

525 2274 714 2341 igitur
743 2269 862 2326 alia
894 2269 1197 2329 creatione
1225 2283 1379 2341 opus
1408 2273 1520 2340 est,
1551 2284 1671 2344 qua
1696 2271 1830 2343 ipsa
1851 2269 2076 2329 creatio
2103 2272 2357 2339 creatur,
2376 2272 2436 2326 et
2462 2269 2553 2326 sic
2572 2265 2879 2326 ininfinitiin

522 2338 899 2411 procedatur.

1503 2506 1757 2572 CAPUT
1791 2506 1956 2575 XIX.

1163 2678 1315 2732 Quot)
1348 2677 1599 2726 camno
1649 2676 1769 2725 NON
1806 2677 1899 2724 sn·
1933 2675 2303 2726 sucmslva.

592 2837 846 2908 Apparet
870 2838 1067 2893 autem
1082 2848 1156 2893 ex
1179 2833 1479 2906 praedictis
1503 2832 1664 2904 quod
1696 2831 1895 2892 omnis
1927 2830 2151 2891 creatio
2163 2829 2390 2902 absque
2417 2826 2878 2888 successioneest·

522 2906 671 2964 Nam
700 2905 1007 2964 successio
1034 2905 1273 2976 propria
1299 2909 1391 2962 est
1419 2904 1630 2962 motui.
1661 2903 1890 2960 creatio
1932 2906 2131 2961 autem
2169 2913 2361 2981 neque
2403 2905 2499 2959 est
2546 2905 2757 2979 motus,
2799 2908 2875 2953 ne·

525 2989 644 3047 que
667 2974 959 3033 terminus
989 2980 1208 3044 motuS,
1238 2973 1397 3033 sicut
1423 2974 1693 3031 mutatio.
1729 2973 1915 3046 Igitur
1942 2972 2108 3029 nulla
2135 2976 2227 3028 est
2255 2984 2316 3026 in
2345 2971 2475 3040 ipsa
2501 2979 2807 3028 successio.

595 3047 749 3108 Item,
777 3045 841 3100 in
864 3045 1025 3101 omni
1059 3052 1221 3103 motu
1251 3046 1597 3102 successivo
1625 3049 1719 3102 est
1743 3042 1968 3116 aliquid
1998 3040 2259 3100 medinm
2289 3041 2444 3099 inter
2471 3040 2606 3113 ejus
2635 3045 2873 3098 extrema:

571 3114 672 3172 uia
693 3113 953 3171 medium
983 3119 1073 3172 est
1095 3113 1173 3172 ad
1199 3114 1359 3186 quod
1378 3115 1660 3172 continue
1691 3121 1916 3171 motum
1943 3114 2110 3184 prius
2135 3111 2317 3175 venit.
2339 3123 2520 3184 quam
2544 3110 2621 3169 ad
2641 3110 2869 3168 ultimum.

555 3189 684 3242 nter
719 3196 855 3242 esse
897 3188 1092 3242 autem
1122 3189 1183 3243 et
1204 3197 1324 3242 non
1353 3199 1509 3252 esse,
1540 3197 1672 3257 quae
1699 3190 1841 3242 sunt
1866 3183 2039 3258 quasi
2091 3186 2354 3240 extrema
2399 3181 2740 3251 creationis,
2782 3183 2868 3234 tion

521 3261 880 3327 potestesse
908 3255 1132 3327 aliquid
1155 3255 1440 3323 medium,
1470 3256 1654 3327 igitur
1682 3268 1803 3311 non
1833 3261 1926 3313 est
1946 3254 2028 3311 ibi
2058 3253 2260 3325 aliqua
2287 3252 2627 3311 successio.

592 3326 810 3389 Adhuc.
842 3326 903 3381 in
930 3325 1092 3383 omni
1125 3325 1379 3384 factione
1406 3326 1469 3382 in
1497 3339 1616 3398 qua
1643 3330 1738 3382 est
1756 3323 2084 3385 successio,
2113 3323 2238 3381 fleri
2269 3329 2361 3379 est
2381 3329 2520 3380 ante
2540 3322 2750 3380 sactum
2766 3326 2875 3380 esst·

522 3400 589 3454 ut
610 3397 893 3468 probatur
920 3394 980 3452 in
1011 3401 1176 3454 sexto
1202 3395 1602 3467 Physic.(text.
1633 3409 1849 3453 coium.
1882 3395 1994 3467 59).
2032 3396 2153 3452 Hoc
2181 3397 2378 3451 autem
2407 3393 2470 3450 in
2496 3395 2779 3450 creatione
2794 3395 2877 3467 μου

520 3472 720 3538 potest
746 3465 1042 3535 accidere;
1067 3466 1210 3539 quia
1237 3465 1548 3538 sieri,quod
1578 3466 1937 3538 praecederet
1966 3465 2180 3522 factum
2211 3476 2346 3521 esse
2376 3470 2684 3532 creaturae,
2705 3458 2874 3529 indige·

520 3542 609 3594 ret
639 3538 841 3609 aliquo
870 3534 1159 3617 subjecto,
1189 3536 1349 3609 quod
1381 3550 1501 3594 non
1537 3542 1741 3607 posset
1771 3548 1906 3594 esse
1934 3536 2067 3606 ipsa
2095 3539 2384 3601 creatura,
2435 3533 2508 3590 de
2557 3534 2727 3605 cujus
2766 3536 2878 3585 crea·

519 3607 683 3666 tione
708 3607 1028 3680 loquimur,
1057 3620 1199 3688 quia
1227 3606 1330 3664 illa
1353 3619 1475 3664 non
1505 3612 1599 3664 est
1624 3612 1760 3664 ante
1788 3606 2006 3664 sactum
2035 3617 2192 3672 esse,
2224 3617 2332 3660 nec
2361 3602 2542 3661 etiam
2589 3604 2653 3660 in
2694 3603 2876 3659 factore

520 3679 653 3735 Non
683 3677 839 3735 enim
872 3690 1093 3735 moveri
1115 3683 1207 3734 est
1233 3681 1404 3735 actus
1432 3677 1750 3743 moventis,
1781 3678 1883 3734 sed
1916 3676 2084 3734 moti.
2129 3673 2506 3746 Relinquitur
2549 3673 2729 3745 igitur
2767 3661 2877 3741 qnod

518 3746 649 3806 fieri
682 3749 921 3806 liaberet
950 3761 1057 3818 pro
1082 3746 1350 3818 subjecto
1378 3747 1639 3819 aliquam
1691 3748 1997 3804 materiam
2045 3744 2182 3803 facti
2226 3745 2720 3825 praeexistentem,
2767 3730 2879 3810 quod

520 3822 609 3897 est
632 3823 840 3875 contra
865 3817 1189 3877 creationis
1215 3816 1527 3876 rationem.
1562 3817 1939 3888 impossibile
1966 3821 2060 3876 est
2085 3816 2270 3888 igitur
2288 3828 2347 3872 in
2370 3819 2674 3874 creatione
2698 3816 2880 3869 succes-

518 3899 752 3945 sionem
784 3900 941 3946 esse.

587 3957 864 4027 Amplius,
886 3969 1125 4017 omnem
1149 3957 1469 4017 factionem
1507 3957 1910 4016 successivam
1946 3958 2010 4016 in
2039 3961 2307 4029 tempore
2334 3958 2573 4026 oportet
2599 3946 2881 4030 esse.l³tiu⁵

518 4026 680 4083 enim
711 4033 764 4084 et
798 4029 1095 4099 posterius
1123 4028 1186 4087 in
1220 4033 1387 4088 motu
1423 4035 1815 4086 numerantur
1843 4035 2129 4099 tempore.
2173 4026 2361 4084 Simul
2408 4030 2609 4083 autem
2661 4019 2883 4082 dividitur

515 4101 635 4155 tem
683 4111 753 4155 us
780 4105 837 4154 et
867 4105 1086 4168 motuS,
1115 4104 1176 4156 et
1197 4099 1258 4158 id
1287 4112 1469 4172 super
1488 4098 1648 4171 quod
1679 4101 1890 4158 transit
1920 4105 2140 4157 motus.
2168 4095 2338 4166 Quod
2367 4095 2611 4168 quidem
2661 4094 2720 4150 in
2761 4089 2879 4147 motu

514 4112 703 4248 locaqi·
726 4167 1108 4247 manifestum
1127 4169 1236 4228 est.
1258 4172 1405 4228 Nam
1430 4169 1493 4227 in
1524 4169 1836 4249 medietate
1867 4169 2153 4242 temporis
2182 4168 2540 4248 regulariter
2557 4170 2769 4223 motum
2808 4167 2879 4237 ‚et-

515 4241 735 4320 transit
761 4237 1019 4318 medium
1051 4240 1501 4312 magnitudinis.
1528 4241 1754 4298 Divisio
1783 4248 1978 4299 autem
2024 4241 2087 4298 in
2120 4239 2351 4303 formis,
2386 4236 2748 4317 respondeus
2804 4238 2881 4300 ivi:

513 4313 1013 4390 sioni-temporis,
1043 4309 1364 4369 attenditur
1389 4309 1724 4370 secundum
1753 4312 2151 4370 intensionem
2182 4315 2240 4368 et
2267 4308 2706 4372 remissionem,
2753 4304 2822 4366 ut,
2841 4305 2877 4351 5¹

514 4378 740 4452 aliquid
775 4383 1023 4436 intanto
1051 4383 1314 4450 tempore
1334 4387 1563 4439 tantum
1593 4380 1808 4451 calefit,
1838 4383 1900 4440 iu
1933 4382 2150 4440 minori
2173 4379 2397 4437 minus.
2430 4376 2757 4436 Secundum
2797 4367 2878 4427 hoc

511 4447 699 4523 igitur
722 4453 921 4524 potest
944 4462 1080 4509 esse
1107 4452 1416 4511 successio
1438 4451 1504 4510 in
1531 4457 1722 4523 motu,
1746 4452 1839 4512 vel
1884 4464 2261 4526 quacumque
2304 4448 2590 4521 factione,
2639 4438 2782 4519 quod
2817 4432 2875 4496 id.
