3076 5025
533 220 639 277 538
1373 262 1386 273 .
1437 213 1573 269 LIB.
1613 212 1703 281 IV,
1743 212 1896 269 CAP.
1935 211 2084 267 XXV.

576 341 722 410 ium,
751 338 814 397 in
842 341 1131 418 quantum
1178 338 1351 392 Pater
1377 334 1651 407 producit
1695 333 1903 392 Filium
1932 347 2038 404 per
2081 330 2325 389 modum
2354 331 2712 413 intellectus,
2742 335 2800 389 ut
2819 345 2929 390 ver-

463 455 468 464 ,
532 355 702 480 Eum,
731 409 1010 481 Spiritum
1057 410 1256 465 autem
1302 409 1575 464 sanctum
1632 418 1739 476 per
1792 403 2038 461 modum
2081 402 2429 469 voluntatis,
2454 416 2629 474 quasi
2675 415 2925 460 amorem.

536 480 872 542 secundum
921 479 1037 537 hoc
1085 475 1380 548 oportebit
1402 475 1517 534 dici
1562 474 1724 548 quod
1773 474 2105 533 secundum
2135 471 2527 531 differentiam
2558 472 2927 530 voluntatiset

489 595 496 604 .
535 551 881 612 intellectus
908 548 972 607 in
1017 551 1138 605 Deo
1169 550 1338 605 Patre
1380 545 1824 618 distinguantur
1850 544 1982 602 duae
2027 543 2448 625 processiones
2491 547 2553 601 et
2594 542 2714 601 duo
2758 556 2925 614 proce·

536 623 773 682 dentes,
803 619 919 677 Sed
945 617 1228 676 voluntas
1256 623 1316 676 et
1337 616 1678 675 intellectus
1704 616 1767 673 in
1797 618 1913 673 Deo
1941 616 2110 673 Patre
2135 628 2258 671 non
2279 614 2729 687 distinguuntur
2749 627 2920 672 secun-

538 692 683 753 dum
715 704 863 759 rem,
900 689 1007 748 sed
1037 689 1236 747 solum
1282 687 1615 747 secundum
1659 687 1975 755 rationem,
2005 691 2072 745 ut
2100 690 2413 744 ostensum
2444 689 2537 743 est
2564 684 2627 758 (l.
2657 699 2703 755 1,
2729 697 2777 741 c.
2804 688 2922 742 4502

535 764 656 891 733.
688 760 969 835 Sequitur
992 759 1172 834 igitur
1198 760 1358 831 quod
1389 759 1521 834 duze
1590 757 1968 839 rocessipnes
1995 761 2056 839 et
2098 755 2218 814 duo
2250 754 2643 837 procedentes
2694 752 2927 834 differaut

539 847 612 894 so
637 846 740 893 um
770 830 1023 890 ratione.
1052 833 1135 888 Ea
1154 843 1295 889 vero
1325 842 1456 904 quae
1484 841 1557 887 so
1585 841 1684 898 um
1714 833 1945 886 ratione
1972 823 2257 885 differunt
2285 826 2358 884 de
2376 839 2444 885 se
2456 839 2730 907 ,invicem
2755 824 2927 906 praedi-

538 909 754 964 cantur
777 920 795 973 ;
821 915 1027 960 verum
1058 900 1221 959 enim
1248 906 1343 959 est
1365 899 1565 958 dicere
1594 897 1755 973 quod
1783 898 1984 957 divina
2014 896 2291 955 voluntas
2328 901 2419 955 est
2451 896 2789 954 intellectus
2806 909 2927 977 ejus,

539 981 601 1035 et
626 990 660 1032 e
687 985 1001 1032 converso.
1028 973 1245 1039 Verum
1276 984 1419 1043 ergo
1464 969 1578 1027 erit
1623 969 1819 1027 dicere
1848 968 2008 1042 quod
2059 968 2315 1048 Spiritus
2362 972 2611 1026 sanctus
2638 972 2731 1025 est
2753 966 2882 1025 Film

539 1050 601 1103 et
647 1058 680 1102 e
721 1055 1012 1103 converso
1037 1061 1052 1111 ;
1081 1041 1239 1115 quod
1294 1045 1387 1099 est
1430 1038 1778 1099 sabelliana)
1822 1038 2168 1120 impietatis.
2208 1040 2339 1096 Non
2384 1036 2571 1119 igitur
2614 1037 2840 1106 sufficit,

540 1114 992 1175 distinctionem
1039 1111 1297 1184 Spiritus
1334 1110 1527 1170 sancti
1557 1115 1618 1168 et
1660 1109 1813 1179 Filii,
1859 1109 2056 1167 dicere
2103 1107 2262 1181 quod
2312 1108 2498 1167 Filius
2540 1108 2812 1190 procedat
2846 1120 2929 1179 per

539 1185 789 1246 modum
816 1184 1177 1252 intellectuS,
1208 1186 1269 1239 et
1291 1181 1547 1253 Spiritus
1575 1185 1821 1240 sanctus
1849 1193 1956 1252 per
1980 1180 2225 1237 modum
2269 1179 2618 1248 voluntatis,
2667 1192 2781 1237 msi
2820 1191 2927 1236 cum

539 1256 660 1316 hoc
687 1255 920 1314 dicatur
949 1253 1129 1312 etiam
1158 1251 1318 1334 quod
1348 1252 1606 1323 Spiritus
1633 1256 1879 1310 sanctus
1908 1249 1990 1309 sit
2017 1264 2055 1307 a
2081 1248 2252 1330 Filio.

612 1329 899 1388 Praeterea,
933 1338 1006 1383 ex
1032 1324 1149 1383 hoc
1175 1337 1311 1395 lpSO
1352 1322 1513 1396 quod
1542 1322 1759 1380 dicitur
1802 1320 1962 1395 quod
2002 1321 2039 1378 S
2085 1319 2258 1378 tritus
2287 1324 2535 1378 sanctus
2563 1319 2924 1399 proceditper

541 1396 790 1455 modum
816 1395 1145 1455 voluntatis
1172 1400 1231 1450 et
1265 1393 1449 1452 Filius
1476 1406 1585 1465 per
1623 1392 1868 1451 modum
1894 1390 2041 1450 intel
2068 1397 2256 1459 ectuS‚
2287 1390 2563 1464 sequitur
2588 1390 2749 1471 quod
2776 1390 2921 1461 Sp1ri-

541 1471 644 1526 tus
674 1470 920 1525 sanctus
949 1465 1030 1523 sit
1057 1479 1095 1524 a
1124 1463 1270 1523 Filio
1296 1482 1311 1534 ;
1343 1478 1483 1522 nam
1516 1476 1686 1521 amor
1711 1462 1979 1534 procedit
2001 1477 2035 1520 a
2060 1461 2271 1531 Verb0‚
2292 1474 2366 1518 eo
2392 1461 2554 1534 quod
2585 1461 2739 1519 nihil
2762 1474 2923 1518 amare

540 1550 895 1610 possumus,
928 1535 1051 1593 nisi
1080 1534 1261 1593 verbo
1291 1534 1492 1592 cordis
1520 1533 1671 1591 illud
1699 1533 2132 1605 concipiamus.

611 1611 764 1676 Item,
793 1607 846 1666 si
876 1606 1015 1679 quis
1063 1604 1330 1663 diversas
1375 1604 1609 1677 species
1653 1618 1850 1662 rerum
1895 1602 2256 1671 consideret,
2287 1602 2353 1660 in
2399 1602 2492 1661 eis
2540 1602 2781 1675 quidam
2805 1601 2925 1660 ordo

542 1676 902 1749 ostenditur,
930 1681 1110 1749 prout
1142 1675 1403 1734 viventia
1446 1680 1589 1733 sunt
1633 1688 1817 1747 supra
1866 1686 1986 1732 non
2028 1673 2308 1736 viventia,
2343 1677 2404 1731 et
2449 1672 2739 1732 animalia
2780 1686 2929 1744 supra

588 1750 804 1817 lantaS,
827 1752 887 1806 et
915 1747 1096 1805 homo
1125 1761 1306 1818 super
1330 1746 1450 1804 alia
1467 1745 1771 1814 animalia,
1793 1758 1976 1818 quum
1998 1744 2059 1802 in
2077 1744 2338 1816 singulis
2354 1743 2574 1803 horum
2593 1744 2807 1802 diversi
2825 1757 2928 1816 gra-

541 1763 660 1877 gus
687 1817 1067 1877 inveniantur
1095 1815 1427 1875 secundum
1455 1816 1723 1874 diversas
1742 1815 2010 1887 species;
2040 1814 2200 1872 unde
2227 1819 2284 1871 et
2313 1814 2480 1872 Plato
2509 1815 2744 1886 species
2769 1825 2931 1872 rerum

542 1887 694 1948 dixit
706 1900 842 1948 esse
870 1899 1177 1956 numeros,
1249 1888 1310 1945 ui
1324 1887 1525 1959 specie
1546 1887 1851 1945 variantur
1866 1900 1971 1958 per
1989 1884 2354 1944 additionem
2375 1885 2469 1942 vel
2490 1885 2929 1944 subtractionem

541 1958 814 2019 unitatis.
847 1958 1031 2026 Unde,
1058 1958 1124 2015 in
1153 1970 1225 2015 su
1270 1956 1509 2015 stantiis
1561 1955 2078 2026 immaterialibuS‚
2112 1968 2236 2014 non
2265 1959 2464 2037 potest
2491 1969 2632 2015 esse
2657 1954 2932 2014 distinctio

542 2028 666 2088 nisi
712 2027 1046 2087 secundum
1092 2027 1384 2086 ordinem.
1414 2030 1482 2084 ln
1528 2025 1748 2085 divinis
1794 2032 1991 2085 autem
2037 2038 2338 2108 personis,
2363 2040 2498 2099 quae
2543 2032 2691 2085 sunt
2715 2027 2934 2085 omnino

542 2097 995 2167 immateriales,
1026 2110 1150 2155 non
1191 2103 1388 2170 potest
1430 2110 1569 2156 esse
1610 2097 1767 2155 alius
1813 2097 1960 2156 ordo
1991 2097 2109 2155 msi
2136 2096 2413 2170 originis.
2444 2097 2579 2155 Non
2616 2096 2798 2170 igitur
2821 2100 2944 2154 suut

545 2169 681 2228 duae
707 2181 981 2240 personae
1011 2167 1085 2225 ab
1109 2181 1232 2226 una
1258 2167 1669 2239 procedenteS,
1701 2167 1821 2225 nisi
1853 2181 1974 2225 una
2001 2181 2207 2225 earum
2234 2167 2519 2239 procedat
2547 2167 2625 2226 ab
2654 2168 2867 2235 alter-123
2893 2170 2944 2224 et

547 2239 641 2299 sic
670 2252 706 2297 o
750 2243 905 2297 ortet
930 2238 1209 2310 Spiritum
1235 2243 1509 2296 sanctum
1533 2237 1853 2308 procedere
1878 2252 1916 2296 a
1942 2237 2112 2296 Filio.
2348 2282 2355 2290 .

617 2309 712 2366 Ad
751 2323 837 2373 uc,
867 2311 1040 2367 Pater
1068 2313 1127 2366 et
1169 2309 1377 2380 Filius,
1406 2313 1697 2381 quantum
1740 2307 1816 2366 ad
1861 2309 2149 2366 unitatem
2197 2308 2498 2376 essentiae,
2529 2322 2656 2366 non
2684 2305 2950 2366 differunt

543 2379 665 2439 nisi
692 2379 755 2438 in
785 2379 901 2438 hoc
955 2378 1116 2452 quod
1156 2379 1257 2438 hic
1284 2386 1377 2438 est
1423 2383 1590 2450 pater-
1617 2384 1676 2436 et
1715 2378 1815 2436 hic
1857 2386 1951 2437 est
1982 2377 2164 2438 filius.
2197 2378 2499 2460 Quidquid
2540 2379 2733 2452 igitur
2758 2383 2952 2458 pratter

541 2449 660 2510 hoc
705 2453 799 2509 est
850 2462 1168 2507 commune
1215 2457 1307 2507 est
1348 2448 1502 2508 Patri
1549 2454 1609 2506 et
1651 2448 1821 2508 Filio.
1868 2452 2014 2508 Esse
2056 2455 2254 2508 autern
2300 2448 2663 2523 principium
2716 2449 2953 2522 Spiritus

543 2521 739 2582 sancti
764 2526 857 2579 est
879 2526 1092 2593 praeter
1119 2521 1409 2579 rationem
1438 2520 1812 2592 paternitatis
1842 2527 1902 2578 et
1934 2520 2245 2580 filiationis
2268 2539 2284 2590 ;
2321 2534 2460 2578 nam
2488 2521 2612 2579 alia
2639 2520 2853 2579 relatio
2879 2522 2953 2577 eet

586 2607 664 2650 ua
690 2595 864 2651 Pater
889 2596 982 2650 est
1007 2596 1176 2663 pater
1200 2597 1261 2649 et
1282 2607 1401 2665 qua
1427 2594 1602 2650 Pater
1625 2595 1720 2649 est
1798 2591 2114 2664 rincipium
2164 2591 2422 2673 Spiritus
2449 2592 2672 2661 sancti,
2703 2597 2951 2670 utsupra

542 2607 772 2792 {ictum
802 2667 912 2721 est.
944 2665 1090 2721 Esse
1139 2662 1324 2735 igitur
1348 2661 1710 2735 principium
1750 2605 2004 2732 {pimus
2027 2667 2220 2721 sancti
2249 2667 2341 2721 est
2377 2674 2705 2721 commune
2734 2665 2885 2721 Pam
2907 2662 2951 2716 et

592 2749 611 2790 1
639 2746 724 2791 ιο.

610 2803 889 2885 Amplius,
918 2802 1207 2876 quidquid
1250 2815 1372 2861 non
1418 2808 1510 2861 est
1537 2806 1746 2860 contra
1776 2801 2068 2861 rationem
2117 2802 2374 2875 alicujus
2402 2816 2528 2861 non
2557 2809 2653 2861 est
2684 2802 2943 2882 impossi-

539 2872 661 2932 hile
684 2888 741 2932 ει
765 2873 1106 2954 copvenire,
1137 2873 1257 2931 nisi
1287 2873 1437 2930 forte
1483 2887 1590 2945 per
1616 2871 1915 2931 accidens.
1949 2875 2095 2931 Esse
2140 2878 2338 2933 autem
2386 2874 2759 2946 principium
2789 2874 2946 2945 Spin·

539 2949 641 3002 tus
671 2949 866 3002 sancti
915 2957 1037 3002 non
1066 2948 1159 3001 est
1203 2950 1413 3002 contra
1461 2943 1755 3002 rationem
1798 2943 1954 3012 Filii,
1988 2957 2180 3017 neque
2216 2945 2281 3001 in
2330 2951 2625 3018 quantum
2672 2951 2771 3004 est
2798 2946 2945 3009 Deus,

539 3014 685 3086 quia
702 3016 893 3082 Pater,
921 3014 1024 3087 qui
1074 3019 1166 3072 est
1193 3016 1370 3081 Deus,
1406 3019 1500 3072 est
1525 3013 1888 3087 principium
1918 3015 2178 3087 Spiritus
2209 3016 2427 3085 sancti,
2456 3029 2657 3096 neque
2690 3017 2759 3073 in
2787 3026 2947 3089 quan·

537 3089 664 3142 tum
688 3089 781 3142 est
805 3083 990 3153 filius,
1020 3098 1102 3142 eo
1113 3083 1273 3158 quod
1302 3084 1422 3142 alia
1447 3089 1543 3144 est
1565 3085 1875 3156 processio
1898 3085 2154 3166 Spiritus
2184 3085 2376 3144 sancti
2406 3092 2465 3144 et
2491 3086 2617 3145 alia
2646 3086 2787 3144 Filii
2808 3104 2827 3155 ;
2852 3094 2947 3141 noa

539 3161 633 3212 est
659 3159 857 3213 autem
881 3168 1226 3237 repugnans
1249 3155 1311 3212 id
1339 3154 1500 3228 quod
1519 3160 1613 3213 est
1638 3169 1674 3213 a
1700 3155 1997 3227 principio
2042 3156 2374 3215 secundum
2403 3169 2591 3215 unam
2628 3156 2946 3229 processio-

536 3236 682 3302 nem„
705 3238 840 3283 esse
867 3239 1058 3307 princi
1103 3225 1227 3283 ium
1269 3225 1683 3298 processionis
1732 3226 2001 3285 alterius.
2027 3226 2403 3299 Relinquitur
2431 3226 2623 3300 igitur
2649 3227 2817 3301 quod
2846 3235 2941 3282 non

538 3294 1019 3367 sitimposs1bi1e
1090 3296 1261 3354 ilium
1289 3310 1425 3354 esse
1466 3295 1827 3369 principium
1869 3296 2126 3368 Spiritus
2155 3299 2369 3356 sancti.
2398 3297 2574 3367 Quod
2609 3304 2817 3356 autem
2842 3305 2939 3351 non

538 3369 633 3423 est
672 3365 1047 3438 impossibile
1098 3371 1297 3438 potest
1322 3379 1478 3425 esse.
1507 3368 1580 3425 In
1606 3366 1826 3425 divinis
1869 3372 2067 3425 autem
2097 3380 2222 3426 non
2274 3366 2475 3428 differt
2503 3381 2645 3427 esse
2675 3373 2738 3427 et
2762 3378 2939 3440 posse·

535 3437 693 3563 {rgo
712 3436 925 3562 temnus
955 3440 1050 3496 est
1070 3436 1449 3579 tprkiucipium
1498 3436 1756 3509 Spiritus
1801 3437 2017 3497 sancti.
2047 3438 2091 3511 (1
2120 3443 2295 3511 part„
2326 3454 2384 3512 q.
2417 3451 2636 3510 mvr,
2669 3445 2784 3498 art.
2813 3442 2876 3505 23
2900 3436 2947 3490 et

588 3522 710 3578 epo
741 3547 779 3573 .,
813 3522 872 3581 q.
902 3519 964 3576 x,
997 3521 1108 3565 ar.
1178 3549 1192 3563 .

1507 3709 1763 3774 CAPUT
1804 3710 1989 3774 XXV.

577 3882 867 3932 RATIONES
903 3886 1242 3932 osmnmtmt
1276 3887 1620 3935 VOLENTIUM
1654 3888 1809 3943 QUOD
1855 3889 2114 3936 SPIRITUS
2154 3889 2411 3937 SANCTUS
2450 3889 2576 3937 Non
2611 3884 2909 3938 nocam?

1277 3975 1323 4021 A
1357 3976 1535 4033 mum,
1572 3975 1650 4021 ΕΤ
1685 3976 1925 4023 sonmo
1958 3978 2232 4026 IPSARUM.

601 4134 856 4217 Quidam
898 4150 1062 4206 vero,
1091 4136 1475 4210 pertinaciter
1498 4138 1732 4198 veritati
1779 4139 2063 4199 resistere
2097 4140 2392 4211 volentes,
2417 4142 2701 4215 quaedam
2740 4143 2805 4200 in
2828 4146 2957 4197 con·

527 4207 777 4263 tranum
805 4205 1117 4278 inducunt,
1189 4221 1280 4267 uae
1309 4209 1407 4266 vix
1433 4210 1836 4282 responsione
1863 4217 2009 4269 sunt
2036 4210 2239 4285 digna.

601 4274 818 4334 Dicunt
839 4278 1001 4336 enim
1027 4222 1189 4351 quog
1230 4280 1544 4361 Dominus„
1576 4281 1649 4339 de
1695 4281 2087 4354 processione
2133 4282 2393 4355 Spiritus
2441 4284 2640 4343 sancti
2681 4284 2945 4354 loquens

526 4356 666 4402 eum
692 4359 731 4402 a
756 4347 928 4404 Patre
955 4348 1275 4420 procedere
1299 4349 1468 4422 dix1t,
1499 4352 1671 4410 nulla
1719 4352 2025 4413 mentione
2053 4353 2211 4413 facta
2255 4352 2328 4411 de
2357 4353 2533 4426 Filio,
2568 4360 2632 4414 ut
2668 4356 2834 4428 patet
2858 4345 2941 4405 ulit
