3076 5025
1059 342 1191 401 LIB.
1226 342 1304 412 tr,
1343 342 1495 399 CAP.
1532 341 1667 401 XVI.
2478 351 2577 406 117

253 467 394 535 item,
431 464 768 535 imperfecta
793 478 830 523 a
855 460 1133 536 perfectis
1162 467 1411 519 sumunt
1471 460 1789 534 originem,
1835 465 1904 521 ut
1941 475 2149 522 semen
2190 463 2265 521 ab
2311 464 2577 525 animali.

191 537 334 595 Deus
359 541 550 592 autem
581 542 675 592 est
703 534 1192 606 perfectissimum
1217 539 1274 589 et
1302 546 1604 589 summum
1648 546 1757 591 ens
1787 538 1847 591 et
1888 546 2190 592 summum
2241 534 2485 604 bonum,
2515 540 2581 594 ut

188 611 475 666 ostensum
507 611 600 662 est
629 605 691 675 (l.
720 618 761 673 i,
791 620 842 662 o.
877 608 963 672 ¹3,
992 608 1061 662 28
1085 608 1142 658 et
1166 601 1278 674 4¹).
1303 606 1432 675 ipso
1464 603 1646 671 igitui-
1670 607 1761 661 est
1791 603 2074 662 omnibus
2096 617 2280 663 causa
2308 607 2574 675 essendi,

188 676 459 748 prcecipue
499 690 683 748 quum
730 681 1039 734 ostensum
1069 672 1150 733 sit
1186 673 1250 746 (l.
1284 686 1329 738 1,
1368 688 1422 731 c.
1453 673 1544 745 42)
1574 673 1733 747 quod
1762 674 1878 733 tale
1904 687 2029 734 non
2055 675 2249 747 possit
2287 689 2423 734 esse
2454 677 2573 736 nisi

246 819 357 874 Hoc
380 821 571 874 autem
604 815 806 874 divina
843 815 1156 874 confirmat
1195 814 1538 872 auctoritas.
1595 814 1821 872 Dicitur
1870 814 2053 883 enini,
2086 816 2242 874 Psal.
2288 829 2459 886 exn,
2490 821 2523 875 6
2555 837 2573 876 ε

190 887 415 956 Quiteci't
452 887 642 942 coelum
666 891 719 942 et
750 891 970 950 terram,
1018 900 1186 946 mare.
1218 889 1270 939 et
1304 887 1485 939 omnia
1524 901 1645 954 quae
1685 888 1747 940 in
1787 887 1865 940 eis
1902 890 2065 953 sunu
2108 891 2166 944 et
2191 889 2385 955 Joan„
2419 901 2459 949 1,
2492 893 2523 946 3
2555 906 2576 948 ε

190 959 356 1014 Ouinia
375 972 473 1028 pei·
502 958 686 1028 ipsum
710 959 862 1024 factu
888 962 1037 1023 sunt,
1066 960 1119 1013 et
1136 959 1252 1011 sine
1276 957 1399 1025 Ipso
1423 958 1637 1023 factum
1676 960 1755 1011 est
1798 956 1973 1023 nihil5
2020 961 2080 1013 et
2116 960 2306 1026 Rom„
2335 969 2420 1027 xi,
2456 962 2524 1016 36
2555 974 2576 1015 t

190 1030 263 1085 132
288 1042 381 1097 qno
410 1030 612 1091 omnia,
638 1043 738 1098 pei·
763 1042 918 1097 quem
947 1029 1149 1095 omnia,
1179 1027 1311 1081 etin
1338 1042 1442 1096 quo
1465 1029 1665 1088 omnia,
1696 1027 1728 1082 1
1763 1027 1815 1081 si
1840 1026 2020 1093 aleria
2043 1028 2103 1083 in
2129 1029 2326 1083 secula.

248 1099 344 1154 Per
367 1097 476 1155 hoc
503 1105 702 1154 autem
734 1097 1068 1156 excluditur
1095 1096 1475 1168 antiquorum
1510 1102 1721 1154 natura
1748 1095 1870 1176 ium
1911 1109 2098 1164 error,
2128 1097 2229 1169 qui
2277 1098 2582 1168 ponebant

193 1181 407 1239 corpora
433 1168 703 1238 quaedam
738 1181 860 1226 non
892 1167 1107 1226 habere
1133 1179 1373 1224 causam
1407 1166 1683 1234 esseiidi;
1714 1170 1773 1224 et
1795 1171 1974 1224 etiam
2017 1168 2430 1239 quorumdam,
2471 1169 2577 1242 qui

192 1236 366 1295 dicunt
393 1240 572 1296 Deum
607 1252 727 1296 non
756 1253 893 1296 esse
920 1251 1164 1297 causam
1184 1237 1534 1295 substantiae
1554 1237 1711 1307 coeli,
1727 1236 1834 1296 sed
1852 1237 2048 1295 solum
2072 1243 2294 1296 motus,
2325 1238 2369 1310 (l
2397 1244 2574 1311 part„

194 1321 239 1381 q.
262 1320 404 1372 mv,
434 1315 542 1367 art.
582 1313 608 1368 l
637 1327 654 1379 ς
685 1315 745 1367 ει
775 1313 853 1367 De
871 1314 1013 1380 pot„
1040 1324 1100 1382 q.
1132 1321 1235 1378 1113
1267 1312 1378 1366 art.
1404 1307 1482 1379 5.)

1146 1528 1396 1592 CAPUT
1428 1529 1584 1593 XVI.

633 1708 789 1762 Quot>
822 1708 971 1756 DEUS
1007 1708 1088 1754 EX
1122 1707 1324 1754 NIHILO
1358 1707 1654 1755 Pnonuxn·
1696 1709 1802 1756 ΗΕΒ
1836 1709 1899 1757 m
1931 1710 2093 1758 ESSE.

266 1870 441 1949 Exhoc
467 1876 676 1930 autem
707 1871 1133 1953 apparet-quod
1163 1873 1321 1930 Deus
1364 1870 1428 1929 in
1457 1884 1594 1930 esse
1622 1885 1719 1931 res
1773 1872 2055 1944 produxit
2091 1887 2165 1932 ex
2210 1872 2379 1931 nullo
2426 1887 2575 1945 prae-

214 1947 438 1999 existente
469 1943 635 2001 sicut
666 1957 737 1998 ex
765 1947 1030 2001 materia.

260 2011 467 2070 sienim
499 2018 598 2071 est
627 2012 855 2084 aliquid
883 2012 1130 2071 effectus
1159 2012 1285 2081 Dei,
1314 2017 1420 2071 aut
1446 2012 1776 2083 praeexistit
1800 2012 2026 2085 aliquid
2063 2013 2177 2085 illi,
2208 2019 2479 2074 autnon.
2510 2016 2575 2075 Si

205 2092 312 2152 non,
334 2083 574 2141 habetur
599 2083 999 2155 propositum,
1029 2083 1259 2141 scilicet
1282 2083 1437 2163 quod
1470 2085 1627 2140 Deus
1672 2083 1931 2155 aliquem
1973 2082 2250 2144 effectum
2292 2087 2578 2157 producat

202 2165 256 2231 ex
272 2154 419 2233 pullo
449 2153 891 2226 praeexistente.
922 2154 982 2212 Si
1015 2159 1211 2212 autem
1242 2153 1461 2234 aliquid
1495 2154 1582 2210 illi
1612 2154 1954 2234 praeexistit,
1985 2162 2089 2213 aut
2114 2161 2208 2215 est
2253 2157 2574 2228 procedere

199 2233 247 2277 in
268 2222 566 2293 infinitum,
599 2224 762 2295 quod
795 2238 913 2281 non
944 2231 1036 2282 est
1062 2224 1351 2295 possibile
1380 2238 1442 2280 in
1466 2237 1671 2281 causis
1716 2225 2145 2294 materialibuS,
2196 2233 2262 2285 ut
2304 2228 2576 2286 Philoso-

198 2290 319 2373 plius
344 2295 543 2366 probat
574 2295 950 2375 (metaphys,
978 2308 1045 2362 11,
1074 2299 1213 2352 text.
1243 2308 1460 2375 comm.
1483 2296 1573 2366 7);
1600 2299 1705 2351 aut
1747 2295 1858 2376 erit
1893 2295 2169 2354 devenire
2212 2296 2284 2354 ad
2329 2297 2575 2371 aliquod

191 2364 845 2515 irrueritis&
874 2365 2144 2507 23³281f3⁵¹1¹9303¹i÷>tt2t{¹331}ss?ssss
2193 2372 2576 2496 finitimi?

190 2516 329 2577 cnjus
352 2507 474 2577 rei),
503 2522 630 2565 nec
660 2511 855 2579 potest
882 2520 1019 2565 esse
1048 2506 1165 2564 aliu
1238 2521 1274 2564 a
1302 2509 1443 2570 Deo,
1475 2505 1568 2564 cui
1606 2507 1760 2564 Deus
1803 2520 1925 2566 non
1954 2507 2035 2565 sit
2078 2521 2262 2565 causa
2308 2508 2574 2591 essendi,

190 2580 242 2630 ut
262 2583 565 2636 ostensum
593 2583 685 2636 est
714 2577 788 2649 (c.
822 2578 931 2651 15).
959 2577 1333 2649 Relinquitur
1356 2578 1540 2647 igitur
1562 2578 1719 2648 quod
1748 2578 1923 2644 Deus,
1953 2578 2018 2635 in
2052 2578 2441 2649 productione
2478 2593 2577 2638 sui

190 2643 420 2717 effectus,
449 2662 584 2707 non
618 2648 864 2721 requirit
891 2648 1193 2705 materiam
1226 2647 1638 2719 praejacentem
1667 2661 1737 2705 ex
1767 2661 1884 2719 qua
1912 2653 2209 2718 operetur.

242 2717 438 2783 Adhuc,
474 2733 854 2791 unaquaeque
880 2719 1130 2776 materia
1158 2732 1260 2789 per
1302 2719 1550 2774 sormam
1590 2717 2071 2787 superinductam
2102 2718 2476 2776 contrahitur
2503 2720 2580 2780 ad

190 2784 412 2859 aliquam
450 2788 744 2861 speciem&
777 2789 1016 2861 operari
1064 2802 1209 2861 ergo
1237 2801 1311 2845 ex
1349 2787 1598 2844 materia
1634 2786 2004 2858 praejacente,
2052 2788 2574 2858 superinducendo

189 2855 402 2917 formam
438 2874 825 2932 quocumque
850 2859 1158 2928 mod0,est
1186 2859 1419 2938 agentis
1442 2857 1512 2914 ad
1536 2856 1797 2930 aliquam
1815 2856 2263 2939 determinatam
2286 2858 2570 2929 speciem.

186 2927 297 2986 Tale
322 2937 511 2989 autem
552 2944 739 3001 agens
759 2936 851 2988 est
876 2944 1064 3002 agens
1094 2930 1474 3000 particulare;
1506 2942 1704 2986 causae
1732 2941 1892 2985 enim
1938 2936 2201 2987 causatis
2239 2931 2577 3001 proportio-

189 2999 330 3059 nales
355 3008 513 3059 sunt.
552 3005 751 3069 Agens
779 3001 961 3073 igitur
985 3000 1145 3073 quod
1172 2999 1417 3071 requirit
1440 3013 1511 3055 ex
1544 2999 1896 3057 necessitate
1924 2999 2231 3057 materiam
2261 3000 2574 3072 praeJ‘acen·

191 3070 284 3125 tem
326 3084 392 3129 ex
421 3086 550 3144 qua
573 3076 849 3142 operatur
884 3076 976 3129 est
1004 3084 1190 3144 agens
1219 3070 1590 3141 particulare.
1624 3072 1779 3127 Deus
1817 3074 2013 3127 autem
2055 3076 2148 3129 est
2191 3085 2378 3143 agens
2419 3071 2577 3131 sicut

192 3151 346 3199 causa
372 3143 736 3200 universalis
756 3141 1020 3209 essendi,
1050 3146 1116 3223 ut
1142 3155 1323 3212 supra
1346 3140 1420 3213 (c.
1464 3142 1552 3214 ¹5)
1595 3145 1904 3221 ostensum
1950 3144 2061 3200 est.
2106 3143 2294 3216 Igitur
2330 3143 2477 3215 ipse,
2509 3144 2575 3202 in

195 3219 287 3267 sua
313 3215 572 3280 actione,
603 3213 906 3270 materiam
936 3218 1345 3284 praejacentem
1384 3225 1505 3268 non
1535 3216 1802 3282 requirit.

243 3282 380 3351 item,
409 3291 642 3356 quanto
688 3283 907 3356 aliquis
956 3281 1205 3340 effectus
1255 3287 1347 3340 est
1393 3282 1806 3350 universalior,
1851 3287 2017 3342 tanto
2066 3283 2243 3343 habet.
2277 3284 2576 3355 propriam

191 3362 401 3429 causam
447 3354 762 3420 altiorem3
808 3352 949 3426 quia
993 3358 1215 3425 quanto
1261 3366 1443 3410 causa
1498 3357 1598 3431 est·
1642 3353 1839 3420 altior,
1888 3358 2055 3412 tanto
2090 3356 2164 3412 ad
2189 3354 2356 3426 plura
2390 3356 2579 3413 virtus

190 3433 299 3490 cius
323 3424 681 3483 extenditur.
714 3426 857 3482 Esse
901 3428 1099 3481 autem
1148 3427 1240 3481 est
1279 3422 1678 3480 universalius
1763 3436 1896 3481 uam
1942 3425 2200 3494 moveri;
2231 3430 2372 3484 sunt
2417 3424 2579 3484 enim

193 3493 432 3562 quaedam
480 3496 713 3551 entium
746 3494 1095 3561 immobilia,
1132 3499 1197 3550 ut
1223 3493 1399 3551 etiam
1448 3493 1724 3563 philosop
1771 3493 1788 3550 i
1834 3495 2097 3566 tradunt,
2142 3504 2204 3553 ut
2252 3495 2476 3566 lapides
2518 3499 2580 3553 et

193 3558 540 3633 huiusmodi.
569 3567 814 3645 Oportet
839 3579 904 3622 er
945 3579 982 3623 o
1003 3564 1159 3635 quod
1193 3578 1372 3633 supra
1395 3578 1636 3644 causam
1660 3578 1792 3635 quae
1818 3578 1941 3623 non
1959 3567 2104 3638 agit,
2136 3565 2251 3646 nisi
2284 3564 2579 3647 movendo

193 3636 241 3686 et
261 3636 732 3703 transmutaiid0‚
761 3640 843 3694 sit
867 3579 971 3693 iffa
1000 3648 1185 3693 causa
1211 3650 1342 3706 quae
1362 3640 1453 3692 est
1482 3648 1734 3705 primum
1767 3637 2004 3694 essendi
2047 3636 2425 3717 principium.
2456 3637 2579 3695 Hoc

196 3708 363 3762 autem
390 3706 771 3763 ostendimus
802 3705 865 3776 (Ι.
892 3719 935 3775 1,
966 3720 1019 3763 c.
1053 3706 1139 3778 13)
1171 3720 1305 3764 esse
1351 3708 1556 3769 Deum.
1589 3706 1747 3762 Deus
1774 3704 1958 3774 igitur
1984 3712 2112 3764 non
2155 3712 2280 3778 agit
2318 3712 2582 3764 tantum·

192 3773 346 3833 modo
388 3776 689 3834 movendo
718 3782 777 3833 et
824 3777 1299 3834 transmutando.
1329 3778 1746 3856 Omiioautem
1773 3776 1931 3848 quod
1963 3789 2085 3835 non
2123 3780 2318 3848 potest
2358 3777 2576 3849 produ-

198 3852 308 3900 cere
326 3860 416 3905 res
445 3848 508 3905 in
551 3860 687 3905 esse
721 3845 933 3905 nisiex
956 3847 1204 3904 materia
1232 3847 1602 3919 praejacente,
1632 3851 1757 3917 agit
1780 3848 1975 3905 solum
2002 3847 2295 3907 movendo
2311 3854 2369 3905 et
2392 3853 2582 3907 trans·

201 3918 490 3987 mutand03
527 3918 720 3975 facere
748 3917 906 3975 euim
937 3917 1161 3990 aliquid
1196 3932 1267 3974 ex
1293 3917 1560 3975 materia.
1588 3922 1679 3974 est
1698 3930 1800 3987 per
1825 3924 2049 3976 motum
2070 3919 2161 3977 vel
2189 3919 2579 3979 mutationem

200 3987 505 4066 quamdam.
547 3992 675 4045 Non
701 4000 845 4060 ergo
876 3988 1250 4059 impossibile
1278 3994 1370 4045 est
1399 3988 1720 4069 producere
1749 4001 1845 4046 res
1884 3989 1948 4046 in
1972 4001 2109 4048 esse
2154 3988 2289 4070 sine
2328 3989 2577 4049 materia

201 4061 548 4127 praejacente.
577 4058 857 4116 Producit
882 4058 1064 4131 igitur
1093 4061 1250 4116 Deus
1277 4070 1374 4115 res
1405 4059 1463 4114 in
1493 4072 1629 4117 esse
1654 4072 1785 4116 sine
1812 4060 2056 4117 materia
2082 4067 2450 4132 praejacente.

252 4124 524 4203 Ij’mvterea,
555 4129 711 4201 quod
743 4129 1114 4199 agittantum
1161 4142 1268 4200 per
1315 4136 1538 4186 motum
1589 4134 1650 4187 ει
1694 4130 2099 4200 mutationem,
2131 4143 2253 4188 non
2298 4130 2579 4203 competit

192 4201 496 4256 universati
521 4213 719 4257 causae
739 4199 870 4272 ejus
897 4201 1057 4272 quod
1094 4206 1188 4257 est
1213 4213 1378 4258 esse:
1422 4212 1538 4257 non
1585 4199 1745 4257 enim
1789 4214 1894 4271 per
1938 4207 2164 4258 motum
2195 4206 2265 4259 ‚et
2300 4205 2577 4260 mutatio·

126 4302 137 4310 -
190 4270 310 4323 nem
334 4267 398 4326 fit
428 4283 539 4327 ens
567 4276 959 4328 ernon-ente
989 4270 1380 4342 simpliciter;
1411 4270 1513 4326 sed
1546 4283 1655 4327 ens
1688 4270 1798 4327 lioc
1827 4284 1900 4327 ex
1929 4275 2215 4329 non-ente
2254 4270 2388 4330 hoc.
2422 4275 2577 4330 Deus

191 4341 368 4415 ‚autem
406 4345 500 4397 est
544 4340 880 4399 universale
922 4340 1164 4400 essendi
1207 4341 1587 4412 principium,
1639 4345 1702 4397 ut
1745 4346 2050 4399 ostensum
2079 4346 2168 4400 est
2195 4342 2268 4415 (c.
2308 4343 2414 4415 15).
2447 4346 2575 4399 Nou

187 4410 357 4482 {gitur
384 4409 498 4466 sibi
529 4412 811 4480 competit
835 4425 1012 4484 agere
1039 4416 1266 4469 tantum
1297 4425 1402 4481 per
1431 4417 1653 4467 iiiotiim
1675 4414 1777 4467 aiit
1804 4424 1908 4481 per
1932 4414 2356 4482 mutationem;
2388 4424 2578 4483 neque

185 4479 359 4545 igitur
386 4479 504 4539 sitii
528 4483 808 4559 competit
831 4481 1102 4556 indigere
1128 4481 1478 4555 praejacente
1506 4480 1755 4541 materia
1777 4480 1852 4541 ad
1878 4481 2103 4557 aliquid
2145 4482 2501 4542 faciendum.
