3076 5025
456 294 562 350 402
1348 282 1484 340 L1·B.
1525 283 1621 345 111,
1664 282 1817 339 GAP.
1857 282 1997 339 cm.

530 408 877 481 Exemplum
907 406 1084 466 etiam
1114 404 1272 479 quod
1303 405 1562 463 sumitur
1583 403 1655 462 de
1683 403 2083 476 impressione
2122 402 2337 463 auimae
2382 404 2449 462 in
2492 417 2708 478 corpus
2756 417 2858 464 nou

458 483 714 541 multum
745 479 983 551 adjuvat
1013 477 1144 550 ejus
1172 475 1589 534 intentionem.
1621 477 1749 532 Non
1782 474 1942 556 enim
1972 489 2048 556 εξ
2087 475 2571 603 aplprebensione·
2619 489 2685 534 se
2727 476 2859 556 uitur

460 552 663 624 aliqua
690 548 1025 607 immutatio
1075 546 1364 620 corporis,
1416 546 1535 604 nisi
1585 545 2050 617 apprehenslom
2099 561 2137 603 a
2170 550 2380 617 Juncta
2424 546 2602 605 ruent
2733 551 2858 605 ectio

460 623 683 694 aliqua,
712 625 779 677 ut
807 618 1033 691 gaudii,
1059 619 1153 675 vel
1185 615 1443 686 timoris,
1478 621 1583 674 aut
1611 615 2135 687 concupiscentiae,
2157 621 2261 674 aut
2288 615 2536 675 alterius
2560 617 2858 687 passionis.

459 689 813 764 Hujusmodi
844 693 1042 747 autem
1070 688 1389 759 passiones
1414 686 1696 745 accidunt
1723 700 1859 744 cum
1890 686 2091 758 aliquo
2124 686 2516 745 determinato
2551 692 2719 745 motu
2751 700 2860 743 cor-

460 762 577 831 diS,
605 776 679 820 ex
747 774 824 818 uo
852 759 1240 831 consequitur
1268 758 1521 815 ulterius
1551 757 1887 815 immutatio
1916 757 2104 816 totius
2133 757 2423 829 corporis,
2444 756 2539 815 vel
2559 756 2860 815 secundum

459 839 691 891 motum
741 830 990 898 ocalem‚
1019 829 1112 886 vel
1141 828 1471 886 secundum
1502 827 1916 884 alterationem
1944 827 2206 900 aliquam
2239 846 2255 884 ι
2287 827 2445 885 unde
2476 828 2673 886 adhuc
2696 841 2861 885 rema-

460 909 564 1032 get
590 901 750 975 quod
781 899 1176 1027 applrebeinsio
1206 897 1556 957 substantiae
1586 897 1918 970 spiritualis
1941 911 2066 955 non
2094 898 2305 957 alterat
2333 911 2551 971 corpus
2598 897 2716 956 nisi
2763 911 2860 955 me-

530 1042 703 1111 Quod
736 1047 933 1100 autem
965 1040 1038 1099 de
1066 1038 1460 1099 fascinatione
1510 1038 1743 1097 inducit
1798 1051 1922 1096 non
1965 1036 2041 1095 ob
2070 1037 2186 1097 hoc
2229 1038 2463 1109 accidit,
2537 1038 2643 1097 uia
2688 1049 2864 1110 appre-

462 1114 678 1173 hensio
708 1111 890 1170 unius
918 1111 1260 1168 immediate
1286 1110 1789 1181 immutatcorpus
1807 1108 2075 1178 alteriuS,
2097 1109 2207 1167 sed
2234 1110 2377 1182 quia
2402 1124 2498 1167 me
2541 1109 2703 1167 iaute
2724 1112 2866 1166 motu

463 1183 663 1243 cordis
691 1183 966 1240 immutat
993 1195 1214 1253 corpus
1244 1181 1649 1253 conjunctum,
1683 1178 1856 1252 qu'us
1877 1180 2214 1237 immutatio
2238 1180 2508 1250 pervenit
2529 1179 2607 1238 ad
2627 1178 2865 1247 oculum,

463 1267 501 1312 a
528 1268 647 1327 quo
677 1253 841 1311 infici
869 1258 1066 1325 potest
1088 1251 1313 1323 aliquid
1344 1250 1766 1314 extrinsecum,
1793 1249 2088 1321 praecipue
2104 1250 2158 1307 si
2183 1249 2264 1308 sit
2290 1250 2466 1309 facile
2497 1247 2863 1316 immutabile,

465 1326 623 1384 sicut
650 1325 829 1381 etiam
859 1323 1075 1381 oculus
1103 1326 1488 1379 menstruatae
1513 1319 1703 1377 inficit
1731 1319 2062 1391 speculum.

536 1394 883 1453 Substantia
918 1393 1102 1465 igitur
1132 1392 1463 1463 spiritualis
1492 1397 1689 1449 creata
1707 1392 1949 1472 propria
1970 1391 2185 1448 virtute
2212 1390 2439 1449 nullam
2459 1387 2865 1449 formamindu·

465 1480 600 1524 cere
618 1464 891 1536 potestin
907 1463 1215 1521 materiam
1236 1461 1627 1534 corporalem,
1657 1474 1829 1533 quasi
1860 1461 2109 1519 materia
2119 1461 2195 1519 ad
2210 1460 2326 1520 hoc
2352 1460 2469 1520 sibi
2490 1459 2866 1541 obediente2ut

465 1541 637 1594 exeat
659 1535 723 1592 in
753 1539 950 1593 actum
976 1533 1232 1606 aliqu'us
1259 1533 1486 1602 formae,
1517 1532 1637 1590 nisi
1665 1546 1771 1603 per
1800 1537 2027 1590 motum
2046 1532 2298 1589 localem
2319 1531 2579 1604 alicujus
2601 1542 2864 1609 corporise

466 1608 570 1664 Est
597 1606 756 1663 enim
779 1606 894 1663 hoc
920 1605 980 1661 in
996 1605 1210 1661 virtute
1240 1603 1590 1661 substantiae
1607 1603 1938 1674 spiritualis
1966 1606 2269 1665 creatae,ut
2283 1615 2501 1673 corpus
2521 1601 2761 1660 obediat
2773 1598 2865 1658 sibi

463 1677 540 1734 ad
570 1681 795 1734 motum
828 1675 1118 1743 localem;
1150 1674 1444 1732 movendo
1482 1678 1677 1730 autem
1734 1673 2004 1731 localiter
2049 1672 2294 1745 aliquod
2334 1686 2577 1744 corpuS‚
2611 1672 2864 1730 adhibere

464 1751 666 1818 potest
692 1746 892 1827 aliqua
929 1746 1276 1802 naturaliter
1323 1744 1535 1803 activa‘
1559 1743 1631 1800 ad
1682 1741 1928 1801 effectus
1976 1742 2212 1815 aliquos
2262 1742 2705 1815 producendOS,
2733 1742 2863 1821 sicut

465 1829 567 1874 ars
601 1814 833 1873 fabrilis
862 1815 1105 1873 adhibet
1128 1816 1326 1888 ignem
1355 1815 1430 1873 ad
1454 1813 1944 1872 molificationem
1975 1814 2272 1871 ferri.Hoc
2293 1819 2489 1872 autem
2515 1826 2653 1884 non,
2671 1817 2760 1871 est
2776 1825 2862 1869 mi-

466 1885 810 1943 raculosum
840 1886 1077 1957 proprie
1105 1884 1425 1958 loquendo.
1453 1884 1617 1941 Unde
1646 1884 2002 1965 relinquitur
2029 1882 2190 1956 quod
2223 1883 2576 1942 substantiae
2616 1882 2866 1955 spiritua·

468 1956 559 2014 les
589 1960 802 2013 creatae
828 1968 949 2013 non
978 1956 1200 2013 faciant
1229 1955 1518 2012 miracula
1547 1968 1783 2025 propria
1813 1959 2050 2012 virtute.

538 2026 681 2083 Dico
714 2029 912 2082 autem
943 2026 1184 2096 propria
1205 2026 1419 2082 virtute
1450 2042 1465 2081 ε
1499 2024 1641 2096 quia
1670 2023 1821 2081 nibil
1841 2024 2117 2096 prohibet
2132 2024 2480 2098 hujusmodi
2501 2022 2866 2086 substantias.

467 2096 529 2153 in
562 2100 851 2166 quantum
885 2100 1072 2167 agunt
1098 2095 1161 2152 in
1187 2096 1403 2153 virtute
1433 2095 1655 2162 divina,
1686 2092 1977 2152 miracula
2001 2094 2196 2152 facere
2227 2114 2242 2153 z
2272 2095 2433 2168 quod
2456 2094 2653 2153 etiam.
2670 2109 2739 2153 ex
2777 2091 2868 2149 hoc

466 2165 700 2223 videtur
727 2165 889 2237 quod
913 2178 1074 2223 unus
1103 2164 1250 2224 ordo
1301 2179 1374 2222 an
1422 2165 1652 2222 elorum
1700 2164 2039 2236 specialiter
2081 2165 2418 2236 deputatur,
2465 2170 2530 2223 ut
2576 2162 2866 2237 Gregorius

467 2236 614 2293 dicit
639 2236 822 2308 (bom.
850 2239 923 2294 24
951 2236 1014 2292 in
1054 2235 1320 2317 Evang.)‚
1346 2250 1382 2293 a
1465 2234 1756 2293 miracula
1803 2234 2094 2304 facienda,
2125 2237 2226 2308 qui
2277 2236 2456 2294 etiam
2501 2235 2653 2295 dicit
2700 2231 2866 2307 (mah,

468 2305 552 2363 lib
603 2320 670 2375 11,
702 2320 829 2379 cap.
863 2305 954 2378 31)
980 2306 1143 2380 quod
1195 2305 1436 2379 quidam
1464 2305 1655 2364 saneti
1686 2306 1976 2365 miracula
2002 2305 2302 2364 interdum
2331 2306 2560 2364 faciunt
2590 2321 2665 2365 ex
2701 2309 2868 2377 potes-

465 2381 608 2445 tate,
638 2389 764 2433 non
787 2377 982 2435 solum
1009 2391 1080 2435 ex
1110 2376 1565 2435 intercessione.

540 2447 1051 2505 Considerandum
1075 2454 1273 2505 tamen
1304 2454 1413 2517 est,
1445 2446 1776 2519 quod‚cum
1807 2460 1904 2505 res
1931 2446 2166 2521 aliquas
2191 2446 2494 2506 naturales
2532 2446 2633 2507 vel
2678 2443 2866 2524 angeli,

466 2519 560 2576 vel
586 2517 890 2577 daemones
914 2519 1237 2577 adhibeant
1255 2519 1329 2576 ad
1349 2519 1585 2591 aliquos
1602 2519 2027 2577 determinatos
2044 2516 2313 2587 effectus,
2342 2524 2597 2577 utuntur
2612 2517 2701 2577 eis
2720 2528 2867 2590 quast

466 2590 879 2647 instrumentis
912 2589 1291 2662 quibusdam,
1325 2590 1481 2647 sicut
1512 2589 1784 2648 medicus
1812 2589 1999 2647 utitur
2026 2594 2093 2647 ut
2138 2588 2554 2647 instrumentis
2596 2586 2867 2661 aliquibus

467 2658 671 2717 herbis
700 2658 775 2717 ad
802 2660 1159 2718 sanandum.
1193 2663 1276 2717 Ex
1301 2660 1699 2718 instrumento
1730 2664 1928 2718 autem
1956 2659 2224 2730 procedit
2251 2672 2374 2716 non
2403 2659 2606 2718 solum
2638 2672 2757 2717 suae
2775 2657 2868 2713 vir·

464 2730 578 2810 tuti
607 2730 1084 2801 correspondens
1115 2728 1384 2800 effectus,
1421 2731 1527 2787 sed
1559 2731 1736 2788 etiam
1780 2730 2006 2802 aliquid
2051 2729 2205 2787 ultra
2251 2730 2550 2811 propriam
2599 2731 2868 2806 virtutem,

464 2813 530 2856 m
560 2805 848 2872 quantum
877 2801 1002 2872 agit
1030 2800 1092 2857 in
1118 2801 1332 2858 virtute
1361 2800 1713 2872 principalis
1758 2801 1991 2873 agentis
2025 2818 2040 2857 ε
2072 2813 2239 2858 serra
2284 2813 2466 2864 emm,
2514 2805 2624 2859 aut
2668 2808 2867 2859 securis

467 2882 590 2927 non
619 2875 817 2941 potest
842 2871 1036 2928 facere
1064 2870 1305 2940 lectum,
1335 2871 1454 2928 nisi
1486 2871 1549 2927 in
1579 2875 1866 2944 quantum
1890 2875 2077 2942 agunt
2100 2876 2165 2927 ut
2191 2876 2369 2929 motae
2409 2870 2483 2929 ab
2512 2877 2642 2930 arte
2692 2869 2764 2928 ad
2800 2873 2867 2924 ta·

464 2940 582 2997 lem
613 2938 919 3009 effectum,
943 2955 1051 2998 nec
1077 2941 1241 2999 calor
1283 2941 1575 2999 naturalis
1614 2947 1822 3013 posset
1872 2953 2111 2999 carnem
2162 2954 2451 3013 generare
2505 2940 2633 3000 nisi
2686 2941 2870 2998 virtute

467 3009 684 3091 animae
713 3010 1086 3091 vegetabilis,
1117 3025 1248 3139 guae
1283 3012 1471 3092 utitur
1510 3012 1527 3067 i
1577 3025 1645 3071 so
1697 3011 1868 3083 quasi
1956 3010 2172 3069 uodam
2219 3011 2645 3070 instrumenta
2677 3013 2867 3092 Conve-

465 3093 643 3138 mens
667 3085 761 3138 est
787 3087 971 3153 igliur
997 3094 1115 3154 quo
1186 3096 1258 3138 ex
1285 3082 1438 3163 ipsis
1464 3096 1526 3138 re
1573 3096 1644 3140 us
1673 3081 1926 3139 naturali
1973 3096 2046 3139 us
2064 3081 2419 3154 proveniant
2436 3081 2626 3164 aliqui
2648 3081 2864 3140 altiores

462 3148 716 3278 fffectqss
747 3165 832 3279 ei}1
848 3152 962 3209 boc
990 3151 1149 3225 quod
1178 3152 1520 3224 spirituales
1549 3152 1899 3211 substantiae
1924 3152 2014 3210 eis
2038 3156 2288 3211 utuntur
2313 3152 2486 3225 quasi
2534 3158 2869 3213 instrumen-

491 3234 544 3278 ιε
615 3235 676 3279 ιιι
719 3234 794 3279 us
836 3236 952 3279 am.

534 3235 627 3348 83:
649 3305 793 3365 ergo
822 3292 962 3349 licet
986 3292 1136 3351 tales
1165 3290 1413 3351 effectus
1441 3293 1794 3365 simpliciter
1821 3291 2112 3351 miracula
2139 3291 2255 3350 dici
2299 3305 2424 3351 non
2510 3294 2728 3365 ossint,
2752 3289 2870 3364 quia

463 3374 538 3442 eir
566 3361 941 3420 naturalibus
966 3363 1167 3421 causis
1195 3363 1573 3433 proveniunt,
1597 3362 1900 3443 mirabiles
1918 3367 2120 3420 tamen
2143 3362 2321 3421 nobis
2348 3307 2681 3423 redtfuntur
2702 3358 2868 3434 dupli·

461 3436 631 3489 citer.
662 3433 790 3490 Uno
816 3433 1017 3503 mod0‚
1047 3448 1120 3491 ex
1158 3433 1274 3491 hoc
1320 3434 1479 3505 quod
1524 3447 1632 3504 per
1676 3433 2018 3504 spirituales
2062 3431 2434 3492 substantias
2485 3433 2642 3494 tales
2695 3440 2866 3511 causae

462 3501 645 3560 modo
673 3502 851 3561 nobis
879 3503 1235 3562 inconsueto
1265 3504 1339 3561 ad
1368 3503 1615 3562 effectus
1643 3503 1919 3574 proprios
1949 3517 1985 3562 a
2025 3509 2331 3575 ponuntur
2359 3522 2375 3561 ι
2407 3505 2569 3564 unde
2620 3505 2868 3577 ingemo·

461 3585 670 3630 sorum
700 3572 994 3631 artificum
1024 3586 1205 3655 opera
1230 3575 1384 3632 mira
1411 3574 1757 3643 redduntur,
1790 3587 1927 3631 cum
1955 3589 1991 3632 a
2058 3573 2194 3633 aliis
2231 3587 2353 3631 non
2399 3575 2727 3648 percipitur
2747 3582 2868 3646 qua·

462 3642 601 3700 liter
629 3648 970 3713 operantur.
999 3644 1130 3701 Alio
1176 3645 1378 3715 mod0‚
1407 3659 1480 3701 ex
1523 3644 1637 3703 hoc
1684 3644 1845 3717 quod
1891 3658 2088 3703 causae
2134 3644 2438 3703 naturales
2482 3646 2768 3720 appositae
2809 3637 2870 3698 ad

464 3711 711 3793 effectus
739 3713 975 3786 aliquos
998 3713 1435 3785 producendOS,
1465 3713 1693 3788 aliquid
1715 3714 1952 3774 virtutis
1982 3714 2316 3774 sortiuntur
2340 3728 2414 3779 ox
2428 3717 2545 3776 hoc
2563 3715 2725 3791 quod
2745 3712 2868 3794 sunt

460 3788 860 3842 lustramenta
885 3784 1286 3865 spiritualium
1316 3785 1783 3844 substantiarum
1811 3805 1826 3843 :
1854 3792 1914 3844 et
1941 3786 2057 3847 boc
2080 3785 2276 3859 magis
2301 3787 2530 3848 accedit
2582 3787 2660 3848 ad
2706 3789 2867 3847 rano·

462 3866 599 3911 nem
630 3853 925 3915 miracull.
956 3854 1001 3928 (l
1027 3859 1200 3928 part..
1232 3870 1291 3931 q.
1319 3868 1418 3926 οΧ,
1448 3861 1557 3916 art.
1583 3855 1662 3932 4.)
