3076 5025
1125 285 1260 342 ue.
1298 285 1343 356 1,
1385 284 1535 341 6111).
1577 284 1791 341 Lxxlv.
2601 287 2663 343 61

1177 484 1429 549 CAPUT
1483 483 1744 548 LXXIII.

831 655 980 709 ouon
1015 655 1319 701 voruntas
1355 654 1457 700 nm
1494 639 1588 700 sir
1621 654 1754 702 usus
1790 654 2088 701 Esseurm.

320 823 406 879 Ex
448 821 567 879 hoc
619 822 1097 900 autemapparet
1135 820 1293 892 quod
1336 833 1448 878 sua
1490 820 1767 878 voluntas
1811 834 1934 878 non
1972 824 2065 877 est
2119 819 2279 877 aliud
2330 834 2509 892 quam
2560 832 2673 880 sua

240 893 536 951 essentia.
578 893 703 948 Deo
748 904 901 946 enim
947 897 1224 947 convenit
1270 904 1403 949 esse
1438 892 1733 948 volentem
1781 891 1842 947 in
1872 897 2154 962 quantum
2193 894 2284 948 est
2308 890 2673 962 intelligens,

246 970 309 1020 ut
362 968 681 1020 ostensum
730 967 819 1017 est
867 961 1015 1031 (cap.
1056 966 1123 1018 44
1163 965 1223 1017 et
1255 961 1367 1032 45).
1413 964 1512 1019 Est
1561 968 1757 1018 autem
1806 962 2146 1033 intelligens
2191 975 2296 1030 per
2345 963 2669 1020 essentiam

246 1048 444 1115 suam,
479 1038 543 1089 ut
570 1046 755 1112 supra
782 1032 1089 1103 probatum
1117 1037 1227 1089 est.
1251 1033 1401 1105 Ergo
1432 1038 1487 1089 et
1516 1033 1744 1090 volenS.
1775 1035 1875 1090 Est
1901 1031 2082 1103 igitur
2108 1032 2383 1090 voluntas
2411 1034 2513 1089 Dei
2537 1033 2671 1104 ipsa

245 1109 728 1252 elffdffiffgffiit
756 1171 1084 1252 intellige-re
1105 1176 1209 1252 ‚est
1253 1173 1537 1243 perfectio
1565 1172 1978 1244 intelligentis,
2010 1171 2096 1230 ita
2131 1178 2188 1230 et
2215 1172 2363 1254 velle
2392 1173 2671 1254 volentis.

247 1247 577 1316 Utrumque
608 1256 767 1299 enim
795 1248 886 1322 est
915 1249 1071 1299 aetio
1100 1256 1158 1298 16
1190 1250 1404 1323 agente
1433 1256 1705 1324 6166663,
1733 1257 1852 1299 606
1882 1248 2407 1324 autern-transiens
2450 1258 2513 1300 16
2562 1244 2671 1301 611·

244 1315 409 1387 quod
448 1327 724 1384 passum,
754 1319 911 1370 sicut
936 1312 1266 1370 calefactio.
1299 1313 1409 1371 Sed
1437 1314 1768 1386 intelligere
1795 1315 1894 1370 Dei
1923 1318 2013 1371 est
2047 1327 2177 1383 eJus
2207 1327 2361 1381 esse,
2394 1319 2460 1370 ut
2494 1327 2678 1384 supra

244 1387 400 1513 Scap.
425 1385 515 1456 28)
546 1385 861 1455 probatum
893 1389 1002 1452 est,
1034 1396 1105 1440 eo
1134 1382 1313 1455 quod,
1345 1397 1481 1442 cum
1511 1398 1645 1441 esse
1675 1383 1939 1441 divinum
1969 1384 2296 1442 seeundum
2327 1397 2393 1441 36
2434 1384 2513 1441 sit
2540 1397 2670 1455 per·

271 1456 672 1522 ectissitnum,
723 1455 947 1511 nullam
994 1455 1506 1525 supervenientem
1562 1455 1979 1525 perfectionem
2032 1454 2308 1521 admittit,
2366 1458 2431 1513 ut
2488 1467 2669 1525 supra

247 1533 563 1607 ostensum
594 1530 708 1651 est.
741 1527 842 1583 Est
869 1525 1049 1597 igitur
1076 1523 1339 1582 divinum
1370 1525 1681 1602 velleesse
1719 1525 1933 1597 ipsine.
1963 1527 2113 1597 Ergo
2140 1526 2417 1583 voluntas
2446 1526 2548 1583 Dei
2579 1529 2672 1583 est

250 1613 283 1654 e
310 1611 383 1655 us
411 1611 590 1654 essen
623 1609 702 1653 ia.

281 1613 598 1737 'Amplius
621 1680 761 1723 cum
785 1678 961 1722 omne
987 1678 1173 1737 agens
1202 1669 1339 1737 agat
1366 1664 1428 1721 in
1454 1672 1738 1737 quantum
1762 1671 1893 1723 actu
1922 1671 2033 1734 est,
2057 1671 2286 1737 oportet
2309 1665 2466 1739 quod
2493 1667 2672 1733 Deus,

259 1737 367 1807 qui
408 1744 496 1794 est
527 1743 706 1794 actus
751 1750 956 1806 purus,
999 1750 1103 1806 per
1130 1749 1299 1793 suam
1329 1738 1652 1794 essentiam
1682 1742 1837 1809 agat.
1861 1737 2019 1794 Velle
2049 1742 2245 1794 autem
2276 1743 2368 1794 est
2400 1737 2669 1809 quaedam

264 1807 373 1864 Dei
411 1809 692 1878 operatio.
725 1809 963 1878 Oportet
993 1807 1175 1877 igitur
1201 1806 1359 1877 quod
1406 1809 1561 1864 Deus
1607 1822 1710 1879 per
1744 1807 2068 1866 essentiam
2108 1820 2275 1865 suam
2316 1807 2396 1865 sit
2421 1808 2670 1865 votens:

271 1878 387 1936 Sua
409 1878 585 1948 igitur
608 1877 893 1935 voluntas
922 1883 1014 1933 est
1042 1890 1153 1934 sua
1182 1878 1463 1935 essentia.

334 1951 602 2018 Ammius,
646 1949 702 2005 si
738 1949 1015 2005 voluntas
1067 1953 1227 2004 esset
1272 1947 1497 2020 aliquid
1550 1946 1815 2006 additum
1859 1947 2072 2007 divinae
2124 1948 2494 2011 substantiae.
2539 1957 2674 2004 cum

264 2016 452 2075 divina
478 2018 827 2076 substantia
862 2017 942 2076 sit
978 2017 1119 2090 quid
1157 2018 1517 2099 completum
1553 2019 1613 2075 in
1654 2032 1808 2088 esse,
1838 2024 2182 2092 sequeretur
2210 2019 2366 2091 quod
2400 2019 2672 2075 voluntas

256 2089 558 2147 adveniret
587 2089 642 2145 ei
670 2088 843 2160 quasi
873 2088 1151 2145 accidens
1180 2088 1447 2158 subjecto
1483 2107 1495 2144 :
1528 2096 1875 2160 sequeretur
1902 2091 2077 2146 etiam
2109 2090 2263 2162 quod
2306 2089 2503 2146 divina
2533 2088 2674 2145 suh-

252 2161 470 2217 stantia
521 2165 972 2230 compararetur
1010 2159 1083 2216 ad
1124 2158 1314 2229 ipsam
1363 2158 1534 2231 quasi
1583 2160 1846 2230 potentia
1875 2160 1948 2218 ad
1979 2167 2195 2227 actum,
2226 2166 2285 2216 et
2312 2158 2470 2232 quod
2513 2163 2674 2215 esset

252 2231 622 2302 compositio
674 2231 737 2286 in
768 2232 920 2298 Deo;
953 2243 1084 2310 quae
1112 2229 1522 2309 omnia-supra
1552 2229 1700 2302 (cap.
1740 2234 1825 2299 16,
1855 2235 1919 2288 18
1953 2235 2012 2287 et
2039 2233 2127 2302 22)
2159 2230 2488 2301 improbata
2515 2233 2675 2286 sunt.

250 2303 384 2359 Non
424 2307 520 2359 est
556 2302 575 2358 i
628 2299 747 2357 itur
768 2299 1056 2372 possibile
1086 2300 1245 2373 quod
1276 2299 1475 2356 divina
1501 2301 1776 2359 voluntas
1806 2301 1887 2358 sit
1914 2301 2137 2373 aliquid
2167 2301 2432 2360 additum
2464 2299 2676 2359 divinae

249 2373 557 2432 essentiae.
612 2373 634 2428 t
665 2377 837 2442 nai-t„
862 2385 921 2445 q.
960 2381 1089 2442 x1x,
1120 2375 1230 2429 art.
1265 2375 1287 2429 1
1319 2370 1394 2438 ad
1426 2374 1481 2440 3,
1511 2376 1572 2428 et
1594 2386 1652 2445 q.
1678 2383 1779 2442 xx,
1806 2376 1916 2430 art.
1945 2376 1977 2429 3
2006 2371 2080 2429 ad
2102 2370 2181 2444 2.)

635 2736 789 2791 QUOD
820 2736 1163 2784 PRINCIPALE
1198 2733 1458 2783 vom‘ruu
1491 2735 1594 2782 DEI
1627 2734 1736 2781 EST
1769 2732 1982 2783 nmNA
2015 2733 2315 2780 Essmim.

324 2877 413 2933 Ex
429 2876 550 2933 hoe
568 2880 767 2933 autem
787 2875 1037 2933 ulterius
1056 2878 1298 2946 apparet
1316 2871 1476 2945 quod
1492 2872 1818 2945 principale
1845 2871 2060 2930 divinae
2083 2870 2405 2931 voluntatis
2434 2876 2681 2932 vetitum

252 2951 347 3004 est
369 2946 501 3017 ejus
532 2946 817 3003 essentia.
843 2948 1067 3002 Bonum
1091 2946 1248 3001 enim
1280 2943 1645 3001 intellectum
1675 2951 1766 3000 est
1792 2942 2087 3015 obJectum
2113 2943 2456 3011 voluntatis,
2483 2951 2543 3001 ut
2567 2943 2686 3004 dic-

250 3024 388 3075 tum
408 3024 503 3073 est
519 3016 788 3088 (66672).
815 3015 960 3072 illud
981 3021 1176 3072 autem
1199 3015 1354 3087 quod
1379 3029 1415 3071 a
1436 3017 1554 3072 Deo
1571 3013 1973 3084 principaliter
1991 3013 2358 3085 intelligitur,
2376 3021 2467 3072 est
2486 3015 2688 3073 divina

254 3088 548 3155 essentia,
583 3091 649 3142 ut
672 3100 851 3157 supra
876 3086 1186 3157 probatum
1221 3090 1311 3142 cst
1340 3086 1490 3157 (cap.
1520 3087 1635 3157 48).
1668 3085 1876 3143 Divina
1903 3084 2085 3157 igitur
2113 3084 2376 3144 essentia
2404 3092 2497 3145 est
2521 3087 2582 3145 id
2611 3086 2682 3144 de

253 3171 385 3231 quo
410 3157 824 3228 principaliter
851 3162 943 3214 est
971 3156 1171 3213 divina
1200 3157 1498 3213 voluntas.

324 3230 486 3290 Item,
520 3226 838 3298 appetibile
867 3231 1242 3297 comparatur
1269 3226 1344 3285 ad
1379 3227 1723 3297 appetitum,
1755 3226 1912 3284 sicut
1940 3238 2188 3284 movens
2220 3226 2295 3283 ad
2329 3232 2578 3293 motum,
2620 3232 2686 3283 ut

255 3311 449 3370 supra
470 3297 694 3355 dictum
731 3303 841 3362 est,
873 3304 931 3353 et
971 3297 1246 3354 similiter
1274 3310 1337 3354 se
1383 3297 1558 3354 habet
1588 3298 1829 3355 volitum
1861 3296 1935 3354 ad
1963 3297 2280 3364 volentem,
2311 3311 2446 3354 cum
2477 3297 2684 3353 volun·

252 3377 355 3427 tas
400 3368 482 3426 sit
517 3368 589 3425 de
632 3381 848 3448 genere
878 3368 1323 3438 appetitivarum
1365 3367 1783 3437 potentiarum.
1818 3368 1875 3425 Si
1909 3368 2091 3439 igitur
2116 3368 2440 3425 voluntatis
2473 3367 2685 3423 divinae

255 3439 343 3498 sit
372 3437 538 3496 aliud
622 3439 904 3509 rineipale
930 3437 1200 3506 volitum,
1234 3452 1410 3510 quam
1454 3438 1588 3508 ipsa
1622 3440 1724 3496 Dei
1765 3440 2050 3508 essentia,
2081 3444 2361 3509 sequetur
2388 3436 2548 3517 quod
2577 3437 2683 3493 ali-

257 3508 413 3589 quid
440 3452 615 3566 aliud)
634 3508 715 3566 sit
751 3507 1028 3589 supe-rius
1057 3507 1256 3565 divina
1282 3508 1606 3580 voluntate,
1637 3508 1797 3581 quod
1835 3509 2027 3580 ipsam
2073 3513 2288 3576 movet,
2318 3521 2491 3578 cujus
2544 3521 2687 3565 con-

255 3585 516 3638 tranum
544 3593 617 3636 ex
646 3578 944 3650 praedictis
977 3578 1128 3650 (cap.
1156 3578 1244 3648 44)
1277 3583 1454 3649 patet.
2113 3636 2124 3651 ,

332 3652 628 3715 Praeterea,
658 3650 981 3721 principale
1009 3650 1253 3707 volitum
1287 3656 1379 3706 est
1424 3648 1748 3722 unicuique
1792 3649 2014 3707 volenti
2049 3661 2231 3707 66636
2250 3646 2508 3704 volendi.
2543 3649 2685 3705 Cum

260 3721 430 3777 enim
449 3721 708 3778 dicimus
731 3738 746 3776 ε
774 3740 805 3772 «
822 3720 968 3777 Volo
983 3719 1283 3777 ambulare
1301 3725 1362 3777 ut
1380 3732 1560 3777 saner
1579 3738 1633 3788 »,
1657 3732 1897 3778 causam
1920 3733 2032 3777 nos
2050 3719 2290 3776 reddere
2311 3716 2683 3775 arbitramur.

264 3793 338 3849 Et.
358 3791 413 3849 si
433 3797 770 3864 quaeratur:
800 3811 831 3843 «
848 3792 1040 3858 Quare
1060 3791 1150 3848 vis
1175 3790 1412 3847 sanari?
1429 3810 1459 3842 »
1483 3790 1835 3861 procedetur
1853 3791 1916 3847 in
1935 3788 2344 3862 assignatione
2371 3802 2683 3846 causarum

270 3874 592 3935 quousque
641 3862 1016 3933 perveniatur
1068 3861 1143 3918 ad
1189 3859 1366 3917 finem
1428 3861 1725 3929 ultimum,
1757 3861 1857 3933 qui
1915 3867 2004 3919 est
2061 3859 2386 3940 principale
2416 3859 2681 3921 volitum,

270 3932 429 4003 qnod
481 3938 572 3990 est
628 3944 813 3990 causa
866 3930 1104 3989 volendi
1137 3945 1240 4002 per
1266 3931 1552 4002 seipsum.
1586 3932 1646 3990 Si
1668 3932 1850 4004 igitur
1875 3932 2032 3989 Deus
2071 3930 2296 4001 aliquid
2341 3930 2503 3988 aliud
2535 3931 2689 4001 prin-

276 4000 540 4071 cipaliter
582 4003 725 4060 velit
768 4016 947 4075 quam
989 4003 1277 4073 seipsum,
1309 4009 1593 4074 sequetur
1637 4001 1794 4074 quod
1827 4001 2051 4074 aliquid
2097 4000 2260 4057 aliud
2289 4000 2369 4059 sit
2407 4001 2463 4057 ei
2506 4015 2688 4059 causa

270 4071 529 4152 volendi.
561 4072 677 4155 Sed
727 4087 905 4154 suum
935 4073 1084 4130 velle
1113 4079 1205 4130 est
1232 4086 1408 4153 suum
1451 4086 1607 4140 esse,
1627 4078 1694 4130 ut
1746 4076 2175 4151 ostensum-est
2206 4081 2356 4142 (cap.
2379 4070 2498 4152 73).
2534 4074 2682 4152 Ergo

265 4140 349 4200 ah
435 4143 497 4201 id
525 4143 692 4202 aliud
711 4150 823 4201 erit
844 4144 898 4201 ei
929 4157 1111 4201 eausa
1135 4143 1396 4202 essendi.
1425 4143 1594 4211 Quod
1626 4149 1718 4201 est
1741 4150 1949 4200 contra
1980 4146 2269 4199 rationem
2302 4155 2477 4212 primi
2506 4149 2683 4201 eutis.

399 4214 564 4284 (11166,
601 4214 924 4287 unicuique
970 4213 1191 4272 volenti
1234 4212 1564 4286 principale
1611 4212 1856 4271 volitum
1897 4218 1986 4270 est
2030 4225 2179 4270 suus
2232 4212 2478 4270 ultimus
2525 4211 2684 4269 finis.

259 4283 413 4342 Nam
438 4285 581 4343 finis
609 4289 701 4342 est
726 4298 830 4356 per
860 4298 927 4342 se
954 4285 1196 4353 volitus,
1218 4290 1277 4341 et
1304 4297 1408 4355 per
1436 4297 1611 4356 quem
1640 4284 1760 4342 alia
1788 4282 1936 4339 fiunt
1962 4283 2163 4341 volita.
2193 4283 2446 4341 Ultimus
2486 4288 2685 4339 autem

259 4353 411 4413 finis
438 4360 533 4414 est
559 4356 691 4436 ipse
718 4357 897 4425 Deus,
927 4355 1068 4428 quia
1097 4355 1226 4427 ipse
1254 4361 1347 4412 est
1375 4367 1677 4411 summum
1707 4355 1951 4415 bonum.
1977 4359 2041 4412 ut
2062 4358 2377 4413 ostensum
2406 4356 2501 4412 est
2529 4351 2680 4423 (cap.

258 4425 388 4499 41).
419 4427 555 4499 lpse
581 4425 765 4498 igitur
788 4431 882 4487 est
907 4425 1235 4500 principale
1264 4426 1512 4485 volitum
1542 4437 1668 4486 suae
1697 4423 2041 4485 voluntatis·
