3076 5025
1187 172 1322 229 LIB.
1362 171 1451 235 lv,
1493 172 1645 229 CAP.
1684 171 1821 228 XIV.
2603 174 2717 232 517

1256 332 1277 349 ν
1291 390 1546 455 CAPUT
1596 389 1755 453 xlv.

352 559 593 608 somno
628 561 710 608 AD
743 559 1031 610 RATIONES
1065 561 1253 607 sumu
1288 559 1579 605 munus
1611 559 1841 605 CONTRA
1876 559 2330 609 emmunim!
2362 561 2636 614 mvmnt.

363 714 518 786 Quia
539 728 684 774 vero
704 715 923 774 veritas
950 727 1188 772 omnem
1217 713 1532 772 falsitatem
1569 713 1831 771 excludit
1854 718 1912 771 et
1943 714 2299 774 dubietatem
2325 715 2596 774 dissolvit
2644 718 2711 777 in

287 790 577 859 promptu
598 786 734 867 jam·
749 784 818 842 fit
843 799 916 843 ea
946 785 1273 843 dissolvere
1289 798 1422 859 quae
1449 784 1608 843 circa
1637 785 2081 857 generationem
2119 785 2376 844 divinam
2399 760 2708 846 difficulta-

287 864 416 916 tem
443 854 657 914 afferre
677 854 1046 914 videbantur.

329 929 497 984 =Jam
520 925 680 984 enim
708 938 783 983 ex
809 924 979 983 dictis
1008 929 1168 996 patet
1193 923 1354 997 quod
1392 924 1455 981 in
1499 927 1623 982 Deo
1705 924 2102 983 enerationem
2131 924 2555 998 intelligibilem
2602 941 2710 1001 po·

286 997 516 1064 nimus,
545 1008 670 1054 non
698 998 897 1053 autem
921 994 1102 1052 talem
1129 994 1322 1068 qualis
1363 992 1541 1052 estin
1566 1008 1666 1052 ma
1723 995 1972 1053 rialibus
2025 994 2226 1064 rebuS‚
2257 1005 2507 1068 quarum
2534 1011 2710 1070 gene-

285 1066 374 1125 tio
414 1063 667 1124 mutatio
708 1064 979 1137 quaedam
1023 1068 1135 1145 est,
1164 1064 1525 1145 corruptioni
1573 1065 1877 1136 opposita3
1926 1065 2075 1137 quia
2116 1078 2309 1138 neque
2353 1066 2597 1124 verbum
2642 1068 2709 1125 in

285 1136 599 1194 intellectu
626 1139 834 1193 nostro
859 1147 996 1192 cum
1031 1133 1231 1206 aliqua
1252 1139 1579 1192 mutatione
1614 1135 1965 1206 concipitur,
2004 1148 2114 1200 nec
2156 1133 2335 1192 habet
2370 1137 2707 1208 oppositam

287 1204 772 1286 corruptionem3
801 1204 901 1262 cui
940 1203 1177 1277 quidem
1223 1204 1595 1276 conceptioni
1640 1204 1891 1262 similem
1919 1217 2053 1262 esse
2083 1204 2211 1262 Filii
2240 1205 2343 1262 Dei
2383 1207 2710 1278 generatio-

285 1289 436 1335 nem
454 1289 581 1347 Jarn
609 1277 770 1346 patet
794 1288 866 1333 ex
885 1273 1077 1331 dictis.
1092 1273 1369 1331 Similiter
1395 1273 1572 1331 etiam
1597 1273 1839 1331 verbum
1858 1274 2019 1346 quod
2037 1274 2100 1332 in
2123 1277 2320 1332 mente
2338 1281 2544 1334 nostra
2570 1289 2709 1334 con·

285 1345 509 1416 cipitur
535 1357 661 1402 non
688 1344 806 1402 exit
838 1343 911 1402 de
934 1343 1200 1415 potentia
1242 1343 1306 1401 in
1356 1347 1573 1413 actum,
1602 1343 1721 1401 nisi
1813 1350 2066 1403 uatenus
2116 1344 2450 1404 intellectus
2503 1351 2708 1405 noster

286 1414 563 1488 procedit
587 1414 661 1473 de
686 1413 948 1487 potentia
969 1412 1033 1471 in
1059 1417 1284 1482 actum;
1313 1425 1425 1471 nec
1449 1416 1649 1471 tamen
1676 1427 1780 1471 ver
1819 1427 1921 1472 um
1948 1413 2137 1472 oritur
2154 1428 2227 1472 ex
2243 1414 2543 1474 intellectu
2573 1429 2709 1476 nos-

288 1492 409 1555 tro,
440 1483 562 1543 nisi
594 1489 773 1556 prout
816 1482 1015 1541 existit
1047 1483 1111 1539 in
1151 1487 1283 1540 actu
1309 1499 1324 1551 ;
1355 1482 1532 1541 simul
1564 1487 1761 1541 autem
1786 1496 1968 1556 quum
1997 1483 2060 1541 in
2106 1489 2240 1541 actu
2283 1485 2500 1556 existit,
2526 1487 2706 1545 estin

290 1567 369 1614 eo
394 1552 645 1612 verbum
670 1558 1044 1623 conceptum.
1073 1550 1415 1609 Intellectus
1440 1556 1638 1610 autem
1685 1552 1925 1612 divinus
1960 1566 2265 1625 nunquam
2294 1558 2387 1613 est
2408 1555 2472 1612 in
2500 1561 2707 1627 poten-

289 1624 396 1693 tia,
430 1622 541 1683 sed
566 1622 764 1681 solum
787 1622 852 1678 in
871 1625 1027 1690 actu,
1057 1624 1122 1678 ut
1146 1633 1328 1692 supra
1341 1624 1651 1680 ostensum
1670 1628 1782 1680 est.
1808 1622 2121 1681 Generatio
2138 1623 2319 1696 igitur
2334 1624 2502 1683 Verbi
2518 1626 2707 1697 ipsius

287 1707 422 1754 non
446 1697 540 1753 est
564 1691 894 1752 secundum
922 1692 1141 1749 exitum
1164 1690 1236 1749 de
1261 1690 1526 1772 potentia
1552 1691 1874 1762 inactum,
1905 1691 2012 1750 sed
2057 1694 2213 1750 sicut
2239 1694 2426 1753 oritur
2469 1710 2542 1753 ex
2570 1702 2707 1756 actu

288 1770 492 1828 actus,
519 1766 588 1823 ut
612 1761 897 1833 splendor
919 1776 992 1820 ex
1035 1761 1167 1819 luce
1195 1764 1255 1818 et
1293 1766 1443 1818 rano
1483 1759 1783 1819 intellecta
1808 1775 1879 1819 ex
1922 1762 2225 1820 intellectu
2266 1764 2330 1822 in
2359 1769 2513 1824 actu.
2544 1766 2708 1824 Unde

285 1834 475 1894 etiam
501 1836 743 1905 apparet
769 1829 929 1905 quod
957 1830 1274 1911 generatio·
1289 1843 1413 1889 non
1438 1828 1710 1912 prohibet
1744 1831 1848 1889 Dei
1877 1831 2085 1913 Filium
2114 1846 2249 1891 esse
2272 1846 2479 1893 verum
2522 1837 2709 1894 Deum

290 1910 403 1964 aut
429 1903 632 1976 ipsum
658 1915 795 1961 esse
820 1906 1144 1970 aeternum3
1175 1913 1322 1973 qum
1346 1912 1540 1974 magis
1565 1914 1816 1959 necesse
1843 1905 1934 1960 est
1966 1915 2163 1974 ipsum
2187 1915 2324 1961 esse
2349 1909 2709 1965 coaeternum

283 1977 441 2044 Βεο,
471 1972 647 2045 cujus
675 1975 767 2031 est
785 1971 1050 2040 verbum,
1079 1970 1221 2043 quia
1243 1970 1581 2029 intellectus
1604 1971 1667 2028 in
1691 1975 1826 2029 actu
1849 1984 2154 2044 nunquam
2184 1977 2277 2031 est
2302 1974 2433 2032 sine
2448 1975 2648 2034 verbo.

365 2047 456 2107 Et,
488 2042 629 2116 quia
654 2033 911 2101 Filii'Dei
939 2041 1247 2113 generatio
1271 2053 1395 2098 non
1436 2045 1528 2099 est
1553 2040 1895 2112 materialis,
1926 2042 2030 2101 sed
2077 2042 2498 2116 intelligibilis,
2528 2046 2708 2105 stulte

278 2115 417 2188 jam
446 2112 747 2171 dubitatur
773 2110 827 2170 si
874 2112 1046 2169 Pater
1068 2114 1254 2168 totam
1296 2114 1568 2169 naturam
1607 2110 1770 2169 dedit
1808 2116 1911 2171 aut
1949 2116 2196 2184 partem.
2221 2115 2593 2174 Manifestum
2618 2121 2711 2175 est

287 2184 457 2244 enim
485 2182 668 2264 quod,
698 2181 751 2239 si
780 2183 938 2240 Deus
963 2194 1029 2240 se
1048 2179 1341 2258 intelligit,
1371 2184 1608 2262 oportet
1643 2179 1805 2308 ‹ffiod
1843 2184 1969 2240 tota
1982 2181 2303 2264 plenitudo
2339 2184 2529 2257 ipsius
2564 2199 2709 2244 con-

286 2255 560 2313 tineatur
584 2265 647 2309 in
673 2251 884 2310 Verbo.
912 2253 1030 2310 Nec
1066 2254 1264 2310 tamen
1296 2250 1630 2310 substantia
1733 2251 1815 2310 ho
1840 2251 1978 2309 data
2005 2251 2223 2311 desimt
2264 2266 2403 2312 esse
2424 2255 2489 2313 in
2514 2258 2706 2325 Patre,

288 2325 439 2398 quia
464 2336 576 2381 nec
597 2322 777 2380 etiam
803 2319 959 2393 apud
986 2333 1101 2379 nos
1145 2320 1362 2379 desinit
1388 2334 1523 2379 esse
1548 2321 1787 2393 propria
1824 2327 2037 2379 natura
2064 2322 2126 2379 in
2167 2334 2232 2379 re
2278 2338 2410 2395 quae
2438 2324 2711 2398 intelligi·

285 2399 414 2457 tur,
441 2407 516 2452 ex
541 2391 658 2450 hoc
686 2390 846 2464 quod
866 2390 1112 2449 verbum
1140 2389 1331 2449 nostri
1368 2389 1705 2449 intellectus
1733 2404 1807 2447 ex
1845 2391 1977 2461 ipsa
2020 2404 2084 2448 re
2120 2391 2420 2451 intellecta
2445 2392 2623 2452 habet
2648 2400 2711 2452 ut

290 2461 750 2536 intelligibiliter
775 2459 1040 2520 eamdem
1069 2464 1341 2519 naturam
1365 2472 1616 2519 numero
1642 2459 1961 2519 contineat.

366 2537 449 2593 Ex
478 2534 594 2592 hoc
621 2537 820 2590 autem
842 2530 1003 2605 quod
1050 2530 1252 2588 divina
1293 2530 1599 2602 generatio
1638 2543 1763 2588 non
1816 2535 1910 2589 est
1948 2531 2294 2599 materialis,
2323 2533 2707 2595 manifestum

293 2608 393 2664 est.
416 2603 580 2677 quod
608 2614 731 2660 non
759 2604 989 2674 oportet
1030 2599 1097 2659 in
1140 2600 1286 2659 Filio
1326 2600 1429 2657 Dei
1452 2612 1589 2659 esse
1635 2599 1795 2658 aliud
1820 2600 2111 2683 recipiens
2138 2606 2198 2659 et
2237 2601 2399 2660 aliud
2437 2609 2709 2664 naturam

289 2677 614 2755 receptam.
665 2674 790 2731 Hoc
836 2671 998 2730 enim
1051 2670 1116 2728 in
1160 2668 2090 2750 materialibus-generationibus
2142 2670 2408 2729 accidere
2459 2686 2709 2733 necesse

293 2750 411 2813 est,
435 2758 502 2803 in
530 2746 815 2815 quantum
842 2739 1087 2799 materia
1108 2739 1371 2820 generati
1416 2739 1622 2811 recipit
1660 2739 1912 2798 formam
1956 2741 2318 2813 generantis.
2361 2745 2429 2799 In
2511 2757 2711 2803 enera-

287 2814 466 2873 tione
483 2817 682 2871 autem
708 2809 1068 2885 intelligibili
1092 2821 1217 2867 non
1248 2822 1336 2868 sic
1381 2813 1509 2880 est3
1537 2822 1662 2868 non
1707 2809 1865 2867 enim
1903 2809 1992 2868 sic
2012 2809 2253 2869 verbum
2304 2810 2379 2869 ab
2409 2812 2470 2869 in
2532 2813 2710 2872 llectu

295 2884 566 2943 exoritur
591 2881 752 2955 quod
772 2894 913 2953 pars
948 2880 1090 2960 ejus,
1119 2878 1601 2952 praeintelligatur
1634 2883 1703 2960 ut
1726 2878 2019 2951 recipiens
2046 2885 2106 2961 et
2119 2893 2261 2962 pars
2285 2880 2415 2939 e'us
2435 2882 2509 2941 ab
2533 2883 2709 2941 intel-

292 2953 460 3015 lectu
495 2950 717 3015 effluat,
767 2950 873 3009 sed
926 2950 1186 3010 totaliter
1226 2948 1471 3008 verbum
1514 2950 1589 3008 ab
1632 2948 1932 3030 intellectu
1982 2963 2294 3030 originem
2357 2950 2511 3023 abet,
2556 2952 2711 3011 sicut

297 3029 359 3082 et
410 3022 474 3080 in
526 3020 703 3079 nobis
755 3020 1013 3079 totaliter
1065 3032 1251 3077 unum
1307 3018 1551 3077 verbum
1609 3032 1684 3077 ex
1737 3019 1857 3077 alio
1911 3025 2100 3079 oritur
2152 3035 2223 3079 ut
2274 3021 2582 3080 conclusio
2637 3037 2712 3081 ex

295 3091 631 3166 principiis.
659 3089 767 3148 Ubi
801 3096 999 3151 autem
1027 3089 1286 3147 totaliter
1311 3089 1536 3162 aliquid
1564 3103 1638 3148 ex
1682 3089 1800 3147 alio
1840 3089 2049 3161 oritur,
2092 3103 2214 3149 non
2260 3095 2354 3149 est
2398 3092 2709 3165 assignare

300 3161 596 3232 recipiens
616 3165 676 3219 et
701 3166 1023 3232 receptum,
1049 3158 1156 3218 sed
1180 3164 1370 3217 totum
1400 3158 1560 3232 quod
1584 3159 1847 3218 exoritur
1873 3159 1948 3237 ab
1976 3172 2057 3231 eo„
2076 3165 2169 3219 est
2194 3174 2229 3218 a
2255 3174 2376 3233 quo
2403 3163 2608 3221 oritur.

370 3231 653 3290 Similiter
674 3230 847 3288 etiam
870 3232 1028 3302 patet
1057 3228 1220 3302 quod
1251 3242 1374 3287 non
1394 3229 1723 3287 excluditur
1743 3228 2385 3303 divinae-generationis
2412 3232 2610 3291 unitas
2638 3247 2712 3291 ex

297 3302 419 3363 hoc
448 3300 608 3373 quod
637 3300 698 3357 in
729 3302 850 3357 Deo
876 3299 1139 3371 plurium
1185 3298 1639 3358 subsistentium
1680 3298 1983 3357 distinctio
2028 3312 2164 3359 esse
2208 3313 2330 3359 non
2370 3302 2578 3373 possit.
2612 3304 2714 3360 Es·

299 3372 500 3431 sentia
525 3370 684 3428 enim
712 3369 928 3440 divina,
957 3369 1069 3428 etsi
1097 3367 1434 3427 subsistens
1461 3369 1562 3437 sit,
1592 3381 1715 3426 non
1752 3374 1953 3426 tamen
1987 3374 2183 3442 potest
2208 3370 2470 3442 separari
2495 3385 2532 3428 a
2558 3371 2709 3429 rela-

297 3441 462 3500 tione
487 3454 664 3514 quam
694 3443 925 3511 oportet
951 3439 1015 3496 in
1059 3440 1181 3496 Deo
1220 3437 1471 3510 intelligi
1519 3452 1596 3497 ex
1638 3436 1753 3496 boc
1824 3438 1945 3496 uod
1969 3441 2212 3498 verbum
2248 3444 2599 3512 conceptum
2628 3440 2714 3498 di-

296 3511 458 3571 vinae.
481 3510 699 3568 mentis
728 3513 822 3568 est
845 3509 1077 3581 abipso
1104 3511 1226 3566 Deo
1253 3508 1514 3577 dicente3
1538 3521 1679 3566 nam
1699 3511 1760 3565 et
1829 3508 2034 3567 erbum
2073 3515 2166 3568 est
2190 3509 2389 3568 divina
2427 3512 2713 3580 essentia,

297 3593 427 3639 non
455 3579 575 3638 alia.
620 3583 679 3636 et
704 3578 842 3649 alia,
867 3578 974 3637 sed
1018 3577 1225 3636 eadem
1268 3589 1540 3658 numero.
1571 3577 1923 3650 Huiusmodi
1972 3584 2170 3637 autem
2217 3579 2540 3639 relationes
2587 3593 2713 3639 non

298 3655 448 3710 sunt
475 3648 801 3709 accidentia
827 3649 890 3705 in
917 3649 1061 3718 Deo,
1091 3646 1198 3706 sed
1225 3660 1322 3706 res
1348 3647 1775 3717 subsistentem
1806 3650 1928 3708 Deo
1956 3648 2115 3706 enim
2144 3648 2291 3707 nihil
2320 3650 2585 3709 accidere
2612 3663 2715 3722 po·

295 3724 439 3792 test,
463 3725 530 3778 ut
556 3732 628 3777 su
672 3732 738 3776 ra
765 3717 1077 3791 probatum
1097 3721 1207 3776 est.
1237 3718 1386 3776 Sunt
1403 3718 1588 3791 igitur
1610 3717 1814 3788 plures
1841 3731 1938 3777 res
1952 3719 2369 3789 subsistentes,
2398 3720 2450 3778 si
2480 3719 2712 3779 relatio-

297 3803 414 3850 nes
442 3790 612 3848 consi
659 3793 937 3857 erentur;
967 3792 1061 3846 est
1087 3792 1283 3844 autem
1311 3800 1433 3845 una
1457 3801 1555 3845 res
1583 3787 1944 3858 subsistens„
1974 3789 2028 3846 si
2071 3788 2480 3847 consideretur
2506 3803 2714 3848 essen·

294 3861 402 3919 tia.
431 3860 500 3916 Et
521 3863 763 3931 propter
787 3858 863 3915 hc
924 3857 1181 3916 dicimus
1208 3869 1394 3915 unum
1425 3858 1611 3914 Deum
1639 3870 1795 3927 esse,
1818 3859 1960 3930 quia
1983 3863 2078 3917 est
2117 3872 2236 3916 una
2271 3859 2534 3918 essentie
2578 3859 2713 3918 sub·

300 3930 553 3998 sistens,
611 3932 670 3987 et
709 3927 914 4000 plures
956 3938 1284 4007 personae,
1326 3930 1567 4007 propter
1608 3926 2048 4008 distinctionem
2077 3926 2534 4008 subsistentium,
2569 3930 2717 3987 rela-

294 3999 532 4058 tionum
556 4021 571 4069 ;
597 4010 989 4071 personarum
1012 3997 1171 4055 enim
1217 3995 1522 4055 distinctio
1548 4000 1724 4055 etiam
1759 3997 1823 4054 in
1862 3998 2039 4057 rebus
2069 3997 2349 4055 humanis
2381 4010 2504 4055 non
2532 4004 2717 4057 atten—

303 4068 468 4131 ditur
489 4067 822 4128 secundum
868 4066 1190 4127 essentiam
1234 4066 1475 4146 speciei,
1506 4066 1613 4124 sed
1663 4067 1993 4125 secundum
2031 4081 2103 4125 ea
2127 4079 2261 4140 quae
2303 4072 2446 4125 sunt
2488 4074 2719 4130 natura}

304 4138 527 4212 speciei
555 4137 871 4210 adjuncta3
892 4137 956 4194 in
983 4136 1264 4195 omnibus
1309 4148 1469 4193 emm
1509 4136 1786 4208 personis
1820 4136 2133 4195 hominum
2178 4140 2270 4194 est
2317 4148 2442 4195 une
2493 4138 2712 4209 speciei

306 4214 543 4290 natura,
568 4213 713 4289 sunt
735 4212 935 4265 tamen
962 4206 1168 4287 plures
1206 4218 1500 4278 personae,
1526 4210 1768 4333 proRter
1798 4204 1915 4264 hoc
1942 4205 2101 4287 quod
2137 4205 2586 4288 distinguuntur
2607 4204 2717 4262 ho-

299 4291 499 4337 mmes
519 4290 587 4337 1n
608 4277 707 4336 his
733 4290 866 4352 quae
891 4279 1037 4335 sunt
1064 4274 1342 4348 adjuncta
1369 4279 1614 4334 naturae.
1692 4289 1773 4335 on
1808 4289 1952 4349 ergo
1995 4288 2060 4334 in
2096 4274 2317 4336 divims
2346 4275 2599 4335 dicenda
2623 4277 2723 4333 est
