3076 5025
1110 393 1119 400 ,
1176 323 1307 380 Lm.
1344 323 1392 393 1,
1430 323 1586 379 cAP.
1622 323 1800 380 Lm.
2627 330 2693 384 67

324 444 527 525 Prima
554 448 652 503 est
690 460 770 525 ex
808 444 943 514 ipsa
958 443 1404 524 ‘singularitatis
1441 444 1996 502 conditione.,Cum
2043 444 2202 503 enim
2254 444 2691 516 singularitatis

258 516 619 588 principium
648 521 734 572 sit
761 521 1013 572 materia
1048 521 1303 586 signata,
1337 529 1458 572 non
1488 515 1718 571 videtur
1747 528 1849 586 per
1876 517 2136 587 aliquam
2179 515 2452 572 virtutem
2486 518 2693 577 imma-

256 587 524 644 terialem
557 585 902 655 singularia
970 599 1107 642 osse
1135 586 1446 656 cognosci,
1478 585 1531 642 si
1557 586 1753 646 omnis
1782 585 2046 654 cognitio
2071 601 2171 657 per
2195 587 2510 659 quamdam
2541 590 2695 648 assi-

259 656 634 716 milationem
666 654 800 724 fiat3
836 670 915 711 un
960 671 992 711 e
1017 656 1157 712 etin
1190 656 1367 713 nobis
1396 655 1515 713 illae
1536 657 1681 713 solae
1711 655 1985 726 potentiae
2010 657 2343 728 singularia
2363 659 2688 729 appi-eben-

260 728 424 795 dunt,
484 742 623 798 quae
670 726 1081 784 materialibus
1124 727 1373 798 organis
1424 732 1690 792 utuntur,
1740 732 1802 782 ut
1849 727 2217 796 imaginatiO,
2263 734 2322 784 et
2364 743 2583 788 sensus
2628 736 2688 788 et

260 798 630 870 huiusmodi.
649 797 1002 854 Intellectus
1018 800 1212 853 autem
1235 804 1454 862 noster,
1477 798 1620 868 quia
1645 795 2052 855 immaterialis
2079 805 2190 866 est,
2218 799 2550 870 singularia
2568 815 2690 858 non

261 869 557 941 agnoscit.
590 869 780 924 Multo
812 867 996 937 igitur
1030 867 1232 924 minus
1278 867 1616 924 intellectus
1649 867 1887 925 divinus
1914 868 2312 940 singularium
2341 877 2434 926 est
2460 885 2685 942 cogno-

262 941 531 1005 sciturus,
561 939 667 1010 qui
700 941 960 994 maxime
989 953 1025 994 a
1052 938 1301 994 materia
1330 937 1591 1006 recedit3
1623 938 1795 995 etsie
1839 938 2005 996 nullo
2033 939 2211 996 modo
2257 940 2490 998 videtur
2532 942 2693 1014 quod

261 1012 416 1068 Deus
446 1010 793 1078 singularia
822 1021 1189 1079 cognoscere
1220 1009 1432 1078 possit.

331 1080 613 1137 Secunda
650 1084 762 1146 est,
814 1078 973 1150 quod
1019 1078 1351 1144 singularia
1405 1091 1528 1135 non
1573 1091 1810 1150 semper
1852 1085 2037 1148 sunt;
2082 1086 2183 1137 aut
2231 1081 2414 1151 igitur
2460 1096 2694 1152 semper

264 1150 533 1209 scientur
562 1166 601 1206 a
630 1152 772 1218 Deo,
796 1155 903 1205 aut
924 1149 1283 1220 quandoque
1312 1149 1598 1217 scientur,
1629 1157 1687 1206 et
1715 1150 2071 1222 quandoque
2093 1164 2214 1207 non
2252 1153 2533 1208 scientur.
2568 1153 2692 1210 Pri-

264 1236 421 1280 mum
451 1234 597 1277 esse
619 1232 741 1276 non
773 1225 991 1290 potest,
1022 1220 1165 1291 quia
1192 1220 1265 1275 de
1290 1233 1361 1276 eo
1389 1220 1546 1289 quod
1579 1234 1697 1276 non
1727 1227 1838 1287 est,
1871 1234 1990 1276 non
2023 1226 2218 1289 potest
2247 1235 2380 1277 esse
2419 1223 2690 1293 scientia,

348 1307 395 1349 ae
421 1294 559 1347 sola
586 1303 865 1347 verorum
894 1295 1013 1358 est;
1045 1305 1115 1347 ea
1144 1296 1338 1346 autem
1371 1304 1503 1360 quae
1552 1303 1672 1346 non
1716 1296 1857 1346 sunt
1901 1305 2039 1346 vera
2091 1303 2226 1346 esse
2253 1305 2372 1347 non
2417 1298 2690 1361 possunt.

264 1307 608 1421 ggcundum
668 1362 848 1417 etiam
881 1374 1016 1417 esse
1056 1374 1176 1417 non
1226 1367 1443 1429 potest,
1475 1362 1617 1432 quia
1664 1361 1848 1417 divini
1901 1360 2239 1417 intellectus
2289 1363 2556 1434 cognitio
2606 1369 2699 1422 est

265 1434 514 1492 omnino
550 1430 949 1498 invarialibis‚
983 1435 1251 1499 utsupra
1279 1429 1427 1510 (cap.
1457 1431 1546 1500 45)
1578 1437 1885 1488 ostensum
1917 1437 2027 1489 est.

334 1503 527 1560 Tertia
554 1516 627 1558 ex
659 1516 734 1558 eo
763 1501 925 1570 quod
953 1514 1074 1558 non
1105 1502 1309 1558 omnia
1335 1502 1667 1572 singularia
1693 1503 1765 1558 de
1797 1503 2151 1560 necessitate
2176 1503 2553 1574 proveniunt,
2584 1505 2687 1563 sed

271 1574 535 1648 quaedam
568 1572 1024 1642 contingenter;
1056 1572 1211 1628 unde
1242 1572 1313 1628 de
1343 1572 1433 1629 eis
1457 1579 1618 1628 certa
1662 1572 1930 1642 cognitio
1971 1586 2105 1630 esse
2154 1587 2274 1631 non
2330 1580 2540 1644 potest,
2575 1576 2694 1633 nisi

272 1645 505 1717 quaudo
534 1648 705 1700 sunt.
740 1645 911 1699 Certa
933 1642 1090 1699 enim
1121 1644 1388 1712 cognitio
1417 1649 1526 1704 est.
1556 1651 1688 1715 quae
1721 1643 1838 1699 l'alli
1875 1657 1992 1700 non
2019 1651 2230 1714 potest.
2263 1646 2538 1716 cognitio
2591 1660 2694 1704 au-

276 1721 397 1771 tem
421 1716 618 1772 omnis
649 1727 786 1784 quae
817 1718 909 1768 est
932 1713 1002 1768 de
1033 1713 1423 1785 contingenti,
1456 1727 1590 1770 cum
1629 1715 1888 1770 l'uturum
1921 1720 2031 1781 est,
2074 1716 2197 1771 salli
2230 1722 2440 1785 potest.
2494 1719 2695 1775 Potest

290 1786 439 1842 enim
465 1784 699 1840 evenire
727 1783 1069 1863 oppositum
1096 1784 1226 1854 ejus
1253 1784 1413 1855 quod
1443 1784 1787 1855 cognitione
1813 1789 2065 1842 tenetur.
2084 1787 2141 1842 Si
2173 1787 2330 1842 enim
2349 1800 2466 1843 non
2485 1793 2693 1856 posset

291 1857 608 1926 oppositum
645 1867 906 1922 evenire,
930 1868 1054 1925 Jarn
1110 1855 1513 1911 necessarium
1563 1860 1743 1912 esset.
1799 1855 1962 1912 Unde
1990 1861 2049 1912 et
2085 1856 2157 1912 de
2196 1857 2686 1926 contingentibus

289 1925 485 1984 futuris
524 1939 653 1983 non
705 1929 902 1995 potest
944 1938 1078 1982 esse
1120 1925 1183 1980 in
1231 1926 1409 1983 nobis
1453 1924 1728 1992 scientia,
1767 1925 1873 1982 sed
1921 1925 2339 1996 coniecturalis
2370 1928 2691 1987 aestimatio

284 1996 561 2068 quaedam.
594 1999 941 2065 supponere
970 2001 1166 2051 autem
1197 2001 1430 2066 oportet
1457 2010 1696 2053 omnem
1725 1996 1825 2052 Dei
1856 1998 2261 2066 cognitionem
2302 2012 2437 2054 esse
2483 1999 2693 2056 certis-

276 2068 485 2125 simam
508 2074 567 2124 et
592 2065 991 2129 infallibilem,
1009 2071 1070 2121 ut
1096 2080 1278 2137 supra
1298 2067 1865 2138 (cap.6l)ostensum
1879 2073 1989 2124 est.
2013 2067 2390 2139 Impossibile
2402 2074 2495 2125 est
2513 2069 2694 2126 etiam

270 2138 423 2211 quod
456 2141 623 2194 Deus
651 2134 882 2216 aliquid
910 2136 982 2192 de
1014 2150 1167 2194 novo
1195 2150 1562 2208 cognoscere
1590 2137 1855 2208 incipiat,
1888 2143 2124 2208 propter
2153 2138 2282 2218 eJus
2316 2139 2696 2196 immutabili-

266 2214 470 2278 tatem,
515 2214 583 2264 ut
622 2207 849 2264 dictum
880 2211 971 2287 est
999 2207 1081 2277 (C.
1109 2211 1178 2264 45
1224 2208 1285 2262 in
1317 2206 1418 2264 fin.
1455 2214 1511 2264 et
1535 2212 1604 2263 55
1635 2213 1694 2265 et
1721 2208 1831 2278 56).
1865 2210 1946 2264 Ex
1975 2209 2071 2267 bis
2114 2208 2297 2280 igitur
2339 2207 2573 2266 videtur
2598 2223 2693 2267 se·

266 2281 394 2353 qni,
424 2279 591 2351 quod
624 2278 961 2349 singularia
987 2278 1399 2350 contingentia
1426 2290 1545 2334 non
1571 2285 1917 2350 cognoscat.

341 2351 567 2418 Quarta
597 2355 691 2405 est
721 2363 794 2404 ex
820 2348 954 2415 boc,
981 2348 1141 2419 quod
1170 2348 1563 2420 quorumdam
1593 2349 1991 2420 singularium
2022 2363 2208 2407 causa
2253 2355 2346 2408 est
2388 2351 2687 2410 voluntas,

268 2418 531 2478 Effectus
561 2423 762 2476 autem
791 2424 1107 2490 antequam
1134 2418 1214 2475 sit
1243 2433 1362 2475 non
1395 2424 1589 2489 potest
1616 2419 1734 2476 nisi
1766 2419 1826 2474 in
1872 2432 1985 2476 sua
2026 2434 2210 2477 causa
2255 2423 2565 2493 cognosci.
2595 2422 2689 2480 Sic

266 2491 429 2549 enim
460 2489 665 2548 solum
694 2503 831 2547 esse
861 2494 1076 2559 potest,
1105 2496 1421 2562 antequam
1455 2489 1515 2546 in
1542 2503 1607 2547 se
1648 2503 1783 2548 esse
1813 2489 2077 2560 incipiat.
2106 2492 2299 2548 Motus
2348 2498 2546 2549 autem
2591 2505 2693 2551 vo·

265 2561 520 2621 luntatis
548 2576 588 2618 a
612 2560 783 2617 nullo
810 2566 1066 2630 possunt
1085 2575 1187 2640 per
1204 2560 1617 2617 certitudinem
1635 2560 1944 2631 cognosci,
1970 2560 2144 2639 nisia
2161 2561 2413 2624 volente.
2435 2563 2494 2618 in
2518 2562 2689 2634 cujus

350 2638 566 2690 testate
596 2638 759 2688 sunt.
787 2630 1162 2700 Impossibile
1183 2637 1276 2688 est
1305 2631 1486 2701 igitiii·
1514 2630 1674 2701 quod
1707 2633 1861 2686 Deus
1891 2630 1963 2685 de
1998 2631 2338 2699 huiusmodi
2369 2633 2691 2704 singulari-

264 2646 383 2761 Bgs
410 2718 547 2783 quae
572 2715 820 2759 causam
849 2716 920 2757 ex
938 2701 1242 2758 voluntate
1268 2706 1532 2766 sumunt,
1567 2701 1838 2754 notitiam
1874 2705 2094 2754 certam
2139 2701 2371 2756 habeat.

341 2775 566 2842 Quinta
592 2779 783 2829 estex
812 2771 1211 2843 singularium
1258 2768 1570 2825 infinitate.
1603 2768 1904 2824 infinitum
1950 2769 2116 2847 ‚enim
2166 2771 2228 2824 in
2273 2776 2557 2840 quantum
2590 2771 2700 2829 hu·

257 2844 532 2919 jusmodi
590 2848 683 2899 est
728 2842 1021 2915 ignotum.
1053 2844 1197 2897 Nam
1244 2853 1423 2896 omne
1467 2838 1626 2911 quod
1675 2844 2082 2911 cognoscitur,
2113 2839 2226 2896 sub
2271 2842 2697 2912 cognoscentis

266 2913 816 2986 comprehensione
851 2909 1294 2984 quodammodo
1340 2915 1740 2978 mensuratur,
1771 2923 1909 2965 cum
1953 2909 2321 2967 mensuratio
2351 2911 2500 2967 nihil
2531 2911 2694 2969 alind

267 2986 349 3044 sit
375 2999 558 3059 quam
592 2983 939 3041 certificatio
978 2984 1063 3039 rei
1114 2993 1490 3038 mensuratae.
1528 2981 1686 3037 Unde
1738 2981 1937 3037 omnis
1981 2994 2079 3037 ars
2128 2979 2360 3039 infinita
2400 2981 2691 3053 repudiat.

262 3055 617 3127 singularia
664 3060 860 3111 autem
910 3059 1055 3110 sunt
1082 3051 1315 3109 infinita
1343 3052 1416 3108 ad
1449 3051 1649 3108 minus
1679 3051 1741 3107 in
1772 3051 2058 3124 potentia.
2091 3052 2467 3123 Impossibile
2511 3053 2698 3126 igitur

264 3126 505 3185 videtur
532 3124 695 3198 quod
716 3127 874 3181 Deus
902 3122 1235 3203 singularia
1262 3128 1608 3195 cognoscat.

333 3197 518 3254 Sexta
547 3202 642 3253 est
668 3211 741 3252 ex
778 3197 910 3275 ipsa
936 3195 1160 3250 vilitate
1188 3193 1610 3265 singularium.
1641 3194 1785 3249 Cum
1813 3194 1972 3250 enim
2007 3193 2292 3251 nobilitas
2319 3194 2591 3251 scientiae
2616 3210 2691 3253 ex

265 3267 586 3326 nobilitate
617 3264 849 3322 scibilis
878 3264 1319 3336 quodammodo
1349 3271 1650 3334 pensetur,
1678 3264 1876 3321 vilitas
1905 3264 2084 3321 etiam
2113 3265 2346 3322 scibilis
2376 3265 2440 3320 in
2471 3265 2695 3322 vilitate

264 3339 541 3397 scientiae
584 3336 916 3393 redundare
942 3334 1190 3392 videtur.
1235 3335 1481 3391 Divinus
1526 3340 1725 3391 antem
1765 3335 2103 3392 intellectus
2133 3335 2553 3392 nobilissimus
2580 3342 2691 3405 est,

262 3423 392 3535 no?
423 3410 610 3489 igitur
629 3407 761 3477 ejus
790 3404 1072 3532 nobilitas
1097 3406 1321 3477 patitur
1347 3404 1509 3478 quod
1538 3407 1697 3465 Dens
1737 3406 2010 3477 quaedam
2056 3406 2354 3463 vilissima
2391 3406 2548 3462 inter
2573 3406 2694 3462 sin·-

376 3493 509 3536 aria
535 3492 608 3535 co
657 3490 844 3534 nosca
870 3517 889 3532 .

264 3493 734 3620 guSeptimagest
778 3546 1010 3604 malitia
1054 3561 1185 3619 quae
1227 3546 1289 3603 in
1331 3546 1689 3620 quibusdam
1735 3546 2146 3619 singularibus
2191 3544 2512 3605 invenitur.
2548 3548 2694 3606 Cum

262 3620 429 3677 enim
464 3619 773 3691 cognitum
805 3619 884 3674 sit
915 3617 1117 3688 aliquo
1145 3617 1325 3675 modo
1372 3619 1434 3674 in
1478 3624 1899 3688 cognoscente,
1943 3619 2166 3675 malum
2215 3622 2412 3673 autem
2454 3618 2522 3673 in
2573 3621 2694 3676 Deo

260 3704 404 3748 esse
434 3703 559 3746 non
607 3688 830 3759 possit,
872 3692 939 3743 ut
982 3701 1165 3758 supra
1205 3688 1354 3760 (cap.
1384 3688 1476 3760 39)
1519 3695 1830 3745 ostensum
1876 3694 1998 3757 est,
2046 3687 2278 3744 videtur
2323 3688 2492 3758 sequi
2534 3687 2694 3760 quod

263 3761 427 3818 Deus
459 3760 685 3816 malum
719 3764 778 3815 et
804 3757 1192 3828 privationem
1223 3760 1470 3815 omnino
1501 3771 1621 3815 non
1655 3764 2001 3831 cognoscat,
2048 3758 2151 3815 sed
2196 3757 2390 3815 solum
2439 3758 2698 3816 intellec-

262 3837 366 3889 tus
393 3832 501 3904 qui
530 3836 626 3887 est
653 3830 713 3885 in
743 3828 1028 3900 potentia.
1070 3830 1327 3886 Privatio
1374 3830 1533 3885 enim
1585 3830 1827 3887 nonnisi
1872 3830 1931 3885 in
2021 3829 2245 3887 otentia
2289 3843 2423 3886 esse
2477 3834 2693 3900 potest.

262 3902 349 3959 Ex
376 3900 497 3959 hoc
517 3901 790 3973 sequitur
814 3899 975 3980 qnod
1003 3911 1126 3979 non
1156 3899 1369 3978 babeat
1396 3902 1558 3959 Deus
1583 3900 1655 3959 de
1683 3843 2095 3974 singularissus
2123 3899 2422 3971 notitiam,
2450 3899 2515 3958 in
2559 3899 2691 3974 qui·

263 3970 382 4031 bns
415 3972 647 4030 malum
676 3975 738 4028 et
751 3974 1005 4043 privatio
1033 3976 1351 4028 invenitur.

1236 4127 1490 4192 CAPUT
1526 4128 1732 4193 Lxlv.

716 4273 870 4321 nano
908 4272 1286 4320 mammaea
1318 4271 1495 4319 ciana
1526 4272 1789 4319 mmm:
1819 4272 2232 4322 scamnum.

332 4391 424 4450 Ad
448 4390 633 4463 hujus
660 4394 857 4448 autem
887 4389 1108 4449 erroris
1144 4390 1576 4458 exclusionem,
1606 4396 1676 4448 ut
1710 4389 1886 4448 etiam
1925 4391 2142 4451 divinae
2170 4394 2440 4453 scientim
2464 4392 2685 4462 perrec-

255 4460 361 4521 tio
417 4460 805 4525 ostendatur,
870 4465 1106 4533 oportet
1151 4460 1470 4534 diligenter
1513 4462 1819 4522 veritatem
1863 4461 2163 4536 inquirere
2228 4465 2388 4521 circa
2447 4459 2690 4530 singula
