3076 5025
421 251 527 304 194
1327 205 1461 300 ιῑῖἷ.
1503 246 1572 311 11,
1614 245 1766 299 cAP.
1807 245 1954 301 Lxx.

415 370 529 428 Hoc
565 372 741 423 autem
777 367 993 421 videtur
1041 367 1406 435 impossibil83
1431 367 1644 435 qualem
1694 370 1840 422 enim
1862 370 2075 437 partem
2100 371 2201 422 aut
2238 382 2343 437 quo
2369 367 2525 423 modo
2548 369 2861 426 intellectu

421 439 735 499 continebit,
764 453 931 506 orave
957 441 1034 492 est
1063 440 1282 507 finqere.
2380 488 2385 492 ,

496 512 658 566 Patet
693 510 877 564 etiam
905 507 1087 579 quod,
1117 522 1188 563 ex
1221 520 1339 579 quo
1367 506 1712 565 intellectus
1753 507 1989 565 nullius
2018 507 2205 577 partis
2232 508 2505 578 corporis
2532 517 2708 567 actus
2734 514 2856 580 est,

426 593 549 638 non
581 580 853 650 sequitur
881 578 1277 649 receptionem
1311 577 1446 648 ejus
1472 591 1610 636 esse
1644 578 2042 648 receptionem
2072 578 2336 635 materiae
2366 579 2610 649 primae3
2640 594 2717 638 ex
2732 586 2857 653 quo

429 649 561 724 eJus
593 649 853 720 receptio
882 653 940 704 et
972 648 1239 719 operatio
1270 655 1362 705 est
1391 651 1643 706 omnino
1672 649 1899 720 absque
1924 648 2221 719 corporali
2249 663 2499 720 organO.

505 723 623 777 Nec
652 720 826 776 etiam
869 717 1105 776 infinita
1134 719 1325 775 virtus
1363 718 1705 776 intellectus
1735 719 1982 788 tollitur,
2018 734 2203 846 ‹Juum
2232 733 2352 776 non
2379 725 2639 791 ponatur
2664 720 2849 780 virtut

429 788 499 851 in
526 790 961 863 magnitudine,
1000 789 1110 848 sed
1141 789 1206 846 in
1234 788 1576 847 substantia
1606 789 1997 847 intellectuali
2052 789 2293 857 nudata,
2322 795 2387 847 ut
2412 790 2641 849 dictum
2672 796 2777 851 est.

1377 1008 1631 1073 CAPUT
1709 1009 1886 1073 LXX.

492 1177 664 1236 QUOD,
695 1175 999 1224 SECUNDUM
1023 1176 1199 1223 mnu
1224 1177 1618 1234 ARISTOTELIS,
1647 1178 1905 1223 OPORTET
1928 1176 2157 1223 Ponat.
2184 1176 2584 1225 mmmm
2611 1179 2786 1225 umal

1306 1266 1554 1312 CORPORI
1591 1266 1668 1313 UT
1701 1266 1967 1312 Romu.

497 1421 567 1478 Et
618 1420 760 1493 quia
801 1419 1133 1478 Averrhoes
1169 1419 1424 1478 maxime
1473 1420 1683 1478 nititur
1732 1435 1906 1479 suam
1952 1420 2299 1492 opinionem
2341 1420 2699 1479 confirmare
2748 1434 2863 1493 per

425 1490 610 1549 -verba
647 1497 707 1547 et
751 1491 1324 1549 demonstrationem
1351 1492 1712 1560 Aristotelis,
1740 1491 2179 1549 ostendendum
2226 1496 2412 1548 restat
2455 1493 2615 1563 quod
2648 1506 2860 1550 neces-

427 1562 656 1621 sarium
687 1566 781 1618 est
823 1561 1041 1629 dicere,
1070 1562 1400 1619 secundum
1444 1563 1789 1632 opinionem
1832 1562 2189 1630 Aristotelis,
2220 1562 2588 1619 intellectum
2638 1576 2859 1621 secun-

416 1630 568 1691 dum
601 1645 772 1689 suam
811 1631 1208 1689 substantiam
1248 1632 1428 1689 alicui
1459 1634 1692 1704 corpori
1724 1632 1881 1689 uniri
1912 1637 1978 1689 ut
2011 1631 2286 1690 formam.

499 1701 718 1759 Probat
741 1703 902 1759 enim
917 1702 1267 1760 Aristoteles
1283 1703 1524 1773 (Physic.
1547 1716 1655 1772 vn,
1677 1708 1821 1759 text.
1853 1716 2071 1761 comm.
2100 1708 2160 1771 33
2188 1715 2324 1772 vm,
2349 1708 2491 1759 text.
2514 1716 2741 1761 comm.
2764 1705 2860 1777 33)

417 1773 589 1846 quod
620 1773 679 1829 in
712 1772 1045 1830 motor-ibus
1093 1778 1151 1829 et
1179 1775 1360 1831 motis
1404 1774 1780 1843 impossibile
1820 1779 1913 1831 est
1969 1760 2286 1845 procedere
2328 1773 2664 1843 infinitum;
2699 1774 2862 1833 unde

432 1842 737 1902 concludit
774 1840 932 1916 quod
989 1857 1235 1902 necesse
1281 1850 1376 1902 est
1399 1844 1677 1901 devenire
1720 1844 1791 1901 ad
1822 1844 2067 1916 aliquod
2112 1845 2372 1915 primum
2412 1849 2640 1901 motum
2692 1845 2859 1917 quod

430 1913 524 1971 vel
558 1920 862 1971 moveatur
887 1913 962 1970 ab
991 1914 1278 1972 immobili
1305 1915 1396 1971 vel
1425 1921 1656 1973 moveat
1687 1929 1752 1971 se
1782 1916 2012 1984 ipsum;
2042 1920 2102 1971 et
2133 1914 2205 1981 de
2235 1915 2334 1971 his
2368 1914 2606 1972 duobus
2639 1915 2860 1986 accipit

433 1984 786 2052 secundum,
821 1984 1051 2041 scilicet
1070 1985 1230 2056 quod
1262 1986 1517 2055 primum
1548 1985 1774 2043 mobile
1803 1989 2038 2043 moveat
2056 1985 2344 2056 seipsum,
2362 2000 2434 2042 ea
2455 1985 2687 2042 ratione
2713 1986 2865 2057 quia

417 2088 426 2101 ι
473 2055 590 2112 uod
621 2061 713 2112 est
739 2068 841 2125 per
865 2068 954 2122 se,
983 2069 1218 2126 semper
1257 2061 1348 2112 est
1377 2058 1545 2127 prius
1576 2070 1648 2114 eo
1679 2056 1837 2127 quod
1866 2062 1965 2112 est
1994 2070 2096 2126 per
2123 2056 2306 2113 aliud.
2342 2055 2563 2112 Deinde
2589 2056 2864 2114 ostendit

420 2069 668 2253 &tysim
697 2138 831 2195 vni,
863 2130 1002 2182 text.
1033 2139 1249 2182 comm.
1281 2126 1371 2196 40)
1402 2127 1563 2197 quod
1610 2140 1858 2183 movens
1888 2127 2156 2197 seipsum
2207 2125 2280 2183 de
2322 2127 2682 2184 necessitate
2708 2127 2863 2184 divi·

476 2196 593 2253 itur
622 2196 683 2251 in
725 2195 879 2253 duas
926 2202 1146 2267 partes,
1180 2210 1426 2268 quarum
1462 2212 1584 2254 una
1629 2204 1719 2255 est
1750 2210 1999 2254 movens
2037 2203 2094 2253 et
2123 2196 2243 2254 alia
2270 2202 2363 2253 est
2392 2203 2577 2254 mota.
2609 2198 2861 2268 Oportet

430 2265 617 2337 igitur
654 2264 911 2337 primum
950 2267 1217 2338 seipsum
1263 2280 1509 2326 movens
1553 2269 1832 2338 componi
1878 2283 1950 2325 ex
1990 2267 2225 2325 duabus
2272 2268 2562 2338 partibus,
2596 2281 2859 2339 quarum

423 2350 552 2393 -una
581 2341 674 2393 est
702 2350 969 2394 movens.
998 2339 1184 2395 Omne
1229 2343 1428 2395 autem
1472 2339 1812 2410 hujusmodi
1858 2344 1954 2395 est
1981 2342 2310 2395 animatum
2340 2337 2698 2409 (secundum
2731 2338 2862 2410 opi-

432 2406 673 2465 nionem
703 2407 1096 2479 Aristotelis);
1128 2408 1285 2465 unde
1313 2415 1373 2464 et
1398 2409 1459 2465 in
1490 2410 1755 2467 secundo
1799 2411 1877 2464 De
1913 2410 2037 2464 coelo
2058 2408 2222 2479 (text.
2250 2421 2466 2466 comm.
2502 2409 2589 2480 ¹3)
2635 2408 2861 2468 dicitur

431 2490 506 2535 ex
551 2491 712 2536 resse
743 2478 901 2550 quod
932 2479 1146 2536 coelum
1184 2485 1274 2537 est
1300 2480 1651 2549 animatum,
1678 2487 1738 2537 et
1756 2485 2008 2607 ,fromer
2034 2479 2147 2537 hoc
2172 2485 2401 2551 oportet
2432 2480 2494 2536 in
2526 2493 2598 2537 eo
2626 2493 2858 2551 ponere

434 2547 492 2606 di
544 2549 804 2607 erentias
839 2551 1182 2621 positionis,
1219 2564 1338 2607 non
1368 2552 1565 2608 solum
1594 2565 1753 2623 quoa
1824 2564 1958 2619 nos,
1985 2550 2090 2608 sed
2120 2551 2298 2607 etiam
2328 2551 2659 2609 secundum
2690 2565 2781 2608 se.

505 2620 882 2744 I'nquiramus
939 2621 1139 2693 igitur,
1191 2622 1521 2680 secundum
1569 2623 1916 2693 opinionem
1962 2621 2320 2692 Aristotelis,
2363 2635 2483 2693 qua
2518 2622 2722 2679 anima
2773 2621 2861 2680 sit

420 2704 522 2746 -coe
553 2705 650 2746 um
683 2697 1033 2748 animatum.

505 2761 720 2817 Probat
747 2762 924 2818 etiam
958 2760 1304 2832 metaphys„
1335 2775 1439 2831 ΧΠ,
1467 2768 1606 2819 text.
1639 2777 1855 2821 comm.
1894 2766 1959 2820 35
1990 2766 2046 2818 et
2070 2761 2161 2833 36)
2191 2762 2372 2834 quod,
2402 2762 2464 2818 in
2492 2767 2657 2820 motu
2688 2762 2856 2832 coeli,

433 2837 525 2887 est
554 2831 937 2889 considerare
982 2832 1206 2903 aliquid
1252 2834 1413 2903 quod
1459 2839 1658 2890 movet
1684 2834 1931 2892 omnino
1960 2832 2294 2901 immotum,
2316 2839 2373 2889 et
2419 2833 2645 2905 aliquid
2686 2834 2857 2906 quod

419 2906 630 2957 movet
689 2908 937 2958 motum.
989 2902 1051 2959 ld
1097 2908 1293 2959 autem
1345 2904 1500 2975 quod
1550 2911 1744 2962 movet
1802 2903 2050 2960 omnino
2096 2904 2406 2960 immotum
2450 2907 2648 2961 movet
2691 2905 2859 2962 sicut

419 2970 864 3050 -desiderab1103
891 2985 1000 3028 nec
1031 2967 1275 3030 dubium
1305 2975 1450 3044 quin
1468 2974 1545 3030 ab
1574 2989 1646 3031 eo
1675 2974 1832 3047 quod
1864 2979 2152 3031 movetur.
2175 2974 2657 3031 Ostenditautem
2684 2973 2857 3046 quod

432 3052 554 3097 non
604 3045 762 3097 sicut
805 3042 1196 3099 desiderabile
1244 3043 1541 3100 desiderio
1596 3045 2117 3114 concupiscentiae,
2149 3044 2309 3116 quod
2360 3050 2454 3101 est
2480 3045 2855 3102 desiderium

429 3123 674 3178 sensuS,
702 3111 806 3167 sed
851 3111 1011 3188 sicut
1046 3111 1436 3171 desiderabile
1482 3114 1867 3172 intellectuali
1908 3115 2246 3184 desiderio;
2289 3115 2445 3171 unde
2494 3114 2635 3171 dicit
2671 3115 2847 3185 quod

430 3180 689 3255 primum
740 3193 987 3238 movens
1027 3195 1148 3239 non
1193 3191 1419 3240 motum
1463 3191 1554 3241 est
1602 3185 1994 3243 desiderabile
2038 3192 2097 3241 et
2122 3185 2538 3243 intellectuale.
2566 3184 2756 3255 Igitur
2784 3186 2854 3244 id

474 3252 591 3309 uod
620 3251 694 3309 ab
723 3265 795 3310 eo
827 3258 1114 3322 movetur,
1146 3254 1379 3312 scilicet
1407 3255 1647 3325 coelum,
1680 3262 1772 3313 est
1809 3256 2158 3314 desiderans
2198 3261 2261 3312 et
2286 3256 2625 3328 intelligens
2674 3255 2855 3314 nohi-

456 3322 570 3379 lori
601 3321 779 3380 modo
807 3336 986 3393 quam
1007 3336 1141 3391 nOS,
1175 3329 1236 3382 ut
1257 3324 1697 3397 subsequenter
1722 3327 1950 3397 probat.
1981 3329 2079 3384 Est
2100 3326 2284 3397 igitur
2300 3329 2517 3384 coelum
2546 3327 2853 3397 composi·—

433 3396 582 3459 tum,
605 3392 935 3450 secundum
971 3394 1315 3464 opinionem
1336 3396 1692 3464 Aristotelis,
1729 3412 1799 3454 ex
1830 3398 2031 3454 anima
2061 3396 2448 3454 intellectuali
2479 3402 2536 3454 et
2565 3411 2851 3468 corpor-en

421 3468 492 3521 uet
537 3463 651 3519 hoc
699 3464 898 3535 signat
940 3465 1002 3521 in
1043 3465 1311 3522 secundo
1353 3469 1430 3522 De
1478 3470 1665 3522 anima
1717 3467 1878 3539 (text.
1926 3481 2142 3525 comm.
2180 3467 2294 3539 29),
2337 3467 2439 3524 ubi
2496 3467 2643 3525 dicit
2685 3466 2855 3539 quod

508 3533 761 3589 ibusdam
787 3537 926 3589 inest
949 3537 1332 3590 intellectivam
1355 3541 1406 3591 et
1431 3539 1747 3602 intellectus,
1788 3543 1850 3594 ut
1877 3538 2199 3602 humanibus,
2228 3543 2281 3594 et
2307 3541 2359 3593 si
2384 3538 2601 3607 aliquid
2618 3539 2859 3594 alterum

471 3604 749 3673 ujusmodi
787 3609 867 3660 est
895 3610 992 3660 aut
1023 3609 1190 3661 ,etiam
1219 3607 1609 3669 honorabilius,
1646 3609 1877 3666 scilicet
1902 3609 2139 3666 coelum.
2172 3610 2413 3666 Constat
2457 3615 2656 3666 autem
2688 3607 2855 3681 quod

420 3675 648 3732 -coelum
684 3689 802 3732 non
834 3676 1008 3732 habet
1040 3678 1296 3734 animam
1348 3680 1719 3748 sensitivam,
1746 3680 2079 3736 secundum
2132 3680 2481 3750 opinionem
2510 3680 2856 3738 Aristotelis

429 3743 532 3825 (pe
570 3747 695 3801 eoelo
722 3750 773 3801 et
800 3745 1019 3814 munde,
1046 3743 1141 3818 11);
1175 3747 1419 3805 haberet
1443 3749 1605 3805 enim
1634 3749 1869 3808 diversa
1899 3764 2147 3821 organa,
2177 3764 2310 3822 quae
2339 3763 2461 3807 non
2503 3754 2859 3820 competunt

432 3815 796 3884 simplicitati
827 3817 992 3884 coeli;
1020 3824 1078 3872 et
1105 3818 1179 3875 ad
1211 3818 1324 3875 boc
1337 3819 1390 3875 si
1438 3820 1700 3878 nandum
1730 3819 2405 3892 subjungitAristoteles
2428 3819 2525 3892 (De
2552 3824 2853 3891 animam,

429 3889 574 3964 text.
608 3900 822 3943 comm.
850 3887 1119 3960 32)quod
1147 3889 1367 3960 quibus
1435 3903 1467 3945 e
1497 3903 1748 3947 numero
1801 3891 2280 3961 corruptibilium
2316 3891 2474 3948 inest
2510 3892 2856 3949 intellectus

431 3961 642 4012 insunt
660 3971 870 4014 omnes
889 3957 1022 4014 aliae
1043 3959 1340 4028 potentiae,
1358 3966 1421 4017 ut
1439 3960 1607 4017 daret
1624 3962 1954 4034 intelligere
1968 3960 2125 4033 quod
2147 3961 2348 4034 aliqua
2367 3962 2853 4032 incorruptibilia

431 4022 653 4083 habent
681 4027 1060 4095 intellectum,
1083 4042 1216 4101 quae
1243 4043 1367 4086 non
1413 4031 1638 4087 habent
1662 4032 1812 4089 alias
1846 4032 2139 4102 potentias
2187 4033 2424 4099 animae,
2454 4033 2690 4090 scilicet
2720 4045 2849 4092 cor·

425 4106 584 4174 ,pora
610 4099 897 4156 coelestia.
928 4101 1059 4156 Non
1085 4100 1310 4171 poterit
1330 4100 1512 4172 igitur
1535 4101 1654 4159 dici
1682 4103 1839 4175 quod
1871 4102 2208 4161 intellectus
2237 4104 2621 4161 continuetur
2646 4115 2857 4175 corpo-

431 4163 604 4223 ribus
634 4169 980 4226 coelestibus
1012 4184 1117 4241 per
1144 4171 1602 4241 phantasmata;
1635 4174 1740 4230 sed
1766 4172 2069 4242 oportebit
2096 4173 2290 4230 dicere
2319 4174 2477 4246 quod
2509 4174 2857 4232 intellectus

425 4235 761 4318 secundum
793 4251 962 4296 suam
989 4241 1383 4299 substantiam
1415 4245 1660 4300 uniatur
1688 4243 1922 4314 corpori
1952 4243 2179 4301 ooelesti
2214 4249 2276 4301 ut
2305 4245 2516 4302 forma.
2534 4245 2629 4302 Sic
2663 4245 2856 4317 igitur

421 4309 492 4367 ct
515 4319 750 4388 corpori
781 4308 1063 4382 humano,
1089 4313 1252 4384 quod
1273 4313 1544 4371 estinter
1569 4315 1775 4371 omnia
1799 4326 2053 4384 corpora
2079 4313 2366 4372 inferiora
2396 4314 2859 4373 nobilissimum

430 4381 490 4438 et
529 4378 867 4451 esqualitate
903 4394 1033 4438 suae
1083 4383 1520 4455 complexionis
1562 4385 1719 4442 coelo
1770 4384 1846 4442 ab
1891 4385 2058 4443 omni
2096 4386 2520 4445 contrarietate
2566 4386 2858 4446 absoluto
