3076 5025
1132 288 1266 348 LIB.
1306 290 1404 356 111,
1444 289 1598 346 CAP.
1639 288 1823 348 LXIII.
2583 295 2692 352 33⁶1·

245 413 506 480 animas,
531 416 846 486 postquam
868 408 1211 470 felicitatem
1242 412 1511 470 ultimam
1543 411 1770 483 adeptae
1791 411 2070 481 fuissent,
2095 412 2310 471 iterum
2331 413 2404 472 ad
2428 428 2682 488 corpora

244 483 513 555 incipere
539 483 692 542 velle
722 482 935 551 redire,
966 486 1026 540 et
1051 481 1225 540 finita
1252 483 1534 542 felicitate
1562 482 1732 541 illius
1758 481 1917 552 vitae,
1952 483 2167 542 iterum
2201 484 2467 544 miseriis
2496 484 2689 558 hujus

243 553 383 612 vitae
410 552 658 612 involvi.
689 555 755 612 Et
784 552 965 612 etiam
992 566 1158 612 error
1187 553 1283 613 Ori
1331 553 1482 622 cuis,
1513 553 1617 627 qui
1667 552 1817 613 dixit
1862 553 2098 614 animas
2147 560 2207 614 et
2250 556 2500 627 angelos
2541 562 2688 629 post

242 622 678 684 beatitudinem
731 624 949 684 iterum
1004 635 1186 697 posse
1241 637 1277 682 a
1365 622 1673 683 miseriam
1727 623 2005 684 devenire
2031 624 2164 698 (nupt
2203 623 2401 698 Ἀρχῶν,
2433 626 2539 686 lib.
2587 638 2679 699 111,

249 708 382 768 cap.
414 695 490 771 l).

1213 842 1469 912 CAPUT
1505 844 1720 912 LXIII.

247 1025 542 1079 omnm
567 1026 632 1073 IN
667 1026 802 1075 uta
838 1025 1060 1074 limma
1095 1024 1432 1073 FELICITATE
1469 1021 1629 1072 ΟΜΝΗ
1661 1019 2022 1073 Dasminum
2045 1024 2290 1072 HOMINIS
2321 1027 2679 1079 conturna.

324 1193 409 1248 Ex
435 1189 763 1263 praemissis
789 1195 985 1249 autem
1030 1188 1331 1248 evidenter
1375 1192 1640 1261 apparet,
1674 1188 1836 1270 quod
1880 1187 1943 1247 in
1988 1188 2095 1247 illa
2141 1190 2351 1249 ultima
2396 1191 2681 1255 felicitate
2767 1246 2776 1256 .

250 1274 388 1336 quae
417 1261 687 1333 provenit
713 1276 788 1320 ex
814 1261 1048 1319 visione
1099 1260 1320 1329 divina,
1350 1272 1528 1318 omne
1580 1258 1942 1318 desiderium
1996 1259 2327 1320 humanum
2374 1260 2715 1335 impletum
2762 1315 2769 1327 .

250 1332 587 1390 secundum
632 1332 782 1392 illud
834 1334 931 1389 Ps.
986 1343 1088 1401 cn,
1120 1335 1151 1389 5
1184 1349 1198 1388 ε
1230 1331 1336 1398 Qui
1365 1331 1536 1403 replet
1572 1332 1634 1386 in
1674 1331 1824 1387 bonis
1864 1345 2017 1388 omne
2051 1330 2380 1388 desiderium
2405 1337 2577 1393 ticum.
2612 1329 2717 1396 Etl.
2760 1345 2765 1352 ·

251 1414 433 1462 omne
459 1402 786 1461 humanum
817 1402 1081 1460 studium
1112 1400 1195 1458 ibi
1221 1414 1390 1459 suam
1439 1401 2020 1482 consummationem
2065 1402 2299 1473 accipit.
2329 1404 2500 1472 Quod
2548 1399 2720 1490 qui-f

253 1472 392 1531 dem
447 1479 610 1545 patet
655 1472 1011 1532 discurrenti
1071 1486 1176 1544 per
1239 1471 1501 1545 singula.
1550 1474 1648 1530 Est
1709 1485 1871 1529 enim
1939 1472 2240 1544 quoddam
2310 1475 2714 1545 desiderium:
2757 1511 2761 1517 ι

249 1542 542 1613 hominis,
571 1543 636 1601 in
693 1548 981 1616 quantum
1039 1541 1462 1602 intellectualis
1512 1548 1625 1609 est,
1654 1540 1727 1599 de
1773 1542 2119 1616 cognitione
2163 1543 2461 1615 veritatis;
2514 1547 2728 1620 quodgj

251 1612 497 1686 quidem
526 1613 887 1673 desiderium
926 1612 1203 1672 homines
1244 1626 1428 1672 conse
1474 1618 1697 1670 uuntur
1743 1626 1850 1685 per
1889 1613 2155 1671 studium
2201 1616 2685 1688 contemplativae
2722 1637 2735 1679 ·.
2770 1673 2776 1680 .

249 1686 409 1745 vitae.
440 1687 513 1765 lit
533 1684 650 1743 hoc
685 1684 927 1758 quidem
955 1683 1271 1764 manifeste
1322 1685 1384 1741 in
1431 1684 1537 1765 ila
1586 1683 1819 1765 visione
1867 1685 2406 1755 consummabitur,
2436 1689 2680 1760 quando
2728 1683 2765 1701 ²·

249 1768 361 1828 per
399 1767 697 1814 visionem
744 1755 949 1827 primae
987 1755 1254 1813 veritatis
1302 1768 1507 1813 omnia
1557 1767 1690 1826 quae
1734 1753 2074 1815 intellectus
2123 1757 2478 1818 naturaliter
2521 1759 2677 1818 scire

254 1825 578 1895 desiderat,
606 1827 661 1885 ei
688 1825 1087 1895 innotescent,
1119 1830 1183 1884 ut
1210 1839 1283 1884 ex
1311 1825 1724 1906 superioribus
1755 1824 1906 1897 (cap.
1936 1825 2027 1898 59)
2055 1831 2321 1898 apparet.

328 1898 431 1956 Est
457 1897 636 1956 etiam
666 1896 965 1968 quoddam
991 1895 1255 1955 bominis
1285 1895 1646 1955 desiderium
1677 1896 2009 1955 secundum
2054 1897 2215 1970 quod
2264 1896 2442 1958 habet
2490 1899 2677 1960 ratio·

263 1979 407 2027 nem
449 1981 570 2040 qua
617 1967 903 2025 inferiora
944 1966 1260 2038 disponere
1303 1971 1515 2037 potest.
1550 1966 1719 2034 Quod
1805 1973 2210 2040 rosequuntur
2253 1968 2530 2030 homines
2572 1984 2681 2045 per

257 2037 529 2099 studium
558 2037 763 2096 activae
791 2044 850 2095 et
875 2037 1070 2097 civilis
1095 2038 1251 2096 vitae.
1287 2037 1454 2105 Quod
1485 2036 1726 2109 quidem
1796 2036 2117 2097 esiderium
2156 2039 2566 2112 principaliter
2604 2041 2682 2101 ad

229 2108 381 2170 ,lioc
408 2114 522 2177 est,
554 2114 620 2168 ut
646 2115 771 2167 tota
798 2108 1064 2170 bominis
1089 2107 1212 2167 vita
1251 2107 1583 2166 secundum
1629 2107 1922 2166 rationem
1969 2108 2352 2181 disponatur;
2385 2110 2544 2185 quod
2588 2117 2681 2174 est

257 2179 458 2240 vivere
503 2180 837 2238 secundum
882 2178 1180 2238 virtutem.
1208 2177 1537 2251 cujuslibet
1577 2176 1735 2236 enim
1783 2178 2036 2237 virtuosi
2078 2179 2219 2238 finis
2262 2180 2326 2238 in
2376 2183 2680 2256 operando

258 2255 354 2311 est
440 2250 653 2331 ropriae
695 2249 933 2308 virtutis
980 2250 1228 2319 bonum,
1276 2250 1434 2308 sicut
1478 2249 1653 2307 fortis
1697 2253 1765 2307 ut
1807 2249 2037 2311 fortiter
2079 2255 2233 2323 agat.
2283 2252 2407 2311 Hoc
2481 2259 2680 2312 autem

255 2264 623 2402 desiderium
653 2325 804 2403 tunc·
840 2321 1087 2401 omnino
1133 2319 1548 2393 complebitur,
1594 2317 1836 2392 quando
1882 2319 2145 2401 ratiojii
2190 2335 2430 2382 summo
2473 2324 2690 2398 vigore

260 2397 396 2459 erit,
427 2391 631 2450 divino
660 2390 887 2450 lumine
915 2391 1230 2461 illustrata,
1261 2404 1337 2450 ne
1364 2404 1402 2447 a
1427 2393 1591 2448 recto
1620 2389 1871 2448 deficere
1898 2395 2114 2461 possit.

328 2463 792 2536 consequuntur
817 2461 995 2520 etiam
1025 2461 1258 2521 civilem
1283 2460 1460 2528 vitam
1487 2459 1759 2542 quaedam
1786 2460 1969 2530 bona,
1997 2460 2217 2534 quibus
2242 2462 2425 2523 homo
2452 2462 2683 2524 indioet
2702 2499 2717 2523 t

258 2532 339 2596 ad
365 2533 573 2593 civiles
601 2533 1000 2604 operationes,
1030 2533 1188 2591 sicut
1216 2533 1467 2591 honoris
1506 2531 1868 2602 sublimitaS,
1898 2545 2078 2604 quam
2124 2531 2403 2593 homines
2447 2534 2586 2593 inor
2628 2536 2678 2593 i·

255 2609 396 2665 nate
426 2608 791 2685 appetentes,
823 2603 1109 2676 superflui
1138 2609 1197 2661 et
1224 2602 1527 2661 ambitiosi
1557 2601 1728 2659 fiunt.
1756 2602 1841 2661 Ad
1870 2615 2169 2683 summam
2198 2611 2397 2663 autem
2421 2604 2676 2667 lionoris

254 2674 632 2734 altitudinem
661 2689 767 2746 per
807 2674 974 2734 illam
1018 2674 1313 2734 visionem
1342 2672 1446 2732 Dei
1489 2673 1767 2733 homines
1811 2672 2235 2743 sublimantur,
2279 2676 2344 2733 in
2385 2682 2677 2748 quantum

254 2748 381 2804 Deo
410 2745 851 2819 quodammodo
878 2745 1185 2808 uniuntur,
1219 2751 1490 2815 utsupra
1516 2742 1668 2815 (cap.
1701 2742 1790 2815 51)
1825 2746 2136 2803 ostensum
2182 2749 2292 2802 est.
2326 2746 2396 2803 Et
2439 2753 2682 2818 propter

254 2816 396 2886 hoc,
420 2817 577 2875 sicut
605 2817 732 2888 ipse
756 2818 916 2875 Deus
945 2830 1047 2875 rex
1069 2814 1426 2874 saeculorum
1456 2818 1569 2882 est,
1595 2814 1680 2872 ita
1706 2819 1764 2872 et
1792 2813 1950 2872 beati
1977 2814 2034 2874 ei
2074 2815 2380 2888 conjuncti
2426 2830 2677 2891 regnare

264 2888 568 2957 dicuntur,
592 2886 850 2959 Apocal„
879 2899 981 2958 xx,
1007 2891 1076 2946 27
1109 2903 1124 2943 z
1150 2885 1472 2957 aequabunt
1497 2900 1619 2941 cum
1646 2884 1878 2946 Christo,

333 2959 734 3031 Consequitur
777 2958 956 3017 etiam
1003 2956 1236 3015 civilem
1286 2956 1470 3014 vitam
1515 2955 1677 3013 aliud
1719 2954 2060 3029 appetibile,
2124 2956 2285 3032 quod
2340 2961 2433 3016 est
2504 2959 2679 3020 samae

258 3028 597 3098 celebritas,
643 3043 750 3100 per
790 3028 964 3099 cujus
1011 3027 1414 3087 inordinatum
1475 3025 1802 3107 appetitum
1864 3026 2142 3086 homines
2201 3028 2403 3087 inanis
2470 3029 2679 3102 gloriae

255 3099 460 3171 cupidi
486 3099 785 3158 dicuntur.
816 3098 979 3158 Beati
1008 3103 1205 3158 autem
1233 3112 1340 3169 per
1365 3097 1532 3157 illam
1561 3108 1856 3158 visionem
1885 3096 2215 3158 redduntur
2245 3098 2532 3170 celebres,
2555 3113 2678 3160 non

255 3169 593 3229 secundum
641 3169 976 3239 hominum,
1027 3169 1130 3244 qui
1176 3167 1370 3240 decipi
1417 3171 1476 3226 et
1521 3166 1794 3240 decipere
1839 3174 2117 3240 possunt,
2157 3168 2526 3242 opinionem,
2572 3170 2682 3232 sed

254 3240 589 3300 secundum
618 3240 996 3300 verissimam
1029 3240 1436 3321 cognitionem
1463 3243 1524 3297 et
1547 3238 1674 3319 Dej,
1704 3242 1762 3319 et
1788 3239 2059 3298 omnium
2086 3240 2419 3298 beatorum.
2444 3242 2514 3299 Et
2539 3240 2680 3300 ideo

252 3309 367 3393 illa
390 3310 694 3371 beatitudo
721 3310 788 3369 in
812 3324 986 3393 sacra
1012 3311 1315 3393 Scriptura
1340 3310 1833 3394 frequentissime
1870 3309 2068 3384 gloria
2117 3309 2481 3381 nominatur,
2516 3311 2677 3372 sicut

255 3394 327 3440 in
349 3383 447 3440 Ps.
476 3394 676 3452 onix,
703 3386 758 3452 5,
784 3382 1003 3442 dicitur
1031 3398 1046 3439 ε
1071 3381 1417 3440 Εωαιιαῠιιηε
1434 3382 1583 3451 justi
1604 3395 1667 3435 m
1688 3380 1885 3450 atomo.

331 3453 435 3511 Est
455 3453 634 3511 etiam
663 3456 722 3512 et
747 3452 911 3512 aliud
961 3451 1027 3511 in
1066 3451 1228 3512 civili
1275 3451 1395 3510 vita
1441 3449 1781 3531 appetibile,
1808 3449 2042 3509 scilicet
2084 3449 2325 3520 divitiae,
2356 3465 2462 3526 per
2504 3450 2679 3524 cujus

249 3522 664 3583 inordinatum
689 3523 1013 3595 appetitum
1042 3528 1101 3581 et
1126 3534 1412 3592 amorem,
1446 3520 1726 3601 homines
1772 3519 2101 3581 illiberales
2144 3526 2205 3581 et
2245 3522 2455 3594 injusti
2503 3520 2676 3581 fiunt.

251 3595 329 3651 In
354 3593 460 3652 illa
486 3599 685 3653 autem
712 3593 1080 3653 beatitudine
1104 3597 1198 3652 est
1222 3592 1518 3651 bonorum
1544 3602 1814 3650 omnium
1858 3590 2242 3657 sufficientia,
2270 3592 2338 3651 in
2385 3597 2683 3666 quantum

250 3663 413 3723 beati
439 3665 827 3737 perfruuntur
851 3663 961 3723 illo
1028 3662 1090 3722 ui
1118 3661 1572 3735 comprehendit
1593 3661 1864 3721 omnium
1889 3662 2186 3722 bonorum
2214 3662 2675 3736 perfectionem

248 3735 689 3865 tffipffi'igussss
711 3734 828 3866 ‘31⁰¹
835 3740 1148 3865 tu‘aailti-
1169 3737 1426 3863 Vetti-12²
1437 3733 1515 3861 εἴ
1510 3736 1736 3861 &tiit-‘22²‘
1750 3733 2268 3875 52‘2‘1532522'2}Zs⁶⁰’²“
2295 3735 2514 3806 pm
2558 3747 2681 3793 Μ’

360 3847 375 3863 .
675 3848 691 3863 .
796 3848 812 3876 ,
880 3847 896 3878 ,
1175 3848 1191 3863 .
2144 3847 2159 3862 .

330 3876 432 3934 Est
450 3875 626 3935 etiam
653 3877 894 3935 tertium
924 3874 1190 3935 hominis
1218 3874 1604 3946 desiderium,
1627 3873 1788 3948 quod
1816 3878 1911 3933 est
1937 3874 2054 3933 sibi
2074 3878 2134 3933 et
2153 3873 2292 3934 aliis
2314 3872 2685 3936 animalibus
2790 3912 2795 3917 -

257 3956 604 4016 commune,
631 3950 698 4006 ut
718 3945 1217 4007 delectationibus
1245 3946 1609 4018 perfruatur3
1639 3943 1801 4018 quod
1843 3943 2123 4004 homines
2162 3946 2421 4004 maxime
2467 3959 2676 4018 prose-

246 4020 523 4089 quuntur
569 4017 898 4077 secundum
946 4016 1126 4077 vitam
1192 4017 1636 4089 voluptuosam,
1685 4019 1745 4079 et
1801 4027 1908 4086 per
1961 4016 2092 4087 ejus
2155 4016 2677 4078 immoderantiam
2750 4048 2755 4052 ·

248 4085 538 4168 homines
579 4086 952 4161 intemperati
999 4092 1058 4147 et
1102 4087 1548 4148 incontinentes
1591 4085 1765 4146 fiunt.
1813 4083 2034 4168 imilla
2080 4098 2219 4145 vero
2262 4087 2543 4147 felicitate
2585 4093 2681 4147 est

248 4154 573 4217 delectatio
626 4158 1106 4231 perfectissima3
1149 4163 1316 4217 tanto
1370 4157 1613 4233 quidem
1663 4154 1983 4229 perfectior
2037 4170 2110 4216 ea
2153 4170 2288 4230 quae
2342 4158 2676 4219 secundum
2757 4180 2766 4189 ·

249 4240 478 4288 sensus
506 4230 618 4297 est,
650 4241 770 4303 qua
797 4231 857 4285 et
882 4227 1056 4288 bruta
1082 4228 1369 4289 animalia
1393 4227 1618 4301 perfrui
1644 4232 1924 4300 possunt,
1949 4231 2173 4302 quanto
2200 4227 2539 4290 intellectus
2584 4233 2678 4289 est

255 4298 438 4359 altior
463 4311 671 4358 sensu.
702 4301 886 4358 Tanto
919 4300 1097 4358 etiam
1124 4300 1277 4360 illud
1318 4300 1545 4359 bonum
1592 4297 1656 4357 in
1703 4310 1825 4370 quo
1868 4296 2315 4371 delectabimur,
2343 4301 2540 4374 majus
2584 4303 2677 4358 est

252 4371 416 4431 omni
462 4368 740 4431 sensibili
781 4368 964 4439 bono,
999 4374 1058 4427 et
1100 4372 1296 4444 magis
1338 4370 1639 4439 intimum,
1689 4374 1748 4427 et
1774 4367 1971 4441 magis
2013 4369 2296 4430 continue
2343 4372 2677 4435 delectans,

251 4447 478 4514 quanto
505 4442 690 4504 etiam
715 4439 824 4502 illa
851 4440 1166 4503 delectatio
1193 4447 1284 4504 est
1315 4440 1512 4518 magis
1551 4451 1705 4517 pura
1746 4437 1824 4503 ab
1868 4439 2035 4502 omni
2082 4442 2475 4517 permixtione
2528 4446 2671 4495 con-

2369 4555 2433 4606 22
