3076 5025
1077 292 1208 346 LIB.
1250 292 1341 359 lv,
1379 292 1531 346 CAP.
1569 292 1676 347 LV.
2509 296 2604 351 59¹

251 419 360 471 ret.
400 415 489 483 Et,
531 413 800 485 quamvis
848 413 979 471 sola
1009 414 1113 470 Dei
1142 414 1333 484 gratia
1378 412 1640 471 sufficiat
1664 413 1740 471 ad
1780 414 2198 472 remittendum
2244 421 2506 485 peccata,
2544 423 2609 474 ut

209 485 411 542 ocima
441 497 607 541 nona
629 484 776 541 ratio
805 484 1192 565 proponebat,
1214 490 1412 541 tamen
1440 485 1502 540 in
1525 484 1883 561 remissione
1903 485 2129 557 peccati
2157 485 2410 557 exigitur
2430 487 2606 545 etiam

160 555 405 627 aliquid
453 569 525 611 ex
563 561 727 624 parte
773 562 902 625 ejus
954 555 1049 612 cui
1098 559 1404 625 peccatum
1441 554 1777 624 remittitur,
1808 560 1872 612 ut
1916 555 2145 613 scilicet
2191 556 2517 627 satisfaciat
2558 558 2609 614 ei

161 639 353 755 guen
385 623 654 682 offendit.
687 626 774 693 Et,
795 625 933 697 quia
959 625 1058 682 alii
1087 625 1365 682 homines
1392 638 1500 696 pro
1529 624 1750 695 seipsis
1791 626 1906 682 hoc
1941 626 2135 683 facere
2164 639 2283 683 non
2315 631 2608 698 poterant,

221 694 455 823 hristgs
509 708 617 766 pro
682 696 964 754 omnihus
1021 695 1135 752 hoc
1187 695 1328 752 fecit
1359 736 1374 765 ,
1431 699 1683 752 mortem
1739 696 2135 754 voluntariam
2189 710 2263 753 ex
2328 697 2613 756 chaiitate

220 772 377 825 auen
426 780 487 822 ο.

169 782 218 840 p
257 839 338 898 Et.
368 837 641 909 quamvis
665 835 729 893 in
753 836 1061 907 puniendo
1091 842 1332 906 peccata
1359 841 1628 907 oporteat
1672 833 1842 894 illum
1868 838 2065 908 puniri
2093 837 2194 910 qui
2236 840 2524 909 peccavit,
2552 844 2619 898 ut

165 909 475 981 vigesima
503 907 649 964 ratio
679 906 1066 978 proponebat,
1097 911 1296 964 tamen
1347 907 1410 964 in
1458 907 1883 964 satisfaciendo
1932 921 2090 965 unus
2129 912 2325 979 potest
2369 910 2615 968 alterius

172 992 420 1051 poenim
465 977 638 1045 serre,
691 978 852 1049 quia,
882 975 1022 1034 dnm
1054 991 1230 1048 poena
1256 990 1364 1048 pro
1394 984 1638 1049 peccato
1682 977 1991 1048 infligitur,
2063 984 2309 1035 ensatur
2335 979 2466 1051 ejus
2514 981 2616 1052 qui

172 1048 426 1121 punitur
469 1048 553 1104 ini
597 1047 792 1115 uitas;
842 1048 907 1104 in
953 1048 1362 1105 satisfactione
1401 1062 1566 1117 vere,
1598 1048 1738 1107 dum
1770 1048 1927 1120 qum,
1968 994 2059 1105 arf
2131 1048 2445 1106 lacendum
2478 1063 2615 1107 eum

173 1132 359 1192 quen
390 1116 552 1176 offen
596 1119 658 1198 i't,
681 1118 1014 1176 voluntarie
1040 1132 1276 1190 poenam
1307 1119 1583 1180 assumit,
1617 1119 2041 1177 satisfacientis
2069 1063 2327 1177 ezaritas
2356 1126 2414 1177 et
2442 1120 2618 1178 bene·

176 1190 446 1247 voleitia
495 1193 839 1257 aestiiiiatur,
871 1203 1001 1260 quae
1055 1190 1311 1246 maxime
1355 1194 1597 1260 apparet
1643 1203 1826 1261 quum
1871 1189 2005 1261 quis
2042 1203 2151 1260 pro
2199 1189 2320 1247 alio
2376 1203 2616 1261 poenam

181 1260 475 1328 assunit3
518 1262 576 1316 et
618 1259 752 1317 ideo
806 1262 962 1317 Deus
994 1259 1464 1318 satisfactionem
1509 1259 1690 1318 unius
1738 1273 1847 1332 pro
1877 1260 1993 1318 alio
2025 1263 2310 1332 acceptat,
2338 1264 2404 1317 ut
2439 1261 2614 1319 etiam

190 1336 497 1390 ostensum
520 1334 613 1387 est
640 1329 702 1400 (l.
732 1343 823 1398 ιη,
855 1345 907 1387 c.
943 1330 1089 1401 158).

273 1402 607 1458 satisfacere
664 1404 859 1457 autem
907 1413 1016 1472 pro
1069 1407 1194 1460 toto
1249 1402 1515 1459 humano
1562 1414 1801 1473 genere,
1849 1404 1913 1458 ut
1951 1401 2127 1458 etiam
2176 1413 2357 1471 supra
2394 1401 2471 1473 (c.
2525 1405 2594 1458 54

198 1475 499 1531 ostentum
547 1475 659 1538 est,
691 1471 895 1528 nullus
944 1471 1123 1528 homo
1169 1485 1355 1543 purus
1403 1476 1666 1543 poterat3
1712 1485 1825 1528 nec
1867 1471 1942 1529 ad
1986 1471 2099 1529 hoc
2143 1472 2394 1545 angelus
2449 1471 2621 1545 sulti-7

197 1542 394 1605 ciebat
433 1546 502 1597 ut
529 1541 817 1613 vigesima
839 1541 1030 1611 prima
1055 1541 1205 1599 ratio
1233 1542 1608 1613 procedebat.
1639 1541 1901 1614 Angelus
1937 1542 2117 1610 enim,
2161 1542 2301 1601 licet
2328 1547 2618 1614 quantum

198 1612 279 1671 ad
308 1612 525 1684 ali1uas
553 1612 941 1683 proprietates
990 1613 1292 1669 naturales
1341 1614 1417 1669 sit
1443 1612 1685 1669 homine
1713 1611 1930 1685 potior,
1974 1616 2173 1670 tamen
2203 1618 2489 1685 quantum
2542 1612 2618 1669 ad

193 1682 570 1742 heatitidinis
629 1682 1161 1753 participationem,
1219 1683 1283 1739 in
1336 1697 1513 1754 quam
1564 1696 1671 1753 per
1727 1682 2193 1740 satisfactionem
2238 1682 2618 1740 reducendus

196 1759 350 1821 erat,
368 1758 444 1811 (st
467 1752 522 1810 ei
552 1753 816 1825 aequalis.
851 1755 916 1808 Et
941 1753 1156 1809 iterum
1187 1765 1308 1810 non
1329 1755 1500 1824 plene
1529 1753 1756 1810 redinte
1802 1758 2030 1810 raretur
2050 1752 2312 1810 hominis
2333 1751 2615 1824 dignitaS,

196 1825 254 1882 si
289 1824 490 1895 angelo
520 1836 627 1893 pro
658 1823 897 1880 homine
926 1823 1314 1881 satisfacienti
1344 1823 1645 1882 obnoxius
1680 1837 1742 1880 re
1787 1817 2042 1882 deretur.

269 1893 575 1952 Scimdum
607 1897 802 1950 autem
832 1894 1105 1965 estquod
1134 1907 1298 1951 mors
1329 1894 1545 1951 Christi
1574 1894 1848 1951 virtutem
1878 1892 2286 1952 satisfaciendi
2310 1894 2521 1953 babuit
2544 1909 2620 1954 ex

193 1965 475 2025 chaii'ate
506 1963 695 2034 ipsius
723 1978 842 2035 qua
868 1964 1200 2021 voluntarie
1228 1969 1478 2021 mortem
1508 1964 1811 2031 sustinuit,
1842 1977 1966 2021 non
1995 1979 2068 2021 ex
2096 1965 2406 2038 iniquitate
2462 1965 2620 2022 occi-

197 2035 479 2102 dentiim,
510 2034 795 2115 qui-eum
841 2034 1167 2092 occidendo
1218 2040 1647 2106 peccaverunt;
1689 2035 1832 2106 quia
1867 2040 2176 2107 peecatum
2221 2049 2344 2093 non
2392 2036 2621 2093 deletur

195 2111 459 2179 peccem,
487 2108 555 2161 ut
581 2105 873 2176 vigesima
899 2105 1166 2161 secunda
1201 2106 1351 2163 ratio
1380 2105 1767 2177 proponebat.

277 2175 656 2248 Et‚quamvis
685 2189 848 2234 mors
884 2176 1095 2233 Christi
1138 2189 1246 2247 pro
1316 2180 1519 2233 eccato
1568 2175 1966 2233 satisfactoria
2014 2174 2210 2246 fuerit,
2256 2191 2381 2234 non
2418 2182 2619 2235 tamen

195 2249 530 2307 totieseum
562 2246 711 2303 mori
740 2246 1001 2317 oportuit
1025 2246 1260 2317 quoties
1328 2247 1561 2304 omines
1588 2250 1853 2317 peccant,
1877 2251 1943 2303 ut
1962 2246 2249 2318 vigesima
2273 2247 2447 2305 tertia
2470 2249 2619 2305 ratio

198 2316 624 2383 concadebat3
655 2316 796 2387 quia
824 2329 987 2374 mors
1017 2316 1230 2374 Christi
1258 2316 1571 2374 sufficiens
1600 2317 1714 2373 fuit
1740 2315 1814 2373 ad
1862 2316 2131 2373 omnium
2161 2317 2454 2387 expianda
2484 2332 2618 2388 pec-

199 2393 499 2457 cata,tum
531 2392 770 2457 propter
797 2387 1072 2443 eximiam
1104 2386 1449 2443 charitatem
1521 2402 1597 2444 ua
1624 2390 1875 2442 mortem
1904 2386 2211 2452 sustinuit,
2235 2393 2359 2443 tum
2383 2393 2622 2457 propter

203 2460 539 2532 digntaiem
568 2470 839 2529 personae
869 2456 1314 2528 satisfacientis,
1338 2469 1470 2529 quae
1523 2455 1611 2512 uit
1635 2457 1792 2511 Deus
1811 2459 1870 2510 et
1893 2453 2096 2511 homo.
2124 2454 2495 2514 Manifestum
2529 2463 2617 2515 est

201 2537 392 2590 auten
440 2529 618 2585 etiam
662 2527 730 2598 in,
770 2527 950 2584 rebus
990 2527 1271 2583 humanis
1319 2526 1501 2597 quod,
1533 2530 1757 2597 quanto
1801 2537 2061 2595 persona
2090 2530 2183 2582 est
2227 2525 2421 2595 altior,
2454 2533 2619 2585 tanto

199 2615 368 2675 poem
399 2613 576 2671 quam
607 2597 860 2656 sustinet
890 2608 998 2668 pro
1027 2596 1236 2654 ma‘ori
1267 2599 1665 2666 computatur,
1694 2595 1818 2653 sive
1855 2593 1932 2653 ad
1959 2594 2348 2652 bumilitatem
2379 2602 2436 2653 et
2480 2597 2618 2656 cha-

199 2673 426 2730 ritavm
458 2668 756 2741 patientis,
783 2668 910 2725 sive
936 2666 1010 2725 ad
1033 2681 1108 2724 cu
1133 2679 1269 2738 pam
1295 2665 1631 2723 inferentis.

281 2746 344 2801 A«
397 2738 884 2797 satisfaciendum
938 2742 1135 2795 autem
1169 2750 1276 2809 pro
1325 2742 1571 2807 peccato
1618 2735 1802 2793 totius
1847 2735 2094 2794 humani
2142 2737 2399 2809 geuene,
2455 2750 2620 2797 mors

207 2810 410 2872 chisti
438 2809 747 2868 sufficiens
777 2809 890 2867 fuit
909 2825 927 2877 ς
949 2807 1107 2880 quia,
1126 2808 1395 2881 quamvis
1425 2806 1755 2865 secundum
1783 2806 2104 2865 humanam
2134 2813 2404 2865 naturam
2423 2810 2621 2867 solum

207 2887 470 2943 annuus
515 2881 712 2949 fuerit,
743 2885 811 2937 ut
853 2878 1141 2952 vigesima
1171 2883 1383 2950 quarta
1416 2878 1569 2935 ratio
1606 2877 1995 2948 proponebat,
2020 2882 2218 2935 tamen
2249 2892 2321 2935 ex
2340 2879 2621 2951 dignitate

207 2965 468 3027 pesonae
497 2950 794 3023 patientis,
826 2963 960 3022 quae
983 2955 1075 3007 est
1102 2961 1360 3021 persona
1386 2948 1513 3006 Filii
1540 2948 1665 3018 Dei,
1696 2961 1861 3005 mors
1890 2946 2020 3027 ejus
2039 2947 2304 3006 redditur
2323 2950 2617 3019 pretiosa;

211 3025 355 3099 qua,
384 3028 450 3080 ut
487 3035 670 3092 supra
695 3021 916 3079 dictum
947 3024 1039 3078 est
1067 3019 1128 3093 (l.
1155 3033 1249 3088 111,
1281 3033 1332 3076 c.
1368 3018 1512 3091 144),
1550 3019 1708 3077 sicut
1734 3018 1977 3089 majoris
2007 3024 2100 3076 est
2139 3019 2411 3077 criminis
2445 3019 2622 3078 alicui

209 3106 468 3169 pesonae
502 3092 723 3149 inferre
771 3091 1051 3163 injuriam
1104 3103 1236 3162 quae
1287 3089 1534 3161 majoris
1588 3088 1891 3161 dignitatis
1941 3089 2158 3158 existit,
2184 3089 2268 3146 ita
2296 3090 2619 3148 virtuosius

212 3180 282 3225 es
302 3170 363 3221 et
392 3177 465 3220 ex
494 3161 704 3234 majori
729 3162 1075 3242 chat-itatate
1091 3159 1420 3232 procedens
1448 3158 1611 3234 quod
1633 3159 1823 3232 major
1837 3172 2103 3232 persona
2119 3173 2228 3232 pro
2249 3159 2382 3218 aliis
2403 3174 2468 3219 se
2486 3159 2625 3218 sub-

207 3235 356 3310 jidat
375 3233 727 3291 voluntariae
757 3245 1046 3303 passioni.
1702 3299 1716 3313 ·
1827 3299 1841 3313 .

279 3305 548 3374 Quamvis
590 3310 787 3361 autem
817 3302 1089 3361 Christus
1134 3315 1242 3374 pro
1279 3306 1524 3373 peccato
1567 3299 1842 3373 originali
1872 3314 1984 3359 sua
2021 3304 2212 3360 morte
2260 3301 2624 3362 sufficienter

220 3375 570 3443 saisfecerit‚
598 3387 719 3432 non
749 3377 841 3430 est
868 3378 1063 3431 tamen
1088 3372 1518 3452 inconveniens
1548 3371 1719 3453 quod·
1775 3371 2108 3453 oenalitates
2140 3386 2212 3430 ex
2237 3378 2479 3443 peccato
2510 3371 2625 3452 ori·

267 3449 282 3459 ·
303 3445 383 3504 ali
414 3449 852 3516 consequentes
879 3447 1227 3500 remaneant
1247 3442 1440 3500 adhuc
1466 3455 1533 3499 in
1559 3454 1721 3499 omni
1771 3455 1841 3499 us
1869 3456 1971 3514 qui
1995 3445 2172 3499 etiam
2200 3443 2624 3515 redemptionis

221 3464 415 3578 {nlisti
458 3515 773 3587 participes
815 3513 986 3583 fiunt,
1017 3518 1083 3571 ut
1123 3513 1415 3587 vigesima
1459 3512 1667 3584 quinta
1702 3513 1854 3569 ratio
1890 3512 2267 3584 procedebat.
2294 3515 2421 3571 Hoc
2463 3512 2623 3570 enim

221 3600 307 3648 eo
390 3592 600 3643 uenter
649 3590 711 3642 et
767 3584 989 3643 utiliter
1041 3583 1266 3642 factum
1318 3588 1407 3641 est
1459 3587 1528 3640 ut
1680 3596 1761 3640 na
1810 3587 2163 3646 remaneret,
2221 3584 2399 3641 etiam
2449 3583 2629 3654 culpa

225 3673 308 3719 so
337 3661 474 3714 ata:
503 3686 575 3697 —
600 3656 801 3713 Primo
888 3654 1108 3726 uidem,
1140 3659 1205 3712 ut
1249 3659 1411 3712 esset
1455 3666 1570 3711 con
1599 3654 1847 3710 crinitas
1895 3652 2161 3712 fidelium
2190 3654 2263 3712 ad
2302 3653 2625 3723 Christum,

228 3731 358 3790 siut
385 3726 788 3784 membrorum
817 3740 852 3783 a
920 3730 1097 3797 caput
1124 3743 1141 3781 t
1179 3724 1362 3794 unde,
1389 3723 1545 3782 sicut
1570 3724 1843 3782 Christus
1871 3724 2039 3795 prius
2067 3724 2287 3783 multas
2305 3725 2627 3798 passiones

229 3798 481 3861 setinuit
513 3802 570 3855 et
596 3797 682 3855 sic
721 3796 795 3854 ad
841 3795 1305 3854 immortalitatis
1335 3794 1589 3868 gloriam
1616 3794 1899 3865 pervenit,
1935 3795 2023 3853 sic
2061 3795 2260 3853 decuit
2306 3801 2371 3853 ut
2416 3794 2627 3853 fideles

227 3871 328 3944 ejs
375 3869 544 3940 prius
573 3867 949 3939 subjacerent
977 3865 1362 3938 passionibus
1390 3871 1448 3922 et
1476 3865 1566 3923 sic
1592 3864 1665 3922 ad
1692 3865 2196 3924 immortalitatem
2228 3867 2628 3938 pervenirent,

231 3939 371 4016 qasi
414 3941 719 4011 portantes
765 3938 832 3994 iii
868 3938 1085 4008 seipsis
1131 3936 1389 4009 insignia
1427 3936 1737 4007 passionis
1783 3935 2014 4003 Christi,
2063 3941 2127 3993 ut
2177 3936 2627 3995 similitudinem

233 4010 403 4086 gariae
450 4010 579 4081 ejus
627 4012 1158 4080 consequerentur,
1185 4006 1344 4065 sicut
1388 4006 1710 4078 Apostolus
1754 4005 1896 4063 dicit
1926 4021 1941 4060 t
1970 4005 2219 4063 Haeredes
2264 4008 2480 4079 quidem
2506 4011 2625 4073 Dei,

234 4080 494 4138 ceaeredes
546 4084 723 4135 autem
766 4081 894 4135 Jesu
935 4079 1177 4146 Christi,-
1225 4080 1277 4133 si
1319 4081 1500 4133 tamen
1544 4079 1923 4147 compatimur,
1949 4081 2013 4133 ut
2055 4081 2108 4132 et
2146 4082 2626 4150 complerint-emur.

240 4150 396 4224 (hm,
426 4164 562 4220 vm,
605 4150 714 4223 17.)
757 4179 827 4191 ——
853 4148 1151 4218 Secundo,
1197 4147 1356 4220 quia,
1407 4147 1460 4206 si
1511 4147 1793 4206 homines
1836 4146 2148 4206 venientes
2202 4149 2277 4207 ad
2328 4151 2628 4208 Christum

241 4222 399 4280 sitim
455 4220 959 4279 immortalitatem
1011 4218 1665 4300 impassibilitatemque
1711 4223 2241 4290 consequerentur,
2258 4220 2473 4302 plures
2524 4221 2630 4299 119·

238 4304 394 4351 nnes
448 4292 518 4350 ad
564 4292 862 4350 Christum
913 4289 1262 4348 accederent
1303 4302 1498 4362 magis
1540 4294 1779 4362 propter
1828 4287 1952 4345 haec
1981 4289 2314 4360 corporalia
2337 4289 2631 4349 beneficia

241 4376 377 4436 qam
434 4368 672 4445 propter
724 4361 1058 4433 spiritualia
1098 4361 1297 4428 hona3
1340 4358 1497 4432 quod
1550 4365 1641 4417 est
1689 4361 1898 4416 contra
1940 4357 2331 4418 intentionem
2388 4356 2623 4424 Christi,

239 4434 494 4494 vnientis
534 4447 599 4492 m
633 4432 926 4496 mundum
974 4435 1042 4493 ut
1087 4430 1367 4492 homines
1394 4429 1469 4492 ab
1512 4442 1717 4491 amore
1760 4428 2161 4505 corporalium
2193 4432 2268 4493 ad
2297 4423 2627 4503 spiritualia
