3076 5025
385 355 460 411 ’το
1292 353 1425 406 Lin.
1468 353 1512 418 1,
1555 351 1705 405 cap,
1749 351 1922 405 vai.

1346 620 1600 684 CAPUT
1657 620 1863 682 LXVI.

922 799 1076 854 ouon
1126 800 1276 846 ntus
1324 799 1641 846 coenoscrr
1684 799 1766 845 BA
1792 799 1925 852 011AE
1965 767 2102 846 uon
2121 794 2290 844 sum.

467 963 740 1023 Secundo
784 962 1099 1022 ostendum
1127 966 1237 1031 est,
1268 961 1426 1033 quod
1459 964 1583 1018 Deo
1612 975 1732 1018 non
1773 961 1941 1019 deest
1975 960 2191 1018 notitia
2232 973 2436 1016 eorum
2476 958 2658 1016 etiam
2689 973 2832 1032 quae

394 1048 515 1095 non
566 1041 726 1093 sunt.
759 1035 832 1091 Ut
874 1034 1032 1090 enim
1058 1049 1129 1092 ex
1158 1033 1518 1103 supradictis
1551 1031 1698 1102 (cap.
1750 1035 1839 1096 61)
1870 1037 2050 1104 patet,
2078 1031 2282 1089 eadem
2326 1037 2417 1088 est
2455 1030 2836 1100 comparatio

395 1106 661 1166 scientiae
708 1105 921 1162 divinae
952 1104 1021 1161 ad
1055 1117 1151 1162 res
1202 1104 1406 1171 scitas,
1444 1117 1575 1184 quae
1608 1101 1906 1160 scibilium
1939 1102 2009 1158 ad
2043 1102 2355 1181 scienti-am
2399 1107 2689 1157 nostram.
2725 1103 2837 1180 Est

394 1182 591 1234 autem
623 1174 967 1246 hujusmodi
999 1175 1362 1245 comparatio
1394 1174 1625 1231 scibilis
1646 1172 1718 1229 ad
1749 1180 2012 1229 nostram
2046 1178 2382 1238 scientiam,
2416 1171 2573 1243 quod
2609 1170 2831 1228 scibile

390 1253 592 1321 potest
637 1260 792 1316 esse,
825 1245 1050 1316 absque
1095 1258 1188 1313 ee,
1238 1244 1399 1316 quod
1443 1244 1573 1310 eius
1621 1243 1873 1300 scientia
1922 1242 2156 1300 anobis
2206 1242 2512 1308 habeatur,
2549 1247 2614 1297 ut
2655 1240 2837 1312 ponit

394 1318 731 1386 exemplum
794 1315 1198 1386 Philosophus
1224 1315 1284 1370 in
1310 1315 1751 1371 Praecticamentis
1784 1314 1932 1384 (cap.
1963 1313 2056 1369 Ad
2084 1312 2318 1384 aliquid)
2345 1312 2415 1367 de
2447 1311 2654 1368 circuli
2688 1317 2837 1383 qua·

395 1386 656 1448 dratura‚
687 1400 806 1443 non
826 1391 1022 1442 autem
1051 1400 1082 1441 e
1113 1385 1601 1442 converso.Talis
1630 1397 1773 1453 ergo
1786 1386 1895 1440 erit
1922 1383 2288 1454 comparatio
2315 1381 2531 1439 divinae
2553 1381 2833 1440 scientiae

394 1459 466 1516 ad
502 1471 598 1513 res
627 1457 798 1523 alias,
830 1455 987 1525 quod
1017 1455 1194 1511 etiam
1223 1468 1343 1510 non
1375 1455 1757 1511 existentium
1793 1468 1927 1512 esse
1955 1459 2172 1526 potest.
2761 1521 2777 1532 ⁸

463 1529 615 1589 Item,
649 1540 720 1583 co
768 1526 914 1582 nitio
945 1525 1127 1581 divini
1167 1525 1505 1581 intellectus
1536 1531 1913 1594 comparatur
1937 1525 2011 1581 ad
2033 1538 2129 1581 res
2159 1522 2330 1592 alias,
2360 1522 2518 1580 sicut
2547 1521 2826 1603 cognitio

396 1597 643 1655 artificis
674 1612 707 1653 a
789 1595 1119 1664 amiticiam,
1153 1608 1287 1650 cum
1336 1610 1440 1664 pei·
1466 1608 1639 1651 suam
1674 1595 1984 1651 scientiam
2017 1595 2095 1652 sit
2138 1607 2320 1650 causa
2350 1606 2569 1650 rerum.
2600 1593 2835 1650 Artifex

394 1673 594 1728 autem
626 1681 751 1724 suae
780 1667 925 1722 artis
955 1665 1297 1737 cognitione
1328 1666 1502 1721 etiam
1535 1679 1605 1721 ea
1634 1680 1764 1745 quae
1795 1666 2059 1721 nondum
2089 1670 2231 1722 sunt
2259 1663 2573 1743 artificiata
2599 1675 2830 1741 cog-no-

392 1739 531 1799 scit.
563 1740 786 1794 Formae
833 1737 991 1793 enim
1023 1736 1166 1792 artis
1193 1750 1264 1791 ex
1294 1735 1422 1806 ejus
1453 1736 1706 1792 scientia
1748 1734 2003 1793 effluunt
2033 1736 2093 1791 in
2125 1739 2476 1791 exteriorem
2511 1739 2830 1813 materiam

394 1807 471 1867 ad
502 1807 946 1864 artificiatorum
996 1806 1521 1874 constitutionem;
1554 1805 1711 1862 unde
1758 1806 1906 1862 nihil
1955 1804 2230 1875 prohibet
2267 1806 2326 1860 in
2379 1805 2634 1860 scientia
2683 1808 2832 1859 arti·

391 1877 531 1937 ficis
557 1892 689 1936 esse
739 1877 962 1933 forinas
984 1890 1115 1948 quae
1167 1876 1433 1934 nondum
1465 1876 1724 1933 exterius
1751 1875 2118 1945 prodierunt.
2150 1875 2248 1932 Sic
2293 1874 2478 1947 igitur
2506 1875 2656 1931 nihil
2689 1887 2833 1944 pro·

393 1948 562 2008 hibet
595 1950 777 2004 Deum
807 1961 1011 2004 eorum
1044 1960 1174 2018 quae
1201 1961 1319 2004 non
1351 1953 1491 2003 sunt
1522 1946 1792 2003 notitiam
1824 1947 2062 2003 habere.
2471 2005 2488 2024 ‚

464 2020 751 2080 Praeterea,
785 2020 941 2074 Deus
970 2018 1284 2088 cognoscit
1308 2018 1424 2074 alia
1454 2032 1486 2073 a
1512 2030 1578 2074 se
1649 2031 1715 2072 er
1741 2031 1911 2073 suam
1941 2015 2287 2084 essentiam,
2319 2016 2380 2072 in
2411 2020 2700 2087 quantum
2732 2020 2836 2072 est

397 2088 731 2147 similitudo
773 2101 978 2145 eorum
1027 2102 1157 2159 quae
1188 2087 1260 2144 ab
1295 2102 1366 2144 eo
1414 2101 1591 2159 proce
1638 2092 1763 2156 unt,
1800 2094 1865 2143 ut
1892 2102 1963 2143 ex
1993 2088 2169 2143 dictis
2195 2087 2344 2156 (cap.
2377 2089 2446 2142 54
2507 2091 2681 2157 patet.
2709 2086 2836 2142 Sed

396 2172 535 2218 cum
583 2159 848 2217 essentia
887 2158 990 2214 liei
1046 2157 1124 2214 sit
1168 2155 1414 2214 infiniiae
1462 2157 1867 2228 perfectionis,
1900 2165 2173 2238 utsupra
2202 2156 2352 2228 (cap.
2380 2160 2447 2212 45
2508 2162 2832 2213 ostensum

394 2235 511 2297 est,
578 2228 815 2286 iiaelibet
844 2233 1039 2285 autem
1075 2227 1194 2284 alia
1224 2242 1319 2284 res
1352 2228 1562 2284 habeat
1592 2241 1747 2294 esse,
1768 2234 1826 2284 et
1844 2228 2270 2298 perfectionem
2298 2232 2698 2294 terminatam,
2720 2226 2835 2281 im·

392 2313 562 2374 possi
610 2299 686 2354 ile
716 2298 993 2370 estquod
1030 2298 1390 2355 universitas
1442 2312 1641 2354 rerum
1693 2298 1941 2355 aliarum
1987 2298 2256 2378 adaequet
2297 2296 2578 2353 essentiae
2607 2296 2832 2354 divinae

388 2370 843 2442 perfectionem.
878 2369 1145 2425 Extendit
1174 2369 1356 2449 igitur
1385 2383 1450 2426 se
1481 2369 1573 2425 vis
1601 2383 1724 2426 suae
1752 2367 2299 2448 repraesentationis
2328 2368 2399 2424 ad
2432 2367 2833 2447 multo-plura

395 2453 575 2515 quam
605 2440 678 2496 ad
709 2455 777 2497 ea
807 2454 937 2512 quae
967 2444 1126 2496 sunt.
1158 2441 1218 2495 Si
1263 2440 1448 2512 igitur
1476 2441 1633 2496 Deus
1679 2440 1935 2495 totaliter
1966 2440 2240 2496 virtutem
2289 2444 2347 2494 et
2394 2439 2829 2509 perfectionem

395 2524 522 2571 suae
550 2512 826 2569 essentiae
861 2509 1192 2583 cognoscit,
1225 2509 1486 2566 extendit
1515 2524 1580 2567 se
1609 2508 1738 2583 ejus
1775 2510 2042 2584 cognitio
2073 2524 2196 2568 non
2224 2509 2422 2573 solum
2454 2508 2528 2566 ad
2574 2522 2647 2565 ea
2692 2523 2829 2581 quae

396 2587 560 2649 sunt,
591 2582 692 2637 sed
725 2583 902 2638 etiam
943 2581 1015 2637 ad
1047 2595 1117 2637 ea
1142 2594 1273 2652 quae
1304 2595 1424 2637 nori
1458 2586 1619 2637 sunt.

465 2653 738 2722 Amplius,
767 2651 1103 2708 intellectus
1132 2658 1336 2709 noster
1365 2652 1694 2708 secundum
1727 2651 1890 2708 illam
1921 2650 2326 2722 operationem
2358 2664 2473 2722 qua
2504 2650 2831 2720 cognoscit

471 2723 540 2777 od
584 2724 719 2793 quid
761 2727 855 2785 cst,
888 2723 1161 2779 notitiam
1205 2721 1421 2779 habere
1469 2727 1665 2793 potest
1706 2722 1882 2778 etiam
1931 2735 2137 2778 eorum
2169 2737 2301 2792 quae
2332 2735 2451 2777 non
2487 2727 2632 2778 sunt
2661 2726 2826 2778 actu.

442 2800 598 2849 otest
629 2793 788 2849 enim
836 2793 1031 2850 leonis
1074 2793 1168 2847 vel
1213 2793 1348 2864 equi
1382 2794 1705 2849 essentiam
1745 2792 2269 2862 comprehendere,
2297 2791 2580 2848 omnibus
2612 2791 2826 2862 hujus·

390 2864 557 2921 modi
605 2862 966 2919 animalibus
1013 2863 1261 2919 interem
1308 2863 1404 2919 tis.
1460 2864 1800 2920 intellectus
1843 2869 2039 2919 autem
2097 2861 2335 2919 divinu's
2390 2863 2707 2933 cognoscit
2750 2862 2829 2919 ad

391 2933 637 2991 modum
670 2933 1094 3003 cognoscentis
1134 2948 1237 3001 quo
1320 2933 1454 3011 quid
1496 2938 1591 2995 est,
1630 2947 1749 2990 non
1796 2934 1992 2991 solum
2038 2931 2438 2999 definitioneS,
2487 2932 2592 2988 sed
2641 2932 2826 2990 etiam

394 3003 807 3067 enuntiabilia,
840 3008 905 3058 ut
929 3017 1001 3057 ex
1029 3003 1388 3070 supradictis
1415 3002 1565 3074 (cap.
1599 3002 1687 3074 59)
1719 3009 1899 3073 patei.
1934 3006 2135 3060 Potest
2175 3003 2362 3077 igitur
2403 3003 2581 3060 etiam
2608 3015 2820 3059 eorum

393 3086 527 3144 quae
560 3085 676 3128 non
710 3076 869 3139 sunt,
898 3072 1169 3127 notitiam
1204 3071 1438 3127 habere.
1867 3087 1882 3100 ’

462 3141 681 3209 Adhuc,
713 3141 961 3198 effectus
991 3141 1211 3212 aliquis
1240 3142 1299 3198 in
1333 3156 1445 3199 sua
1472 3156 1658 3200 causa
1698 3143 1992 3215 praenosci
2031 3148 2245 3215 potest,
2277 3144 2456 3201 etiam
2500 3147 2813 3213 antequam

392 3211 493 3293 sit,
526 3213 681 3269 sicut
727 3211 1047 3292 praenoscit
1074 3212 1297 3269 astrolo
1344 3226 1415 3270 us
1446 3214 1715 3292 eclipsim
1745 3215 2021 3277 suturam,
2046 3229 2116 3270 ex
2142 3214 2619 3271 consideratione
2650 3210 2815 3270 ordi·

390 3294 490 3339 nis
522 3284 853 3339 coelestium
883 3286 1152 3338 motuum
1182 3300 1195 3337 t
1226 3296 1289 3339 se
1361 3285 1627 3355 cognitio
1662 3285 1761 3340 Dei
1791 3291 1883 3341 est
1912 3286 1984 3341 de
2023 3284 2203 3341 rebus
2236 3286 2519 3341 omnibus
2551 3297 2653 3355 pei·
2674 3296 2817 3341 cau-

392 3365 560 3421 sam3
601 3368 666 3410 se
696 3352 853 3409 euim
900 3353 1343 3424 cognoscendo,
1376 3355 1475 3425 qui
1523 3360 1615 3410 est
1664 3355 1933 3411 omnium
1973 3369 2175 3423 causa,
2208 3355 2328 3412 alia
2367 3355 2539 3435 quasi
2570 3353 2820 3412 effectus

390 3436 543 3483 suos
593 3422 927 3495 cognoscit,
976 3426 1043 3477 ut
1084 3436 1267 3494 supra
1308 3422 1458 3495 (cap.
1492 3426 1582 3495 49)
1630 3431 1939 3483 ostensum
1971 3430 2084 3482 est.
2109 3424 2270 3482 Nihil
2318 3426 2502 3498 igitur
2544 3424 2823 3496 prohibet

392 3493 539 3565 quin
572 3494 748 3549 etiam
780 3506 911 3563 quae
945 3492 1211 3549 nondum
1242 3501 1384 3550 sunt
1410 3501 1756 3565 cognoscat.

467 3565 745 3633 Amplius,
778 3562 1110 3643 intelligere
1143 3564 1244 3621 Dei
1275 3566 1721 3622 successionem
1756 3578 1877 3622 non
1922 3565 2119 3634 habet,
2154 3565 2311 3623 sicut
2349 3579 2461 3622 nec
2498 3565 2630 3638 ejus
2659 3579 2817 3624 esse.

388 3634 498 3690 Est
526 3635 709 3705 igitur
740 3638 925 3688 totum
957 3632 1158 3702 simul,
1191 3648 1427 3705 semper
1453 3649 1727 3702 manenS,
1759 3635 1919 3714 quod
1961 3636 2033 3693 de
2063 3637 2293 3693 ratione
2324 3636 2673 3693 aeternitatis
2704 3642 2818 3694 est.

384 3704 695 3773 Temporis
742 3708 939 3759 autem
987 3704 1221 3761 duratio
1265 3706 1653 3762 successione
1699 3709 1917 3777 prioris
1969 3711 2027 3762 et
2072 3707 2424 3778 posterioris
2454 3707 2814 3764 extenditur.

389 3773 704 3843 Proportio
736 3773 920 3844 igitur
943 3775 1289 3832 aelernitatis
1323 3776 1397 3831 ad
1426 3782 1610 3833 totam
1641 3777 1926 3846 temporis
1957 3776 2331 3834 durationem
2375 3784 2466 3833 est
2501 3778 2660 3834 sicut
2685 3791 2820 3849 pro-

382 3844 582 3913 portio
616 3843 999 3901 indivisibilis
1027 3844 1103 3901 ad
1143 3847 1494 3903 continuum
1528 3864 1544 3900 :
1577 3859 1694 3902 non
1777 3848 1972 3904 uidem
2021 3848 2150 3929 ejus
2194 3847 2606 3916 indivisibilis,
2653 3846 2819 3919 quod

384 3914 683 3993 terminus
709 3915 977 3971 continui
1001 3922 1112 3982 est,
1135 3916 1295 3988 quod
1318 3929 1437 3972 non
1459 3915 1628 3973 adest
1656 3918 1899 3987 cuijbet
1917 3924 2067 3989 parti
2096 3919 2365 3974 continui
2410 3918 2613 3989 (hujus
2654 3918 2818 3976 enim

386 3984 721 4062 similitudo
743 3984 920 4041 habet
945 3986 1179 4043 instans
1203 3986 1541 4058 temporis);
1564 3987 1668 4043 sed
1700 3987 1829 4060 eJ'us
1859 3988 2265 4057 indivisibiliS,
2288 3989 2444 4060 quod
2475 3995 2643 4045 extra
2670 4001 2819 4046 con·

382 4056 577 4133 tinum
607 4061 717 4135 est,
749 4056 993 4112 cuilibet
1020 4062 1219 4114 tamen
1249 4058 1396 4129 parti
1429 4057 1721 4126 continui,
1753 4060 1877 4115 sive
1947 4066 2126 4116 uncto
2156 4058 2217 4115 in
2253 4060 2540 4115 continuo
2571 4059 2817 4132 signato

384 4129 680 4182 coexistit.
717 4127 886 4194 Nam,
918 4140 1051 4182 cum
1083 4134 1319 4197 tempus
1347 4131 1576 4183 motum
1607 4141 1726 4184 non
1758 4143 1897 4184 exce
1941 4133 2023 4196 at,
2047 4129 2366 4197 aeternitas,
2398 4144 2530 4201 quae
2559 4130 2817 4189 omnino

383 4201 553 4275 extra
577 4201 800 4251 motum
835 4200 944 4265 est,
978 4197 1127 4253 nihil
1156 4199 1443 4267 temporis
1471 4205 1581 4255 est.
1613 4200 1898 4280 Rursum,
1923 4213 2058 4255 cum
2079 4200 2284 4256 aeterni
2313 4213 2448 4256 esse
2481 4212 2818 4272 numquam

382 4262 638 4345 deficiat,
666 4265 909 4345 cuilibet
936 4268 1186 4337 tempori
1231 4269 1323 4323 vel
1362 4268 1608 4325 instanti
1639 4275 1925 4339 temporis
1951 4270 2407 4339 praesentialiter
2437 4269 2602 4326 adest
2637 4277 2816 4327 aeter-

379 4341 561 4416 nitas..
594 4337 774 4407 Cujus
817 4339 1151 4407 exemplum
1199 4345 1523 4409 utcumque
1565 4339 1626 4394 in
1673 4340 1903 4397 circulo
1941 4346 2034 4397 est
2067 4340 2287 4396 videre.
2320 4342 2610 4396 Punctum
2644 4340 2815 4398 euim

377 4416 447 4461 ui
499 4407 977 4487 circumferentia
1032 4408 1354 4479 signatum,
1406 4409 1516 4466 etsi
1575 4409 1937 4466 indivisibile
1991 4410 2089 4480 sit,
2131 4423 2251 4466 non
2306 4415 2504 4466 tamen
2558 4410 2819 4469 cuilibet

378 4483 603 4544 puncto
631 4478 735 4535 alii
765 4477 1096 4536 secundum
1124 4479 1307 4536 situm
1333 4479 1613 4537 coexistit
1646 4480 1850 4537 simul.
1882 4480 2039 4539 Ordo
2067 4481 2227 4538 enim
2258 4480 2412 4539 situs
2440 4480 2814 4540 continuita-
