3076 5025
439 201 540 258 196
1299 192 1434 252 LIB.
1472 196 1546 264 11,
1586 194 1738 253 CAP.
1779 194 2004 253 Lxxm.

349 376 354 381 ,
431 326 576 389 tota,
607 320 987 379 manifestum
1019 324 1153 383 est;
1182 332 1366 391 quum
1411 319 1572 375 enim
1623 322 1813 377 totum
1843 317 2075 376 dicatur
2102 331 2208 389 per
2235 319 2587 378 relationem
2613 320 2693 378 ad
2722 334 2871 392 par·

412 392 546 461 tes,
608 396 840 463 oportet
889 396 1076 448 totum
1122 387 1520 448 diversimode
1566 388 1755 459 accipi
1803 388 1962 447 sicut
2012 387 2413 447 diversimode
2478 389 2866 461 accipiuntur

430 469 651 536 partes.
682 462 909 519 Dicitur
952 465 1149 520 autem
1195 473 1335 532 pars
1381 457 1739 539 dupliciter:
1772 473 1895 516 uno
1939 458 2181 539 quidem
2225 460 2426 530 modo,
2457 461 2523 518 in
2569 467 2865 533 quantum

433 533 717 592 dividitur
756 531 982 604 aliquid
1028 531 1360 589 secundum
1451 534 1821 597 uantitatem,
1853 529 2010 587 sicut
2035 528 2368 587 bicubitum
2397 535 2491 588 est
2515 543 2658 601 pars
2688 532 2868 591 tricu-

431 605 577 672 biti;
608 603 728 661 alio
755 603 955 671 modo,
984 601 1049 659 in
1094 606 1384 675 quantum
1428 598 1698 681 „ividoitur
1738 599 1967 673 aliquid
2013 599 2348 658 secundum
2378 600 2745 681 divi-sionem
2772 615 2869 661 es·

432 674 668 743 sentiae,
692 673 850 732 sicut
897 672 1090 731 forma
1130 675 1190 730 et
1235 676 1484 729 materia
1527 670 1808 728 dicuntur
1833 676 2032 741 partes
2067 671 2409 741 compositi.
2442 671 2673 729 Dicitur
2717 687 2861 745 ergo

432 751 626 804 totum
674 750 733 801 et
776 743 1107 802 secundum
1147 742 1538 815 quantitatem
1583 746 1642 799 et
1687 741 2018 799 secundum
2075 742 2353 820 essentiae
2407 742 2856 823 perfectionem.

437 817 652 875 Totum
678 820 876 873 autem
906 818 965 871 et
986 818 1207 885 partes,
1234 811 1566 872 secundum
1605 811 1995 883 quantitatem
2045 808 2222 875 dicta,
2257 813 2468 869 formis
2492 825 2616 870 non
2646 826 2867 872 conve·-

440 887 614 946 niunt
642 885 761 943 nisi
792 898 898 957 per
923 882 1225 954 accidens,
1248 882 1480 942 scilicet
1502 882 1566 940 in
1596 888 1886 954 quantum
1919 879 2269 942 dividuntur
2292 881 2589 941 divisione
2609 884 2862 956 subjecti

440 956 831 1031 quantitatem
878 954 1414 1024 habentis3totum
1464 957 1665 1013 autem
1709 953 1804 1010 vel
1849 966 2010 1025 pars,
2061 952 2392 1031 secundum
2431 953 2866 1024 perfectionem

440 1027 740 1094 essentiae,
772 1025 1074 1083 invenitur
1124 1024 1191 1082 in
1235 1024 1449 1084 formis
1488 1036 1597 1096 per
1639 1036 1726 1085 se.
1755 1025 1836 1080 De
1868 1023 1978 1081 bac
2015 1027 2202 1094 igitur
2243 1023 2531 1081 totalitate
2563 1024 2868 1098 loquendo

437 1111 569 1172 quae
598 1111 702 1169 per
728 1110 795 1153 se
823 1095 1036 1154 formis
1065 1095 1368 1167 competit,
1391 1094 1456 1152 in
1512 1093 1777 1176 qualibet
1816 1094 2009 1153 forma
2063 1098 2304 1165 apparet
2336 1093 2493 1166 quod
2523 1100 2618 1152 est
2642 1100 2777 1152 tota
2808 1096 2869 1152 in

439 1173 568 1226 toto
602 1174 661 1224 et
698 1172 825 1224 tota
870 1166 936 1225 in
982 1165 1246 1247 qualibet
1286 1169 1453 1238 parte
1480 1177 1647 1236 eJus;
1679 1177 1818 1245 nam
1865 1164 2101 1233 albedo,
2130 1165 2290 1222 sicut
2317 1163 2651 1245 secundum
2680 1170 2871 1223 totam

439 1239 732 1297 rationem
762 1236 1060 1295 albedinis
1088 1241 1181 1295 est
1207 1236 1273 1295 in
1299 1240 1426 1295 toto
1455 1248 1725 1307 corpore,
1746 1241 1829 1293 ita
1857 1240 1916 1294 et
1943 1236 2005 1293 in
2025 1240 2190 1307 parte
2215 1234 2482 1307 qualibet
2501 1248 2656 1308 ejus.
2681 1237 2871 1293 secus

438 1313 634 1368 autem
665 1315 756 1366 est
780 1307 852 1363 de
878 1308 1169 1366 totalitate
1196 1320 1331 1380 quae
1355 1319 1462 1379 per
1480 1305 1759 1365 accidens
1789 1306 2129 1366 attribuitur
2157 1304 2403 1374 formis;
2436 1305 2527 1364 sic
2552 1305 2719 1364 enim
2744 1319 2869 1364 non

438 1390 769 1452 possumus
806 1378 1004 1436 dicere
1053 1377 1215 1451 quod
1261 1381 1389 1435 tota
1434 1376 1650 1435 albedo
1681 1377 1761 1434 sit
1809 1377 1871 1434 in
1913 1376 2183 1451 qualibet
2224 1382 2410 1449 parte.
2442 1375 2503 1433 Si
2549 1375 2740 1447 igitur
2783 1382 2877 1435 est

442 1450 650 1522 aliqua
689 1449 883 1507 forma
969 1462 1059 1505 uae
1104 1461 1226 1506 non
1281 1446 1579 1506 dividatur
1629 1446 1924 1506 divisione
1970 1446 2246 1519 subjecti,
2276 1446 2433 1505 sicut
2480 1450 2623 1505 sunt
2652 1446 2879 1506 animai

440 1518 794 1580 animalium
822 1531 928 1591 per
953 1523 1241 1587 ectorum,
1268 1530 1392 1576 non
1429 1517 1545 1575 erit
1586 1530 1741 1589 opus
1769 1517 2174 1586 distinctione,
2205 1530 2390 1590 quum
2424 1515 2513 1575 eis
2548 1530 2675 1575 non
2706 1530 2873 1576 com·

441 1595 606 1664 petat
631 1589 751 1648 nisi
784 1602 905 1647 una
931 1588 1197 1647 totalitas
1220 1607 1236 1657 ;
1261 1588 1370 1646 sed
1406 1587 1681 1647 absolute
1711 1588 2029 1648 dicendum
2078 1594 2172 1647 est
2215 1601 2346 1646 eam
2392 1592 2578 1646 totam
2623 1601 2766 1646 esse
2810 1589 2875 1646 in

441 1660 708 1734 qualibet
730 1659 1000 1731 corporis
1026 1666 1190 1730 parte
1216 1676 1232 1729 3
1262 1670 1374 1719 nec
1400 1663 1494 1739 est
1520 1658 1636 1717 boc
1660 1656 1906 1718 difficile
1934 1659 2379 1731 apprehendere
2406 1658 2460 1715 ei
2491 1658 2592 1740 qui
2643 1658 2872 1717 intelli·

447 1731 539 1804 git
566 1729 828 1789 animam
859 1742 980 1788 non
1023 1730 1114 1788 sic
1158 1741 1294 1787 esse
1339 1727 1766 1788 indivisibilem
1798 1735 1863 1787 ut
1950 1735 2220 1799 unctum,
2248 1742 2441 1802 neque
2478 1742 2567 1786 sic
2591 1728 2879 1802 incorpo-

443 1814 615 1861 reum
673 1813 960 1870 corporeo
1007 1800 1294 1873 conjungi
1349 1799 1508 1860 sicut
1550 1812 1805 1872 corpora
1850 1813 1884 1858 a
1971 1800 2231 1859 invicem
2279 1801 2752 1873 conjunguntur,
2810 1805 2878 1860 ut

446 1884 630 1942 supra
657 1870 731 1944 (c.
764 1871 853 1942 56)
879 1871 1216 1942 expositum
1246 1875 1358 1929 est.

514 1944 645 1999 Non
677 1947 772 2000 est
792 1945 992 2000 autem
1012 1941 1442 2000 inconveniens
1462 1941 1746 2003 animam.
1768 1954 1953 2014 quum
1974 1941 2056 2000 sit
2081 1941 2355 2015 quaedam
2376 1940 2570 1998 forma
2590 1940 2870 2013 simplex,

444 2024 580 2072 esse
607 2016 803 2071 actum
873 2013 1089 2070 artium
1116 2016 1237 2071 tam
1265 2011 1656 2081 diversarum,
1685 2011 1829 2085 quia
1877 2011 2201 2084 unicuique
2246 2012 2451 2070 sormae
2483 2016 2723 2082 aptatur
2744 2025 2875 2071 ma-

441 2083 598 2142 teria
625 2096 809 2141 secun
856 2096 954 2140 um
984 2095 1157 2141 suam
1186 2082 1679 2155 congruentiam;
1712 2087 1940 2163 quanto
1964 2088 2165 2140 autem
2195 2082 2397 2154 aliqua
2427 2082 2621 2140 forma
2647 2087 2741 2140 est
2771 2095 2877 2141 no·

439 2152 622 2213 bilior
645 2159 705 2211 et
729 2153 1081 2225 simplicior,
1105 2158 1271 2212 tanto
1301 2159 1393 2211 est
1413 2152 1659 2224 majoris
1681 2152 1938 2212 virtutis.
1971 2152 2136 2211 Unde
2163 2154 2384 2221 anima,
2405 2166 2539 2225 quae
2569 2158 2662 2210 est
2706 2152 2879 2211 nobi·

441 2223 682 2283 lissima
705 2224 862 2281 inter
888 2224 1115 2282 formas
1138 2223 1479 2292 inferiore8‚
1505 2222 1617 2281 etsi
1648 2223 1908 2294 simplex
1951 2223 2033 2282 sit
2073 2224 2137 2281 in
2165 2222 2522 2292 substantia,
2551 2227 2644 2282 est
2669 2228 2873 2282 tamen

441 2294 755 2366 multiplex
798 2294 863 2352 in
906 2293 1173 2366 potentia
1215 2298 1272 2352 et
1323 2294 1648 2352 multarum
1687 2294 2105 2366 operationum
2130 2312 2147 2363 ;
2174 2295 2334 2352 uncle
2358 2293 2589 2375 indiget
2614 2292 2875 2354 diversis

440 2365 688 2438 organis
716 2363 790 2423 ad
819 2378 964 2424 suas
991 2364 1369 2438 operationes
1397 2363 1805 2436 complendas,
1833 2376 2091 2437 quorum
2118 2364 2369 2423 diversae
2407 2376 2624 2422 animae
2660 2370 2871 2436 poten-

440 2436 543 2494 iiae
610 2436 792 2509 roprii
822 2442 991 2495 actus
1033 2448 1170 2495 esse
1197 2436 1494 2499 dicuntur,
1526 2435 1686 2493 sicut
1711 2435 1882 2494 visus
1911 2435 2095 2504 oculi,
2125 2435 2367 2493 auditus
2394 2435 2654 2502 aurium,
2687 2441 2750 2493 et
2777 2435 2869 2494 sic

438 2505 516 2588 de
543 2521 579 2565 a
604 2507 680 2565 iis
702 2512 985 2588 &propter
1022 2506 1184 2580 quod
1220 2506 1506 2588 animalia
1528 2506 1794 2579 perfecta
1833 2505 2054 2566 babent
2102 2505 2424 2566 maximam
2455 2505 2866 2566 diversitatem

442 2591 509 2636 in
537 2591 803 2651 organis,
833 2579 1050 2650 plantae
1070 2590 1211 2637 vero
1237 2578 1570 2638 minimam.

513 2649 631 2706 Hac
676 2649 860 2722 igitur
905 2645 1244 2718 occasione,
1273 2662 1312 2707 a
1348 2647 1709 2722 quibusdam
1753 2647 2134 2720 pbilosophis
2192 2647 2419 2706 dictum
2469 2652 2562 2707 est
2602 2647 2873 2707 animam

444 2731 582 2777 esse
607 2719 671 2775 in
693 2719 898 2792 aliqua
921 2724 1087 2791 parte
1115 2719 1410 2791 corporis,
1446 2718 1606 2778 sicut
1632 2719 1708 2778 ab
1736 2719 1872 2791 ipso
1898 2716 2215 2777 Aristotele
2239 2717 2338 2790 (De
2350 2732 2521 2775 causa
2545 2724 2723 2776 monce
2751 2719 2881 2774 ani·

439 2790 686 2871 matium,
714 2804 766 2848 c.
799 2791 852 2862 6)
883 2790 1100 2871 dicitur
1125 2802 1262 2851 esse
1292 2790 1359 2848 in
1387 2789 1589 2871 corde,
1618 2788 1762 2863 quia
1784 2789 1987 2863 aliqua
2016 2789 2414 2870 potentiarum
2439 2788 2570 2869 ejus
2599 2788 2691 2870 illi
2717 2788 2871 2870 parti

440 2873 547 2918 coi·
588 2873 712 2918 oris
766 2859 1144 2929 attribuitur3
1176 2860 1271 2919 vis
1318 2873 1477 2918 enim
1524 2861 1768 2929 motiva,
1796 2860 1870 2917 de
1918 2874 2037 2932 qua
2075 2859 2422 2918 Aristoteles
2466 2872 2531 2916 in
2576 2858 2736 2917 libro
2763 2857 2871 2916 illo

439 2874 671 3010 agebat,
703 2936 795 3011 est
820 2930 1227 3012 principaliter
1251 2932 1317 3011 in
1340 2931 1528 3012 corde·
1589 2945 1652 2989 er
1719 2929 1840 2989 uod
1868 2930 2070 2989 anima
2089 2929 2154 2988 in
2174 2933 2367 2989 totum
2392 2942 2613 3001 corpus
2634 2935 2870 2990 motum

440 3005 500 3057 et
525 2998 675 3060 alias
695 2999 1038 3073 huiusmodi
1068 3006 1445 3073 operationes
1474 3000 1532 3059 dl
1588 3014 1666 3061 un
1709 3007 1773 3058 it.
1800 3000 1847 3073 (1
1878 3005 2057 3072 part„
2085 3015 2146 3074 q.
2176 3012 2381 3071 mxxvi,
2414 3004 2524 3060 art.
2555 2999 2633 3071 8.)

1352 3237 1608 3312 CAPUT
1682 3245 1948 3313 LXXIII.

605 3443 756 3498 QUOD
784 3441 1175 3492 innumerus
1202 3443 1511 3492 Posstnms
1551 3443 1671 3492 NON
1695 3444 1805 3489 EST
1831 3442 1982 3490 UNUS
2009 3442 2074 3490 m
2099 3442 2353 3490 omnus
2380 3441 2719 3491 Romulus.

512 3636 592 3694 Ex
617 3634 947 3707 praemissis
988 3640 1188 3694 autem
1231 3635 1535 3694 evidenter
1579 3635 1918 3695 ostenditur
1945 3649 2070 3694 non
2109 3649 2246 3694 esse
2274 3648 2463 3694 unum
2491 3635 2869 3696 intellectum

436 3705 1104 3835 Ξοεείιέίιοωῆοηῃιιὶιιω
1148 3706 1460 3766 hominum
1504 3705 1608 3778 qui
1653 3713 1796 3764 sunt
1835 3711 1897 3765 et
1931 3708 2034 3780 qui
2063 3712 2240 3766 erunt
2262 3710 2323 3764 et
2365 3704 2471 3778 qui
2501 3705 2770 3776 fuerunt,
2803 3709 2870 3765 ut
2906 3756 2915 3774 ,

485 3791 615 3834 verr
661 3791 766 3836 oes
838 3790 874 3836 n
922 3792 940 3834 i
968 3817 984 3832 .

508 3847 826 3905 ostensum
849 3790 942 3904 egt
964 3852 1160 3905 autem
1188 3846 1263 3919 (c.
1290 3846 1379 3928 ξπ)
1409 3846 1572 3920 quod
1600 3846 1940 3905 substantia
1988 3847 2330 3905 intellectus
2379 3846 2587 3927 unitur
2620 3846 2863 3927 corpori

436 3914 700 3974 humano
723 3922 790 3976 ut
816 3917 1027 3976 forma.
1059 3916 1436 3989 Impossibile
1483 3922 1577 3975 est
1620 3923 1819 3976 autem
1847 3928 2029 3975 unam
2067 3917 2321 3975 formam
2350 3928 2488 3974 esse
2521 3929 2643 3975 nisi
2676 3917 2864 3996 unius

435 3988 718 4057 materiae,
748 3987 890 4060 quia
913 3988 1192 4060 proprius
1219 3992 1387 4046 actus
1436 3987 1499 4044 in
1530 3988 1772 4060 propria
1793 3987 2060 4059 potentia
2085 3987 2187 4054 fit3
2218 3990 2361 4045 sunt
2387 3987 2549 4045 enim
2588 3986 2665 4045 ad
2716 3986 2860 4045 invi·

436 4068 564 4112 cem
632 4058 1055 4129 roportionata.
1083 4060 1213 4116 Non
1244 4064 1336 4116 est
1358 4056 1542 4129 igitur
1569 4058 1914 4117 intellectus
1938 4070 2098 4115 unus
2125 4057 2395 4116 omnium
2426 4057 2770 4117 bominum.

440 4194 451 4205 ·
505 4127 556 4181 A
601 4128 723 4198 huc,
752 4129 1077 4200 unicuique
1105 4128 1322 4187 motori
1350 4127 1642 4208 debentur
1666 4129 1909 4201 propria
1933 4127 2362 4198 instrumenta;
2394 4126 2515 4186 alia
2530 4126 2694 4186 enim
2719 4129 2862 4188 sunt

434 4201 833 4256 instrumenta
849 4199 1136 4263 tibicinis,
1164 4199 1284 4257 alia
1305 4199 1754 4258 architectonis.
1780 4197 2122 4257 intellectus
2151 4204 2349 4257 autem
2369 4203 2756 4269 comparatur
2780 4195 2860 4258 ad

433 4279 653 4336 corpus
681 4273 747 4323 ut
772 4275 968 4326 motor
991 4269 1205 4340 ipsius,
1229 4270 1761 4348 sicutAristoteles
1789 4268 2052 4327 declarat
2077 4273 2136 4327 et
2156 4268 2512 4327 determinat
2528 4267 2626 4340 (De
2645 4270 2855 4331 ωιίηια,

432 4348 524 4404 iii,
555 4341 693 4394 text.
725 4349 942 4398 comm.
970 4340 1084 4411 48).
1115 4340 1278 4398 Sicut
1318 4340 1506 4407 icitur
1533 4339 1913 4405 impossibile
1937 4344 2032 4400 est
2056 4339 2219 4415 quod
2250 4340 2622 4401 architecton
2651 4342 2858 4399 utatur
