3076 5025
1165 276 1298 333 un.
1338 276 1387 346 1,
1425 275 1576 331 car.
1612 275 1742 332 ω.
2591 279 2668 347 σει

242 401 401 462 etiam
433 398 808 470 intelligere,
838 412 971 456 cum
1002 398 1081 457 sit
1108 398 1370 455 divinum
1404 413 1560 466 esse,
1612 405 1672 455 ut
1713 402 2021 456 ostensum
2069 400 2162 456 esl
2192 397 2341 470 (cap.
2374 399 2486 471 45),
2536 414 2658 461 non

243 471 695 542 superveniente
715 471 915 541 aliqua
932 469 1286 538 perfectione
1307 469 1627 538 perfectum
1645 476 1754 537 est,
1777 468 1882 525 sed
1907 469 2286 540 perseipsum
2310 473 2654 544 perfectum,

244 545 382 603 sicut
414 547 476 598 et
506 541 583 598 de
617 541 826 597 divino
855 553 1009 606 esse,
1041 552 1221 609 supra
1248 547 1558 597 ostensum
1591 546 1682 597 est
1730 541 1881 612 (cap.
1921 539 2037 612 28).
2074 539 2444 612 Relinquitur
2473 540 2664 615 igitur

244 613 384 688 quod
420 611 632 668 divina
663 611 1002 668 substantia
1031 610 1110 666 sit
1135 611 1265 680 ipsa
1295 610 1531 667 veritas.

308 686 450 745 item,
483 682 712 739 veritas
740 685 835 737 est
861 680 1127 752 quaedam
1171 679 1411 737 bonitas
1466 679 1802 737 intellectus
1845 679 2174 736 secundum
2221 680 2658 752 Philosophum

266 753 467 821 Etbic.‚
490 766 578 820 vi,
602 753 680 823 3).
708 754 865 808 Deus
885 757 1077 807 autem
1103 755 1318 807 estsua
1337 749 1597 818 bobium,
1621 755 1882 821 utsupra
1900 755 2211 807 ostensum
2241 757 2333 808 est
2359 750 2507 824 (cap.
2540 752 2654 827 38).

272 838 382 894 rgo
412 828 510 880 est
540 823 723 879 etiam
751 835 863 878 sua
890 821 1128 878 veritas.

309 897 592 955 Praeterea,
624 892 697 948 de
728 895 847 949 Deo
895 891 1042 947 nibil
1093 891 1496 962 participative
1537 889 1654 947 dici
1704 895 1918 962 potest,
1972 904 2108 948 cum
2156 891 2237 946 sit
2277 905 2451 949 suum
2498 906 2660 964 esse,

247 964 389 1038 quod
420 963 577 1020 nibil
612 963 945 1033 participat.
977 961 1090 1018 Sed
1113 963 1331 1019 veritas
1359 968 1450 1020 est
1478 963 1542 1018 in
1572 964 1709 1024 Deo,
1746 966 1811 1017 ut
1837 974 2018 1033 supra
2042 960 2199 1033 (cap.
2228 962 2318 1034 59)
2345 960 2664 1022 ostensum

247 1042 346 1093 est.
375 1035 433 1091 Si
467 1034 660 1104 igitur
689 1046 809 1089 non
840 1032 1070 1088 dicatur
1097 1033 1519 1104 participative,
1548 1032 1955 1104 oportetquod
1975 1032 2204 1090 dicatur
2234 1033 2655 1093 essentialiter.

250 1107 393 1163 Deus
421 1117 575 1174 ergo
607 1109 700 1159 est
729 1117 842 1160 sua
868 1102 1106 1159 veritas.

311 1177 411 1232 Am
452 1176 587 1240 lius,
623 1174 760 1230 licet
790 1186 989 1229 verum
1019 1172 1253 1243 proprie
1284 1186 1403 1230 non
1434 1171 1600 1229 sitin
1630 1174 1830 1241 rebus,
1861 1172 1963 1230 sed
1997 1172 2056 1229 in
2089 1180 2307 1242 mente,
2329 1188 2426 1233 res
2454 1180 2658 1234 tamen

250 1247 363 1303 inte
435 1259 534 1301 um
582 1258 723 1300 vera
774 1243 989 1300 dicitur
1031 1243 1358 1300 secundum
1400 1243 1560 1314 quod
1598 1244 1832 1315 proprie
1883 1248 2077 1300 actum
2129 1244 2379 1314 propriae
2429 1250 2656 1304 naturae

247 1315 647 1387 consequitur.
690 1314 849 1370 Unde
886 1314 1186 1370 Avicenna
1228 1315 1371 1370 dicit
1403 1313 1461 1369 in
1513 1327 1625 1371 sua
1669 1314 2041 1384 metaphysica
2085 1313 2273 1386 (tract.
2310 1328 2440 1380 vm,
2483 1330 2535 1372 c.
2579 1316 2658 1390 6),

247 1387 392 1459 quod
427 1407 457 1437 «
488 1385 712 1441 veritas
744 1384 826 1440 rei
856 1391 947 1440 est
976 1384 1304 1454 proprietas
1334 1397 1469 1441 esse
1505 1385 1973 1456 uniuscujusque
1999 1383 2106 1445 rei.
2142 1385 2297 1456 quod
2327 1385 2657 1444 stabilitum

250 1465 333 1515 est
359 1457 409 1513 ei
439 1477 492 1524 »‚
526 1457 587 1511 in
621 1460 911 1527 quantum
940 1455 1078 1511 talis
1110 1469 1204 1511 res
1235 1459 1371 1511 nata
1394 1458 1484 1511 est
1503 1454 1575 1511 de
1595 1468 1659 1511 se
1683 1454 1874 1511 facere
1894 1467 2090 1511 veram
2113 1455 2589 1525 aestimationem,
2604 1461 2659 1514 et

249 1527 307 1584 in
333 1532 615 1599 quantum
653 1524 950 1596 propriam
982 1524 1076 1581 sui
1114 1523 1401 1581 rationem
1432 1539 1565 1597 quae
1595 1530 1687 1582 est
1736 1524 1801 1581 in
1847 1530 2043 1581 mente
2096 1524 2297 1582 divina
2344 1526 2656 1597 imitatur3

253 1600 345 1654 sed
376 1600 527 1654 Deus
558 1602 654 1652 est
684 1610 799 1653 sua
849 1595 1128 1652 essentia.
1163 1598 1314 1666 Ergo
1363 1595 1486 1652 sive
1531 1595 1604 1651 de
1649 1594 1894 1652 veritate
1941 1594 2277 1653 intellectus
2316 1595 2656 1669 loquamur,

257 1668 373 1724 sive
397 1669 465 1724 de
488 1667 741 1724 veritate
774 1665 881 1732 rei,
919 1667 1072 1722 Deus
1101 1671 1192 1722 est
1214 1679 1326 1723 sua
1351 1667 1591 1723 veritas.

328 1739 440 1793 Hoc
463 1744 652 1793 autem
688 1734 1074 1792 confirmatur
1100 1736 1448 1793 auctoritate
1478 1735 1804 1793 Dominide
1826 1749 1890 1793 se
1911 1735 2184 1807 dicentis,
2204 1739 2398 1807 ioan„
2424 1743 2552 1808 xiv,
2581 1741 2659 1800 6:

192 1817 203 1828 '
265 1809 371 1877 Epo
391 1823 495 1863 sum
524 1810 640 1872 cia,
670 1809 896 1876 veritas,
928 1810 977 1861 et
1002 1808 1138 1864 vita.
1171 1818 1218 1881 (ι
1243 1816 1422 1881 part„
1450 1825 1511 1883 q.
1538 1822 1715 1882 xxvi,
1740 1823 1853 1871 art.
1881 1824 1964 1885 1.)

1219 1998 1470 2062 CAPUT
1534 1997 1687 2061 LXI.

888 2159 1039 2212 QUOD
1075 2159 1221 2205 ntus
1259 2160 1364 2204 EST
1398 2160 1708 2205 PURIssmA
1731 2160 2000 2206 VERrrAS.

312 2299 435 2355 Hoc
473 2301 676 2376 autem
707 2300 976 2363 ostenso,
1006 2297 1386 2356 manifestum
1417 2304 1508 2356 est
1534 2299 1693 2371 quod
1723 2299 1787 2355 in
1833 2301 1953 2356 Deo
1982 2303 2074 2356 est
2096 2311 2246 2369 pura
2287 2298 2527 2370 veritas,
2559 2299 2657 2358 cui

246 2369 413 2426 nulla
441 2367 677 2425 salsitas
706 2369 798 2425 vel
828 2368 1094 2439 deceptio
1125 2369 1436 2426 admisceri
1513 2376 1687 2426 otest.
1718 2369 1943 2427 Veritas
1969 2369 2127 2426 enim
2173 2369 2488 2426 salsitatem
2540 2384 2661 2427 non

247 2440 629 2508 compatitur,
660 2439 818 2496 sicut
846 2453 954 2495 nec
984 2439 1197 2497 albedo
1226 2440 1446 2512 nigritu
1495 2442 1673 2497 inem.
1707 2442 1864 2497 Deus
1909 2445 2105 2497 autem
2151 2452 2272 2496 non
2322 2440 2520 2497 solum
2570 2446 2662 2498 est

247 2523 444 2578 veruS,
478 2509 588 2566 sed
614 2516 707 2567 est
736 2509 867 2578 ipsa
894 2510 1132 2567 veritaS.
1161 2510 1344 2581 igitur
1369 2511 1427 2567 in
1457 2525 1528 2568 eo
1559 2509 1789 2568 falsitas
1819 2524 1953 2567 esse
1983 2522 2104 2568 non
2138 2516 2349 2580 potest.

314 2582 595 2649 Amplius,
630 2580 967 2637 intellectus
994 2595 1114 2639 non
1151 2581 1442 2652 decipitur
1471 2582 1529 2637 in
1564 2580 1984 2649 cognoscendo
2023 2580 2166 2649 quod
2203 2581 2337 2649 quid
2381 2585 2477 2647 est,
2510 2581 2666 2640 sicut

250 2664 355 2708 nee
383 2664 609 2707 sensus
641 2651 701 2706 in
733 2651 973 2721 proprio
1003 2651 1297 2709 sensibili.
1330 2651 1537 2708 Omnis
1565 2658 1762 2707 autem
1792 2664 1864 2707 co
1910 2649 2057 2706 nitio
2101 2648 2283 2705 divini
2330 2650 2667 2709 intellectus

249 2734 312 2778 se
337 2721 515 2778 habet
547 2720 622 2777 ad
655 2721 894 2777 modum
927 2722 1262 2778 intellectus
1291 2720 1714 2791 cognoscentis
1742 2734 1846 2788 quo
1923 2718 2058 2798 quid
2105 2723 2202 2786 est,
2248 2722 2311 2775 ut
2358 2725 2668 2777 ostensum

248 2796 339 2849 est
381 2792 539 2863 (cap.
585 2792 696 2862 58).
724 2792 1096 2861 Impossibile
1145 2797 1232 2848 est
1279 2791 1461 2864 igitur
1502 2791 1566 2847 in
1608 2789 1808 2847 divina
1850 2788 2192 2861 cognitione
2238 2801 2497 2846 errorem
2542 2790 2670 2848 sive

251 2862 670 2932 deceptionem
700 2868 798 2918 aut
829 2862 1144 2919 falsitatem
1174 2876 1328 2918 esse.

313 2934 607 2997 Praeterea,
641 2931 981 2990 intellectus
1012 2933 1072 2988 in
1104 2932 1311 3003 primis
1344 2930 1654 3012 principiis
1685 2944 1804 2987 non
1844 2935 2019 2999 errat,
2072 2930 2175 2988 sed
2221 2929 2286 2987 in
2331 2930 2667 2989 conclusio·

247 3002 429 3060 nibus
488 3002 811 3064 interdum.
854 3002 926 3059 ad
967 3016 1117 3075 quas
1162 3017 1233 3058 ex
1278 3002 1586 3074 principiis
1644 3000 1851 3071 primis
1897 3000 2310 3059 ratiocinando
2376 3001 2663 3072 procedit.

246 3073 593 3129 Intellectus
622 3083 815 3129 autem
851 3072 1088 3130 divinus
1120 3086 1234 3129 non
1267 3079 1358 3130 est
1389 3073 1751 3129 ratiocinans
1778 3076 1880 3129 aut
1927 3071 2315 3140 discursivus‚
2376 3077 2439 3128 ut
2485 3085 2667 3142 supra

269 3156 403 3213 cap.
471 3143 564 3222 57)
626 3149 937 3201 ostensum
995 3150 1103 3200 est.
1155 3146 1282 3200 Non
1336 3143 1517 3214 igitur
1560 3148 1754 3213 potest
1811 3156 1944 3200 esse
1997 3144 2061 3199 in
2116 3142 2250 3214 ipso
2293 3141 2523 3199 falsitas
2569 3145 2673 3198 aut

290 3218 550 3282 eceptio.

313 3285 478 3352 Rem,
507 3289 731 3356 quanto
776 3282 975 3354 aliqua
1014 3282 1106 3340 vis
1147 3282 1555 3355 cognoscitiva
1601 3288 1692 3340 est
1737 3283 1932 3352 altior,
1975 3287 2139 3341 tanto
2186 3281 2316 3353 ejus
2359 3279 2667 3352 proprium

244 3353 555 3425 objectum
587 3359 679 3410 est
709 3353 1126 3421 universalius,
1160 3353 1326 3424 plura
1356 3353 1466 3410 sub
1497 3367 1562 3409 se
1604 3354 1940 3411 continens.
1990 3353 2151 3410 Unde
2194 3354 2253 3409 id
2300 3351 2458 3424 quod
2502 3351 2669 3409 visus

241 3425 571 3495 cognoscit
598 3438 703 3495 per
731 3423 1029 3492 accidenS‚
1064 3424 1174 3480 hoc
1203 3437 1421 3481 sensus
1451 3422 1787 3480 communis
1818 3429 1919 3480 aut
1958 3422 2306 3503 imaginatio
2347 3421 2670 3503 apprehen·

242 3495 352 3563 dit,
384 3500 453 3552 ut
481 3494 596 3551 sub
628 3494 865 3565 proprio
891 3493 1121 3562 objecto
1150 3498 1513 3551 contentum.
1555 3493 1665 3549 Sed
1712 3493 1804 3550 vis
1852 3494 2032 3550 divini
2081 3494 2416 3549 intellectus
2468 3497 2556 3548 est
2604 3504 2667 3547 in

239 3563 372 3622 fine
405 3565 799 3622 sublimitatis
830 3565 888 3620 in
922 3564 1336 3635 cognoscendo
1366 3582 1379 3620 :
1413 3576 1554 3635 ergo
1576 3563 1779 3620 omnia
1802 3563 2231 3635 cognoscibilia
2254 3566 2674 3632 comparantur

246 3635 323 3692 ad
341 3636 568 3706 ipsum.
598 3636 755 3691 sicut
775 3634 1205 3705 cognoscibilia
1229 3635 1460 3705 proprie
1483 3640 1542 3689 et
1567 3648 1667 3704 per
1687 3647 1772 3701 se,
1792 3640 1849 3689 et
1867 3647 1986 3691 non
2011 3633 2338 3691 secundum
2367 3631 2671 3689 accidens·

241 3705 311 3762 In
342 3707 575 3762 talibus
609 3713 805 3760 aulem
834 3707 1020 3761 virtus
1049 3705 1453 3776 cognoscitiva
1484 3717 1603 3760 non
1636 3709 1808 3759 errat.
1860 3707 1924 3761 ln
1972 3702 2137 3760 nullo
2188 3703 2371 3773 igitur
2412 3714 2669 3774 cognos-

240 3774 409 3832 cibili
452 3774 741 3845 possibile
771 3782 863 3831 est
892 3774 1156 3831 divinum
1181 3775 1540 3831 intellectum
1573 3788 1788 3831 errare.

318 3848 604 3914 Amplius,
633 3846 820 3902 virtus
852 3844 1269 3902 intellectualis
1320 3851 1410 3902 est
1439 3843 1707 3915 quaedam
1753 3842 2033 3914 perfectio
2079 3842 2413 3900 intellectus
2460 3843 2521 3899 in
2569 3857 2670 3901 co·

251 3915 631 3993 gnoscendo.
686 3914 1022 3972 Secundum
1079 3920 1275 3971 autem
1336 3915 1608 3971 virtutem
1679 3913 2136 3971 intellectualem
2195 3926 2311 3969 non
2379 3913 2673 3986 contingit

252 3988 631 4043 intellectum
675 3986 889 4042 falsum
919 3985 1137 4052 dicere,
1190 3983 1292 4041 sed
1336 3997 1571 4053 semper
1613 3998 1837 4041 verum.
1880 3985 2091 4040 Verum
2136 3983 2292 4040 enim
2347 3983 2541 4040 dicere
2583 3987 2678 4039 est
2731 4006 2744 4024 -.

242 4051 452 4114 bonus
484 4062 662 4113 actus
698 4055 1056 4112 intellectus
1082 4054 1322 4111 Virtutis
1370 4061 1564 4111 autem
1608 4060 1698 4111 est
1743 4060 1936 4111 actum
1982 4054 2201 4110 bonum
2252 4053 2535 4110 reddere:
2569 4052 2674 4110 sed
2732 4074 2738 4081 >

243 4123 499 4184 divinus
530 4124 873 4181 intellectus
924 4124 1238 4194 perfectior
1286 4131 1374 4181 est
1424 4140 1525 4194 per
1564 4138 1730 4181 suam
1790 4130 2058 4180 naturam
2109 4137 2285 4195 quam
2335 4124 2673 4182 intellectus

232 4193 562 4254 humanus
591 4211 695 4265 per
729 4195 988 4252 habiturn
1020 4195 1275 4252 virtutis.
1310 4198 1408 4252 Est
1438 4195 1593 4251 enim
1640 4196 1698 4250 in
1733 4192 1849 4250 fine
1876 4193 2278 4264 perfectionis,
2306 4194 2679 4267 Relinquitur

228 4264 441 4340 igitur
469 4265 636 4339 quod
670 4265 729 4320 in
765 4266 1064 4322 intellectu
1096 4265 1296 4322 divino
1325 4278 1440 4322 non
1474 4271 1816 4334 potestesse
1849 4263 2095 4321 falsitas,

314 4338 555 4399 Adhuc,
606 4336 859 4393 scientia
919 4336 1258 4393 intellectus
1305 4335 1546 4392 humani
1588 4348 1622 4389 a
1668 4334 1846 4391 rebus
1892 4333 2328 4404 quodammodo
2374 4336 2675 4391 causatur.

235 4406 425 4466 Unde
481 4406 763 4479 provenit
816 4406 974 4479 quod
1028 4406 1263 4464 scibilia
1300 4412 1441 4464 sunt
1468 4417 1752 4463 mensura
1794 4403 2061 4463 scientiae
2102 4405 2399 4463 bumanae.
2431 4406 2515 4459 Ex
2561 4401 2678 4457 hoc
