3076 5025
412 299 512 353 6¹6
1254 287 1387 343 LlB.
1429 284 1518 353 w,
1558 285 1710 341 CAP.
1750 284 1993 340 LXXVII.

412 421 632 475 cratur.
664 417 934 471 Potestas
962 410 1145 484 igitur
1164 407 1405 468 OrdInis
1434 411 1718 478 perpetuo
1745 406 1808 461 in
1837 404 2127 461 ministris
2155 401 2432 460 Ecclesiae
2460 405 2678 458 manet.
2698 403 2821 481 Non

412 500 554 559 ergo
607 484 835 541 tollitur
879 496 983 563 per
1010 485 1338 552 peccatum.
1372 480 1636 556 Possunt
1659 488 1802 557 ergo
1831 475 2006 531 etiam
2038 488 2072 532 a
2097 473 2510 552 peccatoribus
2542 476 2599 528 et
2630 472 2818 539 malie,

411 555 732 615 dummodo
757 553 1034 610 Ordinem
1066 550 1344 618 habeant,
1376 548 1784 605 ecclesiastica
1812 549 2183 603 sacramenta
2208 543 2486 601 conferri.

477 630 628 687 Item,
681 623 825 679 nihil
877 624 1069 693 potest
1110 620 1172 677 in
1217 619 1278 677 id
1322 618 1481 690 quod
1529 616 1660 689 eJ'us
1710 614 2047 674 facultatem
2094 613 2351 695 excedit,
2408 612 2526 669 nisi
2578 618 2817 682 accepta

410 697 648 754 aliunde
680 696 1003 764 potestate:
1033 690 1190 762 quod
1222 696 1339 746 tam
1368 689 1432 746 in
1467 687 1860 753 naturalibus,
1882 698 2060 758 quam
2091 698 2152 741 m
2177 683 2454 741 civilibus
2510 688 2643 764 ‚atet
2658 700 2683 762 3
2712 696 2815 743 nor

412 768 571 824 enim
602 780 756 835 aqua
783 762 1108 820 calefacere
1135 765 1354 832 potest,
1402 758 1519 816 nisi
1552 757 1805 829 accipiat
1832 756 2105 813 virtutem
2136 754 2459 811 calefacien
2504 769 2523 809 1
2549 753 2621 810 ab
2654 767 2819 823 lgne,

410 850 603 908 neque
635 834 862 890 bativus
884 832 1045 889 cives
1072 843 1347 889 coercere
1368 827 1688 902 potestnisi
1718 833 1957 896 accepta
1980 831 2268 896 potestate
2292 839 2327 881 a
2348 838 2505 897 rege.
2528 826 2604 879 Ea
2628 830 2819 881 autem

411 921 543 979 quae
572 906 632 960 in
665 902 1055 961 sacramentis
1098 908 1358 974 aguntur
1407 899 1747 957 facultatem
1776 897 2098 954 humanam
2141 894 2452 963 excedunt,
2493 898 2560 950 ut
2586 908 2663 950 ex
2690 906 2829 964 prae·

409 976 619 1033 missis
651 974 800 1045 (cap.
841 972 931 1045 47)
1003 976 1139 1029 atet.
1189 973 1343 1051 Ergo
1372 971 1578 1027 nullus
1607 973 1801 1039 potest
1845 971 2217 1025 sacramenta
2245 964 2619 1045 dispensare,
2649 976 2818 1045 quan·

413 1051 795 1115 tumcumque
838 1043 916 1101 sit
1006 1054 1184 1111 onuS,
1230 1041 1348 1097 nisi
1409 1046 1761 1111 potestatem
1814 1037 2068 1108 accipiat
2106 1034 2517 1108 dispensandi.
2574 1032 2825 1091 Bonitati

412 1122 608 1175 autem
639 1113 903 1171 hominis
947 1111 1174 1169 malitia
1219 1112 1542 1182 opponitur
1569 1114 1628 1165 et
1665 1113 1995 1180 peccatum.
2041 1109 2191 1178 Ergo
2233 1119 2346 1163 nec
2384 1119 2490 1176 per
2522 1110 2826 1186 peccatum

411 1186 515 1243 ille
544 1185 645 1266 qui
686 1188 1034 1255 potestatem
1061 1182 1310 1252 accepit,
1339 1179 1661 1252 impeditur
1703 1192 1822 1251 quo
1850 1180 2054 1234 minus
2083 1181 2459 1234 sacramenta
2480 1175 2825 1247 dispensare

411 1262 624 1329 possit.
2195 1318 2209 1329 ‚
2651 1316 2664 1327 ,
2696 1316 2708 1327 ‚

482 1327 701 1391 Adhuc,
729 1324 911 1381 homo
940 1323 1155 1380 dicitur
1178 1321 1399 1391 bonus,
1447 1320 1540 1377 vel
1570 1320 1768 1377 malus
1796 1316 2126 1376 secundum
2154 1322 2453 1385 virtutem,
2482 1316 2579 1373 vel
2607 1320 2807 1373 vlttum

415 1410 546 1469 quae
583 1399 726 1453 sunt
765 1394 1004 1450 habitus
1049 1391 1311 1465 quidam.
1344 1389 1815 1470 Habitusautem
1844 1403 1881 1446 a
1908 1388 2260 1468 potentiam
2292 1387 2406 1445 hoc
2435 1385 2642 1444 differt
2680 1358 2828 1459 quod

414 1481 521 1539 per
547 1466 869 1537 potentiam
899 1477 1110 1520 sumus
1126 1468 1400 1534 potentes
1430 1459 1650 1532 aliquid
1684 1460 1895 1527 facere,
1966 1473 2032 1515 er
2056 1457 2322 1516 habitum
2346 1462 2545 1515 autem
2570 1470 2694 1514 non
2717 1455 2830 1513 red·

415 1536 611 1594 dimur
655 1541 926 1606 potentes
974 1533 1045 1590 ad
1094 1533 1169 1591 ati
1217 1531 1314 1589 uid
1363 1529 1694 1589 faciendum
1719 1573 1732 1598 ,
1779 1528 1882 1587 sed
1973 1528 2162 1586 ahiles
2210 1528 2302 1585 vel
2342 1527 2648 1585 inhabiles
2678 1526 2748 1584 ad
2772 1524 2825 1585 id

415 1605 575 1679 quod
605 1618 928 1676 possumus
956 1604 1106 1661 bene
1132 1616 1201 1659 ve
1265 1602 1420 1659 male
1467 1601 1785 1670 agendum.
1819 1602 1927 1657 Per
1965 1598 2231 1656 habitum
2269 1598 2450 1670 igitur
2495 1611 2622 1655 non
2670 1597 2827 1655 datur

415 1690 610 1749 neque
648 1676 878 1733 tollitur
914 1674 1089 1732 nobis
1130 1672 1353 1745 aliquid
1383 1685 1601 1743 posse;
1632 1670 1735 1750 sed
1770 1671 1885 1727 hoc
1958 1683 2022 1727 er
2062 1668 2332 1726 habitum
2369 1669 2747 1741 acquirimus
2772 1672 2829 1724 ut

413 1746 567 1804 hene
619 1747 708 1802 vel
740 1745 892 1803 male
926 1742 1150 1817 aliquid
1181 1755 1451 1814 agamus.
1485 1745 1611 1799 Non
1639 1740 1822 1813 igitur
1841 1754 1912 1797 ex
1980 1752 2054 1797 oc
2072 1739 2229 1811 quod
2265 1739 2483 1810 aliquis
2512 1742 2611 1796 est
2644 1738 2829 1797 bonus

415 1817 507 1873 vel
547 1816 765 1885 malus,
798 1821 890 1873 est
933 1821 1167 1886 potens,
1196 1815 1289 1870 vel
1325 1812 1624 1892 impotens
1664 1812 1734 1868 ad
1783 1811 1875 1868 dis
1918 1810 2250 1868 ensandum
2279 1815 2682 1877 sacramenta,
2733 1807 2828 1866 sed

421 1886 681 1944 idoneus
709 1886 801 1943 vel
833 1899 952 1942 non
981 1885 1237 1942 idoneus
1261 1883 1333 1940 ad
1366 1884 1514 1940 bene
1541 1883 1863 1951 dispensan
1912 1894 2031 1938 um.

491 1957 765 2036 Amplius,
817 1955 977 2026 quod
1015 1954 1136 2027 agit
1162 1954 1224 2010 in
1266 1952 1480 2010 virtute
1521 1952 1767 2009 alterius
1813 1964 1933 2008 non
1979 1950 2277 2009 assimilat
2301 1949 2415 2007 sibi
2442 1950 2707 2021 patiens,
2734 1949 2832 2008 sed

414 2026 730 2098 princlpali
777 2026 973 2096 agenti
1008 2043 1021 2080 :
1068 2037 1187 2081 non
1234 2022 1390 2079 enim
1422 2023 1637 2080 domus
1667 2021 2032 2079 assimilatur
2058 2020 2475 2078 instrumentis
2499 2021 2728 2092 quibus
2748 2034 2832 2077 ar·

416 2096 560 2153 tifex
593 2095 795 2161 utitur,
840 2094 945 2152 sed
988 2094 1098 2150 arti
1127 2093 1338 2174 ipsius.
1368 2092 1619 2148 ministri
1651 2098 1848 2149 autem
1889 2090 2165 2149 Ecclesiae
2200 2091 2258 2147 in
2290 2091 2693 2148 sacramentis
2721 2103 2832 2148 non

420 2171 609 2237 agunt
638 2164 697 2220 in
726 2164 938 2221 virtute
967 2177 1225 2234 propria,
1252 2161 1356 2220 sed
1388 2164 1449 2218 in
1487 2163 1698 2218 virtute
1728 2161 1961 2231 Christi,
1992 2161 2063 2219 de
2093 2175 2214 2233 quo
2243 2160 2480 2227 dicitur,
2510 2163 2755 2230 Joann„
2792 2175 2829 2230 1,

413 2239 481 2294 33
509 2253 522 2290 :
552 2237 656 2290 Hic
682 2239 761 2289 est
788 2236 883 2304 qui
910 2235 1195 2314 baptizat:
1227 2233 1383 2290 unde
1411 2238 1467 2289 et
1491 2233 1645 2289 sicut
1663 2232 2125 2289 instrumentum
2146 2231 2400 2288 ministri
2429 2245 2614 2312 agere
2634 2231 2830 2289 dicun-

413 2310 547 2373 tur;
591 2304 863 2361 minister
894 2317 1047 2360 emm
1080 2308 1172 2362 est
1200 2303 1354 2361 sicut
1376 2303 1836 2359 instrumentum
1865 2302 2214 2360 animatum.
2247 2304 2374 2359 Non
2399 2301 2588 2374 igitur
2616 2301 2832 2359 malitia

413 2374 826 2503 mglllistrorum
866 2373 1111 2445 impedit
1149 2374 1294 2445 quin
1336 2371 1543 2429 fideles
1572 2372 1824 2430 salutem
1852 2386 1958 2444 per
1987 2379 2359 2430 sacramenta
2384 2377 2828 2444 consequantur

417 2459 453 2504 a
554 2445 718 2503 rist0.

485 2519 770 2584 Praeterea,
815 2516 888 2573 de
927 2514 1211 2579 bonitate,
1254 2514 1345 2571 vel
1375 2511 1604 2571 malitia
1637 2512 1880 2572 alterius
1907 2512 2172 2571 hominis
2198 2512 2383 2571 homo
2406 2511 2685 2585 judicare
2718 2525 2829 2572 non

458 2593 611 2643 otest
639 2601 653 2639 ε
684 2585 800 2643 hoc
828 2585 982 2643 enim
1015 2584 1206 2643 solius
1231 2584 1334 2641 Dei
1364 2588 1475 2652 est,
1505 2584 1605 2656 qui
1638 2584 1871 2641 occulta
1890 2583 2091 2641 cordis
2118 2584 2390 2641 rimatur.
2428 2584 2488 2641 Si
2509 2584 2703 2655 igitur
2716 2596 2830 2641 ma·

441 2657 547 2714 itia
579 2656 835 2713 ministri
868 2655 1154 2726 impedire
1177 2657 1384 2725 posset
1410 2654 1765 2712 sacramenti
1799 2653 2094 2721 effectum,
2132 2666 2252 2710 non
2284 2660 2489 2726 posset
2516 2653 2708 2712 homo
2736 2655 2832 2711 ha-

415 2726 558 2784 here
605 2725 879 2783 fiduciam
929 2732 1148 2782 certam
1198 2724 1271 2781 de
1318 2738 1430 2783 sua
1476 2725 1701 2792 salute;
1749 2736 1857 2781 nec
1904 2724 2271 2781 conscientia
2320 2725 2448 2797 ejus
2500 2729 2831 2783 remaneret

416 2795 569 2854 liber
648 2811 682 2852 a
712 2801 972 2866 peccato.
1020 2794 1454 2853 inconveniens
1484 2794 1666 2864 igitur
1692 2794 1920 2851 videtur
1947 2794 2105 2867 quod
2148 2807 2314 2864 spem
2357 2808 2482 2852 suae
2524 2794 2746 2853 salutis
2773 2794 2830 2851 in

418 2865 589 2924 bonit
630 2871 685 2921 te
716 2866 844 2936 puri
875 2865 1137 2922 hominis
1161 2865 1298 2937 quis
1327 2868 1542 2936 ponat:
1576 2863 1791 2921 dicitur
1821 2863 2000 2933 enim,
2029 2866 2266 2935 serem„
2294 2877 2446 2933 xvir,
2476 2869 2549 2921 5:
2580 2864 2831 2922 Maledic-

416 2940 507 2992 tus
534 2936 686 2991 homo
722 2939 819 3005 qui
845 2935 1065 3006 confidit
1103 2938 1164 2990 in
1196 2936 1425 2991 homine.
1457 2935 1516 2992 Si
1562 2940 1756 2991 autem
1795 2934 1975 2993 homo
2006 2935 2257 2992 salutem
2288 2937 2581 3006 consequi
2618 2949 2721 3007 per
2744 2948 2831 2992 sa·

417 3011 723 3064 eramenta
768 3019 886 3063 non
928 3009 1210 3076 speraret,
1256 3004 1374 3062 nisi
1411 3019 1446 3062 a
1483 3004 1644 3062 bono
1691 3005 1965 3062 ministro
1999 3005 2365 3076 dispensata,
2405 3005 2645 3064 videtur
2674 3017 2829 3075 spem

418 3089 546 3134 suae
574 3076 787 3133 salutis
811 3076 1148 3147 aliqualiter
1173 3075 1237 3131 in
1264 3075 1509 3132 homine
1532 3089 1773 3146 ponere.
1814 3077 1884 3131 Ut
1911 3088 2054 3149 ergo
2082 3087 2249 3148 spem
2283 3081 2501 3134 nostrae
2530 3076 2750 3134 salutis
2771 3075 2827 3131 in

417 3145 651 3204 Christo
696 3158 1009 3215 ponamuS‚
1049 3144 1150 3218 qui
1194 3148 1286 3202 est
1335 3148 1491 3203 Deus
1538 3152 1598 3202 et
1638 3145 1840 3214 homo,
1891 3145 2292 3203 confitendum
2322 3146 2605 3218 estquod
2636 3157 2827 3204 sacra-

415 3222 617 3273 menta
660 3223 802 3273 sunt
854 3217 1141 3274 salutaria
1185 3230 1259 3273 ex
1284 3215 1497 3274 virtute
1527 3214 1765 3285 Christi,
1808 3215 1933 3274 sive
1958 3230 2064 3286 per
2105 3215 2323 3287 bonOS,
2357 3217 2483 3274 sive
2506 3230 2618 3288 per
2643 3215 2826 3273 malos

414 3286 728 3344 ministros
758 3286 1197 3356 dispensentur.

488 3359 610 3414 Hoc
638 3357 813 3413 etiam
846 3363 1086 3428 apparet
1121 3369 1225 3427 per
1245 3354 1362 3413 hoc
1389 3356 1549 3428 quod
1574 3357 1865 3414 Dominus
1894 3356 2066 3414 etlam
2098 3357 2276 3415 malis
2303 3356 2568 3429 praelatis
2597 3356 2827 3415 obedire

417 3424 609 3488 docet,
642 3440 893 3498 quorum
922 3431 1117 3483 tamen
1140 3439 1258 3483 non
1281 3433 1619 3496 suntopera
1638 3425 2116 3495 imitanda;dicit
2131 3428 2310 3489 enim.
2328 3428 2555 3497 matth„
2580 3431 2823 3494 xxnm:

414 3497 494 3554 Su
532 3512 592 3551 er
617 3497 929 3552 cathedram
955 3499 1130 3566 Moysi
1154 3497 1410 3552 sederunt
1433 3497 1641 3559 scribae,
1674 3501 1725 3551 et
1739 3498 2003 3567 pharisaei
2020 3517 2038 3553 ε
2066 3513 2412 3569 quencumque
2430 3513 2557 3567 erqo
2586 3499 2822 3553 dixerint

412 3580 481 3622 vo
517 3570 586 3629 is,
617 3574 842 3628 servate,
873 3572 925 3622 et
948 3570 1116 3634 facite
1147 3586 1165 3633 ς
1194 3568 1486 3622 secundum
1512 3572 1690 3621 autem
1717 3583 1880 3638 opera
1898 3584 2079 3624 comm
2100 3570 2265 3624 nolite
2289 3572 2488 3636 facere.
2509 3570 2696 3626 Multo
2733 3581 2827 3624 au·

414 3641 533 3693 tem
567 3638 759 3709 magis
791 3637 1187 3694 obediendum
1210 3642 1300 3693 est
1328 3637 1632 3708 aliquibus
1657 3642 1894 3709 propter
1917 3637 2034 3697 hoc
2061 3640 2217 3711 quod
2258 3639 2600 3710 suscipiunt
2629 3637 2826 3695 minis·

413 3708 629 3788 terium
656 3722 695 3787 *a
725 3707 976 3776 Christo,
1020 3719 1198 3779 quam
1240 3712 1480 3777 propter
1505 3706 1843 3765 cathedram
1872 3708 2081 3781 Moysi.
2109 3712 2212 3766 Est
2251 3723 2394 3790 ergo
2432 3708 2611 3767 etiam
2656 3706 2823 3766 malis

413 3783 705 3835 ministris
737 3777 1134 3834 obediendum
1170 3790 1184 3829 z
1223 3777 1383 3849 quod
1409 3790 1528 3834 non
1561 3784 1742 3846 esset,
1775 3778 1891 3836 nisi
1918 3778 1980 3836 in
2011 3779 2100 3837 eis
2136 3778 2375 3837 Ordinis
2403 3784 2671 3850 potestas
2709 3790 2825 3835 ma·

416 3853 603 3915 neret,
656 3852 891 3918 propter
919 3861 1094 3920 quam
1139 3846 1230 3927 eis
1259 3846 1552 3905 obeditur.
1604 3849 1832 3905 Habent
1872 3862 2014 3921 ergo
2059 3854 2411 3920 potestatem
2442 3844 2821 3921 dispensandi

417 3924 793 3975 sacramenta
820 3918 994 3975 etiam
1025 3916 1185 3974 mali.

487 3988 598 4066 Per
632 3987 746 4044 hoc
783 3994 978 4046 autem
1024 3985 1355 4044 excluditur
1393 3987 1786 4060 quorumdam
1833 4002 2000 4047 error
2035 3988 2358 4050 dicentium
2401 3989 2563 4064 quod
2623 3997 2824 4048 omnes

375 4053 387 4098 l
415 4053 557 4112 bom
579 4063 839 4126 possunt
864 4064 1239 4117 sacramenta
1265 4058 1629 4124 ministrare,
1659 4064 1719 4117 et
1745 4058 1897 4118 nulli
1925 4058 2090 4119 mali.

2928 4659 3000 4985 l
