3076 5025
1020 287 1153 344 LIB.
1193 288 1290 355 111,
1332 287 1483 342 CAP.
1526 286 1795 342 cxxvm.
2509 292 2614 348 433

175 412 466 471 tationem
540 424 630 468 uae
660 415 751 468 est
793 409 858 467 in
904 408 1080 478 cibis,
1112 409 1296 466 utitur
1340 407 1492 466 cibis
1531 406 2037 465 contrariantibus
2065 408 2342 478 corporis
2372 409 2610 483 salutiS,

175 483 276 540 vel
304 426 634 540 senunffum
667 480 927 551 speciem
956 481 1241 559 ciborum·
1277 478 1395 561 yel·
1417 480 1748 560 secundum
1789 478 2220 559 quantitatem3
2253 479 2374 536 alio
2412 482 2613 551 mod0‚

177 551 510 613 secundum
542 551 700 623 quod
749 556 1041 624 repugnat
1069 550 1397 608 conditioni
1430 563 1561 621 ejus
1598 564 1698 620 qui
1728 553 1912 605 utitur
1939 548 2093 607 cibis
2123 550 2212 607 vel
2242 563 2449 608 eorum
2478 556 2616 611 cum

178 623 407 752 ῗμιίὴυε
439 627 849 690 conversatur,
879 626 1024 702 puta
1067 634 1250 694 quum
1294 621 1430 693 quis
1476 619 1814 677 accuratius
1858 618 2010 677 cibis
2054 620 2241 677 utitur
2287 634 2465 701 quam
2501 635 2615 682 sua

209 693 444 752 acuitas
457 693 775 755 sustineat,
805 697 864 750 et
890 692 1062 749 aliter
1095 704 1270 764 quam
1302 704 1509 749 eorum
1535 703 1734 747 mores
1764 689 2022 747 babeant
2049 704 2186 748 cum
2257 691 2436 748 uibus
2464 705 2608 749 con-

180 765 367 832 vivit;
396 764 562 822 tertio
594 763 791 832 mod0‚
810 762 1138 821 secundum
1159 761 1320 834 quod
1344 761 1458 818 cibi
1491 767 1634 819 sunt
1659 760 1861 832 aliqua
1891 761 2019 841 lege
2048 761 2220 831 probi
2267 761 2611 833 iti,propter

182 835 449 907 aliquam
489 846 733 893 causam
778 833 1098 905 specialem
1138 832 1319 906 (puta,
1369 833 1431 890 in
1460 833 1641 889 veteri
1694 829 1846 903 lege,
1921 831 2120 889 uidam
2162 831 2280 889 cibi
2330 833 2611 902 probibe-

179 906 407 964 bantur
470 912 702 977 propter
759 902 1297 976 significationem3
1355 902 1417 960 in
1470 904 1717 982 AEgypto
1794 915 1901 972 pro
1950 901 2221 960 ibebatur
2274 904 2609 976 antiquitus

182 977 483 1035 comestio
502 976 701 1033 carnis
726 974 978 1044 bovinae,
999 988 1073 1031 ne
1101 974 1467 1046 agricultura
1492 972 1921 1044 impediretur),
1951 971 2043 1030 vel
2073 972 2251 1029 etiam
2283 974 2617 1035 secundum

183 1046 349 1174 qusod
397 1046 476 1104 ali
520 1059 609 1104 uae
656 1044 878 1118 regulae
920 1044 1240 1117 prohibent
1283 1043 1589 1116 aliquibus
1638 1042 1790 1100 cibis
1819 1042 1931 1113 uti,
1960 1041 2035 1099 ad
2061 1043 2617 1114 concupiscentiam

187 1131 256 1175 re
287 1130 473 1175 renan
513 1131 633 1175 am.

259 1188 410 1246 Hinc
437 1193 526 1247 est
555 1186 715 1260 quod
750 1185 1042 1245 Dominus
1084 1183 1230 1243 dicit
1259 1202 1273 1241 :
1312 1185 1435 1244 Non
1499 1185 1609 1241 uod
1633 1186 1809 1240 intrat
1834 1186 1896 1241 in
1923 1199 1980 1240 os
2009 1186 2326 1255 coinquinat
2352 1185 2621 1243 hominem
2639 1224 2656 1259 2-

187 1257 435 1342 (Enim,
465 1270 565 1328 xv,
600 1257 723 1330 Η);
752 1259 810 1314 et
847 1256 1067 1315 dicitur
1094 1272 1109 1312 :
1141 1256 1304 1312 Omne
1351 1269 1455 1325 quo
1535 1258 1598 1311 in
1639 1256 1860 1311 macello
1905 1256 2055 1311 venit
2098 1254 2448 1323 manducate,
2476 1256 2620 1313 nihil

182 1333 580 1398 intem-equum
618 1331 846 1400 propter
871 1327 1250 1382 conscientiam
1279 1325 1329 1397 (Ι
1352 1326 1496 1395 Cor„
1526 1338 1586 1393 x,
1612 1325 1741 1396 25);
1771 1331 1830 1382 et
1858 1325 2076 1384 dicitur
2102 1342 2120 1383 t
2151 1326 2338 1383 Omnis
2366 1332 2621 1385 creatura

182 1399 476 1526 {abbana
511 1403 608 1463 esi,
638 1403 708 1539 ξε
747 1398 892 1455 nihil
936 1395 1291 1466 rejiciendum
1319 1394 1464 1466 quod
1508 1410 1630 1452 cum
1678 1398 1988 1466 gratiarum
2038 1398 2250 1453 actione
2290 1398 2617 1467 percipitur.

329 1470 436 1537 'm.,
463 1482 527 1528 Π
577 1474 632 1526 4.

183 1468 209 1542 ί
264 1541 379 1597 Per
422 1511 547 1598 hoc'
585 1544 780 1597 autem
826 1537 1162 1598 excluditur
1202 1536 1595 1611 quorumdam
1645 1551 1812 1596 error
1855 1537 1958 1610 qui
2005 1551 2184 1597 usum
2221 1537 2618 1610 quorumdam

189 1608 466 1668 ciborum
508 1610 836 1668 secundum
883 1622 950 1668 se
996 1609 1204 1667 dicunt
1241 1620 1378 1666 esse
1407 1608 1721 1677 illicitum;
1767 1608 1838 1665 de
1867 1608 2086 1681 quibus
2114 1609 2437 1680 Apostolus
2476 1609 2622 1667 dicit

185 1678 414 1738 ibidem
445 1698 461 1736 t
499 1682 569 1736 In
603 1681 916 1736 novissimis
955 1679 1304 1750 temporibus,
1335 1678 1613 1735 discedent
1636 1679 1862 1748 quidam
1881 1695 1916 1734 a
1942 1680 2068 1750 fide,
2099 1680 2430 1735 attendentes
2455 1681 2623 1750 spiri-

183 1750 337 1807 tibus
389 1753 589 1807 moris
642 1755 695 1807 et
754 1751 1016 1807 doctrinis
1079 1749 1484 1806 daemoniorum*
1520 1750 1924 1820 prohibentium
1978 1750 2207 1815 nubere,
2264 1750 2533 1806 abstinere
2582 1766 2622 1807 a

184 1820 327 1877 cibis
354 1836 488 1903 quos
504 1824 646 1878 Deus
665 1823 869 1878 meavit
894 1820 969 1876 ad
980 1819 1390 1892 percipiendum
1405 1834 1525 1876 cum
1548 1821 1855 1890 oratiarum
1880 1823 2105 1877 actione.
2126 1820 2178 1893 (Ι
2188 1822 2348 1889 Tim„
2373 1833 2458 1902 ns,
2477 1820 2618 1901 .¹·3·)

260 1893 418 1960 Quia
440 1904 582 1950 vero
610 1905 760 1950 usus
787 1891 1057 1949 ciborum
1086 1897 1144 1949 et
1168 1903 1557 1948 venereorum
1598 1903 1719 1948 non
1751 1896 1843 1948 est
1888 1891 2217 1949 secundum
2248 1904 2315 1948 se
2345 1891 2620 1961 illicitus,

185 1961 297 2022 sed
328 1961 524 2020 solum
553 1960 884 2020 secundum
912 1960 1071 2034 quod
1100 1961 1223 2018 exit
1248 1960 1323 2018 ab
1353 1960 1563 2041 ordine
1593 1961 1845 2019 rationis
1871 1961 2119 2020 illicitus
2148 1974 2285 2019 esse
2312 1966 2527 2032 potest.
2546 1975 2621 2021 ea

184 2046 333 2091 vero
403 2046 494 2090 uae
522 2033 783 2092 exterius
811 2032 1195 2104 possidentur
1227 2043 1570 2089 necessaria
1607 2038 1750 2090 sunt
1785 2031 1858 2089 ad
1890 2032 2292 2103 sumptionem
2322 2032 2614 2098 ciborum,

186 2103 263 2161 ad
313 2117 345 2160 e
394 2103 728 2161 ucationem
785 2104 974 2175 prolis
1019 2107 1078 2161 et
1124 2102 1622 2161 sustentationem
1672 2102 1914 2160 familiae
1942 2108 2002 2160 et
2041 2103 2115 2161 ad
2155 2103 2306 2161 alias
2347 2104 2619 2174 corporis

185 2174 603 2242 necessitates
634 2185 1012 2247 consequens
1062 2176 1156 2232 est
1201 2171 1362 2246 quod
1403 2187 1515 2231 nec
1556 2173 1888 2232 secundum
1932 2186 1999 2232 se
2045 2174 2221 2231 etiam
2277 2173 2619 2231 divitiarum

185 2243 505 2373 Bossessio
548 2249 641 2302 est
679 2244 909 2313 illicita,
948 2244 1004 2303 si
1052 2243 1200 2303 ordo
1242 2243 1496 2302 rationis
1540 2248 1828 2313 servetur,
1871 2243 1953 2302 ita
1989 2244 2220 2302 scilicet
2255 2243 2416 2317 quod
2456 2246 2621 2317 juste

233 2327 375 2372 omo
401 2314 708 2386 possideat
734 2328 866 2388 quie
893 2313 1072 2373 babet
1093 2320 1153 2372 et
1182 2313 1342 2387 quod
1377 2314 1439 2371 in
1469 2314 1559 2372 eis
1587 2313 1767 2371 finem
1794 2313 2122 2372 voluntatis
2151 2328 2277 2372 suae
2308 2327 2428 2372 non
2474 2328 2621 2373 con-

183 2385 401 2445 stituat
424 2390 483 2444 et
510 2384 669 2458 quod
694 2385 783 2444 eis
812 2384 1011 2444 debito
1040 2384 1220 2443 modo
1249 2389 1450 2442 utatur
1472 2383 1549 2442 ad
1575 2398 1747 2443 suam
1777 2390 1837 2441 et
1863 2383 2115 2442 aliorum
2156 2384 2493 2443 utilitatem.

259 2456 412 2515 Hinc
465 2461 558 2514 est
607 2453 768 2529 quod
822 2455 1142 2528 Apostolus
1195 2454 1410 2514 divites
1467 2467 1590 2514 non
1642 2453 2029 2525 condemnat,
2086 2454 2188 2512 sed
2243 2454 2334 2511 eis
2397 2460 2620 2514 certam

179 2540 218 2591 1·
341 2526 459 2585 lam
504 2526 730 2585 divitiis
775 2525 981 2584 utendi
1024 2526 1223 2595 tradit,
1254 2525 1463 2583 dicens
1494 2544 1510 2582 ε
1540 2525 1816 2583 Divitibus
1842 2525 2009 2596 liujus
2035 2526 2220 2581 saeculi
2242 2527 2482 2596 praecipe
2512 2541 2622 2583 non

180 2613 254 2655 su
290 2598 417 2653 lime
467 2612 530 2653 sa
569 2612 674 2660 ere,
702 2611 875 2667 neque
922 2611 1142 2668 sperare
1189 2599 1253 2652 in
1303 2599 1506 2652 incerto
1557 2596 1896 2658 divitiarum,
1946 2594 2043 2651 sed
2086 2598 2147 2651 in
2187 2598 2297 2653 Deo
2339 2597 2462 2652 vivo
2503 2597 2625 2667 (qui

172 2671 414 2740 praestat
454 2683 524 2723 no
561 2670 609 2723 is
636 2670 822 2724 omnia
863 2666 1080 2722 abunde
1114 2666 1189 2722 ad
1213 2665 1507 2734 fruendum
1584 2667 1710 2722 bene
1755 2680 1932 2735 agere,
1960 2665 2155 2723 divites
2205 2667 2326 2737 fieri
2368 2668 2431 2722 in
2469 2667 2622 2725 bonis

179 2739 459 2809 operibus,
485 2738 653 2806 facile
679 2738 934 2801 tribuere,
981 2739 1374 2793 communicare
1404 2736 1460 2808 (Ι
1553 2737 1659 2807 'm.,
1689 2749 1775 2805 vl,
1806 2741 1891 2804 17,
1927 2734 2050 2809 ¹8);
2088 2740 2149 2794 et
2179 2751 2193 2790 τ
2238 2739 2435 2793 Beatus
2473 2738 2625 2794 dives

180 2810 287 2881 qui
327 2810 578 2865 inventus
627 2812 708 2864 est
744 2810 864 2865 sine
905 2808 1155 2875 macula3
1201 2812 1254 2863 ei
1299 2809 1395 2877 qui
1427 2810 1557 2878 post
1583 2821 1781 2864 aurum
1822 2822 1932 2864 non
1976 2807 2136 2877 abiit,
2167 2822 2264 2863 nec
2290 2810 2534 2879 speravit
2559 2808 2623 2865 in

169 2880 418 2953 pecunia
442 2882 494 2934 ct
520 2880 816 2936 thesauris.
857 2878 1069 2952 (Eccli.‚
1100 2889 1268 2946 xxxl,
1308 2877 1388 2949 8.)
2116 2916 2126 2926 .

257 2951 371 3006 Per
408 2949 522 3007 hoc
572 2950 751 3007 etiam
796 2948 1130 3007 excluditur
1180 2946 1575 3021 quorumdam
1614 2962 1798 3018 error,
1832 2948 1957 3021 qui,
1988 2952 2056 3007 ut
2079 2948 2453 3022 Augustinus
2477 2947 2623 3008 dicit

160 3019 285 3093 ‚we
324 3018 558 3092 haeres),
587 3019 966 3091 Apostolicos
1011 3033 1078 3077 se
1106 3019 1600 3092 arrogantissime
1629 3024 2009 3089 vocaverunt,
2040 3033 2113 3078 eo
2142 3021 2299 3092 quod
2352 3020 2411 3077 in
2444 3033 2618 3078 suam

177 3090 672 3149 communionem
703 3103 823 3147 non
875 3089 1213 3161 acciperent
1238 3095 1474 3148 utentes
1502 3089 1863 3163 conjugibus
1890 3094 1949 3147 et
1977 3103 2074 3148 res
2121 3091 2392 3163 proprias
2423 3091 2620 3161 possi-

177 3159 419 3241 dentes,
445 3161 654 3233 quales
685 3160 862 3218 babet
888 3160 1185 3219 catholica
1213 3161 1478 3218 Ecclesia
1506 3165 1565 3217 et
1580 3161 1914 3218 monachos
1936 3165 1992 3218 et
2009 3160 2262 3220 clericos
2283 3161 2614 3235 plurimos;

178 3229 298 3288 sed
327 3228 461 3288 ideo
508 3230 608 3288 isti
641 3230 902 3288 baeretici
931 3234 1093 3301 sunt,
1128 3231 1412 3303 quoniam
1472 3243 1540 3289 se
1569 3231 1643 3288 ab
1685 3230 1950 3289 Ecclesia
1993 3236 2362 3303 separantes,
2391 3234 2622 3292 nullam

180 3311 360 3373 spem
385 3304 592 3374 putant
623 3313 732 3361 eos
764 3299 985 3361 habere
1015 3301 1119 3376 qui
1151 3306 1399 3361 utuntur
1421 3274 1525 3360 ’bis
1550 3300 1733 3360 rebus
1768 3300 1991 3376 quibus
2018 3301 2136 3374 ipsi
2166 3308 2394 3363 carent.

1077 3521 1332 3590 CAPUT
1399 3522 1718 3589 cxxvul.

398 3702 675 3758 QUOMODO
711 3701 1022 3752 stomun
1054 3700 1250 3750 menn
1287 3704 1390 3751 nm
1423 3702 1589 3751 HOMO
1623 3703 1706 3751 AD
1740 3700 2046 3753 raoxnmu
2074 3703 2426 3754 unumunu-

223 3869 339 3950 ‚Ex
376 3866 477 3926 his
531 3881 676 3943 ergo
718 3882 853 3942 quae
892 3866 1055 3928 dicta
1097 3873 1244 3928 sunt
1287 3867 1672 3928 manifestum
1721 3872 1816 3928 est
1858 3868 2019 3943 quod
2056 3868 2386 3928 secundum
2423 3866 2622 3941 legem

174 3936 448 4021 divinam
477 3936 659 3998 homo
692 3939 1000 3999 inducitur
1035 3942 1103 3998 ut
1152 3938 1422 3997 ordinem
1452 3939 1706 3999 rationis
1738 3945 1932 3997 servet
1958 3940 2021 3998 in
2066 3939 2348 3998 omnibus
2378 3952 2510 4011 quae
2556 3939 2623 3998 in

172 4020 316 4082 ejus
354 4021 533 4067 usum
581 4010 783 4069 venire
829 4016 1108 4083 possunt.
1138 4011 1300 4067 Inter
1347 4011 1555 4068 omnia
1596 4015 1791 4068 autem
1840 4024 1972 4083 quae
2022 4011 2088 4068 in
2130 4022 2307 4068 usum
2357 4008 2622 4069 bominis

167 4078 452 4147 veniunt,
503 4081 806 4152 praecipua
857 4087 1002 4139 sunt
1051 4079 1231 4139 etiam
1285 4080 1387 4137 alii
1435 4076 1735 4139 homines.
1776 4082 1967 4138 Homo
2015 4084 2212 4138 autem
2270 4080 2625 4139 naturaliter

174 4149 408 4209 animal
438 4151 662 4208 sociale
692 4156 819 4219 est;
844 4150 1077 4223 indiget
1100 4151 1263 4208 enim
1292 4150 1499 4209 multis
1518 4165 1652 4224 quae
1681 4165 1784 4222 per
1816 4164 2002 4208 unum
2040 4150 2238 4208 solum
2272 4150 2464 4221 parari
2495 4162 2620 4209 non

171 4226 461 4300 possunt.
492 4220 736 4302 Oportet
758 4221 943 4293 igitur
969 4220 1127 4294 quod
1148 4235 1219 4278 ex
1241 4221 1371 4294 lege
1387 4220 1590 4279 divina
1618 4222 1962 4279 instituatur
1979 4220 2164 4280 homo
2192 4225 2259 4279 ut
2286 4221 2621 4280 secundum

174 4289 454 4348 ordinem
487 4294 836 4372 rationis-se
864 4290 1080 4372 babeat
1112 4291 1183 4350 ad
1215 4292 1370 4350 alios
1396 4292 1693 4350 homines.
2385 4340 2391 4345 .

248 4360 474 4422 Adhuc.
504 4357 645 4418 finis
694 4359 912 4420 divmae
956 4361 1013 4418 le
1059 4374 1112 4419 1s
1160 4368 1252 4420 est
1305 4367 1370 4420 ut
1413 4362 1594 4420 bomo
1639 4365 1761 4421 Deo
1791 4360 2108 4421 adbaereat.
2136 4363 2384 4423 iuvatur
2418 4366 2619 4422 autem

177 4442 343 4493 unus
384 4432 570 4492 bomo
618 4429 683 4489 in
710 4429 828 4491 boc
868 4443 945 4492 ex
989 4445 1027 4493 a
1052 4432 1133 4497 io,
1180 4436 1301 4492 tam
1328 4438 1620 4509 quantum
1646 4433 1724 4495 ad
1762 4432 2170 4508 cognitionem
2209 4448 2392 4510 quam
2438 4431 2619 4491 etiam
