3076 5025
1076 266 1208 325 Lis.
1248 269 1345 339 m,
1383 269 1541 326 CAP·
1578 268 1725 329 ctx.
1772 242 1779 249 ’
2518 273 2624 333 aas

1071 597 1080 604 ,
1173 526 1426 593 CAPUT
1471 527 1644 594 CLX.

506 705 652 760 QUOD
689 705 851 754 nolito
887 707 949 754 IN
984 706 1243 753 PBGGATO
1279 707 1586 766 Exls‘mNS,
1618 708 1754 755 snm
1786 707 2007 758 attam
2038 706 2344 756 PEGGATUH

1097 795 1316 842 mm
1347 794 1470 842 Non
1504 795 1741 843 ro'rsssr.

294 958 447 1029 Quod
476 962 668 1016 autem
699 957 921 1016 dictum
952 965 1063 1030 est,
1093 960 1160 1018 in
1183 964 1476 1032 potestate
1503 959 1675 1018 liberi
1705 959 1932 1019 arbitrii
1961 973 2098 1020 esse
2127 974 2204 1019 ne
2232 961 2626 1034 impedimen-

231 1035 340 1089 tum
364 1029 557 1103 gratiae
599 1034 859 1100 praestet,
913 1031 1196 1111 competit
1239 1029 1337 1089 his
1365 1030 1426 1088 in
1468 1031 1688 1103 quibus
1735 1030 2025 1089 naturalis
2070 1034 2338 1103 potentia
2391 1033 2629 1107 integra

233 1099 409 1158 ruerit.
431 1100 488 1180 §i
518 1105 715 1182 autem
744 1113 850 1181 per
874 1098 1377 1182 inordinationem
1410 1102 1838 1228 liraecedentem
1863 1101 2248 1160 declinaverit
2272 1103 2345 1161 ad
2376 1105 2624 1176 malum,

233 1184 340 1230 non
369 1176 472 1227 erit
497 1183 745 1228 omnino
763 1184 826 1227 in
896 1176 1146 1229 otestate
1169 1185 1300 1242 eJus
1325 1184 1406 1229 nu
1434 1171 1557 1230 lum
1581 1173 2068 1243 impedimentum
2086 1174 2292 1246 gratiae
2318 1179 2624 1245 praestare.

234 1241 338 1299 Etsi
354 1242 511 1321 ‘enim
541 1240 613 1297 ad
646 1184 891 1322 aliquod)
912 1248 1279 1324 momentum
1310 1242 1383 1299 ab
1411 1243 1615 1324 aliquo
1645 1244 2044 1324 peccati-actu
2064 1243 2407 1324 particulari
2431 1245 2629 1316 possit

235 1312 507 1370 abstinere
534 1324 776 1382 propria
801 1318 1115 1383 potestate,
1147 1326 1197 1370 si
1229 1318 1429 1370 tamen
1472 1312 1577 1372 diu
1625 1314 1742 1371 sibi
1790 1313 2167 1388 relinquitur,
2200 1327 2264 1372 in
2309 1321 2626 1388 peccatum

235 1381 402 1450 cadet,
427 1395 529 1453 pei·
554 1381 716 1462 quod
745 1383 951 1455 gratiae
980 1383 1467 1464 impedimentum
1497 1388 1857 1454 praestatur..
1956 1453 1968 1466 .

295 1453 469 1521 Quum
500 1466 662 1509 enim
692 1466 864 1510 mens
893 1454 1157 1512 hominis
1177 1458 1384 1511 astatu
1412 1453 1788 1513 rectitudinis
1818 1453 2204 1513 declinaverit
2244 1454 2631 1517 manifestum

241 1522 484 1596 estquod
517 1522 770 1604 recessit
793 1522 865 1580 ab
894 1525 1104 1582 ordine
1133 1524 1314 1604 debiti
1357 1523 1517 1582 finis,
1555 1524 1701 1583 illud
1732 1525 1748 1580 i
1798 1526 1917 1583 itur
1944 1525 2105 1598 quod
2132 1497 2373 1584 deberet
2401 1540 2537 1585 esse
2565 1527 2630 1586 in

243 1591 424 1652 affectu
509 1607 836 1665 raecipuum
880 1597 1163 1668 tanquam
1194 1595 1441 1653 ultimus
1485 1593 1626 1654 finis
1683 1595 1746 1653 ef
1785 1596 1940 1653 citur
1965 1597 2167 1655 minus
2211 1597 2491 1655 dilectum
2522 1596 2631 1657 illo

243 1664 304 1722 ad
330 1607 505 1735 quodp
525 1678 700 1745 mens
727 1664 1061 1724 inordinate
1098 1679 1387 1723 conversa
1416 1669 1508 1723 est
1536 1665 1693 1746 sicut
1720 1666 1783 1723 in
1813 1666 2089 1723 ultimum
2118 1666 2319 1725 finem.
2353 1667 2631 1735 Quando·

241 1748 351 1793 cum
394 1749 464 1792 ue
487 1735 676 1809 igitur
719 1737 1046 1794 occurrerit
1072 1736 1297 1808 aliquid
1343 1748 1710 1812 conveniens
1756 1736 2098 1794 inordinato
2128 1736 2232 1795 fini
2288 1750 2633 1811 repugnans

229 1803 327 1862 ‘fini
406 1805 583 1875 eluto,
618 1806 893 1879 eligetur,
925 1806 1046 1864 nisi
1074 1807 1391 1864 reducatur
1422 1805 1498 1864 ad
1541 1806 1803 1864 debitum
1843 1807 2137 1878 ordinem,
2166 1812 2234 1865 ut
2260 1806 2439 1867 finem
2469 1808 2633 1867 dehi-

235 1880 344 1932 tum
396 1877 679 1934 omnibus
725 1877 1017 1948 praeferaa
1085 1877 1201 1934 uod
1250 1882 1340 1934 est
1393 1877 1601 1951 gratiae
1644 1876 1913 1936 effectus.
1943 1880 2093 1936 Dum
2146 1884 2343 1936 autem
2394 1879 2638 1953 eligitur

236 1946 438 2028 aliquid
457 1947 629 2028 ‚quod
681 1952 971 2022 repugnat
1023 1891 1234 2005 isstimo
1276 1945 1405 2018 fini,
1435 1947 1927 2019 impedimentum
1981 1955 2224 2020 praestat
2245 1948 2474 2023 gratiae,
2504 1961 2639 2021 quae

237 2015 418 2090 dirigit
452 2032 514 2074 in
563 2017 769 2076 finem.
799 2019 959 2076 Unde
988 2019 1371 2077 manifestum
1419 2022 1511 2075 est
1540 2018 1701 2091 quod
1751 2023 1887 2091 post
1934 2024 2244 2092 peccatum
2290 2032 2414 2078 non
2484 2025 2642 2079 otest

235 2086 398 2145 homo
443 2087 745 2147 abstinere
793 2088 867 2148 ah
900 2090 1067 2149 omni
1113 2094 1380 2162 peccato,
1411 2093 1732 2163 antequam
1781 2103 1887 2163 per
1933 2090 2188 2163 gratiam
2240 2088 2321 2150 ad
2371 2091 2408 2149 d
2488 2090 2643 2150 itum¹

77 2217 80 2220 .
182 2233 186 2237 ,
236 2157 484 2217 ordinem
516 2159 858 2218 reducatur.

294 2230 566 2295 Praeterea,
627 2243 765 2288 cum
808 2243 981 2290 mens
1019 2230 1311 2292 inclinata
1353 2230 1535 2290 fuerit
1601 2229 1676 2290 ad
1724 2230 1973 2304 aliquid,
2003 2245 2129 2291 non
2172 2246 2242 2291 se
2280 2231 2407 2305 jam
2463 2230 2645 2291 hahet

237 2300 519 2372 aequaliter
544 2299 624 2359 ad
675 2307 990 2374 utrumque
1032 2303 1468 2373 oppositorum,
1501 2303 1608 2360 sed
1654 2302 1850 2375 magis
1887 2302 1963 2360 ad
2010 2302 2160 2360 illud
2205 2301 2277 2360 ad
2322 2301 2485 2375 quod
2544 2305 2638 2361 est

235 2369 520 2428 inclinata.
547 2370 708 2429 illud
750 2377 946 2442 autem
995 2371 1069 2429 ad
1116 2372 1277 2445 quod
1318 2386 1492 2430 mens
1548 2373 1743 2452 magis
1778 2385 1866 2452 „se
1920 2372 2099 2429 habet
2147 2371 2335 2445 eligit,
2366 2371 2489 2430 nisi
2537 2384 2645 2452 per

233 2440 468 2499 rationis
505 2441 955 2501 discussionem
983 2443 1058 2500 ab
1089 2455 1161 2499 eo
1185 2442 1441 2515 quadam
1472 2441 1875 2500 sollicitudine
1906 2440 2271 2508 abducatur:
2304 2441 2463 2500 unde
2490 2448 2552 2499 et
2577 2454 2646 2500 in

234 2514 540 2583 repentinis
587 2515 834 2586 signum
887 2512 1191 2571 interioris
1245 2511 1487 2571 habitus
1544 2512 1842 2594 praecipue
1894 2512 2087 2593 accipi
2142 2518 2357 2584 potest.
2390 2515 2520 2570 Non
2550 2516 2646 2571 est

235 2589 413 2641 autem
459 2584 756 2654 possibile
786 2589 1045 2641 mentem
1093 2584 1360 2642 hominis
1399 2588 1682 2642 continue
1711 2584 1774 2640 in
1816 2596 1890 2641 ea
1928 2583 2240 2657 vigilantia
2266 2596 2404 2642 esse
2446 2589 2514 2641 ut
2540 2593 2648 2654 pen

235 2652 504 2711 rationem
551 2653 839 2714 discutiat
927 2653 1026 2712 uid
1073 2653 1177 2711 uid
1224 2653 1399 2711 debet
1441 2652 1594 2710 velle
1652 2652 1744 2710 vel
1792 2666 1990 2727 agere.
2040 2653 2202 2711 Unde
2253 2653 2644 2726 consequitur

236 2724 379 2794 quod
422 2738 595 2784 mens
649 2725 886 2797 aliquan
933 2737 970 2782 o
1012 2739 1044 2782 e
1070 2724 1195 2796 igat
1239 2724 1300 2782 id
1325 2723 1400 2782 ad
1429 2723 1591 2796 quod
1637 2729 1728 2782 est
1774 2723 2080 2788 inclinata,
2103 2723 2495 2782 inclinatione
2525 2735 2645 2782 ma·

237 2800 432 2864 nente;
462 2802 521 2854 et
562 2797 671 2863 ita,
699 2795 752 2853 si
783 2795 1070 2853 inclinata
1102 2794 1366 2852 fueritin
1390 2800 1719 2864 peccatum,
1745 2807 1868 2851 non
1899 2794 2080 2852 stabit
2117 2794 2221 2852 diu
2248 2795 2392 2868 quin
2418 2798 2641 2865 peccet,

240 2861 712 2935 impedimentum
743 2866 947 2939 gratiae
978 2869 1290 2936 praestans,
1313 2864 1430 2922 nisi
1453 2864 1528 2923 ad
1558 2869 1777 2922 statum
1803 2865 2177 2923 rectitudinis
2201 2865 2535 2923 reducatur.
2591 2934 2603 2946 ⁵

296 2936 488 2994 Adhuc
533 2938 716 2995 etiam
747 2942 1068 3007 operantur
1093 2936 1352 3007 impetus
1380 2935 1778 3006 corporalium
1801 2936 2180 3006 passionum,
2206 2942 2265 2992 et
2302 2935 2648 3007 appetibilia

240 3007 546 3085 secundum
601 3021 880 3075 sensum,
906 3012 962 3063 et
1007 3007 1281 3079 plurimae
1329 3007 1667 3078 passiones,
1699 3011 1756 3062 et
1800 3006 2151 3088 occasiones
2196 3007 2352 3064 male
2405 3005 2643 3079 agendi,

311 3075 436 3135 ibus
481 3079 554 3136 de
605 3077 766 3135 facili
809 3077 989 3135 homo
1078 3081 1392 3134 rovocatur
1437 3077 1507 3134 ad
1554 3076 1943 3148 peccandum,
1994 3089 2112 3134 nisi
2161 3077 2496 3135 retrahatur
2540 3088 2646 3147 per

357 3162 445 3205 am
475 3148 876 3207 inhaesionem
909 3148 983 3206 ad
1006 3161 1043 3204 u
1073 3149 1279 3205 timum
1311 3145 1512 3217 finem,
1549 3161 1726 3219 quam
1754 3148 1951 3220 gratia
1976 3146 2137 3205 facit.

301 3216 449 3276 Unde
495 3223 742 3301 apparet
782 3218 964 3276 stulta
993 3218 1448 3291 Pelagianorum
1497 3217 1726 3288 opini0,
1757 3217 1859 3289 qui
1905 3216 2184 3275 dicebant
2228 3217 2537 3277 hominem
2579 3214 2647 3273 in

248 3294 462 3354 peccato
500 3293 859 3348 existentem
903 3289 1034 3347 sine
1071 3289 1263 3363 gratia
1303 3301 1484 3360 posse
1535 3288 1720 3345 vitare
1761 3294 2020 3358 peccata.
2054 3287 2235 3360 cujus
2281 3286 2671 3363 contrarium,

246 3366 459 3427 apparet
486 3376 558 3419 ex
590 3360 706 3417 hoc
734 3358 893 3431 quod
925 3358 1245 3417 psalmista
1271 3358 1419 3430 petit
1448 3377 1463 3415 ε
1492 3357 1668 3426 Quum
1688 3357 1944 3427 defecerat
1968 3361 2144 3415 virtus
2166 3375 2304 3430 mea,
2326 3374 2393 3415 ne
2419 3358 2650 3414 derelin-

242 3438 361 3494 quas
381 3445 459 3485 me
485 3430 714 3505 (Psalm.
743 3429 992 3503 Lxx,9);
1022 3435 1081 3487 et
1108 3430 1400 3489 Dominus
1429 3442 1601 3489 orare
1630 3441 1746 3489 nos
1775 3427 1950 3487 docet
1978 3447 1993 3486 ι
2025 3431 2097 3486 Et
2122 3446 2190 3488 ne
2214 3446 2311 3488 nos
2336 3430 2568 3486 inducas
2586 3429 2649 3485 in

235 3497 582 3571 mintionem,
605 3500 703 3558 sed
720 3501 892 3557 libera
911 3516 1010 3557 nos
1036 3517 1073 3557 a
1092 3501 1256 3558 malo.

298 3568 573 3638 Quamvis
600 3577 795 3630 autem
827 3570 914 3628 illi
987 3571 1049 3629 ui
1075 3572 1136 3628 in
1163 3576 1410 3644 peceato
1440 3575 1584 3630 sunt
1603 3568 1791 3630 vitare
1812 3584 1935 3631 non
1954 3572 2193 3645 possint
2213 3586 2319 3647 per
2343 3571 2647 3646 propriam

233 3645 570 3707 potestatem
602 3643 751 3715 quin
779 3587 1266 3723 impegimentum
1296 3644 1502 3717 gratiae
1531 3647 1816 3715 praestent
1842 3645 1933 3701 vel
1965 3650 2208 3716 ponant,
2242 3650 2306 3703 ut
2333 3651 2648 3724 ostensum

229 3713 316 3786 est
340 3710 412 3782 (c.
445 3713 593 3787 159),
626 3713 747 3771 nisi
775 3713 1002 3771 auxilio
1031 3715 1239 3795 gratiae
1317 3715 1732 3779 raeveniantur,
1764 3715 2163 3774 nihilominus
2196 3721 2397 3774 tamen
2418 3715 2533 3775 hoc
2557 3724 2647 3772 eis

233 3787 542 3859 imputatur
571 3784 644 3841 ad
679 3783 938 3855 culpam,
961 3796 1105 3857 quia
1136 3784 1233 3841 hic
1307 3784 1533 3843 efectus
1565 3798 1636 3843 ex
1666 3784 1841 3857 culpa
1860 3786 2318 3857 praecedentem
2347 3786 2435 3843 eis
2465 3782 2648 3841 relin-

229 3855 465 3920 quitur:
494 3854 656 3912 sicut
697 3854 899 3912 ebrius
929 3854 1003 3912 ali
1049 3854 1380 3913 homicidio
1429 3868 1552 3913 non
1588 3861 1908 3914 excusatur
1992 3856 2112 3914 uod
2158 3870 2263 3929 per
2300 3856 2646 3915 ebrietatem

227 3923 556 3994 committit,
588 3939 764 3998 quam
796 3937 906 3983 sua
934 3924 1111 3997 culpa
1138 3925 1409 3983 incurrit.
1441 3928 1753 3995 Praeterea,
1776 3926 1915 3984 licet
1944 3871 2044 3984 file
2065 3928 2165 3999 qui
2196 3931 2288 3985 est
2315 3928 2377 3983 in
2401 3929 2647 3997 peccato

228 4000 342 4046 non
371 3993 590 4053 habeat
634 3996 748 4054 hoc
785 3997 848 4053 in
875 3996 1118 4068 propria
1143 4000 1438 4068 potestate
1468 3996 1627 4069 quod
1655 3996 1902 4054 omnino
1930 3998 2075 4055 vitet
2102 4003 2436 4069 peccatum,
2467 3993 2650 4054 hahet

225 4061 414 4120 tamen
461 4071 815 4136 potestatem
867 4080 1028 4124 nunc
1076 4067 1263 4125 vitare
1318 4065 1451 4147 hoc·
1483 4067 1577 4124 vel
1623 4065 1774 4124 illud
1802 4073 2132 4148 peccatum,
2164 4073 2230 4125 ut
2270 4068 2497 4127 dictum
2556 4069 2652 4124 est

228 4126 471 4208 (c.{55);
504 4136 662 4194 unde
704 4135 1001 4209 quodcum
1046 4151 1121 4195 ue
1163 4138 1483 4196 committit
1530 4136 1869 4199 voluntario
1922 4138 2261 4212 committit,
2289 4144 2351 4198 et
2396 4138 2480 4199 ita
2520 4146 2649 4198 non

225 4205 517 4266 immerito
545 4206 603 4267 ei
630 4209 955 4282 imputatur
981 4221 1016 4269 a
1084 4207 1344 4283 culpam.
