3076 5025
492 264 596 320 508
1405 260 1538 317 ΠΒ,
1581 262 1669 324 lV,
1709 261 1861 318 CAP.
1898 262 1990 318 xl.

1509 512 1760 574 CAPUT
1798 511 1904 574 xl.

592 691 868 744 0110ΠοΒο
903 691 1257 738 AcmPIENpA
1292 691 1385 735 SIT
1422 689 1753 735 GENERATIO
1790 688 1856 734 m
1889 690 2117 736 mvmls
2149 690 2228 735 m·
2263 690 2395 743 011AE
2428 691 2508 736 DE
2536 690 2691 736 mio
2724 691 2823 737 nm

1318 778 1609 824 monuwa
1638 777 1700 822 m
1737 778 2087 824 sempronia.

562 942 927 1014 Principium
981 945 1179 1000 autem
1245 939 1424 1014 hujus
1496 940 1850 1022 intentionis
1915 939 2059 999 hinc
2110 954 2348 1023 sumere
2401 945 2677 1023 oportet,
2730 942 2902 1015 quod,

491 1013 824 1073 secundum
844 1012 1247 1070 diversitatem
1278 1016 1647 1080 naturarum,
1666 1011 1940 1069 diversus
1960 1017 2359 1070 emanationis
2378 1011 2596 1070 modus
2618 1014 2905 1071 invenitur

490 1085 556 1141 in
583 1084 761 1141 rebus
785 1101 800 1153 ;
840 1089 899 1141 et
925 1088 1147 1163 quanto
1177 1081 1381 1155 aliqua
1405 1089 1620 1140 natura
1645 1088 1735 1139 est
1762 1081 1958 1151 altior,
1984 1087 2150 1140 tanto
2190 1081 2252 1140 id
2281 1083 2441 1155 quod
2484 1097 2557 1140 ex
2581 1096 2655 1139 ea
2682 1088 2905 1141 emanat

489 1154 686 1227 magis
715 1159 807 1211 est
850 1154 1148 1211 intimum.
1187 1155 1253 1209 In
1283 1152 1462 1209 rebus
1490 1152 1646 1209 enim
1679 1152 1961 1210 omnihus
1988 1152 2318 1210 inanimata
2354 1166 2608 1222 corpora
2646 1152 2901 1211 infimum

490 1224 691 1283 locum
736 1229 959 1292 tenent,
1002 1223 1065 1280 in
1110 1223 1330 1295 quibus
1362 1222 1772 1281 emanationes
1816 1222 1989 1279 aliter
2013 1235 2149 1281 esse
2192 1236 2315 1280 non
2343 1229 2600 1295 possunt
2646 1224 2768 1281 nisi
2814 1238 2903 1294 per

493 1295 790 1353 actionem
836 1295 1018 1352 unius
1045 1306 1252 1351 eorum
1283 1295 1346 1349 in
1375 1293 1617 1366 aliquod
1660 1293 1951 1362 alterum;
1986 1293 2076 1351 sic
2103 1293 2263 1351 enim
2293 1308 2365 1351 ex
2412 1293 2551 1367 igne
2600 1300 2903 1365 generatur

489 1364 671 1438 ignis,
693 1365 834 1422 dum
856 1365 929 1422 ab
959 1364 1097 1436 igne
1126 1377 1345 1434 corpus
1374 1370 1719 1421 extraneum
1741 1364 2024 1421 alteratur
2040 1369 2099 1421 et
2116 1363 2190 1422 ad
2211 1364 2553 1446 qualitatem
2574 1368 2637 1421 et
2656 1365 2899 1437 speciem

490 1435 513 1493 i
560 1436 656 1493 nis
691 1434 1052 1506 perducitur.
1079 1436 1224 1492 Post
1248 1434 1574 1492 inanimata
1602 1448 1739 1492 vero
1766 1447 2037 1506 corpora,
2084 1447 2422 1505 proximum
2471 1434 2671 1492 locum
2718 1441 2902 1493 tenent

556 1513 730 1574 antae,
756 1507 820 1562 in
849 1504 1068 1576 quibus
1091 1504 1214 1576 jam
1246 1505 1545 1562 emanatio
1567 1519 1639 1562 ex
1655 1505 1924 1563 interiori
1954 1505 2242 1576 procedit,
2277 1506 2341 1562 in
2370 1509 2663 1577 quantum
2692 1505 2902 1564 scilicet

488 1520 713 1635 {umor
742 1577 958 1647 plantae
988 1574 1299 1633 intraneus
1339 1576 1398 1631 in
1432 1588 1636 1633 semen
1666 1575 2030 1633 convertitur
2057 1579 2116 1631 et
2137 1575 2286 1633 illud
2315 1588 2519 1633 semen
2551 1583 2728 1634 terrae
2752 1589 2901 1635 man·

493 1646 697 1705 datum
726 1646 942 1704 crescit
988 1645 1047 1703 in
1078 1646 1363 1718 plantam.
1391 1649 1517 1703 Jam
1559 1659 1702 1720 ergo
1730 1645 1829 1704 hic
1850 1645 2105 1774 dprimus
2141 1646 2364 1719 gradus
2392 1647 2526 1703 vitae
2576 1646 2898 1716 invenitur;

488 1729 630 1775 nam
681 1717 939 1774 viventia
967 1723 1110 1774 sunt
1137 1730 1269 1789 quae
1298 1716 1498 1787 seipsa
1546 1722 1784 1773 movent
1812 1730 1845 1773 a
1931 1715 2252 1787 agendum,
2284 1716 2392 1774 illa
2434 1729 2576 1774 vero
2620 1731 2759 1789 quae
2799 1730 2899 1775 non

489 1787 613 1845 nisi
642 1788 938 1845 exteriora
961 1800 1199 1844 movere
1227 1792 1482 1858 possunt
1523 1788 1769 1844 omnino
1797 1789 1939 1845 sunt
1966 1788 2084 1843 vita
2110 1788 2408 1852 carentia:
2439 1787 2501 1844 in
2525 1787 2750 1859 plantis
2780 1800 2895 1847 vero

489 1855 609 1915 hoc
631 1856 912 1914 indicium
943 1858 1075 1914 vitae
1104 1862 1196 1914 est
1240 1857 1397 1928 quod
1428 1857 1486 1914 id
1516 1857 1675 1928 quod
1708 1858 1770 1914 in
1795 1857 1945 1928 ipsis
1969 1863 2061 1914 est
2101 1862 2299 1915 movet
2343 1857 2609 1930 aliquam
2639 1858 2897 1917 formam.

492 1928 596 1985 Est
626 1933 820 1984 tamen
845 1928 966 1984 vita
991 1928 1327 1999 plantarum
1354 1928 1720 1997 imperfecta,
1749 1928 1910 2008 quia,
1943 1928 2240 1986 emanatio
2270 1929 2332 1984 in
2361 1928 2451 1986 eis
2482 1928 2624 1986 licet
2664 1929 2741 1988 ab
2770 1929 2901 1987 inte-

490 1996 635 2054 riori
692 1997 992 2067 procedat,
1052 2002 1252 2054 tamen
1312 1997 1597 2077 paulatim
1652 1999 1726 2055 ab
1776 1998 2161 2056 interioribus
2216 1999 2422 2056 exiens
2467 1997 2629 2071 quod
2683 2004 2904 2057 emanat

489 2065 751 2124 finaliter
777 2067 1023 2124 omnino
1057 2068 1456 2124 extrinsecum
1485 2068 1820 2137 invenitur;
1855 2069 2072 2126 humor
2117 2067 2276 2126 enim
2321 2069 2556 2127 arboris
2646 2069 2800 2127 rimo
2840 2070 2903 2128 ab

492 2136 705 2195 arbore
736 2151 767 2193 e
815 2137 1048 2195 rediens
1076 2136 1142 2194 fit
1167 2136 1284 2194 flos
1329 2143 1387 2195 et
1427 2138 1668 2194 tandem
1714 2138 1941 2196 fructus
1969 2138 2042 2196 ab
2071 2139 2300 2196 arboris
2328 2139 2551 2197 cortice
2638 2141 2904 2209 iscretuS,

493 2207 599 2266 sed
628 2208 682 2265 ei
708 2222 780 2265 co
807 2208 1027 2281 ligatus
1052 2225 1068 2276 ;
1092 2208 1354 2279 perfecto
1385 2213 1583 2265 autem
1612 2209 1826 2274 fructu,
1850 2211 2097 2266 omnino
2127 2210 2216 2268 ab*
2232 2209 2440 2268 arbore
2471 2215 2804 2281 separatur,
2831 2217 2903 2279 et,

489 2277 552 2334 in
609 2283 826 2336 terram
875 2278 1117 2348 cadens,
1164 2279 1501 2336 sementina
1548 2278 1760 2337 virtute
1816 2279 2090 2351 producit
2138 2281 2312 2338 aliam
2360 2280 2647 2351 plantam.
2676 2281 2739 2340 si
2779 2282 2906 2353 quis

491 2349 670 2406 etiam
716 2349 1035 2421 diligenter
1076 2348 1433 2419 consideret,
1461 2350 1720 2419 primum
1768 2348 1948 2422 huius
1981 2351 2380 2409 emanationis
2430 2351 2792 2423 principium
2838 2351 2905 2411 ab

493 2420 766 2477 exteriori
813 2419 1102 2489 sumitur;
1150 2433 1289 2477 nam
1333 2418 1551 2477 humor
1595 2420 1961 2479 intrinsecus
1998 2421 2230 2479 arboris
2278 2435 2383 2493 per
2418 2422 2652 2479 radices
2695 2437 2731 2480 a
2760 2429 2907 2480 terra

493 2489 769 2559 sumitur,
793 2489 864 2547 de
888 2504 1008 2563 qua
1033 2489 1236 2562 planta
1262 2491 1514 2562 suscipit
1533 2491 1981 2550 nutrimentum.
2013 2492 2171 2551 Ultra
2190 2491 2525 2565 plantarum
2552 2505 2694 2551 vero
2709 2493 2900 2564 vitam,

492 2561 669 2619 altior
721 2562 943 2635 gradus
981 2561 1116 2619 vitae
1160 2561 1478 2632 invenitur,
1508 2576 1640 2635 quae
1691 2568 1782 2619 est
1835 2563 2165 2621 secundum
2224 2563 2485 2622 animam
2537 2564 2900 2627 sensitivam,

492 2632 664 2713 cujus
692 2632 991 2690 emanatio
1022 2632 1280 2703 propria,
1311 2633 1422 2690 etsi
1453 2633 1526 2690 ab
1557 2632 1831 2690 exteriori
1861 2633 2125 2705 incipiat,
2156 2633 2218 2691 in
2250 2634 2514 2691 interiori
2562 2640 2768 2692 tamen
2796 2642 2899 2692 ter-

491 2708 791 2767 minatur;
821 2705 897 2771 et,
929 2707 1153 2774 quanto
1193 2703 1489 2761 emanatio
1532 2704 1727 2777 magis
1776 2703 2106 2772 incesserit,
2138 2709 2303 2763 tauto
2345 2705 2541 2785 magis
2589 2705 2666 2763 ad
2707 2705 2900 2763 intima

492 2771 836 2842 devenitur;
866 2773 1148 2830 sensibile
1184 2773 1341 2831 enim
1367 2774 1629 2832 exterius
1672 2774 1919 2831 sormam
1964 2787 2134 2832 suam
2184 2775 2580 2832 exterioribus
2631 2776 2896 2834 sensibus

491 2842 727 2916 ingerit,
756 2858 792 2901 a
817 2842 1037 2915 quibus
1066 2843 1332 2914 procedit
1363 2844 1424 2900 in
1463 2844 1949 2917 imaginationem
1980 2847 2038 2902 et
2067 2844 2317 2903 ulterius
2342 2846 2407 2902 in
2435 2846 2743 2904 memoriae
2783 2847 2893 2904 the·

493 2925 757 2970 saurum.
797 2916 863 2970 In
909 2914 1175 2985 quolibet
1208 2921 1404 2971 tamen
1434 2914 1615 2985 hujus
1659 2916 2058 2972 emanationis
2100 2929 2413 2986 processu,
2444 2916 2809 2987 principium
2850 2920 2897 2973 et

489 2983 779 3041 terminus
821 2985 1112 3055 pertinent
1160 2984 1233 3042 ad
1281 2984 1553 3053 diversa;
1601 2998 1721 3042 non
1766 2985 1922 3043 enim
1952 2985 2153 3058 aliqua
2200 2987 2463 3057 potentia
2511 2987 2805 3045 sensitiva
2842 2986 2895 3044 in

490 3053 745 3123 seipsam
778 3053 1115 3112 reflectitur.
1149 3057 1250 3112 Est
1279 3069 1422 3127 ergo
1452 3054 1550 3111 hic
1578 3055 1802 3128 gradus
1828 3055 1963 3113 vitae
1994 3060 2158 3114 tanto
2187 3058 2365 3115 altior
2388 3069 2569 3129 quam
2597 3058 2721 3115 vita
2747 3058 2895 3128 plan-

488 3128 679 3181 tarum
699 3132 923 3195 quanto
944 3125 1211 3195 operatio
1235 3124 1414 3197 hujus
1430 3126 1565 3183 vitae
1591 3126 1783 3200 magis
1806 3126 1865 3183 in
1897 3126 2126 3184 intimis
2155 3128 2529 3197 continetur;
2562 3140 2684 3185 non
2712 3133 2892 3185 tamen

490 3199 582 3252 est
613 3195 860 3252 omnino
889 3195 1008 3252 vita
1036 3195 1314 3267 perfecta,
1353 3210 1536 3269 quum
1568 3197 1865 3254 emanatio
1893 3210 2129 3268 semper
2156 3197 2256 3255 iiat
2286 3212 2357 3255 ex
2390 3210 2510 3255 uno
2542 3197 2601 3254 in
2633 3198 2893 3256 alterum.

489 3267 590 3322 Est
636 3266 817 3337 igitur
858 3279 1174 3337 supremus
1224 3273 1284 3323 et
1327 3268 1627 3339 perfectus
1662 3268 1885 3341 gradus
1913 3267 2067 3336 vitae,
2098 3269 2200 3340 qui
2231 3272 2324 3326 est
2369 3269 2706 3325 secundum
2733 3268 2892 3325 intel·

490 3334 745 3404 leiztum;
798 3349 932 3393 nam
984 3336 1320 3395 intellectus
1369 3338 1432 3394 in
1480 3337 1742 3409 seipsum
1788 3337 2125 3409 reflectitur,
2156 3343 2213 3395 et
2250 3338 2518 3410 seipsum
2573 3339 2893 3411 intelligere

485 3411 703 3531 potest.
736 3406 847 3463 Sed
878 3413 936 3463 et
976 3407 1039 3463 in
1069 3407 1454 3464 intellectuali
1484 3410 1602 3464 vita
1632 3408 1847 3466 diversi
1870 3408 2093 3480 gradus
2121 3408 2540 3477 inveniuntur;
2572 3423 2711 3466 nam
2740 3409 2894 3466 intel-

512 3483 678 3533 ectus
726 3477 1044 3544 humanuS,
1077 3478 1186 3535 etsi
1235 3479 1501 3548 seipsum
1548 3492 1913 3550 cognoscere
1959 3479 2173 3549 possit,
2218 3485 2417 3536 tamen
2471 3481 2725 3549 primum
2780 3491 2891 3538 suae

488 3547 854 3617 cognitionis
898 3547 1132 3605 initium
1172 3547 1246 3606 ab
1275 3549 1609 3605 extrinseco
1654 3549 1870 3619 sumit;
1900 3550 2044 3622 quia
2084 3562 2207 3607 non
2250 3555 2342 3607 est
2383 3550 2718 3622 intelligere
2771 3549 2892 3608 sine

487 3615 921 3698 phantasmate,
953 3624 1017 3699 iit
1063 3633 1134 3699 οἷς
1167 3619 1580 3699 superioribus
1609 3626 1766 3690 patet
1802 3618 1863 3691 (1.
1898 3633 1962 3682 11.
2004 3635 2058 3678 c.
2086 3619 2200 3692 40).
2234 3620 2557 3678 Perfectior
2598 3621 2783 3700 igitur
2814 3624 2893 3678 est
3014 3666 3020 3725 Ι

486 3686 908 3751 intellectualis
949 3692 1069 3745 vita
1104 3702 1167 3745 in
1215 3690 1467 3760 angelis,
1499 3703 1560 3745 in
1609 3690 1828 3762 quibus
1870 3689 2207 3749 intellectus
2239 3691 2312 3749 ad
2354 3691 2448 3749 sui
2494 3693 2891 3763 cognitionem

486 3769 607 3815 non
644 3758 908 3829 procedit
933 3773 1005 3816 ex
1033 3759 1235 3831 aliquo
1265 3759 1564 3826 exteriori,
1591 3760 1696 3817 sed
1726 3775 1829 3831 per
1860 3774 1927 3818 se
1952 3761 2267 3833 cognoscit
2294 3762 2559 3833 seipsum
2587 3778 2602 3831 3
2636 3761 2890 3818 nondum

484 3832 680 3885 tamen
704 3829 776 3886 ad
801 3829 1064 3886 ultimam
1091 3830 1510 3901 perfectionem
1527 3832 1647 3888 vita
1675 3831 1941 3902 ipsorum
1970 3832 2273 3904 pertingit,
2300 3835 2460 3904 quia,
2484 3832 2627 3889 licet
2650 3831 2891 3889 intentio
3014 3858 3020 3917 Ι

484 3897 786 3956 intellecta
810 3900 887 3956 sit
917 3901 1006 3958 eis
1034 3900 1282 3958 omnino
1312 3901 1655 3969 intrinseca,
1679 3907 2023 3959 nontamen
2056 3902 2185 3973 ipsa
2204 3902 2454 3958 intentio
2479 3902 2780 3960 intellecta
2808 3905 2893 3960 est

485 3981 692 4026 eorum
739 3970 1092 4039 substantia,
1176 3972 1275 4029 uia
1327 3984 1448 4029 non
1488 3978 1580 4028 est
1627 3972 1779 4028 idem
1813 3972 1874 4028 in
1917 3972 2007 4030 eis
2051 3971 2382 4045 intelligere
2429 3978 2488 4029 et
2529 3986 2687 4041 esse,
2719 3975 2784 4029 ut
2826 3984 2893 4028 ex

484 4040 892 4109 superioribus
958 4045 1094 4097 atet.
1174 4041 1340 4098 ltima
1368 4042 1549 4114 igitur
1579 4043 1857 4113 perfectio
1887 4042 2017 4100 vitae
2046 4044 2328 4113 competit
2355 4045 2497 4111 Dee,
2518 4043 2590 4099 in
2627 4055 2745 4116 quo
2773 4052 2887 4098 non

483 4113 576 4164 est
604 4110 763 4167 aliud
793 4112 915 4167 inte
943 4113 1127 4194 ligere
1154 4116 1212 4168 et
1239 4112 1400 4169 aliud
1430 4127 1586 4179 esse,
1618 4119 1680 4169 ut
1708 4126 1889 4184 supra
1916 4118 2226 4172 ostensum
2274 4119 2401 4181 est;
2433 4119 2492 4171 et
2536 4114 2623 4170 ita
2666 4115 2886 4184 oportet

492 4189 651 4268 quod
681 4189 929 4249 intentio
955 4190 1254 4248 intellecta
1273 4191 1336 4248 in
1365 4193 1484 4249 Deo
1514 4192 1591 4248 sit
1622 4190 1752 4261 ipsa
1780 4190 1978 4247 divina
1998 4191 2278 4249 essentia.
2309 4192 2452 4249 Dico
2473 4199 2673 4250 autem
2701 4193 2881 4250 inten-

491 4263 715 4315 tionem
743 4260 1097 4318 intellectam
1127 4260 1185 4317 id
1214 4261 1370 4333 quod
1404 4261 1736 4318 intellectus
1764 4260 1823 4316 in
1852 4261 2052 4331 seipso
2074 4260 2334 4340 concipit
2360 4261 2432 4317 de
2462 4275 2523 4318 re
2560 4262 2871 4319 intellecta.

494 4328 635 4395 Quoe
667 4329 899 4399 quidem
932 4331 992 4387 in
1023 4330 1195 4388 nobis
1223 4345 1296 4387 ne
1343 4346 1415 4386 uo
1446 4337 1537 4387 est
1564 4330 1693 4400 ipsa
1722 4343 1816 4386 res
1846 4345 1976 4401 quae
2021 4330 2372 4401 intelligitur
2412 4345 2602 4402 neque
2632 4338 2722 4388 est
2747 4331 2874 4403 ipsa

493 4399 827 4458 substantia
852 4399 1209 4471 intellectuS,
1238 4413 1302 4458 se
1372 4405 1432 4458 et
1478 4400 1747 4473 quaedam
1774 4399 2104 4458 similitudo
2139 4406 2424 4472 concepta
2452 4401 2751 4459 intellectu
2799 4399 2871 4459 ds

2858 4720 3020 4980 li
