3076 5025
489 289 595 343 480
1340 279 1474 335 LIB.
1514 279 1613 346 111,
1652 278 1806 335 CAP-
1846 277 2072 335 CLVIII.

492 413 748 472 naturae3
777 403 893 461 hoc
922 402 1077 460 enim
1110 406 1170 459 et
1207 404 1425 460 natura
1448 399 1686 458 habeta
1716 403 1860 458 De0.
1910 403 2151 459 Frustra
2177 403 2374 458 autem
2405 398 2634 473 aliquid
2659 410 2798 457 mov

488 481 607 545 tur,
640 474 756 532 nisi
783 479 987 546 posset
1015 473 1321 545 pervenire
1345 471 1422 529 ad
1465 470 1646 529 finem
1677 477 1897 529 motus.
1937 470 2348 529 Necessarium
2377 476 2470 528 est
2498 482 2649 542 ergo
2674 484 2754 542 qu
2842 465 2921 529 ss

533 544 652 605 uod
682 550 885 602 natum
916 548 1008 601 est
1047 542 1272 600 moveri
1310 541 1385 600 ad
1431 542 1689 615 aliquem
1719 541 1899 599 tinem
1940 541 2021 600 sit
2070 540 2357 612 possibile
2389 541 2598 597 venire
2644 539 2709 597 in
2756 539 2918 599 illum

490 561 694 674 anem.
726 615 835 673 Sed
866 613 1074 682 hom0‚
1101 618 1419 687 postquam
1448 612 1509 669 in
1559 617 1870 683 peccatum
1917 610 2145 682 cecidit,
2164 610 2449 739 guamdiu
2501 613 2702 690 status
2745 609 2919 692 liujus

489 687 626 744 vitae
657 685 850 754 durat,
881 688 1148 742 remanet
1170 684 1234 740 in
1263 697 1335 741 eo
1364 682 1634 755 aptitudo
1665 687 1730 739 ut
1775 688 2083 741 moveatur
2126 696 2162 739 a
2238 681 2494 748 bonum;
2526 694 2707 761 cujus
2754 693 2920 754 signa

492 762 636 815 sunt
664 754 1021 813 desiderium
1054 753 1126 811 de
1153 754 1315 811 hono
1337 760 1396 811 et
1424 753 1596 810 dolor
1623 753 1696 810 de
1739 753 1921 821 malo,
1952 767 2084 825 quae
2130 751 2323 809 adhuc
2349 751 2412 809 in
2444 752 2693 808 homine
2720 764 2917 831 ‘rema-

490 833 638 885 nent
665 831 802 896 post
826 830 1154 895 peccatum.
1203 825 1305 882 Est
1342 823 1525 896 igitur
1550 821 1837 894 possibile
1869 822 2173 881 hominem
2202 825 2342 894 post
2367 827 2685 893 peccatum
2712 819 2919 880 itei'um

491 896 685 956 redire
715 896 787 953 ad
818 895 1065 965 honum,
1097 895 1254 967 quod
1286 894 1475 968 gratia
1499 894 1562 950 in
1590 893 1833 951 homine
1859 898 2155 965 operatur.

559 968 670 1024 Am
709 967 835 1029 lias,
869 965 1034 1022 nulla
1057 964 1322 1035 potentia
1338 964 1892 1046 passivainvenitur
1919 964 1983 1021 in
2004 976 2201 1021 rerum
2228 967 2442 1021 natura
2472 976 2609 1035 quae
2639 976 2769 1022 non
2793 976 2918 1036 pos-

489 1036 573 1096 sit
596 1051 659 1094 re
707 1037 799 1093 uci
828 1036 892 1093 in
920 1041 1117 1093 actum
1143 1049 1248 1106 per
1276 1035 1537 1107 aliquam
1586 1035 1909 1105 potentiam
1942 1035 2194 1091 activam
2219 1034 2576 1090 naturalem.
2608 1033 2797 1091 Multo
2824 1033 2842 1090 i
2884 1033 2898 1044 ⁸

489 1111 589 1165 tur
617 1107 817 1164 miuus
847 1111 939 1165 est
961 1106 1162 1179 aliqua
1190 1106 1456 1177 potentia
1483 1105 1546 1162 in
1574 1105 1777 1163 anima
1819 1105 2083 1164 humana
2115 1118 2247 1178 quae
2277 1117 2397 1160 non
2448 1104 2529 1161 sit
2573 1103 2844 1162 reducib'
2872 1104 2918 1162 is

488 1176 554 1235 in
582 1182 777 1234 actum
805 1189 910 1248 per
930 1176 1254 1249 potentiam
1282 1176 1532 1233 activam
1558 1174 1842 1233 divinam.
1873 1177 2065 1233 Manet
2083 1180 2280 1233 autem
2308 1174 2370 1230 in
2401 1173 2607 1231 anima
2640 1173 2917 1244 humana,

398 1314 402 1319 ⁸
490 1245 670 1305 etiam
701 1254 838 1318 post
872 1252 1200 1319 peccatum,
1230 1246 1495 1319 potentia
1522 1246 1595 1304 ad
1623 1245 1873 1314 honum,
1899 1246 2041 1318 quia
2083 1259 2189 1317 per
2217 1250 2524 1317 peccatum
2557 1257 2686 1302 non
2716 1244 2919 1302 tollun-

489 1321 589 1375 tur
615 1318 891 1388 potentiae
921 1318 1224 1375 naturales
1265 1317 1482 1389 quibus
1518 1316 1715 1374 anima
1744 1316 2052 1374 ordinatur
2096 1316 2168 1373 ad
2218 1329 2396 1374 suum
2440 1315 2693 1373 bonum.
2728 1318 2917 1374 Potest

487 1386 671 1460 igitur
697 1402 802 1460 per
832 1386 1086 1445 divinam
1117 1388 1441 1459 potentiam
1466 1387 1725 1457 reparari
1752 1387 1814 1443 in
1845 1384 2025 1457 bono,
2056 1386 2233 1445 etsie
2255 1384 2477 1445 auxilio
2507 1385 2720 1458 gratiae
2748 1386 2916 1444 homo
3026 1399 3027 1436 Q

489 1462 690 1530 potest
717 1458 1007 1532 consequi
1036 1458 1450 1516 remissionem
1484 1463 1887 1528 peccatorum.
3026 1487 3027 1500 κ

563 1528 711 1585 Hinc
735 1533 827 1586 est
854 1527 1012 1602 quod
1070 1528 1283 1586 dicitur
1312 1546 1326 1585 ε
1356 1530 1421 1585 Si
1443 1529 1658 1595 tuerint
1695 1531 1920 1598 peccata
1952 1529 2134 1583 vestra
2175 1530 2239 1582 ut
2279 1526 2572 1588 coccinum,
2622 1528 2790 1596 quasi
2822 1530 2916 1584 niz
3024 1555 3027 1566 ψ

491 1596 892 1655 dealbabuntur
956 1598 1133 1669 asni..
1181 1613 1225 1656 1.
1278 1599 1394 1670 18);
1444 1602 1501 1655 et
1543 1616 1557 1654 :
1619 1600 1884 1654 Universa
1930 1596 2128 1653 delicta
2175 1598 2351 1667 operit
2407 1597 2678 1653 charitas.
2721 1598 2911 1667 (From,

490 1679 556 1736 x,
587 1668 693 1740 12).
727 1670 849 1726 Hoc
878 1668 1053 1726 etiam
1094 1667 1356 1740 quotidie
1398 1682 1435 1726 a
1474 1668 1726 1726 Domino
1767 1681 1891 1742 non
1925 1667 2146 1725 frustra
2168 1665 2446 1738 petimuS,
2478 1666 2754 1725 dicentes
2786 1670 2914 1724 :Di-
3026 1677 3027 1720 3

491 1740 645 1793 mitte
669 1740 823 1794 nobis
850 1739 1033 1794 debita
1058 1743 1266 1796 nostra.
3024 1751 3027 1792 τ

561 1810 673 1865 Per
699 1807 814 1889 lioc
846 1815 1044 1889 autern
1078 1808 1413 1890 excluditur
1454 1822 1622 1866 error
1663 1809 2145 1879 Novatianorum‚
2190 1808 2307 1890 qui·
2339 1807 2620 1865 dixerunt
2666 1806 2827 1889 quod
2856 1806 2913 1863 de
3024 1849 3027 1898 ]

491 1884 752 1949 peccatis
839 1879 1014 1936 uibus
1064 1884 1202 1949 post
1255 1878 1330 1936 ha
1373 1885 1620 1936 tisinum
1662 1883 1869 1951 peccat
1934 1878 2117 1937 homo
2176 1891 2407 1937 veniam
2460 1890 2764 1950 consequi
2809 1889 2914 1936 non

490 1951 709 2019 potest.
743 1947 809 2020 (1·
836 1951 880 2019 1,
906 1963 965 2021 q.
996 1960 1117 2016 cix,
1147 1952 1257 2006 art.
1285 1954 1340 2005 7.

1439 2166 1692 2232 CAPUT
1741 2167 1968 2232 CLVII.

667 2344 820 2399 QUOD
856 2344 1019 2391 110Μο
1055 2345 1099 2391 Δ
1134 2345 1392 2393 Psscm‘ro
1429 2346 1706 2393 munium
1740 2346 1862 2394 NON
1896 2347 2116 2393 Pomsr
2148 2347 2268 2393 NISI
2301 2347 2416 2393 PER
2451 2347 2748 2396 anum.

561 2510 644 2566 Ex
671 2507 894 2567 eisdem
924 2507 1103 2590 etiam
1133 2508 1369 2591 ostendi
1397 2515 1593 2581 potest
1639 2509 1800 2584 quod
1841 2510 2023 2568 homo
2069 2525 2106 2569 a
2141 2516 2385 2583 peccato
2432 2512 2683 2573 mortali
2731 2525 2913 2573 resur·

496 2592 637 2653 gere
668 2591 788 2636 non
811 2584 1007 2650 potest
1035 2593 1151 2637 nisi
1177 2594 1284 2651 per
1310 2581 1584 2653 gratiam.

558 2652 668 2706 Per
692 2655 999 2721 peccatum
1024 2649 1181 2707 enim
1216 2651 1463 2708 mortale
1491 2650 1675 2709 homo
1706 2651 1780 2709 ab
1824 2652 2031 2708 ultimo
2056 2650 2174 2708 fine
2213 2652 2518 2710 avertitur.
2550 2655 2620 2709 In
2650 2654 2911 2713 ultimum

488 2724 686 2800 autem
717 2718 896 2776 finem
927 2720 1109 2778 homo
1141 2733 1263 2777 non
1291 2721 1600 2778 ordinatur
1628 2722 1743 2779 nisi
1777 2735 1883 2792 per
1908 2721 2176 2794 gratiam.
2208 2724 2321 2779 Per
2353 2723 2548 2781 solam
2580 2723 2772 2797 igitur
2795 2738 2911 2800 gra·

487 2794 630 2846 tiam
660 2788 842 2847 homo
907 2795 1063 2848 otest
1093 2804 1130 2848 a
1151 2796 1397 2862 peccato
1422 2805 1755 2864 resurgere.

555 2861 773 2927 Adhuc,
797 2874 833 2917 0
883 2874 1031 2918 ensa
1057 2860 1297 2918 nonnisi
1346 2876 1452 2932 per
1471 2861 1849 2919 dilectionem
1881 2861 2124 2920 tollitur.
2146 2862 2259 2921 Sed
2284 2878 2391 2936 per
2420 2868 2741 2934 peccatum
2769 2878 2909 2922 mor·
3020 2868 3021 2871 ’

488 2929 607 2986 tale
636 2930 817 2987 homo
846 2928 1139 2989 offensam
1173 2930 1275 2988 Dei
1305 2931 1583 2999 incurrit;
1614 2931 2000 2990 diciturenim
2066 2933 2183 2989 uod
2210 2935 2370 2992 Deus
2435 2941 2754 2994 eccatores
2781 2935 2907 3002 odit,

483 2998 548 3056 in
578 3005 864 3071 quantum
893 3001 1020 3058 vult
1042 3013 1148 3059 eos
1177 3001 1407 3072 privare
1455 3002 1667 3082 ultimo
1695 3004 1812 3059 line
1841 2947 2141 3074 quemqlis
2178 3017 2332 3075 quos
2421 3003 2582 3077 iligit
2608 3010 2905 3078 praeparat.

484 3070 617 3125 Non
648 3083 711 3127 er
754 3083 790 3127 0
813 3069 997 3128 homo
1027 3077 1223 3141 potest
1249 3085 1284 3128 a
1311 3071 1547 3128 mortali
1596 3079 1841 3141 peccato
1869 3086 2183 3146 resurgere
2211 3074 2328 3132 nisi
2373 3088 2480 3146 per
2507 3076 2795 3147 gratiam,
2820 3087 2907 3147 per

486 3152 665 3212 quam
716 3146 758 3196 it
786 3140 1054 3212 quaedam
1084 3141 1346 3199 amicitia
1371 3141 1527 3198 inter
1550 3143 1736 3198 Deum
1758 3147 1816 3199 et
1844 3142 2170 3200 hominem.

555 3209 761 3267 Adhuc
790 3212 969 3268 etiam
995 3211 1197 3269 induci
1223 3216 1480 3283 possunt
1506 3224 1719 3270 omnes
1777 3213 2041 3271 rationes
2089 3214 2368 3287 superius
2421 3214 2494 3287 (c.
2551 3216 2681 3288 ¹47)
2712 3215 2905 3289 positae

480 3276 556 3336 de
586 3281 789 3360 gratiae
823 3281 1197 3339 necessitate.

554 3351 700 3407 Hinc
724 3356 816 3408 est
843 3351 1004 3423 quod
1031 3351 1249 3409 dicitur
1278 3369 1292 3408 ε
1323 3355 1439 3422 Ερο
1464 3368 1587 3410 sum
1612 3356 1730 3425 ipse
1755 3357 1856 3425 qm·
1876 3354 2021 3411 deleo
2049 3356 2370 3426 iniquitates
2409 3360 2537 3411 tuas
2570 3362 2809 3428 propter
2837 3371 2906 3412 nie

481 3417 658 3489 usai..
690 3433 850 3490 xmi,
881 3421 1003 3494 25);
1031 3426 1088 3478 et
1119 3439 1134 3478 ε
1162 3423 1438 3479 Remisisti
1463 3426 1810 3495 iniquitatem
1828 3426 2007 3495 plebis
2033 3430 2167 3495 ωας
2198 3428 2465 3497 operuisti
2487 3430 2680 3484 omnia
2696 3430 2907 3499 peccata

479 3502 679 3546 eoram.
715 3491 937 3561 (Psalm.
963 3503 1205 3554 LXXXIV,
1233 3491 1311 3573 3.)

389 3610 397 3619 .
549 3561 661 3617 Per
685 3559 802 3618 hoc
831 3567 1029 3619 autem
1077 3562 1409 3622 excluditur
1449 3578 1616 3622 error
1654 3564 2131 3639 Pelagianorum,
2164 3567 2265 3640 qui
2304 3567 2583 3626 dixerunt
2608 3568 2905 3628 hominem

476 3641 662 3701 posse
689 3644 725 3688 a
752 3636 997 3703 peccato
1025 3645 1337 3705 resurgere
1359 3647 1466 3707 per
1490 3634 1742 3693 liberum
1779 3636 2103 3694 arbitrium.
2133 3636 2278 3709 (1-11,
2303 3653 2362 3710 q.
2393 3651 2517 3709 ciii,
2545 3644 2663 3697 art.
2693 3639 2777 3713 7.)

1408 3851 1664 3917 CAPUT
1713 3854 1968 3919 CLVIII.

1068 4031 1358 4085 nummu
1391 4033 1556 4080 ΗΟΠΟ
1592 4036 1636 4082 Δ
1672 4037 1930 4084 PEccATo
1966 4037 2314 4095 mnium.

543 4188 692 4271 Quia
718 4205 859 4252 vero
885 4192 1068 4253 homo
1098 4208 1218 4254 non
1266 4198 1561 4267 potestati
1592 4213 1780 4257 unum
1824 4201 2233 4272 oppositorum
2281 4203 2472 4263 redire
2519 4206 2640 4265 nisi
2668 4206 2895 4266 recedat
3006 4220 3007 4229 2

465 4254 546 4315 ab
572 4259 710 4330 alic,
741 4263 814 4343 ad
845 4264 960 4322 lioc
1004 4265 1162 4338 quod
1194 4265 1377 4325 homo
1425 4268 1649 4326 auxilio
1679 4270 1879 4343 gratiae
1908 4270 1982 4329 ad
2030 4278 2249 4331 statum
2289 4275 2673 4335 rectitudinis
2702 4277 2893 4335 redeat

467 4338 998 4414 necessariumest
1022 4336 1183 4407 quod
1211 4351 1246 4394 a
1272 4342 1537 4408 peccam,
1566 4354 1673 4409 per
1716 4339 1873 4413 quod
1905 4356 1942 4399 a
1971 4342 2324 4401 rectitudine
2348 4345 2772 4416 declinaverat,
2802 4359 2889 4405 re-

461 4396 658 4456 cedat.
689 4401 775 4465 Et,
803 4417 946 4475 quia
974 4403 1156 4464 homo
1184 4406 1251 4464 in
1277 4407 1552 4466 ultimum
1581 4407 1761 4467 finem
1790 4410 2068 4485 dirigitur
2095 4418 2153 4471 et
2179 4413 2254 4472 ab
2277 4427 2349 4472 eo
2378 4418 2667 4475 avertitur
2693 4416 2886 4491 praeci·
