3076 5025
409 302 512 360 328
1323 295 1458 352 Lm.
1497 294 1599 364 111,
1639 293 1793 351 CAP.
1835 292 1941 349 Lv.

412 424 684 492 alterum,
717 422 811 480 vel
857 419 1121 479 materiae
1151 416 1227 477 ad
1266 417 1522 477 formam
1559 416 1656 475 vel
1700 428 1901 474 causae
1937 414 2015 474 ad
2043 412 2343 473 effectum.
2377 411 2475 471 Sic
2505 411 2667 470 enim
2693 410 2857 471 nihil

410 493 687 576 prohibet
714 505 850 573 esse
877 490 1324 573 proportionem
1368 491 1655 569 creaturae
1707 486 1781 543 ad
1835 488 2021 543 Deum
2059 484 2401 567 secundum.
2436 482 2858 542 habitudinem

411 565 805 636 intelligentis
837 563 911 620 ad
940 561 1337 627 intellectum,
1369 565 1529 616 sicut
1556 562 1737 614 etiam
1771 557 2105 615 secundum
2135 555 2545 616 habitudinem
2595 553 2855 614 effectus

414 635 774 695 adcausam.
804 632 969 690 Unde
995 635 1158 705 patet
1180 629 1406 689 solutio
1438 633 1624 687 sextae
1651 627 2033 699 objectionis.

1423 848 1679 951 CAPUT
1718 847 1841 916 LV.

524 1033 676 1087 QUOD
715 1029 1067 1077 mmmcrus
1104 1029 1368 1075 otmarus
1403 1028 1526 1075 NON
1553 1027 2004 1074 comunmm‘r
2029 1025 2286 1074 mvmau
2313 1025 2740 1073 SUBSTANTiAM.

489 1196 643 1266 Quia
666 1210 807 1254 vero
835 1192 929 1265 cuj
978 1192 1158 1250 slibet
1182 1190 1441 1250 actionis
1475 1191 1693 1250 modus
1723 1189 1997 1264 sequitur
2013 1189 2343 1249 efficaciam
2365 1189 2541 1248 activi
2561 1188 2847 1272 principii

441 1267 637 1341 magis
666 1268 822 1324 enim
849 1265 939 1322 cal
1002 1261 1326 1334 acit‚cujus
1354 1262 1520 1320 calor
1544 1261 1870 1320 virtuosior
1906 1260 2041 1334 est),
2060 1266 2293 1333 oportet
2321 1260 2481 1334 quod
2507 1266 2687 1318 etiam
2717 1274 2850 1318 mo-

464 1353 534 1398 us
563 1336 930 1410 cognitionis
992 1339 1244 1406 equatur
1267 1331 1597 1391 efficaciam
1631 1332 1908 1413 principii
1930 1332 2358 1414 cognoscendi.
2386 1332 2608 1389 Lumen
2641 1345 2716 1413 au
2729 1336 2852 1390 tem

418 1403 2854 1545 {isitii-⁰rniziiessffitditaetigviffiffistrategii,sslssfiipffligffifssssrotata

420 1563 565 1623 ergo
593 1549 755 1622 quod
782 1547 999 1606 modus
1029 1545 1246 1602 divinae
1291 1544 1548 1603 visionis
1580 1550 2099 1602 commensuretur
2123 1543 2326 1602 virtuti
2369 1542 2634 1614 praedicii
2670 1542 2848 1600 luini-

421 1622 539 1682 nis.
585 1622 805 1677 Lumen
839 1622 1034 1675 autem
1107 1614 1411 1673 raedictum
1440 1615 1695 1672 multum
1716 1612 1913 1673 deficit
1960 1614 2023 1672 in
2052 1614 2266 1672 virtute
2295 1628 2333 1671 a
2358 1613 2626 1672 claritate
2656 1612 2853 1672 divini

420 1690 781 1749 intellectus.
810 1685 1064 1758 Impossi
1111 1686 1188 1743 ile
1216 1690 1310 1743 est
1336 1698 1499 1759 ergo,
1531 1685 1691 1758 quod
1719 1699 1824 1755 per
1852 1683 2196 1757 hujusmodi
2226 1686 2428 1743 lumen
2468 1683 2553 1742 ita
2588 1683 2849 1754 perfecte

423 1760 624 1820 divina
652 1758 989 1818 substantia
1009 1756 1298 1825 videatur,
1329 1756 1487 1814 sicut
1515 1770 1645 1813 eam
1665 1756 1826 1813 videt
1852 1756 2191 1814 intellectus
2207 1755 2467 1813 divinus.
2502 1754 2849 1815 Intellectus

421 1837 619 1889 autem
650 1830 890 1887 divinus
920 1827 1316 1885 substantiam
1338 1825 1499 1884 illam
1530 1826 1691 1883 videt
1719 1827 1803 1884 ita
1872 1826 2110 1895 erfecte,
2131 1826 2291 1885 sicut
2306 1825 2567 1898 perfecte
2585 1824 2847 1884 visibilis

422 1906 535 1969 est,
565 1901 784 1958 veritas
833 1898 993 1957 enim
1042 1897 1257 1954 divinae
1300 1897 1652 1955 substantiae
1692 1902 1751 1954 et
1794 1912 1826 1954 c
1853 1898 2035 1955 aritas
2084 1896 2424 1955 intellectus
2466 1895 2650 1954 divini
2706 1901 2851 1954 sunt

424 1969 700 2044 aequalia,
757 1971 881 2028 imo
907 1968 1101 2041 inagis
1133 1972 1276 2024 sunt
1304 1980 1510 2025 unum.
1547 1967 1926 2038 impossibile
1951 1973 2044 2026 est
2081 1967 2287 2040 igitur,
2317 1966 2474 2040 quod
2505 1967 2847 2025 intellectus

423 2046 660 2101 creatus
687 2055 789 2112 per
804 2042 1005 2099 lumen
1028 2037 1376 2109 praedictum
1399 2038 1872 2096 videatdivinam
1896 2038 2292 2096 substantiam
2313 2038 2396 2095 ita
2416 2037 2672 2109 perfecte
2691 2037 2850 2095 sicut

421 2111 681 2185 perfecte
693 2118 786 2169 est
806 2109 1085 2167 visibilis.
1118 2109 1304 2166 Omne
1323 2113 1519 2166 autem
1537 2108 1699 2182 quod
1716 2108 2237 2181 comprehenditur
2251 2108 2325 2166 ab
2341 2108 2462 2166 alio
2479 2121 2849 2181 cognoscen-

419 2190 501 2250 te,
515 2182 903 2254 cognoscitur
917 2179 991 2238 ab
1003 2192 1074 2237 eo
1088 2179 1172 2236 ita
1188 2178 1443 2250 perfecte
1463 2179 1621 2238 sicut
1641 2179 2050 2252 cognoscibile
2062 2185 2173 2238 est.
2191 2179 2303 2248 Qui
2317 2179 2477 2236 enim
2500 2178 2661 2236 novit
2681 2178 2849 2251 quod

420 2253 575 2311 trian
627 2253 762 2311 ulus
819 2250 994 2309 habet
1045 2256 1166 2308 tres
1221 2249 1478 2322 angulos
1523 2250 1786 2322 aequales
1832 2250 2068 2309 duobus
2113 2250 2294 2309 rectis
2337 2250 2506 2323 quasi
2537 2261 2574 2307 o
2616 2248 2846 2307 inabile

422 2267 720 2396 quodfiam
768 2319 1062 2402 probabili
1107 2320 1338 2401 ratione
1389 2319 1531 2394 quia
1558 2321 1664 2403 ‚sic
1692 2336 1727 2379 a
1758 2320 2130 2403 sapientibus
2158 2320 2397 2389 dicitur,
2429 2332 2558 2402 non·
2595 2332 2693 2401 uni
2724 2319 2847 2378 lioc

420 2391 906 2474 comprehendit3
949 2391 1053 2450 sed
1084 2390 1280 2449 solum
1317 2389 1439 2460 ille,
1470 2406 1572 2472 qui
1604 2391 1717 2449 hoc
1750 2396 1911 2449 novit
1939 2405 2111 2464 quasi
2191 2390 2448 2449 uoddam
2475 2390 2708 2460 scibile,
2738 2402 2850 2462 per

421 2463 683 2525 medium
715 2462 873 2537 quod
905 2467 1226 2544 estcausa.
1259 2462 1634 2534 impossibile
1662 2468 1754 2520 est
1792 2462 1977 2536 igitur
2012 2407 2185 2536 quodl
2228 2460 2571 2521 intellectus
2607 2468 2846 2521 creatus

423 2535 684 2595 dIvinam
712 2534 1108 2593 substantiam
1140 2533 1624 2605 comprehendat.

491 2606 709 2668 Adhuc,
739 2605 929 2663 virtus
965 2602 1134 2662 finita
1175 2617 1297 2662 non
1338 2608 1534 2684 potest
1583 2603 1894 2676 adaequare
1939 2605 2002 2661 in
2032 2617 2145 2663 sua
2172 2603 2521 2686 operatione
2545 2602 2847 2675 objectum

422 2675 722 2735 infinitum
767 2675 1104 2734 substantia
1149 2679 1345 2731 autem
1394 2674 1597 2731 divina
1622 2680 1711 2732 est
1742 2673 2041 2747 quoddam
2071 2673 2372 2732 infinitum
2400 2689 2505 2746 per
2536 2688 2847 2746 compara-

421 2748 646 2805 tionem
687 2745 762 2804 ad
790 2759 1028 2805 omnem
1077 2745 1445 2802 intellectum
1477 2750 1763 2812 creatum,
1794 2759 1930 2803 cum
1970 2746 2170 2804 omnis
2220 2745 2562 2804 intellectus
2607 2750 2845 2804 creatus

421 2817 537 2877 sub
564 2822 726 2875 certa
744 2816 942 2888 specie
970 2815 1338 2873 terminetur.
1370 2814 1749 2885 Impossibile
1779 2821 1869 2874 est
1893 2829 2037 2889 ergo
2066 2814 2226 2889 quod
2265 2815 2419 2874 visio
2466 2815 2723 2897 alicujus
2750 2815 2845 2873 in·

421 2888 696 2946 tellectus
740 2887 919 2944 creati
964 2885 1234 2959 adaequet
1256 2887 1319 2942 in
1347 2885 1606 2943 videndo
1639 2884 1899 2944 divinam
1926 2886 2323 2945 substantiam
2354 2885 2587 2944 scilicet
2613 2891 2701 2944 ita
2717 2899 2844 2958 pei·-

421 2957 573 3040 fecte
619 2958 810 3029 ipsam
850 2955 1129 3085 vildenddo,
1173 2956 1330 3014 sicut
1355 2955 1618 3014 visibilis
1645 2961 1756 3014 est.
1796 2956 2008 3016 Nullus
2035 2957 2220 3029 igitur
2240 2957 2578 3015 intellectus
2607 2962 2848 3016 creatus

420 3041 614 3086 isam
645 3041 777 3084 com
823 3040 884 3084 re
930 3040 1003 3084 en
1051 3043 1114 3084 i.

444 3042 978 3168 pAmpliuS,p0mne
1022 3110 1209 3171 agens
1263 3097 1327 3155 in
1374 3101 1606 3155 tantum
1642 3097 1905 3179 perfecte
1956 3097 2100 3171 agit,
2144 3098 2204 3155 in
2253 3102 2537 3171 quantum
2570 3098 2849 3179 ‚perfecte

464 3169 736 3239 articipat
763 3168 1013 3226 formam
1043 3181 1176 3240 quae
1197 3172 1289 3225 est
1323 3168 1693 3237 operationis
1720 3168 2101 3240 principium,
2122 3168 2315 3227 forma
2341 3173 2538 3227 autem
2567 3168 2758 3226 intelli
2810 3169 2850 3211 ‘-

417 3182 562 3297 fluis
591 3253 710 3312 qua
738 3238 938 3297 divina
965 3238 1302 3297 substantia
1329 3238 1582 3308 videtur,
1614 3244 1705 3297 est
1751 3239 1887 3311 ipsa
1918 3239 2120 3297 divina
2148 3240 2413 3298 essentia
2441 3252 2573 3311 qiiae
2601 3239 2716 3298 etsi
2789 3244 2853 3297 at

420 3310 612 3368 forma
640 3308 828 3366 intelli
879 3308 1037 3366 ‘bilis
1066 3307 1404 3368 intellectus
1434 3309 1640 3378 creati,
1671 3322 1793 3368 non
1822 3315 2021 3368 tamen
2052 3309 2394 3368 intellectus
2423 3314 2661 3368 creatus
2690 3309 2851 3382 capit

417 3380 612 3454 ipsam
636 3393 819 3437 secun
869 3392 964 3436 um
989 3383 1178 3437 totum
1205 3391 1386 3450 posse
1416 3379 1567 3453 eJ'us.
1596 3382 1725 3437 Non
1756 3380 1940 3452 igitur
1963 3381 2048 3437 ita
2064 3380 2321 3452 perfecte
2351 3380 2545 3452 ipsam
2566 3379 2729 3439 videt
2765 3380 2849 3439 si·

419 3456 521 3509 out
551 3452 683 3521 ipsa
713 3449 969 3507 visibilis
997 3454 1088 3506 est
1118 3462 1241 3507 non
1271 3463 1416 3523 ergo
1442 3451 1969 3523 comprehenditur
1987 3451 2060 3508 ab
2090 3451 2394 3509 intellectu
2425 3456 2649 3510 creato.

488 3523 640 3589 item,
658 3521 890 3577 nullum
918 3520 1416 3591 comprehensum
1437 3521 1641 3579 excedi
1664 3522 1955 3581 terminos
1974 3521 2562 3593 comprehendentis.
2578 3522 2637 3581 Si
2666 3522 2849 3595 igitur

420 3590 762 3651 intellectus
814 3596 1051 3649 creatus
1091 3589 1352 3649 divinam
1399 3591 1795 3650 substantiam
1849 3592 2401 3665 comprehenderet,
2449 3591 2653 3651 divina
2705 3592 2849 3651 sub·

418 3661 639 3720 stantia
658 3674 779 3718 non
808 3661 1117 3719 excederet
1146 3661 1369 3720 limites
1389 3662 1729 3721 intellectus
1755 3663 1960 3732 creati;
2031 3663 2147 3722 uod
2178 3668 2271 3721 est
2300 3662 2700 3734 impossibile.
2734 3665 2848 3722 lm·

412 3730 706 3861 posfiibiclle
725 3738 847 3859 test
878 3731 1063 3805 igitur
1118 3732 1278 3806 quod
1333 3732 1674 3791 intellectus
1703 3739 1940 3792 creatus
1988 3678 2249 3793 flivinam
2272 3733 2672 3793 substantiam
2693 3745 2848 3793 com·

414 3815 456 3875 p
488 3877 618 3932 Non
644 3879 838 3931 autem
870 3872 959 3931 sio
988 3871 1206 3931 dicitur
1229 3873 1390 3946 quod
1419 3871 1621 3931 divina
1648 3873 1991 3933 substantia
2014 3872 2088 3931 ab
2117 3872 2423 3932 intellectu
2456 3879 2657 3933 creato
2684 3874 2844 3934 vide-

414 3947 532 4011 tur,
562 3956 683 4001 non
730 3949 930 4001 tamen
979 3943 1536 4014 comprehenditur,
1567 3944 1739 4016 quasi
1781 3943 2012 4017 aliquid
2038 3943 2171 4016 ejus
2216 3944 2507 4013 videatur,
2538 3950 2598 4003 et
2619 3944 2842 4019 aliquid

415 4026 540 4074 non
567 4014 869 4083 videatur;
900 4027 1036 4072 cum
1080 4015 1284 4072 divina
1326 4013 1665 4073 substantia
1690 4014 1771 4073 sit
1816 4014 2072 4086 simplex
2113 4015 2385 4072 omnino.
2413 4014 2525 4072 Sed
2556 4015 2700 4088 quia
2726 4029 2847 4074 non

413 4084 501 4143 ita
551 4085 804 4155 perfecte
848 4084 924 4142 ab
968 4084 1273 4143 intellectu
1320 4089 1518 4143 creato
1562 4086 1820 4156 videtur,
1852 4085 2008 4143 sicut
2049 4084 2310 4144 visibilis
2357 4089 2451 4143 est
2482 4099 2629 4156 :per
2670 4100 2845 4158 quem

412 4152 660 4212 modum
689 4155 907 4213 dicitur
946 4156 1222 4237 opinans·
1246 4154 1701 4214 conclusionem
1730 4156 2276 4238 ‘demonstrativam
2320 4168 2393 4212 co
2439 4167 2711 4235 noscere,
2742 4157 2847 4215 sed

413 4235 539 4282 non
569 4226 1091 4296 comprehendere,
1121 4238 1265 4300 quia
1286 4237 1410 4283 non
1434 4227 1692 4297 perfecte
1727 4239 1916 4298 ipsam
1959 4231 2294 4299 cognoscit,
2326 4239 2413 4283 sci
2443 4231 2560 4283 icet
2629 4240 2694 4284 er
2719 4239 2845 4285 nio·

414 4292 555 4352 dum
604 4295 890 4367 scientiae,
938 4296 1078 4354 licet
1124 4296 1292 4354 nulla
1335 4309 1475 4367 pars
1526 4296 1658 4370 ejus
1701 4296 1981 4370 sitquam
2034 4309 2159 4354 non
2198 4240 2626 4369 cognoscat&
2668 4301 2842 4369 part.,

412 4379 473 4437 q.
496 4376 602 4431 xii,
633 4368 741 4420 art.
771 4370 805 4424 7
830 4383 846 4435 ;
876 4372 935 4423 et
961 4369 1086 4438 1-11,
1113 4382 1172 4440 q.
1198 4378 1286 4438 iv,
1314 4370 1424 4425 art.
1454 4365 1534 4441 3).
