3076 5025
307 2536 312 2545 ·
340 2536 463 2581 non
495 2524 752 2582 intendit
777 2524 895 2583 nisi
924 2524 987 2581 in
1018 2529 1307 2598 quantum
1336 2529 1432 2582 est
1455 2524 1842 2596 conjunctum

1266 286 1400 343 Lm.
1442 286 1541 356 ιιι,
1582 287 1736 343 cAP.
1775 287 1894 342 vn.
2675 296 2780 348 265

331 407 604 481 junctam
632 408 1026 481 privationem
1059 407 1205 466 boni
1235 407 1569 466 secundum
1597 408 1888 468 rationem
1916 407 2008 473 ve]
2038 422 2275 482 semper
2300 410 2394 468 vel
2419 410 2779 485 frequenter,

335 476 616 551 sequitur
658 478 883 536 malum
913 478 1160 547 morale,
1193 492 1314 536 non
1347 477 1688 544 casualiter,
1720 478 1826 536 sed
1866 479 1960 536 vel
2007 492 2243 549 semper
2283 479 2375 538 vel
2418 482 2779 556 frequenter,

336 548 501 607 sicut
524 552 685 621 patet
726 549 790 606 in
820 563 892 608 eo
924 550 1025 623 qui
1055 549 1184 607 vult
1224 550 1309 607 uti
1342 549 1567 606 femina
1597 556 1837 621 propter
1875 550 2352 618 delectationem,
2380 552 2476 608 cui
2525 553 2782 612 delecta-

334 618 490 677 tioni
545 617 827 691 adiuncta
874 625 967 678 est
1012 618 1378 678 inordinatio
1439 618 1714 677 adulterii
1753 636 1770 689 ;
1828 618 1987 677 unde
2042 621 2262 678 malum
2324 621 2597 680 adulterii
2656 638 2780 682 non

334 688 612 762 sequitur
660 690 981 748 casualiter
1011 709 1026 761 ;
1059 696 1222 748 esset
1250 696 1448 748 autem
1491 689 1735 747 casuale
1763 690 2007 757 malum,
2042 690 2093 748 si
2123 691 2198 748 ad
2229 691 2286 747 id
2335 692 2495 764 quod
2524 693 2781 751 intendit

336 764 693 832 sequeretur
735 760 980 834 aliquod
1026 767 1333 831 peccatum
1383 765 1449 818 ut
1494 760 1559 816 in
1605 759 2012 831 paucioribus,
2048 761 2204 818 sicut
2250 776 2432 832 quum
2482 764 2621 836 quis
2649 779 2784 836 pro-

338 829 553 889 ‘iciens
582 831 657 889 ad
686 844 855 889 avem
884 830 1165 888 interficit
1189 831 1516 888 hominem.
1551 830 1722 898 Quod
1750 835 1950 887 autem
1994 830 2338 904 hujusmodi
2369 832 2530 891 bona
2559 833 2781 908 aliquis

329 845 610 960 intendat
637 907 703 960 ut
728 902 794 960 in
816 901 1111 1030 {turibus
1140 901 1360 982 quibus
1378 901 1755 1028 (privationes
1780 900 1923 958 boni
1957 901 2286 958 secundum
2324 904 2615 962 rationem
2642 919 2785 964 con-

337 977 687 1045 sequantur,
715 986 783 1029 ex
859 986 930 1030 oc
959 978 1232 1045 provenit
1253 985 1372 1045 quo
1437 971 1642 1043 plures
1660 976 1867 1028 vivunt
1885 971 2215 1029 secundum
2238 986 2506 1045 sensum,
2525 989 2599 1032 eo
2620 976 2780 1049 quod

337 1041 657 1100 sensibilia
681 1056 805 1100 non
827 1049 969 1102 sunt
991 1043 1168 1101 nobis
1188 1042 1509 1099 manifesta
1528 1045 1589 1099 et
1616 1040 1811 1116 magis
1839 1039 2162 1098 efficaciter
2188 1045 2486 1101 moventia
2514 1046 2579 1102 in
2606 1046 2785 1118 parti-

336 1112 669 1182 cularibus,
721 1113 787 1171 in
832 1113 1055 1187 quibus
1110 1118 1204 1171 est
1252 1127 1288 1170 o
1334 1114 1520 1170 eratio
1551 1129 1566 1193 ξ
1607 1111 1682 1169 ad
1735 1111 1913 1183 plura
1966 1117 2162 1169 autem
2219 1113 2429 1172 talium
2481 1113 2782 1175 bonorum

336 1184 613 1254 sequitur
640 1183 891 1256 privatio
918 1183 1065 1242 boni
1098 1198 1281 1242 secun
1333 1197 1429 1240 um
1453 1187 1770 1242 rationem.

411 1256 492 1311 Ex
543 1268 664 1326 quo
710 1258 873 1327 patet
914 1255 1094 1328 quod,
1143 1254 1283 1311 licet
1330 1253 1554 1311 malum
1606 1258 1821 1325 praeter
1865 1251 2261 1311 intentionem
2308 1253 2408 1325 sit,
2438 1261 2531 1314 est
2579 1261 2781 1318 tamen

335 1324 764 1394 voluntarium,
787 1331 854 1383 ut
878 1325 1143 1383 secunda
1162 1324 1316 1382 ratio
1339 1323 1639 1396 proponit,
1664 1323 1804 1381 licet
1820 1336 1941 1382 non
1972 1337 2077 1396 per
2097 1336 2161 1381 se
2215 1323 2322 1382 sed
2346 1338 2452 1396 per
2478 1327 2805 1387 accidens:

335 1395 599 1452 Intentio
628 1396 786 1453 enim
820 1402 912 1454 est
940 1395 1134 1453 ultimi
1178 1395 1319 1452 finis
1349 1409 1528 1468 quem
1558 1394 1696 1467 quis
1722 1399 1964 1466 propter
1990 1408 2057 1475 se
2084 1366 2249 1464 vult;
2276 1400 2554 1476 voluntas
2584 1404 2782 1457 autem

337 1470 432 1524 est
469 1464 658 1523 etiam
699 1466 831 1538 ejus
877 1465 1038 1539 quod
1086 1467 1225 1547 quis
1269 1465 1397 1523 vult
1438 1471 1683 1547 propter
1722 1465 1909 1535 aliud,
1955 1464 2193 1523 etiamsi
2248 1464 2603 1547 simpliciter
2658 1481 2782 1527 non

335 1535 552 1607 vellet3
584 1536 744 1594 sicut
769 1537 871 1610 qui
901 1536 1140 1608 projicit
1176 1549 1406 1595 merces
1434 1550 1499 1594 ιιι
1545 1549 1710 1595 mare
1738 1549 1923 1594 causa
1951 1535 2167 1594 salutis
2195 1547 2320 1593 non
2364 1537 2620 1595 intendit
2646 1552 2785 1611 pro·

331 1605 658 1679 jectionem
701 1607 1012 1670 mercium,
1041 1606 1147 1665 sed
1175 1608 1470 1677 salutem3
1514 1605 1941 1679 proiectionem
1973 1612 2172 1664 autern
2214 1606 2361 1676 vult,
2397 1620 2522 1665 non
2553 1609 2784 1680 simpli-

338 1677 505 1746 citer,
545 1677 652 1734 sed
679 1690 868 1735 causa
908 1678 1143 1737 salutis.
1175 1678 1478 1746 Similiter,
1508 1690 1620 1748 pro
1662 1682 1750 1736 ter
1778 1678 2017 1751 aliquod
2054 1678 2277 1735 bonum
2327 1677 2616 1737 sensibile
2647 1693 2788 1738 con·

337 1748 714 1820 sequendum
766 1747 895 1806 vult
945 1746 1166 1821 aliquis
1216 1748 1412 1806 facere
1467 1747 1605 1805 inor
1646 1748 1871 1806 inatam
1922 1748 2240 1818 actionem,
2287 1761 2412 1807 non
2458 1750 2781 1809 intendens

337 1816 866 1901 inordinationem,
910 1832 1103 1891 neque
1129 1818 1338 1876 volens
1368 1832 1498 1876 eam
1545 1818 1918 1891 simpliciter,
1950 1819 2058 1877 sed
2085 1823 2328 1902 propter
2357 1818 2512 1890 hoc;
2544 1827 2602 1878 et
2648 1820 2785 1880 ideo

337 1887 456 2017 {1⁰⁰
500 1888 681 1972 modo
723 1888 952 1972 malitia
995 1894 1054 1947 et
1097 1894 1405 1961 peccatum
1434 1889 1716 1950 dicuntur
1743 1902 1881 1948 esse
1905 1889 2265 1959 voluntaria,
2296 1888 2457 1949 sicut
2489 1890 2780 1964 projectio

404 1973 632 2016 erolum
659 1973 722 2017 ιιι
748 1973 922 2018 mari.

409 2028 630 2087 Eodem
661 2035 860 2087 autem
890 2030 1069 2089 modo
1101 2035 1262 2103 patet
1290 2031 1516 2089 solutio
1560 2030 1637 2088 ad
1685 2030 1922 2088 tertiam
1974 2029 2396 2104 obiectionem.
2452 2034 2771 2106 Nunquam

337 2099 501 2156 enirn
531 2100 833 2158 invenitur
860 2102 1113 2159 mutatio
1142 2101 1547 2172 corruptionis
1577 2101 1710 2160 sine
1734 2102 2066 2160 mutatione
2097 2103 2530 2174 generationis»,
2576 2108 2636 2160 et
2664 2118 2772 2176 per

337 2181 723 2253 consequens
751 2184 862 2229 nec
889 2172 1030 2229 finis
1059 2172 1462 2244 corruptionis
1479 2172 1615 2229 sine
1642 2171 1761 2230 fine
1785 2171 2216 2245 generationis.
2235 2175 2460 2231 Natura
2478 2186 2624 2247 ergo
2648 2187 2773 2232 non

338 2240 598 2299 intendit
624 2240 806 2299 finem
834 2255 1009 2300 corru
1053 2242 1238 2301 tionis
1260 2255 1533 2300 seorsum
1555 2256 1590 2300 a
1617 2240 1738 2299 fine
1754 2244 2183 2315 generationis,
2206 2243 2313 2301 sed
2339 2243 2524 2302 simui
2551 2249 2779 2303 utrum-

338 2325 478 2384 que.
505 2314 641 2369 Non
668 2311 828 2369 enim
858 2317 953 2370 est
1003 2257 1077 2370 Xe
1127 2312 1459 2370 intentione
1512 2317 1741 2370 naturae
1796 2312 2074 2372 absoluta
2100 2313 2262 2386 quod
2303 2326 2425 2371 non
2474 2314 2556 2372 sit
2597 2329 2780 2389 aqua,

341 2381 449 2440 sed
475 2382 636 2458 quod
659 2382 741 2441 sit
770 2397 892 2453 aer,
959 2396 1040 2442 uo
1090 2383 1381 2441 existente
1410 2395 1532 2441 non
1570 2388 1667 2441 est
1695 2393 1885 2454 aqua;
1929 2383 2045 2441 hoe
2091 2397 2238 2456 ergo
2284 2383 2444 2456 quod
2493 2389 2587 2444 est
2641 2399 2780 2445 esse

341 2465 539 2511 aerem
561 2452 822 2512 intendit
850 2467 928 2511 na
956 2466 1063 2511 ura
1092 2452 1423 2511 secundum
1453 2466 1551 2523 se;
1580 2453 1697 2511 hoc
1726 2465 1868 2510 vero
1894 2452 2056 2580 quod
2084 2460 2181 2510 est
2213 2464 2338 2510 non
2375 2467 2513 2512 esse
2559 2468 2778 2528 aquam

1871 2537 1905 2580 e
1948 2522 2109 2596 quod
2140 2528 2236 2582 est
2259 2536 2398 2582 esse
2429 2538 2648 2583 aerem.
2685 2528 2780 2595 Sic

340 2593 530 2668 igitur
554 2595 921 2668 privationes
949 2609 987 2653 a
1013 2600 1228 2653 natura
1253 2607 1376 2653 non
1406 2600 1547 2652 sunt
1577 2593 1910 2651 secundum
1941 2606 2009 2652 se
2037 2593 2297 2666 intentoe,
2323 2593 2428 2652 sed
2447 2596 2779 2655 secundum

273 2678 303 2689 ’·
339 2664 659 2735 accidens;
691 2665 900 2724 formae
926 2679 1092 2733 vero,
1124 2664 1456 2723 secundum
1489 2676 1578 2722 se.

412 2737 581 2793 Patet
607 2748 752 2809 ergo
777 2750 851 2795 ex
878 2736 1213 2809 praemissis
1243 2733 1403 2807 quod
1423 2733 1576 2791 illud
1605 2733 1763 2806 quod
1793 2737 1890 2792 est
1913 2718 2268 2805 simpliciter
2281 2734 2508 2792 malum
2529 2737 2780 2795 omnino

343 2810 438 2863 est
458 2810 675 2877 praeter
700 2806 1094 2865 intentionem
1124 2805 1189 2864 in
1220 2803 1503 2876 operibus
1521 2810 1772 2874 naturae,
1793 2804 1951 2863 sicut
1965 2807 2171 2878 partus
2188 2805 2560 2864 monstruosi
2576 2824 2592 2876 3
2618 2807 2782 2880 quod

342 2888 487 2934 vero
517 2889 641 2934 non
671 2883 764 2935 est
796 2876 912 2935 sim
954 2876 1167 2945 liciter,
1198 2875 1307 2934 sed
1335 2874 1516 2932 alicui
1545 2874 1795 2946 malum,
1844 2887 1970 2934 non
2016 2879 2110 2933 est
2154 2874 2448 2935 intentum
2491 2888 2531 2935 a
2564 2882 2780 2936 natura

347 2945 681 3027 secundum
711 2958 799 3017 se,
837 2959 905 3006 se
986 2945 1318 3007 secundum
1348 2944 1650 3004 accidens.

1357 3164 1617 3230 CAPUT
1650 3162 1786 3230 vll.

951 3346 1107 3402 QUOD
1141 3345 1351 3401 imum
1383 3342 1503 3392 NON
1532 3343 1641 3390 1381·
1675 3343 1896 3399 annua
1927 3343 2187 3393 numu.

421 3512 504 3568 Ex
530 3509 630 3569 his
655 3514 855 3568 autem
882 3514 1125 3581 apparet
1147 3509 1309 3583 quod
1336 3508 1506 3567 nulla
1533 3508 1797 3568 essentia
1818 3513 1910 3568 est
1941 3508 2273 3568 secundum
2301 3522 2370 3568 se
2397 3510 2580 3570 mala.

418 3582 638 3639 Malum
666 3580 849 3648 enim,
883 3585 946 3636 ut
975 3579 1198 3638 dictum
1227 3584 1321 3638 est
1347 3579 1422 3651 (c.
1449 3578 1530 3651 7),
1581 3578 1732 3637 nihil
1771 3582 1865 3638 est
1908 3578 2072 3637 aliud
2116 3593 2293 3651 quam
2340 3580 2593 3652 privatio
2643 3581 2774 3665 ejus

350 3650 511 3725 quod
539 3651 678 3733 quis
699 3655 878 3709 natus
905 3655 999 3731 est
1024 3649 1284 3731 tit-debet
1310 3649 1559 3718 habere3
1585 3649 1676 3707 sic
1707 3649 1866 3731 enim
1894 3648 2051 3720 apud
2072 3662 2283 3730 omnes
2304 3655 2396 3709 est
2422 3664 2571 3710 usus
2592 3651 2774 3725 huJus

351 3721 618 3780 nominis
637 3721 860 3777 malum.
892 3720 1150 3779 Privauo
1176 3725 1375 3779 autem
1403 3733 1527 3779 non
1564 3724 1658 3777 est
1684 3718 1886 3791 aliqua
1911 3724 2196 3789 essentia,
2244 3719 2353 3778 sed
2390 3725 2486 3779 est
2529 3723 2774 3795 negatio

348 3791 416 3850 in
444 3790 801 3850 substantia.
821 3786 1037 3848 Malum
1065 3788 1249 3863 igitur
1275 3803 1397 3847 non
1418 3794 1511 3848 est
1537 3788 1738 3862 aliqua
1766 3789 2031 3848 essentia
2054 3786 2116 3847 in
2145 3789 2350 3849 rebus.

421 3862 640 3931 Adhuc,
657 3860 1123 3935 unumquodque
1142 3858 1472 3919 secundum
1493 3872 1666 3919 suam
1686 3859 2010 3919 essentiam
2028 3858 2207 3918 habet
2224 3862 2459 3927 esse.1n
2477 3875 2597 3934 qua
2640 3867 2770 3922 tum

352 3937 548 3992 autem
582 3930 760 3989 habet
785 3928 1030 4004 aliquod
1055 3928 1312 3998 bonum;
1367 3942 1507 3988 nam
1535 3929 1843 3988 sibonum
1880 3934 1975 3989 est
2017 3929 2178 4003 quod
2218 3930 2425 3989 omnia
2465 3942 2498 3989 a
2639 3937 2770 4004 unt,

353 3998 1716 4146 ssssssieidl'iffinffiig‹i'fflffissi‘issfssa‘t‘ffl
1734 3999 2161 4130 ἓξὲξέἓὲἱῗθιῖ
2190 4003 2773 4133 13ωὲὲῶθὲἒέὣὲ

354 4151 416 4203 et
440 4150 540 4201 ma
563 4156 666 4200 um
689 4147 1092 4214 opponuntur.
1125 4141 1284 4199 Nihil
1313 4139 1497 4214 igitur
1535 4146 1628 4200 est
1662 4142 1886 4201 malum
1915 4141 2246 4201 secundum
2265 4142 2426 4216 quod
2445 4144 2771 4204 essentiam

355 4214 556 4274 habet.
575 4211 758 4293 Nulla
777 4212 968 4288 igitur
990 4210 1257 4271 essentia
1277 4210 1436 4270 mala
1463 4215 1573 4270 est.

426 4284 705 4359 Amplius,
730 4284 929 4342 omnis
953 4288 1050 4342 res
1085 4282 1189 4341 vel·
1204 4288 1296 4341 est
1314 4295 1501 4354 agens
1534 4281 1629 4339 vel
1658 4286 1751 4340 est
1774 4281 1948 4339 facta.
1967 4281 2184 4341 Malum
2203 4288 2400 4342 autem
2429 4297 2553 4344 non
2578 4289 2775 4358 potest

359 4368 498 4414 esse
526 4368 734 4437 agens,
762 4354 905 4428 quia
928 4352 1218 4426 quidquid
1323 4352 1366 4409 ’t
1380 4352 1444 4409 in
1464 4355 1751 4424 quantum
1771 4356 1864 4432 est
1879 4358 2015 4434 actu
2034 4352 2298 4412 existens
2318 4360 2376 4412 et
2406 4355 2732 4436 perfectum
2752 4373 2770 4424 ;

363 4432 423 4484 et
450 4424 736 4519 similiter
756 4437 874 4505 non
897 4430 1250 4511 potestesse
1301 4426 1520 4493 actum,
1550 4435 1689 4480 nam
1716 4423 2035 4495 quuSllbet
2052 4424 2456 4497 generationis
2482 4424 2772 4484 terminus
