3076 5025
1082 239 1239 299 un.
1270 240 1324 312 1,
1362 240 1515 299 GAP.
1555 240 1687 300 ux.
2530 244 2606 306 03

74 355 75 358 ’
182 360 605 436 moscendo
653 360 980 420 essentiam
1022 374 1227 420 suam:
1260 364 1585 421 essentiam
1634 367 1831 423 autem
1883 377 2056 423 suam
2111 377 2235 425 non
2283 379 2362 425 co
2447 369 2602 428 oscit

180 432 597 504 componendo
642 432 737 489 vel
786 431 1092 501 addendo;
1135 435 1450 504 cognoscit
1500 435 1659 492 enim
1708 435 1969 506 seipsum
2029 436 2185 495 sicut
2225 443 2336 495 est.
2399 453 2435 496 n
2464 439 2601 510 ipso

181 511 356 585 autem
388 504 569 584 nulla
598 507 696 560 est
720 503 1098 574 compositio,
1118 506 1248 561 Non
1274 505 1459 577 igitur
1477 505 1759 579 intelligit
1776 521 1881 578 per
1907 506 2153 565 modum
2178 509 2602 582 componentis

74 641 75 684 ῑ
180 574 719 716 “fflffiflelasnuae
745 642 1050 724 intellectu
1069 657 1199 702 com
1208 649 1512 715 ponuntur
1529 650 1587 703 ει
1611 645 1976 717 dividuntur,
2003 652 2142 707 nata
2161 653 2304 707 sunt
2322 662 2601 711 seorsum

74 697 77 704 ’
181 716 237 776 ὡ
260 730 340 773 eo
371 714 795 773 considerari:
824 715 1263 785 compositione
1286 716 1442 773 enim
1465 721 1523 773 et
1555 716 1848 774 divisione
1876 730 2031 787 opus
2074 731 2196 777 non
2223 727 2405 790 esset,
2435 722 2489 780 si
2535 721 2602 780 in

180 786 276 846 hoc
335 788 479 858 ipso
510 785 675 858 quod
723 784 796 843 de
826 785 1029 857 aliquo
1082 786 1624 857 apprehenderetur
1671 787 1829 860 quod
1872 794 1985 856 est,
2013 788 2329 849 haberetur
2416 791 2516 850 uid
2542 792 2602 852 ei

159 857 398 917 inesset
422 858 522 914 vel
546 869 674 914 non
705 855 950 913 inesset.
974 856 1034 914 Si
1065 856 1248 928 igitur
1269 859 1425 915 Deus
1452 857 1809 930 intelligeret
1838 872 1945 930 per
1988 858 2232 918 modum
2260 862 2382 920 inte
2409 863 2600 922 lectus

74 941 75 946 ’
181 928 600 1000 componentis
639 932 700 983 et
728 925 1067 993 dividentis,
1089 934 1437 999 sequeretur
1462 928 1623 1001 quod
1670 941 1794 986 non
1835 942 1956 987 uno
1984 929 2200 990 intuitu
2232 933 2437 991 omnia
2463 946 2610 992 con·

181 997 629 1142 εἰιέείτετειέξεᾱ
661 1010 937 1056 seorsum
966 998 1456 1071 unumquodque,
1477 998 1652 1072 cuius
1679 999 2045 1057 contrarium
2079 1014 2262 1074 supra
2288 1009 2602 1063 ostensum
2691 1049 2698 1058 .

180 1084 229 1130 es
308 1085 379 1127 ca
426 1112 442 1126 .
584 1111 599 1125 .

233 1142 389 1221 Anp
413 1143 529 1208 ius,
557 1070 618 1196 {n
650 1140 773 1196 Deo
802 1151 922 1196 non
947 1143 1144 1209 potest
1178 1153 1313 1197 esse
1339 1140 1507 1211 prius
1547 1144 1607 1197 et
1633 1139 1952 1212 posterius.
1983 1143 2354 1215 Compositio
2401 1149 2601 1202 autem

182 1215 231 1269 st
258 1211 480 1292 divisio
514 1210 813 1281 posterior
838 1215 933 1290 est
959 1209 1441 1291 consideratione
1469 1210 1601 1292 ejus
1643 1212 1789 1337 ἵιιοά
1834 1213 1971 1283 quid
2007 1218 2104 1276 est,
2150 1228 2282 1296 quae
2328 1222 2423 1272 est
2471 1215 2604 1286 ejus

182 1281 1041 1407 principium.tlntoperatione
1070 1287 1253 1353 igitur
1298 1283 1483 1338 divim
1526 1286 1650 1338 inte
1679 1285 1864 1342 lectus
1908 1285 2269 1357 compositio
2295 1289 2356 1343 et
2382 1284 2602 1342 divisio

183 1366 311 1413 esse
342 1366 466 1410 non
540 1365 579 1409 o
607 1364 672 1408 es
702 1394 718 1407 .

241 1425 400 1484 Itan.
431 1366 740 1493 prssprium
772 1420 1068 1494 objectum
1100 1420 1440 1480 intellectus
1465 1427 1560 1480 est
1595 1423 1740 1493 quod
1773 1425 1911 1494 quad
1933 1429 2032 1489 est,
2087 1425 2245 1484 unde
2285 1425 2441 1486 circa
2487 1425 2606 1486 boc

186 1507 301 1552 uon
326 1493 628 1563 decipitur
654 1492 1015 1560 intellectus,
1049 1492 1166 1548 nisi
1191 1506 1293 1563 per
1339 1494 1638 1551 accidens.
1673 1495 1838 1552 Circa
1876 1497 2372 1568 compositionem
2403 1505 2603 1556 autem

188 1570 241 1622 ει
265 1565 628 1622 divisionem
661 1562 976 1633 decipitur,
1008 1562 1167 1620 sicut
1194 1570 1253 1620 et
1278 1577 1520 1633 sensus,
1552 1564 1652 1635 qui
1681 1570 1773 1622 est
1817 1568 2212 1647 propriorum,
2244 1582 2480 1640 semper
2508 1573 2603 1627 est

191 1648 385 1702 verus,
408 1635 471 1691 in
500 1634 643 1691 aliis
673 1639 869 1691 autem
902 1633 1144 1691 fallitur.
1179 1637 1240 1690 ln
1273 1634 1580 1692 intellectu
1607 1641 1805 1692 autem
1835 1635 2038 1694 divino
2068 1650 2190 1696 non
2235 1644 2328 1696 est
2371 1639 2602 1712 aliquid

195 1719 299 1776 per
332 1705 625 1773 accidenS,
658 1704 765 1762 sed
795 1704 990 1761 solum
1019 1704 1181 1776 quod
1213 1719 1318 1776 per
1344 1719 1410 1763 se
1440 1711 1552 1763 est.
1586 1707 1648 1761 In
1680 1704 1884 1764 divino
1928 1707 2113 1779 igitur
2148 1708 2449 1768 intellectu
2479 1723 2604 1768 non

202 1780 295 1833 oet
321 1775 671 1846 compositio
699 1780 755 1832 et
785 1774 1025 1842 divisim
1055 1775 1160 1833 sed
1191 1777 1388 1833 solum
1420 1776 1673 1846 simplex
1702 1776 1785 1832 rei
1816 1779 2102 1849 acceptio.

269 1845 534 1915 Amphis,
566 1844 1006 1925 propositionis
1036 1860 1141 1926 per
1165 1846 1528 1904 intellectum
1559 1852 2014 1916 componentem
2040 1855 2097 1905 et
2114 1848 2469 1908 dividentem
2493 1850 2610 1908 for·

197 1922 367 1975 mate
392 1917 753 1986 compositio
781 1916 845 1973 in
875 1916 1007 1986 ipso
1036 1915 1335 1975 intellectu
1369 1916 1591 1985 existit,
1623 1929 1742 1973 non
1774 1916 1838 1974 in
1881 1932 1945 1976 re
1985 1933 2118 1991 qum
2145 1926 2237 1978 est
2283 1927 2447 1979 extra
2478 1921 2607 1980 aui-

194 2000 366 2045 mam.
400 1988 461 2044 Si
498 1987 687 2059 igitur
708 1986 1047 2044 intellectus
1077 1986 1316 2045 divinus
1356 1988 1428 2044 de
1459 1987 1638 2045 rebus
1681 1987 1903 2045 indicet
1954 2003 2060 2061 per
2090 1991 2330 2049 modum
2383 1992 2612 2050 intelle·

188 2057 767 2127 etuscompouentis
798 2063 858 2114 et
883 2056 1225 2127 dividentis,
1255 2058 1369 2115 erit
1391 2058 1730 2116 intellectus
1755 2058 1884 2130 ipse
1912 2062 2305 2132 compositus,
2327 2062 2488 2136 quod
2512 2067 2608 2121 est

187 2128 593 2199 impossihile,
627 2132 693 2185 ut
732 2142 806 2184 ex
848 2128 1208 2198 supradictis
1239 2128 1391 2200 (cap.
1431 2131 1496 2187 ¹8
1525 2129 1738 2199 ipatet.

249 2201 405 2261 Item.
450 2198 798 2256 intellectus
842 2211 1210 2269 componens
1252 2204 1310 2256 et
1357 2199 1630 2257 dividens
1665 2199 1918 2257 diversis
1954 2201 2494 2283 compositionibus
2520 2201 2608 2262 di·

180 2283 355 2329 versa
387 2270 697 2341 dijudicat.
736 2270 1103 2339 Compositio
1126 2269 1285 2326 enim
1316 2270 1654 2327 intellectus
1683 2271 2143 2352 compositioms
2170 2274 2460 2332 terminos
2482 2287 2606 2332 non

180 2342 456 2411 excedit,
517 2339 672 2396 nude
718 2341 1175 2410 compositione,
1224 2355 1342 2412 qua
1402 2340 1741 2399 intellectus
1784 2341 2069 2414 dijudicat
2115 2342 2419 2401 hominem
2471 2358 2608 2403 esse

74 2423 77 2454 'r
182 2413 435 2480 animal,
472 2423 597 2468 non
639 2409 922 2482 diiudicat
949 2412 1311 2492 triangulum
1360 2425 1493 2469 esse
1540 2410 1811 2481 figuram.
1853 2413 2219 2483 Compositio
2265 2420 2463 2473 autem
2511 2413 2605 2472 vel

182 2482 408 2542 divisio
458 2480 729 2553 operatio
785 2482 1052 2555 quaednm
1101 2483 1443 2541 intellectus
1486 2488 1599 2542 est.
1648 2483 1708 2540 Si
1756 2483 1940 2556 igitur
1973 2487 2133 2543 Deus
2180 2498 2278 2543 res
2333 2485 2611 2544 conside·

180 2552 724 2624 ratcomponendo
773 2558 835 2610 et
878 2553 1216 2622 dividendo,
1265 2555 1534 2625 sequitur
1581 2553 1740 2625 quod
1780 2568 1957 2611 suum
2001 2555 2332 2627 intelligere
2377 2569 2500 2614 non
2530 2557 2612 2615 sit

180 2638 373 2684 unum
411 2624 793 2687 tantum.sed
825 2625 1152 2695 multiplex,
1186 2629 1244 2681 et
1295 2624 1385 2681 sic
1432 2629 1492 2681 et
1535 2636 1649 2681 sua
1692 2627 1956 2681 essentia
1983 2637 2106 2681 non
2152 2626 2265 2681 erit
2314 2639 2435 2684 una
2479 2632 2612 2685 tan·

180 2702 337 2764 tum,
366 2709 505 2753 cum
538 2709 653 2752 sua
693 2696 958 2767 operatio
986 2694 1409 2752 intellectualis
1438 2694 1519 2752 sit
1546 2707 1659 2751 sue
1685 2695 1969 2764 essentia,
2007 2700 2073 2751 ut
2119 2707 2302 2766 supra
2326 2694 2479 2768 (cap.
2517 2695 2610 2768 ⁴⁸)

180 2772 506 2826 ostensum
536 2771 649 2823 est.

252 2839 391 2896 Non
417 2843 620 2894 autem
645 2840 884 2907 propter
904 2835 1021 2894 hoc
1064 2838 1297 2906 oportet
1343 2846 1458 2892 nos
1488 2832 1685 2892 dicere
1725 2833 1884 2907 quod
1917 2832 2315 2894 enuntiabilia
2347 2835 2607 2909 ignorat.

180 2909 334 2965 Ram
364 2908 638 2965 essentia
664 2919 776 2964 sua
802 2920 938 2963 cum
964 2905 1043 2965 sit
1066 2919 1187 2963 una
1213 2911 1273 2962 et
1296 2903 1570 2976 simplex,
1608 2906 1907 2976 exemplar
1951 2912 2045 2963 est
2091 2907 2359 2964 omnium
2405 2906 2612 2965 multi·

180 2978 435 3051 {ilicium
467 2984 528 3034 ει
556 2977 1046 3048 compositorum,
1068 2983 1126 3034 et
1152 2976 1241 3034 sic
1262 2990 1368 3048 per
1396 2978 1586 3057 ipsam
1618 2978 1773 3033 Deus
1802 2989 2042 3034 omnem
2065 2977 2511 3036 multitudinem
2552 2982 2613 3038 et

74 3106 75 3109 ,
188 3049 693 3119 compositionem
725 3055 843 3105 tam
874 3054 1291 3118 naturaequam
1322 3047 1575 3105 rationis
1604 3047 1936 3119 cognoscit.

259 3120 365 3177 His
394 3125 596 3176 autern
624 3132 810 3176 sacrae
828 3118 1141 3189 Scripturae
1169 3119 1493 3175 auctoritas
1521 3124 1835 3175 consonat.
1857 3118 2083 3176 Dicitur
2119 3119 2280 3176 enim
2309 3122 2471 3192 isai„
2507 3132 2608 3191 ιτ,

186 3190 259 3249 8:
278 3191 407 3247 Non
431 3191 579 3245 enim
605 3191 950 3258 εορίιαιίοπεε
975 3204 1105 3243 meae
1121 3191 1465 3257 capitationes
1496 3192 1718 3255 vestrm
1741 3195 1800 3246 et
1818 3194 2020 3247 tamen
2046 3188 2108 3245 in
2136 3191 2291 3247 Psai.
2323 3203 2488 3260 xum,
2521 3196 2609 3260 Η,

74 3290 77 3315 ;
180 3259 409 3318 ficitur
438 3279 454 3318 ε
484 3263 628 3315 Deus
653 3262 757 3317 seit
782 3262 1134 3328 capitationes
1160 3260 1452 3325 horninum,
1482 3272 1636 3331 quas
1682 3265 1919 3318 constat
1961 3272 2070 3331 per
2110 3261 2611 3332 compositionem

184 3336 249 3390 ει
274 3331 636 3390 divisionem
668 3330 1006 3387 intellectus
1035 3330 1367 3409 procedere.
1403 3330 1726 3403 Dionysius
1754 3330 1932 3388 etiam
1961 3329 2107 3388 dicit
2132 3344 2262 3404 cap.
2289 3337 2323 3389 7
2351 3335 2432 3389 De
2466 3332 2611 3388 divt-

74 3440 75 3443 ,
180 3403 660 3460 wmnunibusz
703 3401 890 3482 Igitur
937 3400 1139 3458 divina
1184 3400 1478 3479 sapientia
1528 3400 1787 3469 seipsam
1832 3413 2241 3473 cognoscens,
2295 3401 2612 3477 cognoscit

182 3474 395 3533 omnia
440 3478 505 3530 et
532 3472 863 3530 materialia
892 3471 1380 3538 immaterialiter,
1409 3475 1470 3527 et
1495 3469 1945 3532 indivisibiliter
1969 3470 2298 3534 divisibilia
2324 3480 2386 3533 et
2424 3473 2615 3557 multa

74 3586 75 3591 η
182 3543 437 3601 unitivo.
468 3542 517 3612 (1
544 3544 719 3611 part„
747 3553 810 3610 q.
837 3549 970 3609 m,
993 3544 1105 3595 art.
1129 3543 1245 3609 14.)

1183 3732 1441 3797 CAPUT
1476 3728 1633 3796 LIX.

536 3881 693 3936 onon
724 3879 772 3928 a
800 3877 918 3925 nso
953 3876 1075 3924 nou
1106 3876 1472 3923 exempta-un
1504 3873 1760 3921 vaurms
1795 3867 2280 3922 mumnmmt.

267 4017 343 4077 Ex
366 4020 491 4077 hoc
523 4020 721 4073 autem
754 4017 996 4086 apparet
1024 4009 1185 4083 Quod
1213 4009 1353 4067 licet
1377 4008 1562 4067 divini
1591 4007 1934 4067 intellectus
1974 4006 2243 4080 cognitio
2271 4019 2394 4087 non
2421 4018 2489 4066 se
2516 4005 2624 4067 ha·

191 4089 325 4148 beat
350 4092 424 4148 ad
457 4087 707 4145 modum
735 4083 1151 4154 componentis
1179 4086 1235 4137 et
1268 4080 1609 4146 dividentis,
1645 4092 1768 4137 non
1817 4085 2017 4137 tamen
2056 4077 2388 4135 excluditur
2434 4076 2509 4135 ab
2549 4090 2623 4137 eo

192 4161 429 4229 veritas,
491 4170 628 4229 quae
683 4154 1012 4212 secundum
1066 4152 1309 4208 Philoso
1357 4151 1498 4206 hum
1549 4149 1918 4230 (metaphys,
1967 4160 2055 4217 vr,
2108 4153 2250 4205 text.
2300 4161 2516 4205 comm.
2545 4147 2623 4229 ‚8)

189 4230 385 4291 solum
438 4229 607 4287 circa
653 4226 921 4295 composi
954 4226 1150 4281 ionem
1199 4228 1256 4277 ct
1342 4222 1656 4277 ivisionem
1711 4220 2050 4276 intellectus
2097 4223 2209 4276 est.
2267 4218 2413 4275 Cum
2461 4230 2623 4276 enim

187 4302 410 4361 veritas
469 4296 816 4355 intellectus
870 4294 922 4352 si
1003 4292 1338 4365 adaequatio
1389 4291 1729 4347 intellectus
1785 4293 1845 4345 et
1892 4288 2023 4357 rei,
2075 4287 2410 4347 secundum
2507 4286 2625 4365 uod

186 4371 541 4434 intellectus
596 4366 742 4424 dicit
798 4378 937 4425 esse
989 4362 1150 4437 quod
1203 4366 1319 4433 est,
1368 4361 1463 4417 vel
1517 4372 1642 4418 non
1687 4371 1825 4418 esse
1871 4357 2033 4431 quod
2086 4371 2211 4417 non
2266 4362 2378 4428 est,
2561 4353 2626 4412 td
