3076 5025
1048 313 1183 371 LIB.
1226 313 1326 382 ΙΙΙ,
1364 313 1518 370 CAP.
1557 313 1665 370 CV.
2474 303 2584 367 605

1151 528 1405 594 CAPUT
1446 528 1565 594 CV.

492 701 651 748 immi
710 698 1002 747 meolam
1050 698 1450 746 OPERATIONES
1507 698 1865 746 mmmmm
1921 700 2221 748 HABEANT-

196 862 696 937 investigandum
754 869 952 922 autem
994 861 1352 934 relinquitur
1400 861 1561 920 unde
1606 868 1768 921 artes
1812 863 2065 936 magicae
2110 864 2441 924 efficaciam
2478 867 2584 928 lia-

112 937 320 995 beant
349 954 364 994 :
390 934 550 1009 quod
576 933 819 1009 quidem
847 933 1023 992 facile
1044 932 1567 1014 perpendipotest,
1598 933 1654 990 si
1692 933 1910 1015 modus
1955 936 2325 1016 operationis
2370 952 2577 998 earum

114 1006 502 1066 attendatur.
528 1007 598 1063 In
627 1005 759 1063 suis
786 1004 946 1062 enim
977 1003 1429 1076 operationibus
1457 1009 1709 1062 utuntur
1734 1005 1986 1063 vocibus
2006 1006 2367 1078 qmbusdam
2392 1009 2580 1082 signi-

113 1077 399 1137 ficativis
427 1078 499 1134 ad
528 1076 954 1134 determinatos
993 1073 1243 1133 effectus
1271 1073 1711 1146 producendos.
1735 1077 1860 1133 Vox
1902 1081 2122 1146 autem,
2177 1077 2240 1136 in
2287 1085 2580 1150 quantum

115 1153 226 1206 est
257 1146 680 1221 significativa,
710 1160 834 1206 non
864 1146 1042 1205 babet
1066 1146 1343 1226 virtutem
1374 1144 1493 1203 nisi
1515 1160 1589 1203 ex
1608 1146 1811 1218 aliquo
1835 1146 2144 1206 intellectu
2164 1165 2181 1203 :
2204 1148 2298 1205 vel
2316 1150 2583 1209 exintel-

113 1219 296 1277 lectu
326 1217 708 1289 proferentis,
730 1218 826 1274 vel
851 1232 925 1274 ex
947 1216 1255 1275 intellectu
1288 1229 1418 1289 eJus
1447 1214 1520 1274 ad
1551 1230 1729 1289 quem
1753 1217 2071 1288 profertur.
2109 1220 2191 1275 Ex
2216 1220 2580 1290 proferentis

114 1288 384 1362 quidem
414 1288 740 1359 intellectu,
767 1287 929 1346 sicut
957 1287 1011 1345 si
1038 1286 1258 1359 aliquis
1289 1286 1630 1344 intellectus
1659 1288 1741 1345 sit
1771 1293 1949 1346 tantae
1975 1288 2238 1359 virtutis,
2267 1290 2429 1370 quod
2467 1305 2582 1352 sua

116 1359 534 1430 conceptione
557 1373 656 1416 res
679 1358 875 1430 possit
898 1372 1176 1426 causare;
1204 1372 1381 1430 quam
1403 1356 1644 1430 quidem
1666 1358 2142 1439 conceptionem,
2163 1373 2333 1419 vocis
2352 1360 2579 1433 officie,

117 1429 546 1504 producendis
564 1427 880 1488 effectibus
897 1428 1341 1501 quodammodo
1360 1433 1701 1499 praesentat.
1724 1431 1805 1485 Ex
1821 1430 2127 1487 intellectu
2146 1436 2347 1489 autem
2360 1433 2489 1506 ejus
2502 1435 2581 1493 ad

117 1497 2580 1643 wigiidiiiiifflaaiffi‘.ttffi&51¹3iiiiiiffiffaifftiffisitietis

119 1585 315 1770 θέοῗέ
317 1640 1074 1794 zssgtffiiiiffisiffiiftff
1094 1653 1299 1792 3153}
1300 1640 1638 1792 Ἐεξὲἓῖῗὲῗ,
1668 1639 2581 1794 giiit⁰¹iffiu¹lffbisstffiffiik

123 1783 289 1843 sitas
334 1782 749 1842 essentialium
780 1795 1213 1854 principiorum
1242 1780 1644 1862 diversitatem
1673 1786 1849 1840 osten
1892 1788 1959 1839 it.
2002 1784 2344 1843 Intellectus
2375 1792 2579 1845 autem

121 1854 544 1913 communiter
570 1853 883 1911 bominum
913 1852 1095 1924 hujus
1119 1850 1542 1923 dispositionis
1569 1852 1888 1923 invenitur,
1932 1852 2093 1926 quod
2136 1854 2268 1926 ejus
2307 1869 2381 1914 co
2425 1856 2579 1916 nitio

122 1938 205 1983 ex
244 1923 437 1983 rebus
467 1928 748 2005 causetur
775 1923 1165 2005 magisquam
1192 1936 1307 2004 sua
1322 1923 1718 2004 conceptione
1745 1937 1843 1982 res
1861 1938 2113 2005 caus-are
2175 1870 2434 1986 οεεὶῐ.ἕι
2462 1927 2580 2000 igi-

123 2000 233 2053 tur
261 1995 395 2075 sint
438 1995 626 2068 aliqui
656 1994 936 2076 homines
972 2008 1076 2066 qui
1104 1992 1303 2051 verbis
1342 1999 1799 2075 conceptionem
1847 2008 1942 2052 sui
1999 1939 2340 2078 intefiectus
2381 1998 2580 2070 expri-

123 2064 447 2124 mentibus
474 2078 583 2123 res·
602 2070 842 2137 possint
863 2069 1266 2123 transmutare
1295 2077 1540 2136 propria
1561 2069 1800 2135 virtute,
1831 2070 2008 2122 erunt
2036 2065 2287 2125 alterius
2328 2068 2578 2141 speciei,

128 2140 193 2195 et
220 2135 504 2194 dicentur
523 2135 828 2207 aequivoce
854 2135 1154 2193 homineS.

198 2207 491 2277 Amplius,
519 2206 711 2264 virtus
741 2205 998 2264 faciendi
1023 2218 1149 2263 non
1172 2205 1503 2287 acquiritur
1520 2219 1628 2277 per
1652 2205 2057 2287 disciplinam,
2088 2206 2195 2266 sed
2233 2208 2435 2268 solum
2473 2222 2581 2269 co·

217 2277 339 2336 itio
365 2276 596 2358 aliquid
641 2275 919 2358 faciendi.
966 2278 1080 2358 Per
1129 2276 1281 2334 disci
1327 2277 1511 2358 linam
1563 2281 1777 2359 autem·
1809 2277 1996 2350 aliqui
2031 2279 2371 2360 ‚acquirunt
2415 2279 2580 2354 quod

126 2290 1252 2488 ffitiffffsststzit‘aiiiffitfffftig
1269 2352 1504 2489 aiiii*
1524 2348 2094 2489 &institisset
2126 2361 2218 2406 ‘³¹⁸
2248 2349 2323 2407 ³⁶¹
2362 2350 2579 2424 huju*

200 2488 276 2547 Si
303 2489 443 2561 quis
468 2494 668 2547 autem
692 2487 873 2559 dicat,
898 2487 1060 2561 quod
1088 2486 1434 2559 hujusmodi
1475 2486 1756 2546 homines
1784 2501 1821 2545 a
1852 2500 1967 2546 sua
2000 2488 2304 2549 nativitate
2350 2505 2425 2549 ex
2458 2489 2581 2550 vir-

122 2565 265 2619 tute
286 2558 599 2618 stellarum
629 2559 964 2617 sortiuntur
991 2572 1114 2631 prae
1141 2559 1374 2617 caeteris
1395 2558 1676 2616 virtutem
1705 2557 2070 2629 praedictam,
2092 2559 2177 2619 ita
2203 2560 2365 2633 quod
2394 2575 2581 2635 quan·

124 2637 530 2702 tumcumque
558 2629 662 2687 alii
690 2630 1068 2687 instruantur
1095 2629 1197 2703 qui
1228 2630 1343 2687 hoc
1372 2643 1446 2687 ex
1473 2628 1779 2709 nativitate
1795 2636 1919 2686 non
1950 2629 2485 2707 babent,efficaces
2510 2632 2580 2691 in

126 2699 491 2773 hujusmodi
521 2699 806 2771 operibus
833 2713 969 2758 esse
995 2713 1120 2757 non
1179 2705 1417 2780 ossunt,
1446 2698 1644 2779 primo
1665 2698 1906 2772 quidem
1931 2699 2251 2759 dicendum
2289 2708 2385 2760 est
2413 2702 2578 2777 quod

126 2784 399 2844 corpora
440 2770 712 2829 coelestia
756 2783 940 2842 super
980 2770 1127 2828 intel
1153 2776 1350 2829 ectum
1395 2783 1738 2840 imprimere
1781 2782 1906 2828 non
1948 2776 2224 2843 possunt,
2277 2777 2342 2830 ut
2393 2787 2580 2846 supra

127 2842 237 2915 (ca
281 2883 299 2900 .
330 2840 421 2915 84)
452 2847 762 2900 ostensum
799 2846 911 2899 est.
929 2843 1061 2898 Non
1099 2840 1285 2913 igitur
1312 2855 1386 2897 ex
1412 2840 1630 2897 virtute
1657 2839 1968 2922 stellarum
1998 2841 2202 2900 sortiri
2243 2847 2445 2914 potest
2483 2845 2579 2901 in-

125 2913 223 2973 tel
248 2918 420 2971 ectus
466 2911 722 2983 alicujus
774 2911 931 2970 hanc
970 2911 1248 2969 virtutem
1295 2910 1456 2984 quod
1497 2916 1947 2983 repraesentatio
1990 2924 2118 2970 suoe
2162 2914 2580 2987 conceptionis

127 2997 249 3057 per
263 2996 476 3042 vocem
505 2982 587 3040 sit
603 2981 860 3054 alicujus
890 2981 1180 3041 effectiva.

209 3053 276 3112 Si
296 3058 496 3112 autem
522 3052 756 3111 dicatur
789 3052 948 3125 quod
992 3053 1171 3110 etiam
1205 3051 1560 3125 imaginatio
1600 3052 1830 3125 aliquid
1867 3052 1935 3110 in
1977 3052 2315 3125 prolatione
2359 3067 2578 3115 vocum

130 3121 679 3197 significativarum
709 3129 1007 3195 operatur,
1038 3136 1221 3194 super
1257 3137 1436 3196 quam
1483 3130 1742 3194 possunt
1774 3136 2029 3195 corpora
2068 3125 2337 3183 coelestia
2370 3125 2578 3199 impri-

130 3207 332 3263 mere,
355 3207 491 3251 cum
513 3193 859 3266 hujusmodi
887 3195 1157 3265 operatio
1186 3194 1266 3251 sit
1291 3207 1398 3265 pei·
1423 3207 1718 3274 organum
1744 3195 2053 3275 corporale
2076 3237 2092 3265 ,
2140 3195 2256 3254 hoc
2302 3209 2426 3255 non
2467 3209 2581 3269 po·

131 3270 264 3324 test
292 3276 428 3322 esse
456 3270 742 3337 quantum
772 3263 849 3322 ad
877 3277 1090 3322 omnes
1119 3262 1367 3322 effectus
1395 3278 1497 3336 qui
1532 3278 1640 3336 per
1674 3264 2219 3345 hujusmodrartes
2246 3264 2401 3324 fiunt
2428 3285 2444 3337 ;
2475 3281 2580 3326 os-

130 3339 387 3394 tensum
430 3339 523 3393 est
567 3335 730 3392 enim
818 3334 939 3393 uod
981 3347 1107 3392 non
1152 3339 1408 3407 possunt
1445 3347 1658 3393 omnes
1699 3334 2047 3406 huiusmodi
2076 3334 2326 3395 effectus
2357 3336 2580 3397 virtute

132 3405 458 3465 stellarum
485 3404 758 3477 produci.
834 3419 864 3462 r
905 3418 943 3463 o
979 3418 1055 3463 ne
1099 3418 1175 3463 ue
1197 3419 1275 3463 ex
1300 3404 1516 3462 virtute
1544 3404 1854 3464 stellarum
1900 3405 2121 3479 aliquis
2148 3407 2352 3465 sortiri
2377 3413 2580 3480 potest

134 3475 306 3535 hanc
330 3475 632 3545 virtutem,
659 3479 728 3533 ut
760 3488 867 3533 eos
910 3488 1004 3533 em
1034 3489 1067 3533 e
1115 3481 1283 3533 ectus
1311 3474 1622 3546 producat.

214 3544 596 3618 Relinquitur
622 3543 810 3619 igitur
832 3544 993 3618 quod
1035 3545 1400 3626 hujusmodi·
1423 3543 1674 3604 effectus
1710 3545 2124 3618 compleantur
2163 3563 2269 3620 per
2314 3549 2581 3625 aliquem

133 3614 517 3675 intellectum
545 3615 623 3674 ad
644 3628 822 3690 quem
852 3628 1053 3674 sei-mo
1080 3616 1439 3688 proferentis
1465 3615 1812 3688 hujusmodi
1836 3630 2018 3676 voces
2043 3617 2343 3692 dirigitur.

216 3684 412 3766 Hujus
437 3690 635 3744 autem
681 3686 926 3768 signum
956 3691 1087 3756 est;
1117 3700 1258 3745 nam
1288 3685 1637 3768 hujusmodi
1678 3686 2091 3770 significativae
2130 3703 2313 3749 voces
2350 3691 2580 3764 quibus
2633 3756 2637 3760 ,

135 3768 311 3839 magi
334 3757 1029 3839 utuntur-invocationes
1069 3763 1233 3828 sunt,
1263 3756 1758 3838 supplicationes,
1787 3757 2215 3832 atlJurationes,
2252 3765 2358 3818 aut
2396 3762 2579 3819 etiam

137 3826 1430 3981 imfflaiguffleiivaazizegffiisscffilifflsuzffig.
1461 3901 1714 3980 utuntur
1736 3898 2097 3982 quibusdam
2132 3900 2581 3983 characteribus

136 3972 204 4029 et
229 3966 446 4041 figuris
470 3967 904 4050 determinatis.
943 3970 1163 4042 Figura
1189 3974 1391 4051 autem
1421 3968 1651 4027 nullius
1679 3975 1937 4028 actionis
1963 3984 2323 4052 principium
2352 3975 2445 4029 est
2470 3984 2581 4031 ne·

138 4051 261 4112 que
287 4038 638 4111 passionis;
678 4038 831 4098 alias
857 4040 1283 4099 mathematica
1309 4052 1564 4120 corpora
1588 4045 1796 4099 essent
1839 4041 2032 4100 activa
2066 4045 2127 4100 et
2150 4054 2410 4113 passiva.
2438 4043 2580 4103 Non

137 4120 293 4181 ergo
320 4112 521 4181 potest
537 4124 645 4183 per
665 4108 892 4194 figuras
921 4109 1346 4169 determinatas
1369 4109 1610 4181 disponi
1630 4111 1882 4193 materia
1905 4111 1989 4193 ad·
2008 4111 2283 4193 aliquem'
2296 4110 2579 4173 effectum

138 4179 482 4239 naturalem
519 4180 994 4252 suscipiendum.
1025 4182 1159 4240 Non
1181 4193 1327 4253 ergo
1356 4185 1607 4239 utuntur
1639 4194 1802 4256 magi
1829 4194 2027 4254 signis
2052 4181 2358 4265 aliquibus
2397 4185 2579 4257 quasi

140 4249 674 4323 dispositionibus.
705 4251 1084 4334 Relinquitur
1117 4265 1264 4325 ergo
1288 4250 1451 4325 quod
1484 4256 1732 4310 utuntur
1766 4251 1856 4310 eis
1895 4252 2072 4325 quasi
2111 4252 2308 4325 signis
2333 4271 2352 4324 ;
2379 4267 2580 4336 neque

142 4321 312 4379 enim
340 4327 436 4380 est
460 4321 628 4380 aliud
654 4321 1115 4382 determinatum
1143 4323 1306 4382 dare.
1328 4320 1531 4395 Signis
1547 4327 1745 4380 autem
1773 4335 1899 4381 non
1928 4321 2153 4382 utimur
2176 4323 2297 4383 nisi
2326 4323 2402 4384 ad
2419 4324 2579 4384 alios

140 4390 574 4466 intelligentes.
597 4392 831 4474 Habent
854 4393 1040 4475 igitur
1066 4394 1315 4469 magicae
1337 4399 1498 4453 artes
1522 4391 1854 4454 efficaciam
1876 4392 1952 4455 ab
1972 4393 2094 4456 alio
2111 4394 2484 4470 intelligente
2498 4392 2579 4454 ad

143 4474 326 4536 quem
353 4474 556 4524 sermo
581 4462 747 4537 magi
775 4462 1074 4537 dirigitur.
