3076 5025
1111 295 1244 351 ue.
1285 295 1390 363 111,
1431 259 1585 352 (ιη’).
1626 296 1853 353 chut.
2595 302 2703 359 485

252 413 557 472 voluntate
588 414 874 486 bominis,
901 428 1023 474 non
1054 417 1251 473 autem
1281 427 1354 471 ex
1383 416 1525 483 Dec,
1548 414 1648 486 qui
1672 420 1763 473 est
1790 415 2023 496 primus
2048 428 2259 488 agens,
2284 429 2321 475 a
2348 431 2469 490 quo
2496 423 2699 478 tamen

249 489 341 543 cst
368 483 662 557 quidquid
683 486 757 543 ad
783 485 1209 557 perfectionem
1238 484 1495 542 actionis
1524 485 1779 554 pertinet
1804 499 1866 542 m
1891 491 2026 543 actu
2056 487 2305 557 peccati.

316 554 468 612 Hinc
498 556 774 629 estquod
804 556 1023 614 dicitur
1052 573 1066 613 z
1096 557 1219 614 Non
1243 554 1395 611 dicas
1425 572 1443 609 ε
1468 556 1568 610 Ille
1589 570 1675 611 me
1701 557 2069 625 implanavit3
2100 572 2209 613 non
2236 559 2378 612 enim
2410 560 2704 615 necessarii

242 629 375 680 sunt
396 627 450 680 ei
476 626 716 682 homines
740 629 904 696 impii
927 625 1138 698 (Eccli.,
1167 638 1253 682 xv
1306 625 1422 694 12);
1455 630 1512 682 et
1537 625 1695 683 infra
1722 643 1738 684 τ
1769 628 1990 683 Nemini
2013 628 2305 683 mandavit
2329 630 2494 697 impie
2519 645 2698 700 caere,

241 700 296 751 et
317 698 525 751 nentina·
552 696 703 753 dedit
756 700 997 768 spatium
1033 669 1302 767 peccandi
1329 695 1511 766 abiot„
1545 696 1671 769 21);
1702 699 1758 752 et
1780 696 1998 755 dicitur
2028 716 2043 754 ε
2080 699 2264 760 Nemo,
2293 713 2414 753 cum
2436 702 2678 754 tentatur

240 765 396 821 dicat
422 769 682 837 quoniam
708 783 745 822 a
770 771 880 824 Deo
908 770 1170 834 tentetur,-
1199 769 1339 847 Deus
1358 768 1499 821 enim
1518 768 1818 846 intentator
1837 768 2107 847 maiorum
2126 773 2224 825 est.
2249 766 2455 839 (Jacob.
2471 811 2486 838 ,
2510 783 2553 833 1.
2589 742 2700 842 13.)

315 837 712 895 Inveniuntur
741 843 939 895 tamen
967 837 1239 911 quaedam
1270 849 1333 893 m
1361 837 1707 907 Scripturis,
1739 852 1811 894 ex
1839 837 2060 909 quibus
2089 837 2321 895 videtur
2348 840 2507 911 quod
2542 841 2699 898 Deus

237 906 325 965 sit
352 906 430 965 ali
482 907 658 966 uibus
691 922 877 966 causa
956 907 1238 975 eccandi;
1265 905 1483 964 dicitur
1533 906 1693 964 enim
1726 924 1740 963 :
1770 910 1888 976 Ερο
1927 909 2191 964 induravi
2229 924 2320 963 cor·
2365 910 2482 979 ejvs
2525 910 2701 982 (Pha-

235 977 449 1035 raonis
502 982 554 1034 et
577 993 856 1035 servorum
893 980 1033 1035 'lius
1061 977 1282 1050 (1350οά..
1312 989 1371 1044 x,
1405 977 1457 1049 1)
1482 995 1498 1044 ;
1530 982 1591 1033 et
1621 995 1635 1034 ε
1667 980 1896 1034 Eaecaeca
1913 979 2213 1049 corpopuli
2244 979 2431 1048 hujus,
2462 983 2513 1035 et
2543 995 2702 1038 aures

234 1047 360 1118 ejus
389 1063 658 1118 aqqrava,
689 1054 742 1105 et
768 1051 945 1105 oculos
973 1048 1092 1119 ejus
1117 1048 1328 1115 claude,
1356 1062 1424 1102 ne
1449 1049 1595 1115 sorte
1620 1048 1806 1104 videat
1833 1050 2001 1104 oculis
2027 1051 2236 1118 suis...‚
2266 1054 2317 1105 et
2336 1054 2699 1120 convertatur,

232 1122 292 1174 et
317 1132 508 1174 sanem
535 1134 656 1175 eum
680 1118 858 1191 (Isai.‚
887 1132 973 1189 vl,
1003 1117 1090 1190 10)
1115 1136 1129 1185 ;
1156 1127 1215 1176 et
1244 1135 1257 1174 :
1290 1120 1495 1174 Errare
1536 1133 1633 1174 nos
1676 1120 1859 1187 fecisti
1885 1118 1952 1174 de
1993 1120 2101 1174 viis
2127 1121 2275 1185 ταὼς
2306 1121 2587 1175 indurasti
2612 1137 2703 1177 cor

231 1193 507 1251 nostrum,
536 1205 607 1246 ne
645 1192 949 1247 timer-mnus
980 1194 1032 1245 te
1074 1189 1252 1261 (lsai,
1278 1200 1445 1256 lxm,
1475 1189 1563 1260 17)
1592 1206 1606 1256 ;
1639 1194 1697 1244 et
1726 1188 1944 1247 dicitur
1972 1206 1988 1245 ε
2023 1190 2279 1245 Tradidit
2319 1191 2440 1246 illos
2475 1193 2618 1246 Deus
2641 1193 2702 1248 in

231 1260 530 1332 reprobum
552 1275 789 1330 sensum,
816 1265 879 1316 ut
898 1262 1116 1329 saciant
1142 1275 1208 1315 ea
1234 1274 1352 1329 quae
1383 1273 1492 1315 non
1515 1261 1858 1315 conveniunt.
1882 1259 2078 1331 (Rom,
2109 1274 2153 1329 1,
2183 1260 2297 1332 28.)
2329 1262 2470 1328 Quae
2496 1261 2703 1321 omnia

232 1331 575 1389 secundum
610 1331 725 1390 hoc
754 1329 1146 1403 intelligenda
1173 1334 1334 1396 sunt,
1365 1328 1523 1401 quod
1554 1331 1714 1387 Deus
1764 1328 2067 1401 aliquibus
2111 1344 2234 1388 non
2268 1333 2501 1389 confert
2528 1332 2702 1391 auxi-

232 1400 390 1458 lium
418 1400 493 1458 ad
526 1401 832 1459 vitandum
868 1405 1194 1482 peccatum,
1230 1399 1389 1473 quod
1419 1398 1557 1457 aliis
1586 1399 1947 1472 quibusdam
1979 1400 2230 1458 confert.

309 1473 434 1529 Hoc
467 1477 666 1530 autem
696 1472 990 1531 auxilium
1019 1477 1111 1530 est
1140 1483 1263 1528 non
1291 1469 1490 1527 solum
1542 1469 1769 1528 infusio
1808 1471 2035 1552 gratiae,
2067 1471 2174 1529 sed
2210 1470 2385 1528 etiam
2439 1473 2699 1532 exterior

234 1542 539 1610 custodia,
570 1556 676 1614 per
697 1556 876 1616 quam
904 1541 1260 1601 occasiones
1284 1540 1569 1611 peccandi
1607 1541 1834 1598 homini
1864 1555 1936 1598 ex
1964 1541 2164 1599 divina
2185 1542 2559 1613 providentia
2586 1544 2696 1601 tol·

238 1612 446 1670 luntur
476 1617 532 1671 et
563 1613 947 1684 provocantia
975 1613 1049 1671 ad
1081 1617 1386 1684 peccatum
1412 1612 1917 1682 comprimuntur3
1939 1612 2178 1684 adjuvat
2207 1612 2382 1669 etiam
2407 1615 2563 1671 Deus
2590 1612 2701 1672 ho-

233 1682 462 1741 minem
495 1689 707 1742 contra
734 1688 1043 1755 peccatum
1074 1696 1181 1753 per
1208 1681 1478 1739 naturale
1508 1682 1708 1738 lumen
1734 1682 1987 1740 rationis
2015 1688 2072 1740 et
2089 1683 2206 1740 alia
2232 1684 2525 1740 naturalia
2541 1684 2702 1743 bona

231 1767 374 1826 quae
403 1753 637 1812 homini
667 1755 920 1813 confert.
952 1754 1148 1822 Quum
1178 1766 1322 1824 ergo
1354 1752 1480 1809 haec
1510 1752 1736 1810 auxilia
1764 1752 2066 1824 aliquibus
2091 1753 2387 1810 subtrahit
2475 1767 2540 1810 ro
2568 1766 2701 1811 me-

232 1823 359 1882 rito
377 1837 507 1882 suae
531 1824 813 1892 actionis,
844 1824 1174 1883 secundum
1207 1822 1369 1894 quod
1396 1822 1528 1903 eJus
1550 1822 1783 1893 justitia
1808 1822 2011 1896 exigit,
2043 1823 2260 1882 dicitur
2287 1837 2441 1882 eoso
2485 1824 2699 1884 durare

225 1894 329 1953 vel
357 1908 659 1953 excaecare
696 1895 789 1953 vel
820 1894 1047 1970 aliquid
1074 1906 1281 1952 eorum
1309 1907 1440 1965 quae
1472 1893 1634 1950 dicta
1660 1897 1823 1951 sunt.

1174 2088 1427 2153 CAPUT
1477 2088 1738 2153 CLXIII.

504 2251 585 2298 DE
615 2249 1189 2307 PRAEDRSTfflssIONE,
1223 2249 1670 2297 REPROBATIONB
1707 2250 1783 2297 ET
1815 2250 2138 2299 mnemon
2173 2254 2403 2300 mvnu.

309 2387 466 2457 Quia
489 2400 633 2446 vero
659 2391 969 2445 ostensum
1000 2391 1092 2445 est
1119 2387 1277 2460 quod
1308 2387 1510 2445 divina
1533 2387 1881 2458 operatione
1910 2388 2093 2460 aliqui
2139 2388 2478 2461 diriguntur
2501 2388 2565 2446 in
2593 2390 2683 2448 ul·

224 2459 454 2519 timum
482 2457 663 2516 finem
691 2472 798 2530 per
825 2458 1078 2539 gratiam
1110 2457 1316 2529 adjuti,
1348 2457 1532 2530 aliqui
1567 2471 1704 2516 vero
1733 2457 1942 2516 eodem
1973 2458 2197 2518 auxilio
2226 2460 2431 2530 gratiae
2461 2459 2679 2518 deserti

227 2531 314 2589 ab
339 2529 554 2588 ultimo
582 2528 702 2586 fine
732 2527 1032 2593 decidunt,
1065 2529 1270 2586 omnia
1296 2532 1495 2585 autem
1526 2542 1658 2599 quae
1687 2542 1723 2586 a
1765 2530 1887 2586 Deo
1915 2536 2175 2601 aguntur
2224 2531 2296 2587 ab
2326 2536 2548 2587 aeterno
2579 2544 2683 2603 per

225 2600 373 2674 ejus
396 2600 750 2671 sapientiam
781 2599 1024 2670 provisa
1051 2604 1110 2656 et
1137 2599 1413 2657 ordinata
1446 2605 1608 2664 sunt,
1641 2606 1705 2656 ut
1733 2611 1916 2670 supra
1944 2606 2253 2657 ostensum
2287 2606 2398 2668 est,
2433 2614 2679 2659 necesse

226 2676 333 2730 est
360 2670 702 2741 praedictam
737 2671 1044 2728 bominum
1075 2669 1521 2727 distinctionem
1553 2669 1627 2726 ab
1657 2674 1879 2727 aeterno
1923 2684 1958 2727 a
1985 2672 2105 2727 Deo
2157 2684 2291 2728 esse
2321 2671 2677 2729 ordinatam.

225 2741 575 2800 Secundum
614 2753 759 2813 ergo
787 2740 947 2813 quod
976 2739 1268 2812 quosdam
1300 2740 1374 2796 ab
1404 2746 1627 2796 aeterno
1656 2739 2074 2811 praeordinavit
2127 2745 2188 2797 ut
2232 2740 2577 2812 dirigendos
2618 2742 2682 2799 in

226 2812 518 2871 ultimum
565 2810 767 2881 finem,
814 2810 1033 2868 dicitur
1077 2824 1184 2869 eos
1230 2810 1694 2882 praedestinasse
1732 2829 1747 2880 ;
1789 2811 1945 2869 unde
1986 2811 2309 2882 Apostolus
2354 2812 2494 2868 dicit
2531 2831 2545 2867 ε
2578 2812 2685 2879 Qui

225 2883 776 2955 praedestinatianos
819 2884 881 2937 in
935 2881 1278 2952 adoptionem
1322 2883 1650 2951 filiorum...‚
1677 2881 1966 2937 secundum
2003 2885 2337 2951 propositum
2383 2884 2683 2938 voluntatis

226 2968 370 3010 suae.
403 2952 643 3033 (Ephea,
676 2965 719 3033 J,
750 2952 827 3024 5.)
863 2950 1005 3010 11103
1033 2958 1231 3010 autem
1261 2951 1479 3078 quibus
1513 2951 1588 3007 ab
1617 2958 1839 3033 aeterno
1863 2952 2159 3023 disposuit
2186 2966 2250 3033 se
2274 2954 2522 3024 gratiam
2561 2966 2682 3010 non

230 3023 541 3089 daturum,
574 3021 792 3080 dicitur
815 3022 1168 3094 reprobasse
1194 3036 1263 3079 ve
1318 3023 1459 3080 odio
1490 3022 1797 3090 habuisse,
1825 3022 2153 3080 secundum
2198 3024 2344 3080 illud
2386 3023 2542 3095 quod
2575 3024 2681 3080 ha-

210 3095 415 3152 betur
444 3111 458 3150 ε
487 3094 674 3150 Dileaei
698 3093 879 3154 Jacob.
909 3096 1062 3149 Esau
1084 3097 1261 3149 autem
1292 3092 1415 3148 odio
1464 3093 1652 3149 habui.
1686 3092 1966 3164 (Malae-It„
1996 3106 2038 3161 1,
2065 3097 2119 3161 2,
2155 3093 2233 3165 3.)
2263 3095 2511 3152 Ratione
2541 3106 2681 3152 vero

231 3164 437 3236 ipsius
484 3163 912 3232 distinctionis,
944 3164 1273 3221 secundum
1371 3163 1489 3220 uod
1548 3162 1841 3235 quosdam
1892 3164 2226 3243 reprobavit
2276 3170 2332 3220 et
2387 3163 2680 3235 quosdam

232 3234 709 3306 praedestinavit,
740 3233 1062 3291 attenditur
1085 3233 1287 3291 divina
1316 3178 1551 3302 300110,
1581 3234 1654 3291 de
1684 3247 1804 3306 qua
1848 3232 2066 3290 dicitur
2098 3252 2113 3291 ε
2152 3235 2331 3302 Elegit
2354 3250 2450 3290 nos
2479 3237 2683 3305 inipso

231 3309 370 3361 ame
395 3305 589 3360 mundi
615 3306 1069 3361 constitutionem.
1100 3304 1343 3375 (Emi-es„
1369 3318 1412 3370 1,
1441 3305 1519 3373 4.)

308 3375 410 3433 Sic
437 3375 620 3447 igitur
652 3380 812 3445 patet
879 3375 993 3432 uod
1024 3374 1467 3445 praedestinatio
1496 3380 1556 3430 et
1584 3373 1796 3432 electio
1840 3380 1897 3431 et
1927 3374 2262 3445 reprobatio
2291 3381 2383 3433 est
2411 3375 2683 3447 quaedam

232 3458 382 3519 pars
411 3444 627 3502 divinae
656 3444 819 3516 provi
866 3444 1062 3508 entiae.
1089 3444 1419 3503 secundum
1467 3443 1628 3515 quod
1662 3444 1939 3503 homines
1969 3460 2043 3502 ex
2080 3445 2282 3503 divina
2307 3447 2682 3516 providentia

233 3514 596 3575 ordinantur
623 3514 684 3571 in
718 3515 988 3572 ultimum
1032 3516 1246 3584 linem3
1277 3514 1434 3571 unde
1468 3528 1575 3584 per
1620 3513 1824 3571 eadem
1873 3516 2255 3573 manifestum
2299 3530 2434 3574 esse
2486 3522 2682 3587 potest

279 3586 403 3644 uod
470 3584 875 3644 raedestinatio
904 3590 962 3642 et
988 3585 1202 3643 electio
1232 3585 1650 3642 necessitatem
1683 3597 1802 3643 non
1836 3584 2145 3652 inducunt,
2173 3585 2393 3657 quibus
2424 3593 2478 3643 et
2501 3600 2683 3657 supra

259 3600 784 3783 afwfostensum
816 3659 910 3713 est
935 3654 1097 3727 quod
1125 3655 1327 3713 divina
1354 3653 1729 3726 providentia
1775 3656 2248 3729 contingentiam
2277 3670 2315 3713 a
2344 3658 2523 3713 rebus
2554 3669 2678 3714 non

203 3832 217 3848 .
311 3796 482 3865 Quod
512 3801 710 3855 autem
737 3795 1181 3867 praedestinatio
1229 3799 1290 3852 et
1315 3796 1527 3853 electio
1558 3810 1799 3855 causam
1830 3809 1955 3854 non
1982 3795 2241 3854 babeant
2269 3811 2341 3854 ex
2372 3796 2681 3869 aliquibus

233 3868 527 3926 humanis
553 3868 803 3935 meritis,
836 3872 1033 3938 potest
1059 3865 1187 3923 fieri
1214 3867 1623 3937 manifestum,
1660 3881 1782 3924 non
1811 3868 2008 3925 solum
2040 3881 2113 3924 ex
2153 3867 2266 3925 boc
2298 3867 2455 3939 quod
2488 3868 2682 3939 gratia

235 3939 369 4008 Dei,
402 3952 534 4012 quae
557 3944 650 3996 est
671 3936 1219 4008 praedestinationis
1238 3934 1509 4003 effectus,
1542 3937 1773 3995 meritis
1794 3951 1934 4017 non·
1944 3938 2320 4008 praevenitur,
2354 3937 2456 3995 sed
2478 3939 2683 3997 omnia

233 4009 455 4067 merita
476 4008 756 4081 praecedit
785 4008 1065 4076 humana,
1109 4013 1174 4066 ut
1201 4012 1511 4064 ostensum
1561 4013 1690 4077 est3
1721 4007 1829 4066 sed
1859 4014 2037 4065 etiam
2085 4008 2451 4066 manifestari
2487 4014 2683 4078 potest

235 4093 316 4137 ex
343 4079 462 4137 hoc
532 4077 649 4137 uod
677 4079 881 4136 divina
902 4078 1180 4137 voluntas
1210 4082 1268 4134 et
1295 4077 1668 4148 providentia
1711 4083 1804 4136 est
1848 4078 2037 4150 prima
2079 4092 2264 4137 causa
2311 4092 2518 4136 eorum
2547 4092 2680 4161 quae

232 4148 411 4208 fiunt.
442 4150 509 4207 Ni
564 4155 760 4209 autem
832 4154 987 4207 otest
1015 4161 1152 4206 esse
1180 4161 1366 4206 causa
1390 4148 1719 4207 voluntatis
1763 4153 1821 4206 et
1856 4148 2243 4220 providentiae
2271 4148 2510 4211 divinae.
2545 4151 2680 4207 licet

235 4217 561 4278 effectuum
606 4219 772 4291 provi
817 4219 992 4277 entiae
1038 4224 1098 4277 et
1135 4218 1410 4277 similiter
1449 4218 1995 4289 praedestinationis
2021 4233 2180 4278 unus
2210 4221 2402 4291 possit
2433 4221 2680 4278 alterius

236 4303 378 4349 esse
406 4303 611 4348 causa.
634 4291 766 4358 Quis
792 4292 957 4358 mitit,
989 4292 1054 4346 ut
1078 4288 1401 4360 Apostolus
1443 4288 1609 4357 dicit,
1643 4291 1801 4358 prior
1827 4289 1977 4344 dedit
2003 4291 2111 4354 itti.
2141 4294 2191 4345 et
2219 4293 2551 4347 retribuetur
2586 4292 2636 4344 ei
2654 4291 2683 4343 ?

235 4360 508 4428 Quoniam
552 4376 624 4416 ea:
666 4363 785 4431 ipso
826 4364 878 4416 et
960 4375 1018 4415 er
1060 4362 1241 4431 ipsum
1263 4363 1316 4416 et
1357 4360 1420 4416 in
1456 4360 1579 4429 ipso
1615 4362 1746 4416 sunt
1770 4360 1995 4427 omnia3
2026 4362 2137 4430 ipsi
2161 4362 2342 4431 qtoria
2376 4365 2439 4418 in
2464 4360 2677 4417 saecula.

239 4434 437 4490 Amen.
468 4432 670 4504 (Rom,
709 4442 796 4501 xi,
826 4435 916 4488 35.
