3076 5025
1081 316 1215 371 ΗΒ.
1259 316 1328 381 li,
1369 315 1521 371 CAP.
1559 315 1831 371 xxxvnl.
2567 322 2666 374 147

311 441 408 500 Sic
434 439 624 520 igitur
650 439 954 498 evidenter
994 443 1238 510 apparet
1265 436 1427 517 quod
1456 436 1615 518 nibil·
1647 436 1924 521 prohibet
1959 450 2182 521 ponere
2220 439 2509 496 mundum
2541 454 2664 498 non

236 525 477 582 semper
507 510 727 579 fuisse3
800 510 918 567 uod
947 507 1098 565 fides
1150 507 1447 589 catholica
1478 512 1646 578 ponit
1676 525 1692 565 ε
1722 510 1788 563 In
1812 510 2089 593 prescipto
2129 511 2334 564 creavit
2382 512 2568 595 coeluqz
2614 517 2666 597 et

234 589 443 639 terram
470 580 653 652 (aem,
682 594 726 649 1,
755 585 776 637 l
814 623 831 637 .,
860 581 928 636 Et
951 580 1022 636 de
1054 581 1174 637 Deo
1200 580 1418 636 dicitur
1446 595 1459 633 :
1489 579 1804 649 Antequam
1826 579 2126 649 qumquam
2148 580 2355 648 taceret
2380 596 2418 636 a
2447 596 2666 652 pnncz—

230 655 350 725 pio,
381 655 480 709 etc.
508 650 788 723 (Prona-b.
814 662 952 718 vm,
982 649 1094 721 22).

1148 869 1405 934 CAPUT
1444 869 1776 936 XXXVIII.

393 1044 686 1093 umens
723 1042 933 1095 omns
969 1041 1280 1088 commun
1313 1041 1517 1094 mom
1557 1040 1896 1087 osrmltass
1930 1041 2180 1090 nmmum
2213 1043 2334 1091 no!
2368 1044 2512 1092 3881

911 1129 1218 1184 mm,
1258 1128 1333 1174 m·
1381 1128 1734 1174 SOLUTIONES
1769 1129 1994 1175 maun.

312 1288 461 1344 Sunt
490 1289 689 1342 autem
744 1281 1015 1356 quaedam
1050 1283 1339 1364 ,rationes
1368 1297 1405 1340 a
1459 1282 1822 1363 quibusdam
1865 1283 2126 1343 inductae
2170 1285 2246 1343 ad
2292 1288 2665 1359 probandum

237 1356 533 1414 mundum
564 1367 685 1412 non
715 1367 952 1425 semper
980 1353 1193 1424 fuisse,
1220 1358 1475 1424 sumptae
1506 1368 1580 1410 ex
1607 1354 1704 1411 his
1742 1372 1758 1410 :

315 1428 503 1484 Deum
531 1425 693 1482 enim
721 1438 857 1482 esse
886 1424 1154 1483 omnium
1187 1437 1385 1481 rerum
1432 1437 1679 1481 causam
1735 1423 2212 1483 demonstratum
2255 1432 2366 1485 est.
2417 1431 2672 1491 Causam

239 1501 441 1556 autem
474 1500 708 1567 oportet
738 1494 1050 1553 duratione
1080 1495 1411 1566 praecedere
1442 1508 1513 1551 ea
1541 1509 1673 1566 quae
1699 1509 1805 1566 per
1832 1496 2127 1553 actionem
2163 1512 2363 1557 causae
2391 1498 2562 1559 flunt.

309 1569 467 1636 Item,
498 1579 683 1639 quum
707 1569 897 1622 totum
925 1579 1034 1623 ens
1063 1580 1100 1623 a
1128 1568 1246 1623 Deo
1274 1565 1351 1623 sit
1397 1570 1683 1626 creatum,
1716 1578 1837 1622 non
1875 1571 2073 1637 potest
2112 1566 2229 1625 dici
2278 1568 2499 1628 factum
2532 1585 2669 1630 esse

241 1652 318 1696 ex
346 1637 550 1710 aliquo
580 1640 745 1705 ente;
776 1641 834 1693 et
853 1636 943 1694 sic
973 1635 1331 1708 relinquitur
1356 1635 1518 1708 quod
1545 1636 1624 1694 sit
1648 1635 1869 1694 factum
1899 1650 1972 1693 ex
2001 1637 2215 1708 nihilo,
2247 1645 2305 1696 et
2332 1653 2438 1711 per
2459 1655 2667 1700 conse⁴

241 1721 441 1782 quens
469 1707 629 1780 quod
656 1706 872 1764 habeat
895 1720 1032 1764 esse
1060 1713 1199 1777 post
1224 1720 1348 1763 non
1375 1719 1532 1763 esse.

310 1778 535 1846 Adhuc,
566 1777 707 1850 quia
735 1775 969 1834 infinita
998 1790 1119 1834 non
1149 1783 1241 1835 est
1260 1777 1534 1835 transire.
1565 1775 1626 1834 Si
1654 1781 1851 1835 autem
1882 1779 2145 1837 mundus
2160 1792 2400 1851 semper
2427 1781 2663 1853 fuisset,

241 1853 451 1908 essent
473 1848 595 1921 Jam
627 1846 864 1927 infinita
898 1847 1274 1917 pertransita,
1320 1847 1462 1920 quia
1500 1847 1662 1919 quod
1709 1848 2069 1918 praeteritum
2110 1855 2203 1907 est
2244 1853 2667 1922 pertransitum

243 1926 368 1988 est;
399 1925 543 2046 sun}
572 1924 770 2045 atatem
795 1916 1012 1974 infiniti
1046 1918 1174 1976 dies
1197 1918 1291 1974 vel
1316 1918 1741 1976 circulationes
1787 1917 1940 1976 solis
1967 1920 2301 1990 praeteritae,
2326 1921 2381 1980 si
2408 1924 2671 1983 mundus

243 2003 485 2061 semper
542 2003 601 2046 ui
631 2030 645 2044 .

314 2063 606 2122 Praeterea,
640 2059 908 2139 sequitur
936 2059 1097 2131 quod
1123 2057 1360 2116 infinito
1388 2058 1490 2117 fiat
1523 2059 1771 2129 additio,
1801 2073 1986 2132 quum
2015 2062 2092 2120 ad
2136 2062 2267 2121 dies
2294 2064 2388 2121 vel
2416 2064 2672 2123 circula·

244 2131 447 2189 tiones
473 2135 802 2201 praeterltas
830 2128 1097 2201 quotidie
1122 2129 1195 2187 de
1226 2142 1383 2188 novo
1410 2131 1681 2187 addatur.

316 2202 594 2271 Amplius,
626 2200 893 2273 sequitur
920 2199 1081 2272 quod
1109 2199 1173 2256 in
1201 2200 1403 2259 causis
1442 2200 1841 2260 efficientibus
1876 2202 1958 2260 sit
2000 2204 2320 2274 procedere
2363 2203 2427 2262 in
2474 2203 2671 2262 infini-

246 2278 399 2340 tum,
428 2272 481 2330 si
510 2271 819 2350 generatio
848 2270 961 2328 fuit
987 2285 1249 2342 semper;
1277 2270 1437 2344 quod
1472 2277 1708 2351 oportet
1750 2272 1968 2340 dicere,
1999 2273 2224 2331 mundo
2254 2287 2491 2346 semper
2514 2276 2639 2333 exsi

246 2346 469 2411 stente;
504 2355 641 2399 nam
669 2340 776 2397 filii
807 2354 990 2398 causa
1023 2347 1115 2398 est
1140 2346 1326 2412 pater,
1358 2347 1412 2397 et
1437 2342 1616 2413 buJus
1646 2342 1825 2410 aliae,
1854 2348 1911 2399 et
1940 2342 2029 2400 sic
2058 2344 2123 2400 in
2153 2343 2476 2402 infinitum.

316 2415 548 2476 Rursus,
585 2411 857 2492 sequitui:
883 2410 1043 2482 quod
1081 2411 1205 2469 sint
1229 2410 1480 2474 infinita,
1513 2412 1745 2470 scilicet
1788 2411 2159 2472 infinitorum
2184 2413 2498 2472 hominnm
2525 2430 2676 2486 prae-

244 2484 565 2544 teritorum
596 2496 811 2540 ammae
842 2483 1231 2541 immortales.

320 2557 440 2613 flas
471 2559 666 2611 autem
699 2553 983 2622 rationeS,
1012 2553 1154 2623 quia
1182 2567 1612 2626 usquequaque
1643 2566 1765 2611 non
1792 2553 1865 2612 de
1894 2554 2250 2613 necessitate
2281 2555 2670 2627 concludunt,

244 2627 392 2685 licet
460 2624 893 2681 robabilitatem
942 2623 1217 2686 habeant,
1260 2623 1483 2681 sufficit
1524 2630 1769 2696 tangere
1809 2624 2029 2692 solum,
2081 2638 2155 2681 ne
2197 2625 2467 2683 videatur
2520 2626 2674 2686 fides

246 2698 428 2755 catho
458 2696 550 2753 ica
575 2696 634 2750 in
676 2693 847 2751 vanis
888 2694 1225 2752 rationibus
1280 2698 1626 2761 constituta,
1671 2698 1729 2750 et
1776 2707 1898 2751 non
1937 2694 2140 2766 potius
2187 2695 2250 2751 in
2298 2696 2672 2755 solidissima

247 2768 356 2826 Dei
382 2765 683 2833 doctrina;
724 2770 783 2821 et
806 2764 942 2822 ideo
970 2764 1337 2821 conveniens
1362 2764 1597 2821 videtur
1620 2777 1841 2835 ponere
1861 2765 2116 2836 qualiter
2141 2764 2414 2823 obvietur
2441 2767 2531 2824 eis
2559 2782 2664 2838 per

248 2851 361 2897 eos
394 2837 495 2910 qui
526 2835 912 2893 aeternitatem
944 2834 1148 2892 mundi
1180 2840 1528 2906 posuerunt.

321 2908 496 2978 Quod
527 2907 685 2964 enim
717 2906 906 2976 primo
934 2905 1170 2975 dicitur,
1200 2919 1386 2977 agens
1412 2905 1484 2962 de
1513 2905 1871 2963 necessitate
1900 2905 2231 2976 praecedere
2259 2904 2535 2965 effectum
2565 2908 2668 2980 qui

246 2986 359 3052 per
384 2992 558 3036 suam
588 2977 992 3048 operationem
1019 2974 1103 3039 fit,
1136 2989 1340 3033 verum
1389 2981 1482 3034 est
1518 2975 1580 3031 in
1627 2975 1723 3033 his
1757 2988 1889 3047 quae
1939 2982 2128 3048 'agunt
2162 2977 2383 3050 aliquid
2411 2992 2516 3049 per
2543 2992 2672 3036 mo-

246 3058 402 3118 tum,
433 3048 576 3121 quia
604 3046 851 3105 effectus
877 3060 998 3104 non
1028 3052 1121 3104 est
1152 3047 1267 3103 nisi
1302 3046 1643 3126 intermino
1692 3052 1922 3115 motus;
1952 3061 2138 3119 agens
2180 3054 2379 3106 autem
2423 3063 2671 3107 necesse

251 3127 504 3179 estesse
534 3119 711 3175 etiam
742 3131 925 3190 quum
954 3122 1155 3175 motus
1183 3117 1418 3188 incipit3
1443 3117 1504 3173 in
1537 3116 1634 3174 his
1658 3122 1857 3173 autem
1899 3131 2032 3188 quae
2078 3119 2142 3174 in
2182 3118 2431 3177 instanti
2465 3125 2671 3190 agunt,

249 3191 371 3250 hoc
400 3202 526 3247 non
554 3194 646 3246 est
673 3202 949 3255 necesse3
982 3188 1141 3245 sicut
1164 3186 1369 3257 simul,
1399 3187 1542 3245 dum
1569 3186 1664 3244 sol
1686 3192 1777 3244 est
1805 3187 1869 3243 in
1897 3193 2120 3258 puncto
2143 3190 2416 3260 orientis,
2448 3189 2672 3247 illumi-

250 3266 360 3320 nat
386 3266 663 3319 nostrum
692 3259 1197 3329 hemisphaerium.

326 3330 497 3400 Quod
531 3331 709 3387 etiam
739 3327 1005 3387 secundo
1033 3328 1252 3386 dicitur
1271 3341 1391 3386 non
1417 3333 1510 3386 est
1535 3328 1768 3397 efficax.
1801 3328 1864 3385 Ei
1895 3329 2053 3388 enim
2084 3328 2244 3403 quod
2270 3335 2381 3400 est,
2402 3331 2675 3401 exaliqua

252 3403 475 3474 aliquid
500 3404 641 3472 fieri,
673 3399 1200 3458 contradictorium
1247 3404 1482 3470 oportet
1508 3398 1678 3468 dare;
1708 3399 1762 3457 si
1791 3400 1907 3458 hoc
1933 3413 2059 3458 non
2106 3400 2297 3469 detur,
2330 3400 2491 3473 quod
2536 3414 2675 3459 con-

250 3473 665 3531 tradictorium
698 3476 788 3529 est
815 3486 922 3526 non
952 3486 1021 3526 eze
1046 3472 1230 3541 aliquo
1256 3473 1398 3540 neri,
1433 3482 1556 3528 non
1582 3475 1777 3528 autem
1803 3471 1921 3528 hoc
1949 3475 2040 3528 est
2066 3486 2136 3526 eoe
2166 3472 2340 3527 nihilo
2384 3473 2522 3541 fieri,
2555 3470 2676 3530 nisi

254 3544 371 3602 sub
395 3556 583 3600 sensu
618 3542 823 3613 primi;
855 3556 928 3598 ex
956 3555 1075 3614 quo
1104 3542 1381 3598 concludi
1412 3554 1535 3597 non
1565 3546 1762 3612 potest
1785 3541 1943 3613 quod
1973 3541 2077 3598 fiat
2101 3548 2238 3613 post
2266 3554 2389 3598 non
2419 3554 2574 3599 esse.

326 3614 497 3683 Quod
529 3613 707 3670 ctiam
738 3612 911 3669 tertio
949 3612 1192 3683 ponitur
1219 3625 1340 3669 non
1365 3617 1459 3670 est
1486 3620 1732 3684 cogens,
1764 3613 1912 3669 Nam
1939 3610 2262 3680 infinitum,
2290 3611 2403 3668 etsi
2447 3625 2570 3669 non
2596 3612 2680 3669 sit

253 3684 437 3744 simul
470 3684 533 3740 in
563 3689 719 3750 actu,
752 3687 945 3754 potest
979 3688 1175 3739 tamen
1203 3695 1339 3739 esse
1364 3682 1422 3738 in
1455 3682 1866 3751 successione,
1906 3686 2048 3754 quia
2094 3683 2183 3740 sic
2208 3682 2514 3754 quodlibet
2543 3681 2675 3739 infl-

254 3756 450 3813 nitum
490 3761 799 3823 acceptum
846 3751 1079 3809 finitum
1125 3757 1235 3809 est.
1285 3752 1576 3821 Quaelibet
1617 3752 1802 3824 igitur
1844 3752 2154 3810 circulatio
2255 3752 2676 3811 raecedentium

253 3824 498 3884 transiri
532 3824 749 3896 potuit,
791 3823 934 3896 quia
968 3822 1147 3904 ‘finita
1183 3821 1324 3891 suin
1366 3822 1428 3879 in
1457 3822 1742 3881 omnibus
1784 3828 1979 3880 autem
2007 3823 2189 3880 simul
2235 3822 2676 3904 consideratis),

256 3897 310 3955 si
341 3894 608 3953 mundus
637 3907 872 3965 semper
896 3893 1132 3962 fuisset,
1162 3906 1285 3949 non
1313 3899 1475 3950 esset
1497 3894 1766 3966 accipere
1789 3893 2065 3966 primam,
2096 3899 2156 3951 et
2199 3893 2284 3950 ita
2311 3906 2422 3951 nec
2456 3898 2675 3952 transt-

253 3971 405 4036 tum,
435 3966 538 4039 qui
567 3978 802 4035 semper
826 3964 1011 4037 exigit
1037 3963 1157 4021 duo
1177 3969 1457 4022 extrema.

330 4037 503 4106 Quod
531 4036 709 4094 etiam
781 4042 950 4093 uarto
993 4034 1349 4106 proponitur
1393 4034 1588 4092 debile
1624 4040 1738 4093 est.
1761 4037 1909 4093 Nam
1957 4032 2110 4092 nibil
2138 4034 2413 4106 prohibet
2440 4034 2682 4094 infinito

257 4121 331 4165 ex
358 4123 431 4166 ea
463 4113 628 4178 parte
660 4105 730 4163 ad
779 4107 1023 4163 itionem
1052 4103 1180 4162 fieri
1210 4118 1328 4177 qua
1357 4110 1449 4163 est
1476 4104 1731 4163 finitum.
1765 4108 1848 4163 Ex
1875 4106 1989 4163 boc
2020 4111 2216 4163 autem
2245 4104 2405 4178 quod
2439 4106 2679 4176 ponitur

257 4182 495 4250 tempus
524 4182 832 4245 aeternum,
865 4178 1137 4249 sequitur
1178 4175 1340 4247 quod
1370 4177 1450 4232 sit
1488 4176 1788 4256 infinitum
1817 4190 1891 4233 ex
1918 4183 2087 4257 parte
2118 4182 2277 4246 ante,
2308 4175 2415 4235 sed
2443 4175 2676 4234 finitum

259 4262 333 4307 ex
400 4254 525 4306 arte
557 4252 722 4319 post;
749 4260 884 4303 nam
917 4259 1182 4319 praesens
1210 4252 1304 4305 est
1330 4251 1626 4304 terminus
1653 4247 1955 4319 praeteriu.

382 4319 501 4376 uod
531 4317 710 4375 etiam
738 4318 947 4389 quinto
977 4317 1255 4389 objicitur
1285 4328 1406 4373 non
1434 4317 1615 4383 cogit,
1650 4317 1791 4390 quia
1832 4331 2049 4376 causas
2160 4324 2328 4377 entes
2369 4317 2433 4376 in
2477 4316 2679 4374 intini-

257 4399 380 4447 tum
414 4388 738 4469 procedere
758 4387 1618 4468 est-impossibileffle‘cundum
1648 4389 2041 4468 philosophos
2059 4333 2512 4518 gffetapbysun
2532 4391 2671 4442 text.

257 4473 476 4520 comm.
508 4459 589 4533 5),
620 4471 687 4516 m
709 4471 911 4517 causis
959 4459 1141 4517 simul
1168 4458 1516 4531 agentibu83
1561 4473 1703 4535 quia
1743 4463 1976 4533 oportet
2022 4474 2056 4519 e
2103 4466 2298 4518 ectum
2346 4456 2684 4533 dependere
