3076 5025
372 338 474 395 100
1312 330 1445 385 Lis.
1484 328 1532 398 1,
1572 328 1724 385 car.
1764 326 1878 386 cu.

366 457 615 524 bonum,
649 459 715 514 ut
738 468 812 512 ex
838 450 1139 525 praedictis
1160 450 1313 523 (cap.
1344 449 1435 523 61)
1463 455 1666 522 patere
1692 453 1890 520 potest
1920 466 1934 505 t
1967 451 2027 506 et
2053 446 2144 507 sic
2166 448 2400 519 oportet
2422 451 2490 504 ut
2522 445 2804 527 quicum-

454 541 486 585 e
515 527 671 585 alius
699 524 773 582 ab
802 524 934 594 ipso
977 522 1190 579 beatus
1219 526 1333 601 est,
1359 520 1766 601 participative
1813 518 2026 601 beatus
2072 517 2324 576 dicatur.
2354 516 2567 576 Divina
2615 522 2806 589 igitur

449 596 676 656 atitudo
708 607 949 653 omnem
973 591 1151 651 aliam
1181 591 1610 650 beatitudinem
1641 589 1893 648 excedit.

440 668 715 737 Amplius,
736 663 1041 722 beatitudo
1109 662 1328 720 erfecta
1350 661 1414 718 in
1439 660 1785 742 operatione
1815 659 2157 718 intellectus
2180 656 2480 739 consistit,
2498 662 2565 716 ut
2587 662 2797 739 ostem·

370 751 509 801 sum
538 743 631 795 est
650 735 799 808 (cap.
821 734 966 807 loo).
987 737 1077 791 Nu
1105 734 1163 790 la
1189 737 1387 790 autem
1410 733 1529 789 alia
1554 730 1978 790 intellectualis
2001 729 2269 802 operatio
2290 741 2421 801 eJus
2451 733 2799 798 operatiom

372 806 709 879 comparari
737 809 934 878 potest
963 822 978 861 ε
1010 803 1169 876 quod
1199 806 1358 874 patet
1397 815 1520 860 non
1558 802 1755 860 solum
1785 815 1860 859 ex
1887 801 2002 859 boc
2036 799 2196 881 quod
2230 804 2325 858 est
2351 798 2622 880 operatio
2653 797 2800 879 sub-

371 880 620 947 sistens,
670 876 778 936 sed
819 875 961 948 quia
1006 887 1129 932 una
1172 871 1517 944 operatione
1551 873 1709 930 Deus
1752 872 2020 944 seipsum
2063 876 2149 928 ita
2193 870 2451 942 perfecte
2489 868 2683 927 intelli
2728 873 2800 949 it,

373 950 533 1009 sicut
559 953 672 1018 est,
699 953 759 1006 et
780 945 986 1005 omnia
1012 944 1129 1002 alia
1160 957 1293 1015 quae
1320 948 1462 1002 sunt
1497 947 1558 1000 et
1589 956 1722 1015 quae
1745 955 1866 1000 non
1894 947 2056 1011 sunt,
2079 942 2238 999 bona
2264 945 2320 999 et
2349 939 2525 999 mala.
2559 942 2627 996 In
2660 954 2694 996 a
2724 939 2805 998 iis

373 1026 572 1079 autem
611 1015 1086 1090 intelligentibus
1136 1013 1470 1086 intelligere
1514 1013 1715 1094 ipsum
1757 1026 1878 1071 non
1926 1017 2019 1071 est
2062 1011 2425 1091 subsistenS,
2472 1010 2579 1069 sed
2627 1015 2805 1091 actus

376 1088 785 1150 subsistentis.
828 1089 945 1145 Nec
974 1085 1172 1157 ipsum
1208 1086 1415 1151 Deum,
1446 1098 1546 1165 qui
1580 1090 1671 1141 est
1700 1097 2002 1141 summum
2029 1080 2430 1154 intelligibile,
2461 1080 2686 1153 aliquis
2716 1084 2806 1138 ita

418 1161 638 1218 erfecte
667 1163 863 1230 potest
905 1155 1091 1213 intelli
1140 1169 1237 1212 ere
1271 1155 1581 1226 sicutipse
1607 1154 1905 1235 perfectus
1933 1157 2045 1221 est,
2075 1166 2211 1211 cum
2239 1152 2467 1210 nullius
2496 1163 2632 1210 esse
2668 1165 2805 1232 per-

375 1176 599 1290 fectum
629 1231 709 1288 sit
737 1228 891 1287 sicut
921 1240 1056 1285 esse
1126 1224 1374 1294 ivinum,
1404 1238 1514 1283 nec
1543 1224 1799 1283 alicu‘us
1822 1222 2090 1305 operatio
2109 1222 2304 1295 possit
2323 1235 2458 1280 esse
2482 1221 2807 1293 perfectior

377 1315 555 1375 quam
586 1314 698 1359 sua
726 1296 1082 1358 substantia.
1112 1298 1231 1354 Nec
1257 1301 1349 1354 est
1394 1294 1614 1368 aliqifis
1657 1240 1815 1376 allius
1859 1295 2197 1376 intellectus
2226 1291 2328 1366 qui
2361 1292 2586 1374 omnia,
2617 1292 2805 1351 etiam

420 1386 510 1431 uae
540 1374 698 1430 Deus
744 1370 939 1428 facere
966 1370 1183 1439 potest,
1211 1371 1560 1438 cognoscat,
1591 1380 1734 1438 quia
1762 1379 1850 1425 stc
1879 1366 2144 1424 divinam
2171 1368 2804 1444 potentiam-compre·

376 1387 682 1503 genuere&
709 1438 821 1497 llla
849 1437 1049 1500 etiam,
1079 1450 1212 1509 quae
1255 1436 1595 1494 intellectus
1621 1436 1780 1494 alius
1818 1435 2152 1508 cognoscit,
2195 1447 2319 1492 non
2347 1447 2553 1494 omnia
2594 1446 2718 1492 una
2742 1437 2807 1515 ,⁶¹²

377 1511 587 1641 {adem
629 1508 976 1582 operatione
1004 1506 1336 1579 cognoscit.
1380 1506 1933 1578 Incomparabiliter
1976 1506 2161 1579 igitui-
2188 1506 2347 1564 Deus
2384 1518 2567 1576 super
2593 1516 2808 1565 omnia

421 1587 589 1641 eatus
619 1585 732 1638 est.

447 1655 600 1714 item,
630 1655 854 1723 quanto
878 1645 1106 1727 aliquid
1132 1646 1328 1718 magis
1354 1646 1591 1704 unitum
1618 1652 1732 1716 est,
1752 1652 1919 1706 tanto
1948 1646 2081 1719 ejus
2108 1646 2297 1706 virtus
2323 1649 2385 1703 et
2408 1645 2650 1704 bonitas
2668 1658 2802 1727 per·

380 1721 591 1780 fectior
617 1725 730 1778 est.
757 1720 801 1776 Ο
845 1723 1032 1776 eratio
1055 1721 1253 1776 autem
1279 1717 1623 1776 successiva
1642 1718 1973 1776 secundum
1996 1717 2263 1776 diversas
2283 1721 2483 1788 partes
2510 1721 2801 1786 temporis

380 1791 681 1851 dividitur.
698 1733 888 1871 ,Nuflo
917 1787 1099 1861 igitur
1137 1786 1317 1845 modo
1346 1787 1477 1858 ejus
1521 1788 1807 1869 perfectio
1848 1793 2043 1870 potest
2085 1785 2805 1868 comparari—perfectioni

379 1862 749 1935 operationis
777 1871 909 1932 quae
937 1863 1029 1916 est
1070 1857 1178 1917 abs
1222 1872 1294 1916 ue
1325 1871 1715 1916 successione
1755 1863 1880 1917 tota
1910 1859 2088 1917 simul
2115 1876 2130 1929 ;
2179 1867 2237 1917 et
2265 1870 2562 1929 praempue
2590 1870 2644 1915 si
2674 1870 2805 1915 non

380 1933 445 1991 in
472 1936 776 1994 momento
804 1931 1089 2009 transeat,
1110 1872 1216 1987 seg
1245 1929 1309 1985 in
1328 1935 1617 2009 aeternum
1647 1935 1903 2011 maneat.
1932 1929 2210 2010 Divinum
2236 1934 2433 1987 autem
2463 1927 2804 2000 intelligere

383 2007 475 2061 est
501 2003 728 2074 absque
753 2012 1142 2058 successione
1172 2003 1363 2057 totum
1384 2000 1567 2057 simul
1587 2000 1948 2058 aeternahter
1966 2004 2230 2058 existens
2251 2017 2267 2068 3
2300 2005 2576 2057 nostrum
2597 2005 2806 2056 autem

382 2072 716 2144 intelligere
744 2069 1189 2128 successionem
1219 2069 1431 2149 babet,
1467 2070 1531 2150 in
1560 2077 1848 2142 quantum
1879 2069 2226 2151 adjungitur
2250 2071 2329 2138 ei,
2358 2083 2467 2141 per
2491 2068 2801 2138 accidens,

380 2143 733 2202 continuum
782 2146 839 2198 et
866 2146 1120 2212 tempus.
1166 2140 1378 2197 Divina
1412 2141 1597 2220 igitur
1636 2141 1939 2201 beatitudo
1968 2141 2032 2198 in
2076 2139 2378 2198 infinitum
2425 2139 2659 2200 excedit
2685 2139 2803 2197 hu·

380 2224 645 2283 manem,
675 2212 835 2271 sicut
860 2210 1094 2270 duratio
1122 2210 1468 2269 aeternitatis
1497 2211 1730 2269 excedit
1755 2226 1918 2270 nunc
1945 2212 2231 2283 temporis
2261 2211 2480 2270 fluens.

451 2283 670 2346 Adhuc,
710 2281 978 2354 fatigatio
1023 2286 1081 2338 et
1109 2281 1535 2352 occupationes
1561 2283 1763 2352 variae,
1789 2282 2010 2356 quibus
2035 2295 2282 2341 necesse
2311 2287 2404 2340 est
2432 2280 2804 2354 contempla-

380 2353 607 2412 tionem
636 2358 904 2411 nostram
932 2352 994 2409 in
1018 2352 1128 2410 hac
1147 2351 1267 2409 vita
1292 2351 1637 2432 interpolari
1656 2352 1740 2424 (in
1762 2368 1881 2425 qua
1900 2352 2179 2411 consistit
2206 2353 2502 2424 praecipue
2533 2351 2808 2410 humana

383 2423 657 2493 felicitaS,
692 2423 894 2495 siqua
936 2428 1029 2481 est
1072 2422 1386 2494 praesentis
1410 2422 1592 2495 vitae),
1634 2429 1694 2481 et
1718 2436 1954 2481 errores
1999 2429 2056 2481 et
2098 2423 2502 2482 dubitationes
2529 2428 2593 2481 et
2615 2435 2804 2481 casus

381 2495 549 2565 varii,
584 2493 804 2568 quibus
828 2492 1098 2571 subjacet
1143 2506 1408 2565 praesens
1449 2494 1592 2562 vita,
1634 2493 1959 2553 ostendunt
1985 2495 2235 2554 omnino
2266 2493 2806 2566 incomparabilem

384 2579 519 2625 esse
553 2565 878 2624 humanam
906 2564 1266 2632 felicitatem,
1299 2564 1594 2645 praecipue
1620 2565 1800 2637 hujus
1826 2566 1979 2629 vitae,
2012 2567 2227 2625 divinae
2250 2565 2628 2624 beatitudini.

449 2637 725 2707 Amplius,
756 2634 1040 2717 perfectio
1078 2634 1292 2693 divinae
1337 2634 1723 2715 beatitudinis
1753 2637 2118 2696 considerari
2147 2642 2343 2707 potest
2376 2651 2448 2694 ex
2491 2636 2604 2693 boc
2633 2635 2805 2709 quod

383 2718 593 2765 omnes
619 2706 1017 2764 beatitudines
1045 2719 1175 2763 com
1225 2705 1457 2764 lectitur
1500 2707 1832 2765 secundum
1901 2707 2362 2766 erfectissimum
2403 2706 2692 2774 modum;
2724 2707 2803 2764 de

380 2777 841 2848 contemplativa
887 2776 1127 2858 quidem
1198 2775 1473 2847 elicitate,
1531 2776 1710 2835 babet
1749 2792 1853 2850 per
1878 2778 2245 2837 ectissimam
2293 2778 2384 2836 sui
2434 2783 2493 2834 et
2534 2777 2800 2835 aliorum

421 2854 721 2919 erpetuam
750 2847 1290 2906 considerationem
1314 2865 1328 2914 ;
1373 2847 1444 2905 de
1474 2848 1668 2907 activa
1691 2862 1833 2907 vero
1861 2849 1998 2917 vita,
2030 2861 2152 2906 non
2181 2848 2364 2907 unius
2392 2848 2662 2905 hominis
2691 2853 2802 2904 aut

421 2930 618 2985 omuS,
641 2922 743 2974 aut
768 2916 1044 2985 civitatis,
1066 2922 1168 2974 aut
1196 2916 1386 2989 regni,
1416 2916 1521 2974 sed
1559 2919 1744 2977 totius
1775 2919 2037 2977 universi
2067 2918 2584 2991 gubernationem.
2624 2918 2807 2976 Falsa

381 2987 540 3044 enim
570 2987 824 3045 felicitas
851 2992 910 3044 et
929 2992 1160 3044 terrena
1180 2998 1301 3044 non
1321 2985 1499 3044 babet
1519 2988 1639 3046 nisi
1659 2989 1977 3061 quamdam
1998 2989 2268 3048 umbram
2288 2988 2456 3048 illius
2486 2988 2794 3046 felicitatis

379 3056 847 3127 perfectissimae.
880 3055 1166 3114 Consistit
1193 3055 1353 3112 enim
1381 3057 1445 3113 in
1486 3058 1771 3131 quinque,
1809 3059 2139 3119 secundum
2171 3061 2442 3118 Boetium
2496 3058 2642 3132 (cap.
2674 3058 2792 3129 51),

382 3125 614 3185 scilicet
639 3124 701 3183 in
741 3127 1060 3197 voluptate,
1107 3125 1351 3193 divitiiS‚
1399 3132 1710 3196 potestate,
1750 3128 2039 3203 dignitate
2083 3136 2143 3189 et
2182 3130 2361 3189 fama.
2393 3129 2577 3188 Habet
2600 3128 2788 3187 etiam

383 3196 540 3254 Deus
569 3195 1132 3254 excellentissimam
1184 3194 1636 3255 delectationem
1667 3199 1740 3257 de
1775 3213 1863 3271 se,
1914 3206 1973 3259 et
2020 3202 2360 3260 universale
2401 3200 2688 3273 gaudium
2717 3199 2796 3256 de

383 3267 664 3326 omnibus
708 3266 909 3335 boniS,
944 3265 1169 3346 absque
1209 3268 1493 3325 contrarii
1535 3268 1923 3329 admixtione.
1973 3274 2087 3330 Pro
2135 3270 2360 3331 divitiis
2404 3284 2571 3341 vero,
2616 3268 2803 3329 hahet

381 3336 789 3395 omnimodam
820 3334 1243 3397 sufficientiam
1270 3335 1335 3393 in
1381 3337 1584 3408 seipso
1629 3340 1898 3399 omnium
1926 3341 2248 3413 bonorum,
2279 3348 2344 3400 ut
2382 3354 2568 3412 supra
2596 3346 2806 3401 osten-

382 3419 517 3466 sum
563 3412 673 3466 est.
704 3410 819 3465 Pro
860 3410 1171 3478 potestate,
1219 3405 1396 3465 habet
1447 3408 1740 3469 infinitam
1769 3413 2067 3470 virtutem.
2118 3415 2228 3471 Pro
2263 3412 2578 3487 dignitate,
2620 3411 2811 3470 habet

381 3477 650 3535 omnium
673 3476 901 3535 entium
928 3476 1246 3548 primatum
1274 3482 1331 3535 et
1350 3479 1638 3551 regimen.
1666 3484 1778 3540 Pro
1808 3483 1987 3546 fama,
2017 3482 2474 3544 admirationem
2497 3482 2704 3542 omnis
2722 3483 2809 3543 in·

382 3547 655 3605 tellectus
683 3547 884 3617 ipsum
910 3552 1232 3619 utcumque
1257 3550 1705 3622 cognoscentis.

454 3617 569 3688 ipsi
599 3616 803 3691 igitur,
846 3617 951 3692 qui
981 3617 1367 3691 singulariter
1407 3619 1621 3678 beatus
1662 3627 1776 3693 est,
1802 3623 2004 3685 honor
2042 3624 2128 3685 sit
2151 3629 2215 3684 et
2233 3623 2452 3700 gloria,
2482 3623 2550 3685 in
2578 3625 2843 3687 soecula⁴

382 3687 763 3748 saeculorum.
793 3689 999 3747 Amen.
1027 3687 1071 3762 (1
1099 3692 1275 3761 part„
1302 3704 1360 3764 q.
1393 3702 1564 3762 xm,
1594 3696 1703 3754 art.
1731 3691 1815 3769 4.)
