3076 5025
412 240 517 296 624
1251 228 1387 286 ΠΒ.
1420 228 1514 296 lv,
1555 226 1708 284 CAP.
1747 225 1990 283 Lxxxtl.

412 355 744 418 tollendum
795 358 1068 419 mortem,
1119 363 1297 424 quam
1347 353 1658 422 peccatum
1709 347 1847 406 Adae
1902 348 1977 405 ad
2030 344 2454 404 inducendum.
2509 345 2603 403 Illi
2662 344 2831 418 igitar

414 428 516 502 qui
548 441 651 498 per
678 425 951 482 meritum
995 421 1212 480 Christi
1240 423 1560 493 resurgent
1584 433 1621 476 a
1646 423 1836 476 morte
1865 416 2116 486 liberati,
2148 423 2403 476 mortem
2436 413 2695 473 ulterius
2722 426 2829 477 nou

455 497 729 556 atientur.
758 530 763 535 -

412 513 453 571 p
483 570 769 629 Praeterea,
799 565 950 623 illud
972 562 1133 637 quod
1170 562 1354 621 estin
1380 566 1732 632 perpetuum
1763 558 2133 626 duraturum,
2165 571 2288 616 non
2314 562 2409 614 est
2433 555 2829 637 destructum.

414 639 476 699 Si
518 638 696 709 igitur
748 636 1025 693 homines
1075 638 1457 705 resurgentes
1499 630 1697 688 adbuc
1726 630 1942 687 iterum
1986 628 2338 697 morientur,
2369 632 2436 684 ut
2465 640 2555 685 sic
2583 640 2752 686 mors
2779 626 2837 687 'n

412 715 765 782 perpetuum
792 706 984 774 duret,
1014 704 1182 762 nullo
1211 701 1391 760 modo
1416 714 1582 759 mors
1610 714 1715 772 per
1745 706 1995 757 mortem
2026 698 2239 779 Christi
2270 698 2577 756 destructa
2602 703 2717 755 est.
2746 697 2840 757 m

412 784 613 838 autem
662 777 963 835 destructa
1003 788 1163 832 nunc
1208 773 1448 845 quidem
1491 772 1556 829 in
1598 784 1802 834 causa,
1836 770 1998 842 quod
2027 772 2318 827 Dominus
2365 781 2471 839 per
2515 768 2668 825 Osee
2704 779 2841 838 pm·

415 848 648 908 dixerat
697 847 906 905 dicens
950 861 964 900 :
1008 848 1117 903 Ero
1172 858 1316 900 mors
1367 848 1509 922 tua„
1533 856 1567 898 ο
1608 856 1773 898 mors.
1826 840 1993 912 (Ose.,
2037 852 2165 907 xm,
2216 838 2326 912 14.)
2383 838 2596 895 Ultimo
2650 843 2841 897 autem

414 918 756 977 destruetur
802 918 862 973 in
914 921 1071 981 actu,
1114 912 1445 972 secundum
1496 911 1691 969 illud:
1735 912 2041 971 Novissime
2068 911 2295 966 iniaenica
2338 907 2651 964 destruetur
2684 922 2844 965 mors.

416 991 470 1061 (1
493 990 637 1052 Cor..
666 1001 770 1051 xv,
799 986 915 1059 26.)
945 989 1046 1044 Est
1070 986 1252 1059 igitur
1294 982 1627 1064 secundum
1652 980 1830 1039 fidem
1863 981 2144 1039 Ecclesiae
2167 979 2284 1039 hoc
2324 979 2651 1037 tenendum
2693 976 2847 1051 qnod

418 1072 593 1118 resur
636 1065 803 1115 entes
834 1070 951 1114 non
981 1059 1196 1113 iterum
1217 1060 1570 1112 morientur.
2537 1118 2549 1131 ·
2619 1117 2631 1129 ⁸

488 1131 584 1186 Ad
624 1144 709 1190 uc.
737 1126 986 1186 effectus
1029 1126 1326 1184 similatur
1357 1137 1481 1182 suae
1529 1137 1748 1182 causae.
1780 1122 2157 1180 Resurrectio
2184 1126 2381 1179 autem
2415 1118 2632 1178 Chnsti
2662 1130 2847 1200 causa

418 1204 513 1258 est
560 1200 772 1257 l‘uturae
814 1195 1286 1264 resurrectionis,
1314 1199 1383 1253 ut
1411 1193 1565 1267 (cap.
1588 1194 1682 1266 79)
1721 1193 1944 1251 dictum
1982 1199 2075 1251 est
2105 1192 2250 1273 {sic
2291 1197 2490 1249 autem
2523 1192 2849 1247 resurrexit

420 1268 690 1328 Christus
746 1273 810 1326 ut
872 1281 989 1327 non
1037 1267 1290 1324 ulterius
1342 1269 1694 1332 moreretur,
1754 1262 2084 1321 secundum
2127 1261 2274 1319 illud
2313 1261 2388 1318 ad
2426 1262 2623 1341 Item..
2652 1264 2843 1323 vno:

420 1339 669 1398 Christus
698 1354 981 1407 resurgens
1006 1353 1073 1393 ex
1098 1337 1343 1400 mortuis,
1354 1336 1480 1405 jam
1493 1352 1604 1390 non
1628 1336 1879 1390 moritur.
1907 1334 2188 1392 Homines
2218 1330 2399 1404 igilur
2417 1344 2506 1389 stc
2534 1332 2848 1402 resurgent

417 1414 487 1468 ut
519 1411 769 1468 ulterius
800 1423 919 1466 non
949 1408 1299 1465 moriantur.

490 1482 765 1550 Amplius,
809 1479 860 1536 si
904 1478 1178 1536 homines
1208 1480 1589 1549 resurgentes
1626 1475 1839 1532 iterum
1866 1474 2215 1543 moriantur,
2247 1477 2349 1530 aut
2402 1470 2479 1529 ab
2523 1470 2634 1529 illa
2659 1475 2845 1529 morte

417 1549 629 1608 iterato
684 1553 1016 1620 resurgent,
1060 1554 1165 1607 aut
1218 1559 1361 1604 non.
1418 1545 1478 1603 Si
1534 1557 1656 1602 non
1712 1552 2063 1617 resurgent,
2114 1542 2509 1601 remanebunt
2561 1547 2843 1614 perpetuo

422 1621 638 1679 animae
667 1629 953 1690 separatae
985 1637 1000 1673 :
1031 1618 1191 1691 quod
1220 1621 1313 1675 est
1346 1615 1798 1684 inconveniens,
1833 1621 1894 1670 ut
1941 1627 2123 1685 supra
2160 1613 2382 1671 dictum
2414 1618 2545 1680 est;
2576 1613 2654 1669 ad
2691 1610 2849 1685 quod

423 1690 765 1748 evitandum
798 1693 1100 1761 ponuntur
1125 1693 1263 1759 post
1304 1700 1636 1758 resurgere.
1667 1686 1787 1752 Vel,
1810 1685 1862 1741 si
1892 1694 2028 1756 post
2074 1685 2395 1742 secundam
2424 1688 2682 1740 mortem
2728 1693 2849 1740 non

419 1767 760 1833 resurgant,
802 1761 966 1818 nulla
994 1759 1105 1817 erit
1150 1771 1335 1816 causa
1370 1770 1552 1829 quare
1587 1758 1719 1827 post
1746 1755 1993 1825 primam
2023 1762 2358 1827 resurgant.
2387 1754 2441 1810 Si
2485 1759 2699 1834 autem·
2717 1756 2849 1825 post

422 1833 756 1889 secundam
785 1838 1032 1888 mortem
1085 1830 1295 1886 iterato
1326 1833 1658 1898 resurgent,
1691 1830 1794 1883 aut
1820 1832 2134 1897 resurgent
2179 1826 2390 1883 iterum
2424 1830 2851 1904 moritura-aut

419 1913 566 1958 non.
609 1902 668 1958 Si
722 1914 841 1958 non
896 1900 1189 1968 morituri,
1238 1899 1442 1956 eadem
1499 1896 1727 1953 ratione
1766 1896 1879 1953 hoc
1912 1897 2024 1953 erit
2062 1896 2404 1967 ponendum
2443 1898 2504 1951 et
2553 1908 2616 1950 in
2664 1906 2851 1973 prima

423 1972 901 2037 resurrectione;
933 1971 986 2028 si
1017 1983 1152 2027 vero
1201 1969 1414 2025 iterum
1454 1966 1750 2033 morituri,
1824 1967 2058 2024 rocedet
2112 1966 2173 2024 in
2204 1965 2503 2023 infinitum
2532 1966 2847 2022 alternatio

420 2040 633 2099 mortis
676 2045 736 2097 et
770 2041 900 2096 vitae
944 2041 1004 2095 in
1042 2040 1252 2096 eodem
1301 2037 1570 2107 subjecto
1603 2052 1616 2089 :
1648 2049 1767 2108 quo
1853 2037 2079 2094 videtur
2124 2035 2578 2094 inconveniens.
2612 2037 2848 2107 Oportet

419 2111 579 2167 enim
604 2110 761 2182 quod
799 2109 1049 2168 intentio
1079 2109 1179 2166 Dei
1209 2106 1554 2165 suscitantis
1593 2106 1666 2163 ad
1691 2106 1916 2177 aliquid
1945 2107 2400 2164 determinatum
2438 2107 2690 2162 feratur.
2721 2108 2851 2176 ipsa

420 2186 617 2239 autem
659 2179 868 2238 mortis
898 2184 956 2237 et
992 2180 1125 2236 vitae
1160 2177 1472 2236 alternatio
1512 2178 1859 2234 successiva
1898 2182 1992 2234 est
2033 2177 2205 2250 quasi
2246 2177 2514 2249 quaedam
2548 2183 2845 2234 transmu-

419 2251 587 2319 tatio,
614 2265 746 2323 quae
779 2249 914 2307 finis
940 2263 1075 2308 esse
1102 2263 1222 2307 non
1246 2253 1477 2320 potest;
1507 2252 1600 2305 est
1621 2246 1779 2304 enim
1815 2254 2025 2305 contra
2049 2249 2335 2305 rationem
2358 2254 2562 2304 motus
2592 2246 2755 2319 quod
2770 2246 2850 2304 sit

420 2319 586 2387 finis,
618 2334 802 2391 quum
829 2320 1026 2377 omnis
1055 2325 1255 2377 motus
1284 2320 1347 2374 in
1372 2317 1532 2375 aliud
1564 2318 1784 2373 tendat.

487 2393 776 2453 Praeterea,
811 2391 1063 2447 intentio
1091 2388 1647 2469 inferioris-naturae
1676 2388 1737 2444 in
1769 2385 2002 2459 agen‘do
2032 2387 2107 2445 ad
2137 2387 2591 2467 perpetuitatem
2644 2388 2847 2446 fertur.

421 2461 629 2520 Omnis
675 2462 832 2519 enim
879 2465 1102 2519 naturae
1147 2460 1446 2518 interioris
1494 2464 1646 2516 actio
1701 2457 1774 2516 ad
1826 2459 2272 2528 generationem
2313 2458 2650 2527 ordinatur,
2679 2457 2847 2530 cujus

420 2533 659 2605 quidem
687 2531 826 2590 finis
858 2538 948 2589 est
975 2539 1036 2588 ut
1066 2537 1452 2589 conservetur
1480 2543 1616 2586 esse
1644 2535 1993 2601 perpetuum
2023 2530 2243 2601 speciei
2267 2548 2281 2599 ;
2315 2530 2468 2587 unde
2492 2538 2712 2587 natura
2729 2542 2848 2587 non

420 2602 679 2660 intendit
710 2603 825 2660 boc
852 2601 1222 2659 individuum
1245 2601 1400 2659 sicut
1429 2600 1700 2658 ultimum
1723 2599 1923 2669 finem,
1948 2600 2053 2657 sed
2081 2600 2300 2670 speciei
2328 2601 2844 2660 conservationem

418 2673 640 2753 inipso
669 2690 683 2728 ι
716 2679 770 2728 et
805 2672 916 2730 boc
945 2671 1123 2730 habet
1148 2678 1379 2740 natura,
1403 2671 1756 2743 inquantum
1775 2670 1898 2742 agit
1917 2669 1977 2725 in
1995 2671 2209 2728 virtute
2235 2671 2352 2737 Dei,
2380 2685 2515 2742 quae
2540 2677 2637 2728 est
2660 2671 2850 2741 prima

418 2742 589 2814 radix
613 2744 1065 2815 perpetuitatis:
1099 2743 1255 2799 unde
1296 2743 1474 2798 etiam
1518 2741 1658 2797 tinis
1700 2740 2103 2811 generationis
2131 2755 2266 2798 esse
2308 2742 2550 2811 ponitur
2574 2756 2613 2798 a
2652 2740 2848 2800 Philo·

418 2813 612 2884 sopho
663 2812 761 2883 (De
800 2815 1160 2882 qeneratione,
1200 2825 1267 2880 11,
1322 2818 1463 2869 text.
1510 2824 1666 2868 com.
1710 2811 1825 2882 59),
1876 2816 1936 2867 ut
1981 2819 2260 2882 generata
2317 2811 2676 2882 participent
2714 2824 2849 2870 esse

418 2882 684 2941 divinum
715 2884 1043 2940 secundum
1077 2897 1178 2953 per
1221 2882 1547 2939 etuitatem.
1577 2882 1758 2939 Multo
1810 2880 1987 2954 igitur
2010 2883 2203 2954 magis
2233 2883 2385 2940 actio
2417 2882 2615 2953 ipsius
2640 2883 2746 2939 Dei
2773 2881 2845 2940 ad

417 2953 639 3026 aliquid
679 2960 1028 3024 perpetuum
1067 2959 1161 3010 ten
1209 2953 1271 3010 it.
1312 2953 1688 3010 Resurrectio
1714 2958 1913 3009 autem
1952 2965 2072 3008 non
2102 2952 2414 3011 ordinatur
2443 2952 2517 3009 ad
2551 2953 2846 3025 perpetui-

415 3028 599 3082 tatem
626 3023 881 3093 speciei;
915 3025 1037 3081 baec
1085 3023 1242 3081 enim
1291 3038 1395 3093 per
1437 3023 1884 3095 generationem
1934 3028 2163 3101 poterat
2208 3023 2574 3082 conservari.
2607 3027 2847 3094 Oportet

369 3105 392 3132 ‘2
416 3094 602 3166 igitur
627 3094 785 3166 quod
816 3095 1124 3152 ordinetur
1160 3094 1232 3151 ad
1285 3096 1734 3165 perpetuitatem
1767 3092 2073 3149 individui.
2102 3096 2233 3151 Non
2263 3100 2461 3151 autem
2510 3095 2841 3151 secundum

417 3165 673 3222 animam
703 3171 961 3233 tantum,
985 3166 1099 3222 boc
1138 3164 1293 3221 enim
1319 3164 1442 3235 jam
1471 3165 1672 3221 anima
1699 3164 1951 3220 habebat
1978 3171 2115 3221 ante
2147 3165 2673 3222 resurrectionem.
2693 3167 2841 3237 Ergo

415 3236 750 3293 secundum
775 3237 1195 3306 compositum.
1229 3237 1417 3292 Homo
1448 3235 1631 3306 igitur
1655 3247 1976 3306 resurgens
2006 3242 2292 3307 perpetuo
2311 3237 2485 3293 vivet.

487 3307 707 3373 Adhuc,
749 3306 946 3363 anima
972 3313 1028 3363 et
1059 3319 1275 3376 corpus
1305 3306 1541 3363 diverso
1571 3305 1780 3363 ordine
1826 3306 2156 3375 comparari
2200 3305 2474 3363 videntur
2511 3306 2847 3363 secundum,

418 3375 670 3447 primam
701 3374 962 3433 hominis
992 3377 1458 3448 generationem,
1490 3380 1550 3432 et
1589 3374 2085 3434 resurrectionem
2113 3377 2402 3448 ejusdem.
2434 3378 2581 3432 Nam
2631 3389 2843 3435 secun·

416 3446 558 3526 dum
585 3447 1028 3514 generationem
1062 3447 1309 3517 primam
1347 3447 1570 3503 creatio
1596 3448 1807 3504 animae
1834 3446 2107 3518 sequitur
2177 3446 2579 3504 enerationem
2631 3461 2841 3519 corpo-

414 3530 530 3583 ris;
558 3521 881 3587 praeparata
910 3517 1067 3573 enim
1102 3518 1348 3576 materia
1376 3516 1670 3587 corporali
1698 3531 1802 3588 per
1832 3517 2104 3573 virtutem
2175 3518 2321 3575 ecisi
2373 3518 2651 3587 seminis,
2686 3520 2840 3574 Deus

414 3586 673 3645 animam
704 3586 960 3644 creando
990 3587 1251 3645 infundit
1282 3605 1296 3656 ;
1327 3588 1388 3643 in
1430 3590 1864 3645 resurrectione
1911 3592 2109 3644 autem
2160 3601 2380 3658 corpus
2424 3588 2644 3645 animae
2692 3601 2837 3659 prae-

415 3657 689 3714 existenti
739 3657 1128 3727 coaptabitur.
1181 3658 1372 3715 Prima
1417 3663 1615 3715 autem
1646 3659 1781 3725 vita,
1809 3670 1987 3730 quam
2031 3658 2213 3715 homo
2252 3673 2360 3730 per
2386 3658 2834 3729 generationem

415 3726 782 3798 adipiscitur,
811 3730 1080 3800 sequitur
1106 3728 1507 3786 conditionem
1537 3727 1940 3799 corruptibilis
1969 3731 2259 3799 corporis,
2291 3729 2354 3784 in
2382 3729 2496 3785 boc
2545 3728 2711 3799 quod
2734 3742 2837 3800 per

412 3805 663 3854 mortem
694 3797 953 3868 privatur
980 3799 1115 3857 vita.
1147 3799 1272 3856 Vita
1313 3801 1495 3872 igitur
1522 3813 1697 3872 quam
1748 3800 1925 3856 homo
1950 3798 2320 3871 resurgendo
2348 3797 2707 3868 adipiscitur
2732 3797 2837 3856 erit

412 3874 696 3938 perpetua
724 3869 1049 3949 secundum
1081 3869 1484 3927 conditionem
1515 3869 1978 3940 incorruptibilis
2000 3871 2236 3927 animae.

441 4006 452 4017 ο
487 3939 637 4017 Item,
680 3940 730 3997 si
758 3953 820 3995 m
846 3940 1140 3996 inlinitum
1171 3941 1493 3998 succedant
1519 3940 1723 3998 sibiin
1752 3941 1959 3998 eodem
1991 3941 2109 3997 vita
2127 3949 2185 3997 et
2211 3953 2396 4006 mors,
2424 3939 2559 4010 ipsa
2587 3940 2837 3998 alterna*

409 4012 494 4087 ¹19
521 4015 652 4066 vitae
678 4016 737 4066 et
764 4011 974 4068 mortis
1005 4010 1241 4068 babebit
1269 4013 1528 4080 speciem
1560 4011 1969 4069 circulationis
1998 4011 2330 4083 cujusdam.
2378 4011 2591 4068 Omnis
2638 4015 2831 4068 autem

409 4078 713 4158 circulatio
739 4081 798 4136 in
831 4083 1007 4138 rebus
1037 4081 1473 4154 generabilibus
1504 4089 1562 4139 et
1591 4081 2074 4152 corruptibilibus
2127 4097 2164 4140 a
2207 4082 2395 4153 prima
2445 4081 2833 4138 circulatione

408 4150 944 4228 incorruptibilium
971 4166 1286 4223 corporum
1314 4160 1597 4211 causatur
1629 4168 1642 4205 ε
1669 4167 1804 4209 nam
1836 4152 2023 4222 prima
2041 4152 2350 4210 circulatio
2372 4153 2436 4208 in
2467 4158 2634 4228 motu
2661 4148 2831 4210 locali

409 4225 743 4299 invenitur,
788 4231 843 4278 et
900 4224 1227 4281 secundum
1276 4223 1405 4294 ejus
1453 4222 1905 4282 similitudinem
1953 4223 2026 4280 ad
2074 4230 2274 4281 motus
2313 4222 2469 4280 alios
2516 4222 2824 4280 derivatur.

409 4289 757 4347 causabitur
790 4291 970 4372 igitur
992 4294 1303 4352 alternatio
1334 4296 1545 4352 mortis
1573 4299 1631 4350 et
1658 4295 1785 4351 vitae
1821 4309 1859 4352 a
1906 4306 2153 4365 corpore
2183 4293 2455 4357 coelesti-2
2497 4293 2661 4365 quod
2700 4303 2825 4371 esse

409 4372 533 4418 non
560 4363 774 4432 potest,
804 4375 947 4434 quia
974 4365 1265 4438 reparatio
1310 4367 1582 4439 corporis
1608 4365 1826 4424 mortui
1879 4364 1953 4424 ad
1994 4366 2175 4423 vitam
2204 4364 2550 4424 laenitatem
2579 4363 2831 4422 actionis
