3076 5025
1150 262 1282 320 Lm.
1324 264 1373 332 1,
1409 262 1563 320 CAP.
1601 261 1775 319 Lxxl.
2592 268 2665 325 ’Π

234 384 418 445 sistit.
474 383 859 465 Relinquitur
899 384 1080 458 igitur
1125 383 1283 456 quod
1333 386 1489 441 Deus
1520 383 1834 456 cognoscit
1864 397 1984 443 non
2016 384 2212 444 solum
2244 386 2491 458 nobilia,
2555 389 2664 450 sed

238 456 416 515 etiam
452 469 527 512 ea
547 470 682 527 quae
705 455 847 512 vilia
878 460 1177 526 putantur.

310 527 529 587 Adhuc.
562 526 762 582 vilitas
788 525 1163 596 cognitorum
1196 526 1255 581 in
1286 530 1745 596 cognoscentem
1789 538 1910 583 non
1941 525 2229 584 redundat
2269 542 2374 598 pci·
2423 543 2509 589 se.
2541 533 2664 591 Hoc

238 602 336 654 est
361 598 525 653 enim
558 596 631 653 de
661 597 895 653 ratione
926 596 1313 666 cognitionis,
1345 603 1405 651 ut
1443 608 1819 667 cognoscens
1850 596 2153 654 contineat
2181 600 2413 667 species
2436 602 2661 674 cogniti

240 667 574 725 secundum
607 667 854 725 modum
887 680 1082 724 suum.
1118 669 1224 723 Per
1254 666 1532 723 accidens
1561 671 1755 723 autem
1787 672 1983 738 potest
2011 668 2337 727 redundare
2369 670 2427 727 in
2447 687 2665 753 cogno·

240 744 507 796 scentem
538 736 738 794 vilitas
759 737 1160 807 cognitorum,
1183 736 1272 792 vel
1297 750 1369 793 eo
1390 736 1570 806 quod,
1603 736 1741 792 dum
1774 737 1914 793 vilia
1942 739 2301 808 considerat,
2331 755 2366 798 a
2413 743 2666 801 nobilio-

242 809 411 866 ribus
441 808 813 865 abstrahitur
842 808 1196 878 cogitandis,
1224 807 1311 862 vel
1342 820 1413 863 eo
1448 807 1603 878 quod
1637 822 1705 863 ex
1736 808 2212 866 consideratione
2243 811 2445 868 vilium
2472 814 2530 869 in
2564 814 2667 872 ali-

244 892 396 952 quas
427 880 730 936 indebitas
759 876 1109 935 affectiones
1138 878 1497 944 inclinatur;
1529 877 1688 949 quod
1719 877 1957 957 quidem
1988 879 2050 934 in
2082 882 2202 938 Deo
2231 895 2365 938 esse
2397 897 2514 941 non
2561 898 2666 954 po-

242 955 380 1018 test,
412 956 477 1006 ut
503 965 577 1007 ex
633 950 812 1007 dictis
843 948 994 1019 (cap.
1022 952 1089 1005 38
1114 953 1170 1008 et
1201 951 1267 1004 39
1322 953 1493 1018 patet.
1521 951 1648 1004 iNon
1679 948 1860 1017 igitur
1902 949 2146 1022 derogat
2192 951 2404 1010 divinae
2454 953 2669 1013 nobili·

240 1021 348 1078 tati
385 1021 596 1077 vilium
630 1032 826 1077 rerum
859 1019 1145 1098 cognitiO,
1181 1032 1246 1077 se
1317 1019 1510 1088 magis
1544 1020 1793 1089 peitinet
1823 1018 1895 1076 ad
1926 1019 2184 1077 divinam
2216 1024 2664 1095 perfectionem,

244 1090 580 1216 secundum
601 1089 762 1163 quod
793 1103 999 1147 omnia
1024 1089 1087 1147 in
1113 1102 1178 1147 se
1209 1089 1340 1160 ipsa
1368 1089 1563 1157 babet,
1599 1095 1661 1146 ut
1685 1102 1867 1160 supra
1888 1088 2037 1162 (cap.
2069 1095 2130 1149 31
2166 1099 2223 1149 et
2248 1093 2334 1165 54)
2358 1101 2669 1154 ostensum

319 1231 536 1302 Adhuc,
564 1232 753 1290 virtus
782 1231 985 1303 aliqua
1008 1245 1127 1288 non
1150 1229 1452 1301 judicatur
1478 1244 1677 1300 parva.
1709 1244 1840 1302 quae
1870 1230 1932 1288 in
1960 1245 2140 1303 parva
2157 1240 2373 1306 potest,
2404 1238 2506 1296 sed
2534 1253 2668 1311 quae

244 1302 323 1361 ad
353 1317 534 1373 parva
564 1303 1008 1360 determinatur.
1039 1305 1182 1358 Nam
1213 1302 1401 1376 virtus¹
1425 1316 1557 1372 quae
1588 1301 1645 1355 in
1680 1314 1895 1380 magna
1914 1307 2125 1373 potest,
2157 1306 2335 1362 etiam
2365 1315 2562 1377 potest
2600 1309 2668 1368 in

243 1388 445 1445 parva.
479 1374 756 1445 cognitio
786 1387 931 1444 ergo
971 1388 1102 1446 quae
1132 1371 1310 1430 simul
1345 1377 1536 1442 potest
1565 1370 1623 1426 in
1659 1371 1882 1429 nobilia
1925 1380 1981 1430 et
2009 1374 2170 1440 vilia,
2204 1389 2321 1432 non
2379 1383 2472 1434 est
2520 1378 2668 1436 'udi-

247 1445 435 1502 canda
452 1444 610 1513 vilis,
642 1444 746 1502 sed
780 1444 886 1500 illa
904 1458 1033 1516 quae
1060 1444 1121 1499 in
1147 1443 1284 1498 vilia
1299 1449 1520 1500 tantuin
1545 1446 1757 1512 potest,
1784 1442 1940 1500 sicut
1967 1444 2030 1500 in
2059 1444 2235 1503 nobis
2258 1446 2492 1506 accidit.
2568 1461 2667 1508 am

249 1515 367 1572 alia
394 1515 882 1572 consideratione
913 1514 1363 1572 consideramus
1395 1513 1595 1569 divina
1623 1518 1680 1568 et
1710 1513 1990 1584 humana,
2022 1520 2080 1570 et
2131 1516 2249 1573 alia
2277 1517 2531 1576 scientia
2577 1525 2671 1577 est

252 1586 587 1657 utriusque,
622 1585 781 1642 unde
811 1584 1250 1655 comparatione
1282 1583 1597 1641 nobilioris
1629 1583 1873 1640 interior
1900 1585 2071 1642 vilior
2110 1593 2431 1657 reputatur.
2456 1592 2519 1646 ln
2549 1592 2670 1647 Deo

254 1663 449 1714 autem
480 1670 602 1714 non
635 1663 730 1715 est
759 1656 884 1723 sic;
936 1669 1069 1713 nam
1118 1654 1319 1711 eadem
1365 1654 1617 1711 scicntia
1663 1659 1717 1709 et
1763 1655 2240 1714 consideratione
2296 1659 2561 1730 seipsum
2616 1666 2675 1717 et

260 1729 463 1783 omnia
487 1728 604 1784 alia
658 1726 1017 1784 considerat.
1065 1728 1190 1783 Non
1234 1725 1414 1798 igitui-
1443 1723 1573 1795 ejns
1599 1724 1865 1782 scientiae
1894 1726 2094 1799 aliqua
2129 1728 2326 1786 vilitas
2356 1731 2673 1789 ascribitur

268 1812 343 1864 ex
366 1798 473 1854 boc
498 1797 655 1870 quod
679 1810 1067 1870 quaecumque
1095 1797 1238 1852 vilia
1268 1797 1603 1864 cognoscit.

342 1868 474 1924 Huic
501 1875 701 1924 autem
736 1872 1028 1924 consonat
1056 1867 1212 1938 quod
1247 1866 1483 1932 dicitur,
1511 1866 1668 1933 Sap„
1690 1877 1800 1931 vii,
1823 1869 1913 1930 24,
1933 1870 2023 1935 25,
2049 1865 2120 1923 de
2137 1867 2338 1927 divina
2359 1871 2671 1942 sapientia,

268 1939 416 2064 3122?
444 1942 670 2008 attingit
699 1939 897 2009 ubique
919 1942 1143 2009 propter
1169 1952 1324 1993 suam
1350 1935 1700 2002 munditiam,
1730 1940 1781 1990 ct
1806 1937 1947 1991 nihil
1973 1938 2323 2007 inquinatum
2349 1942 2584 1999 incurrit
2611 1946 2674 2000 in

328 2082 494 2137 Patet
542 2085 742 2137 autem
789 2094 860 2138 ex
908 2078 1226 2150 praedictis„
1272 2076 1430 2151 quod
1457 2075 1609 2133 ratio
1634 2088 1765 2148 quae
1795 2075 1858 2132 in
1887 2077 2224 2148 oppositum
2257 2080 2672 2155 oinciebatur,

257 2156 518 2209 ostensae
539 2151 772 2208 veritati
805 2164 926 2207 non
951 2154 1257 2229 repugnat.
1288 2147 1581 2205 Nobilitas
1617 2148 1775 2203 euim
1808 2148 2072 2206 scientiae
2102 2151 2423 2210 attenditur
2458 2167 2673 2212 secun-

256 2221 395 2278 dum
428 2236 503 2279 ea
543 2222 616 2278 ad
649 2235 781 2293 quae
823 2221 1009 2302 princi
1056 2221 1226 2277 aliter
1273 2219 1525 2298 scientia
1565 2217 1891 2298 ordinatur,
1936 2225 1993 2275 et
2022 2233 2141 2277 non
2168 2221 2238 2277 ad
2271 2224 2475 2281 omnia
2514 2239 2674 2297 quae-

254 2306 515 2362 cumque
541 2292 603 2348 in
633 2293 887 2350 scientia
925 2305 994 2348 ca
1042 2297 1163 2346 unt.
1191 2290 1311 2347 Sub
1342 2290 1720 2346 nobilissima
1749 2302 1908 2346 enim
1940 2289 2323 2349 scientiarum
2358 2294 2511 2365 apud
2561 2308 2675 2354 nos

252 2364 479 2420 cadunt
509 2376 637 2419 non
684 2363 878 2419 solum
929 2375 1204 2431 suprema
1236 2361 1295 2416 in
1327 2361 1585 2425 entibuS,
1618 2358 1720 2415 sed
1753 2359 1929 2437 etiam
1960 2359 2184 2418 infima.
2213 2364 2358 2421 Nam
2408 2366 2673 2435 philoso-

251 2433 399 2515 phia
449 2434 642 2505 prima
685 2432 1225 2490 considerationem
1272 2444 1441 2489 suam
1492 2429 1753 2486 extendit
1783 2443 1818 2485 a
1847 2443 2036 2499 primo
2084 2437 2218 2488 ente
2246 2447 2435 2505 usque
2465 2434 2537 2491 ad
2567 2449 2676 2493 ens

250 2518 316 2562 in
348 2505 640 2576 potentia,
671 2503 830 2577 quod
875 2508 964 2561 est
997 2503 1269 2560 ultimum
1301 2502 1359 2559 in
1392 2500 1652 2559 entibus.
1700 2499 1795 2557 Sic
1824 2506 2017 2558 autem
2049 2501 2165 2559 sub
2192 2501 2392 2561 divina.
2426 2506 2676 2564 scientia

252 2574 848 2647 comprehenduntur
887 2573 1109 2655 infima·
1138 2574 1385 2640 entium,
1433 2571 1606 2652 quasi
1654 2584 1790 2627 cum
1844 2571 2156 2652 principali
2205 2575 2448 2646 cognito
2496 2575 2676 2633 simul

252 2652 418 2704 nota.
456 2648 672 2703 Divina
700 2646 857 2703 enim
889 2651 1153 2702 essentia
1176 2650 1266 2701 est
1284 2642 1639 2778 9principale
1666 2655 1700 2697 a
1730 2643 1849 2698 Deo
1877 2647 2205 2713 cognitum,
2241 2645 2304 2702 in
2332 2659 2451 2717 quo
2476 2647 2677 2704 omnia

254 2723 732 2787 cognoscuntur,
765 2722 828 2773 ut
858 2729 1035 2786 supra
1066 2714 1216 2785 (cap.
1248 2717 1281 2770 4
1368 2718 1677 2769 ostensum
1710 2715 1820 2765 est.

312 2790 482 2844 Patet
500 2788 681 2844 etiam
704 2786 860 2859 quod
883 2788 1004 2843 haec
1022 2785 1238 2849 veritas
1253 2796 1369 2839 non
1391 2786 1678 2852 repugnat
1694 2779 1867 2835 dictis
1880 2778 2227 2850 Philosophi
2246 2782 2306 2837 in
2322 2782 2673 2844 duodecimo

249 2859 496 2929 Hetuph.
549 2859 711 2930 (text.
739 2871 955 2913 comm.
987 2856 1097 2926 31).
1132 2858 1271 2912 Nam
1306 2853 1385 2910 ibi
1418 2851 1669 2908 intendit
1700 2847 2012 2906 ostendere
2043 2852 2197 2922 quod
2241 2852 2479 2912 divinus
2505 2854 2678 2914 intel-

124 2935 143 2946 ‘
251 2929 445 2987 lectus
471 2941 596 2985 non
629 2927 943 3000 cognoscit
978 2925 1139 2984 aliud
1169 2940 1205 2982 a
1228 2938 1314 2991 se,
1346 2923 1504 2995 quod
1540 2922 1618 2979 sit
1647 2920 1737 2977 sui
1788 2919 2123 2979 intellectus
2153 2923 2453 2994 perfectio,
2504 2926 2677 2997 quasi

250 3000 589 3079 principale
635 3000 975 3071 cognitum3
1009 3003 1067 3053 et
1099 2996 1424 3054 secundum
1461 2994 1618 3049 hunc
1649 2989 1890 3072 modum
1919 2990 2061 3048 dicit
2096 2994 2265 3072 ‚quod
2293 2995 2432 3052 vilia
2460 2997 2677 3056 melius

250 3076 616 3141 ignorantur
644 3083 821 3142 quam
871 3073 1331 3139 cognoscantur,
1370 3068 1610 3143 quando
1638 3063 1868 3141 scilicet
1896 3067 1984 3118 est
2030 3062 2149 3121 alia
2170 3066 2438 3137 cognitio
2469 3067 2673 3126 vilium

250 3147 311 3199 et
339 3142 664 3211 nobilium,
693 3145 753 3197 et
778 3138 985 3197 vilium
1010 3136 1411 3200 consideratio
1440 3133 1983 3192 considerationem
2010 3133 2305 3193 nobilium
2332 3136 2596 3209 impedit.

240 3227 300 3276 et
330 3221 654 3284 nobilium,
684 3221 742 3272 et
768 3221 977 3271 vilium
1022 3221 1426 3270 consideratio
1465 3218 2012 3285 considerationem
2060 3212 2368 3269 nobilium
2406 3215 2678 3284 impedit.

238 3293 285 3363 (l
309 3295 490 3363 part„
521 3303 582 3362 q.
610 3298 759 3357 xxii,
792 3291 904 3343 art.
935 3289 967 3342 3
993 3284 1067 3343 ad
1096 3283 1176 3357 3.)

1217 3407 1471 3475 CAPUT
1508 3408 1718 3473 LXXI.

1014 3579 1165 3635 QUOD
1199 3581 1349 3627 DEUS
1387 3580 1702 3628 COGNOSCIT
1734 3579 1918 3629 MAI-A.

313 3719 485 3774 Nunc
513 3716 705 3772 restat
735 3709 1048 3770 ostendere
1078 3711 1238 3784 quod
1280 3715 1437 3770 Deus
1486 3715 1817 3784 cognoscat
1861 3712 2038 3769 etiam
2080 3711 2257 3772 mala.
2307 3712 2474 3771 Bono
2516 3710 2677 3774 enim

242 3790 510 3859 cognito,
545 3786 773 3841 malum
805 3783 1143 3853 oppositum
1175 3783 1581 3855 cognoscitur.
1613 3783 1721 3840 Sed
1757 3785 1911 3841 Deus
1961 3785 2272 3855 cognoscit
2304 3787 2507 3842 omnia
2547 3798 2677 3856 par·

246 3859 523 3915 ticularia
552 3856 737 3919 bona.
769 3853 989 3933 quibus
1023 3853 1171 3909 mala
1205 3860 1588 3933 opponuntur
1621 3871 1634 3909 :
1668 3853 1982 3926 cognoscit
2008 3854 2188 3925 igitur
2217 3857 2371 3911 Deus
2403 3857 2578 3913 mala.

319 3930 608 3989 Praeterea,
651 3929 1087 3983 contrariorum
1131 3930 1395 3981 rationes
1435 3924 1496 3980 in
1548 3924 1748 3981 anima
1804 3937 1920 3980 non
1972 3929 2113 3982 sunt
2150 3931 2502 3982 contrariae:
2529 3923 2680 3986 alias

256 4010 366 4055 non
394 3998 581 4057 simul
615 3999 823 4053 essent
851 3994 911 4050 in
944 3996 1164 4063 anima,
1213 4008 1321 4051 nec
1369 3994 1549 4055 simul
1596 4001 2120 4067 cognoscerentur.
2171 3997 2340 4052 Ratio
2368 4010 2532 4065 ergo,
2562 4009 2681 4069 qua

256 4069 643 4141 cognoscitur
691 4065 936 4144 malum,
981 4078 1102 4122 non
1151 4071 1441 4136 repugnat
1489 4064 1671 4131 bon0‚
1705 4065 1809 4122 sed
1854 4066 2048 4137 magis
2097 4066 2169 4123 ad
2220 4068 2506 4123 rationein
2537 4065 2680 4123 boni

248 4141 519 4211 pertinet.
553 4138 613 4195 Si
651 4136 835 4207 igitur
864 4148 924 4190 in
959 4137 1076 4194 Deo
1117 4142 1355 4206 propter
1399 4149 1571 4192 suam
1621 4135 1955 4193 absolutam
2003 4138 2418 4207 perlectionem
2455 4136 2681 4193 inveni·

252 4216 422 4268 untur
470 4221 695 4267 omnes
738 4205 1002 4285 rationes
1050 4205 1356 4274 bonitatiS,
1390 4213 1453 4263 ut
1484 4220 1664 4276 supra
1690 4206 1838 4278 (cap.
1880 4205 1968 4278 40)
2017 4207 2330 4286 probatum
2358 4212 2467 4269 est,
2505 4207 2681 4262 relin-

246 4282 443 4352 quitur
467 4279 635 4353 quod
690 4277 747 4333 id
794 4288 927 4357 ipso
968 4276 1048 4334 sit
1093 4277 1265 4341 ratio,
1311 4291 1429 4349 qua
1476 4278 1698 4334 malum
1741 4283 2148 4347 cognoscitur,
2181 4280 2354 4334 etsie
2380 4284 2472 4333 est
2503 4276 2679 4331 etiam

244 4353 539 4410 malorum
560 4352 1052 4417 cognosciturus

308 4424 462 4489 Item,
498 4432 716 4479 verum
762 4423 857 4477 est
898 4416 1124 4478 bonum
1175 4418 1533 4477 intellectus
1585 4423 1660 4475 Ex
1715 4420 1826 4475 hoc
1873 4419 2031 4476 enim
2077 4418 2297 4491 aliquis
2345 4416 2683 4473 intellectus
