<?xml version="1.0" encoding="UTF-8"?>
<!DOCTYPE html PUBLIC "-//W3C//DTD XHTML 1.0 Transitional//EN"
    "http://www.w3.org/TR/xhtml1/DTD/xhtml1-transitional.dtd">
<html xmlns="http://www.w3.org/1999/xhtml" xml:lang="en" lang="en">
 <head>
  <title>
</title>
<meta http-equiv="Content-Type" content="text/html;charset=utf-8" />
  <meta name='ocr-system' content='tesseract 3.04.00' />
  <meta name='ocr-capabilities' content='ocr_page ocr_carea ocr_par ocr_line ocrx_word'/>
</head>
<body>
  <div class='ocr_page' id='page_1' title='image "./deveritatecatho00rubegoog_0067.png"; bbox 0 0 3076 5025; ppageno 0'>
   <div class='ocr_carea' id='block_1_1' title="bbox 186 290 2655 803">
    <p class='ocr_par' dir='ltr' id='par_1_1' title="bbox 186 290 2655 803">
     <span class='ocr_line' id='line_1_1' title="bbox 1054 290 2647 389; baseline 0.004 -7"><span class='ocrx_word' id='word_1_1' title='bbox 1054 312 1057 315; x_wconf 83' lang='grc'><strong>’</strong></span> <span class='ocrx_word' id='word_1_2' title='bbox 1101 302 1261 382; x_wconf 76' lang='lat' dir='ltr'>m.</span> <span class='ocrx_word' id='word_1_3' title='bbox 1292 290 1548 389; x_wconf 57' lang='grc' dir='ltr'>ἰῖαᾏιῖ</span> <span class='ocrx_word' id='word_1_4' title='bbox 1580 328 1755 383; x_wconf 62' lang='lat' dir='ltr'>xxvi</span> <span class='ocrx_word' id='word_1_5' title='bbox 2579 334 2647 389; x_wconf 69' lang='lat'>31</span> 
     </span>
     <span class='ocr_line' id='line_1_2' title="bbox 186 446 2654 531; baseline 0.001 -25"><span class='ocrx_word' id='word_1_6' title='bbox 186 446 413 506; x_wconf 85' lang='lat' dir='ltr'>eodem</span> <span class='ocrx_word' id='word_1_7' title='bbox 440 460 673 528; x_wconf 75' lang='lat' dir='ltr'>genere</span> <span class='ocrx_word' id='word_1_8' title='bbox 694 446 1058 529; x_wconf 44' lang='lat' dir='ltr'>suntffialies</span> <span class='ocrx_word' id='word_1_9' title='bbox 1082 460 1276 519; x_wconf 83' lang='lat' dir='ltr'>genus</span> <span class='ocrx_word' id='word_1_10' title='bbox 1304 446 1377 505; x_wconf 91' lang='lat' dir='ltr'>de</span> <span class='ocrx_word' id='word_1_11' title='bbox 1425 447 1698 530; x_wconf 76' lang='lat' dir='ltr'>pluribus</span> <span class='ocrx_word' id='word_1_12' title='bbox 1739 461 1865 530; x_wconf 78' lang='lat' dir='ltr'>non</span> <span class='ocrx_word' id='word_1_13' title='bbox 1909 449 2349 531; x_wconf 71' lang='lat' dir='ltr'>praedicaretur.</span> <span class='ocrx_word' id='word_1_14' title='bbox 2409 453 2654 522; x_wconf 84' lang='lat' dir='ltr'>Oportet</span> 
     </span>
     <span class='ocr_line' id='line_1_3' title="bbox 192 517 2654 605; baseline 0.001 -28"><span class='ocrx_word' id='word_1_15' title='bbox 192 523 405 577; x_wconf 81' lang='lat' dir='ltr'>autem</span> <span class='ocrx_word' id='word_1_16' title='bbox 430 532 677 598; x_wconf 74' lang='lat' dir='ltr'>omma,</span> <span class='ocrx_word' id='word_1_17' title='bbox 709 531 847 599; x_wconf 66' lang='lat' dir='ltr'>qum</span> <span class='ocrx_word' id='word_1_18' title='bbox 873 532 937 575; x_wconf 81' lang='lat' dir='ltr'>in</span> <span class='ocrx_word' id='word_1_19' title='bbox 964 517 1170 599; x_wconf 85' lang='lat' dir='ltr'>eodem</span> <span class='ocrx_word' id='word_1_20' title='bbox 1201 531 1418 590; x_wconf 78' lang='lat' dir='ltr'>genere</span> <span class='ocrx_word' id='word_1_21' title='bbox 1447 525 1612 602; x_wconf 78' lang='lat' dir='ltr'>sunt,</span> <span class='ocrx_word' id='word_1_22' title='bbox 1642 532 1705 575; x_wconf 82' lang='lat' dir='ltr'>in</span> <span class='ocrx_word' id='word_1_23' title='bbox 1733 519 2062 601; x_wconf 77' lang='lat' dir='ltr'>quidditate</span> <span class='ocrx_word' id='word_1_24' title='bbox 2132 535 2335 603; x_wconf 61' lang='lat' dir='ltr'>euersis</span> <span class='ocrx_word' id='word_1_25' title='bbox 2365 524 2654 605; x_wconf 78' lang='lat' dir='ltr'>eonveni-</span> 
     </span>
     <span class='ocr_line' id='line_1_4' title="bbox 194 588 2655 740; baseline 0.001 -22"><span class='ocrx_word' id='word_1_26' title='bbox 194 588 2091 740; x_wconf 42' lang='lat' dir='ltr'>ffiissrsstssssefflilttffil{211233103mittitur&amp;</span> <span class='ocrx_word' id='word_1_27' title='bbox 2161 600 2655 721; x_wconf 53' lang='lat' dir='ltr'>fisslffliffi‘e‘ffl&#39;iss</span> 
     </span>
     <span class='ocr_line' id='line_1_5' title="bbox 202 704 2113 803; baseline 0 -13"><span class='ocrx_word' id='word_1_28' title='bbox 202 732 327 790; x_wconf 85' lang='lat' dir='ltr'>Deo</span> <span class='ocrx_word' id='word_1_29' title='bbox 361 729 754 800; x_wconf 85' lang='lat' dir='ltr'>impossibile</span> <span class='ocrx_word' id='word_1_30' title='bbox 784 734 915 798; x_wconf 89' lang='lat' dir='ltr'>est;</span> <span class='ocrx_word' id='word_1_31' title='bbox 944 732 1101 788; x_wconf 87' lang='lat' dir='ltr'>Deus</span> <span class='ocrx_word' id='word_1_32' title='bbox 1132 729 1144 740; x_wconf 82' lang='lat'><em>&#39;</em></span> <span class='ocrx_word' id='word_1_33' title='bbox 1193 735 1312 788; x_wconf 80' lang='lat' dir='ltr'>itur</span> <span class='ocrx_word' id='word_1_34' title='bbox 1338 730 1399 786; x_wconf 92' lang='lat' dir='ltr'>in</span> <span class='ocrx_word' id='word_1_35' title='bbox 1429 744 1645 803; x_wconf 78' lang='lat' dir='ltr'>genere</span> <span class='ocrx_word' id='word_1_36' title='bbox 1677 744 1795 788; x_wconf 94' lang='lat' dir='ltr'>non</span> <span class='ocrx_word' id='word_1_37' title='bbox 1821 736 1936 790; x_wconf 81' lang='lat' dir='ltr'>est.</span> <span class='ocrx_word' id='word_1_38' title='bbox 2097 704 2113 720; x_wconf 58' lang='lat'>⁸</span> 
     </span>
    </p>
   </div>
   <div class='ocr_carea' id='block_1_2' title="bbox 208 794 2656 956">
    <p class='ocr_par' dir='ltr' id='par_1_2' title="bbox 208 794 2736 956">
     <span class='ocr_line' id='line_1_6' title="bbox 274 794 2656 876; baseline 0.002 -19"><span class='ocrx_word' id='word_1_39' title='bbox 274 802 564 871; x_wconf 71' lang='lat' dir='ltr'>Amplius,</span> <span class='ocrx_word' id='word_1_40' title='bbox 597 800 1069 872; x_wconf 88' lang='lat' dir='ltr'>unumquodque</span> <span class='ocrx_word' id='word_1_41' title='bbox 1099 813 1171 857; x_wconf 88' lang='lat' dir='ltr'>eo</span> <span class='ocrx_word' id='word_1_42' title='bbox 1197 801 1429 858; x_wconf 81' lang='lat' dir='ltr'>locatur</span> <span class='ocrx_word' id='word_1_43' title='bbox 1456 801 1517 857; x_wconf 90' lang='lat' dir='ltr'>in</span> <span class='ocrx_word' id='word_1_44' title='bbox 1554 814 1771 873; x_wconf 80' lang='lat' dir='ltr'>genere</span> <span class='ocrx_word' id='word_1_45' title='bbox 1799 816 1905 873; x_wconf 90' lang='lat' dir='ltr'>per</span> <span class='ocrx_word' id='word_1_46' title='bbox 1943 804 2236 861; x_wconf 79' lang='lat' dir='ltr'>rationem</span> <span class='ocrx_word' id='word_1_47' title='bbox 2269 816 2394 861; x_wconf 80' lang='lat' dir='ltr'>suae</span> <span class='ocrx_word' id='word_1_48' title='bbox 2421 794 2656 876; x_wconf 56' lang='lat' dir='ltr'>quiddiss</span> 
     </span>
     <span class='ocr_line' id='line_1_7' title="bbox 208 870 2652 956; baseline 0.002 -27"><span class='ocrx_word' id='word_1_49' title='bbox 208 871 387 929; x_wconf 81' lang='lat' dir='ltr'>tatis:</span> <span class='ocrx_word' id='word_1_50' title='bbox 421 884 624 943; x_wconf 80' lang='lat' dir='ltr'>genus</span> <span class='ocrx_word' id='word_1_51' title='bbox 662 876 865 928; x_wconf 79' lang='lat' dir='ltr'>autem</span> <span class='ocrx_word' id='word_1_52' title='bbox 887 870 1238 941; x_wconf 69' lang='lat' dir='ltr'>praedicatur</span> <span class='ocrx_word' id='word_1_53' title='bbox 1264 872 1328 927; x_wconf 88' lang='lat' dir='ltr'>in</span> <span class='ocrx_word' id='word_1_54' title='bbox 1356 872 1502 941; x_wconf 73' lang='lat' dir='ltr'>quod</span> <span class='ocrx_word' id='word_1_55' title='bbox 1527 871 1780 941; x_wconf 77' lang='lat' dir='ltr'>quidest.</span> <span class='ocrx_word' id='word_1_56' title='bbox 1815 873 1929 931; x_wconf 86' lang='lat' dir='ltr'>Sed</span> <span class='ocrx_word' id='word_1_57' title='bbox 1957 874 2259 945; x_wconf 82' lang='lat' dir='ltr'>quidditas</span> <span class='ocrx_word' id='word_1_58' title='bbox 2288 874 2388 931; x_wconf 83' lang='lat' dir='ltr'>Dei</span> <span class='ocrx_word' id='word_1_59' title='bbox 2437 881 2531 932; x_wconf 89' lang='lat' dir='ltr'>est</span> <span class='ocrx_word' id='word_1_60' title='bbox 2559 874 2652 956; x_wconf 84' lang='lat' dir='ltr'>ip·</span> 
     </span>
    </p>
   </div>
   <div class='ocr_carea' id='block_1_3' title="bbox 94 941 2652 1024">
    <p class='ocr_par' dir='ltr' id='par_1_3' title="bbox 94 941 2652 1024">
     <span class='ocr_line' id='line_1_8' title="bbox 94 941 2652 1024; baseline -0.001 -19"><span class='ocrx_word' id='word_1_61' title='bbox 94 982 113 1005; x_wconf 82' lang='grc'><strong>.</strong></span> <span class='ocrx_word' id='word_1_62' title='bbox 206 954 348 1001; x_wconf 78' lang='lat' dir='ltr'>sum</span> <span class='ocrx_word' id='word_1_63' title='bbox 370 954 557 998; x_wconf 86' lang='lat' dir='ltr'>suum</span> <span class='ocrx_word' id='word_1_64' title='bbox 586 954 752 1010; x_wconf 85' lang='lat' dir='ltr'>esse,</span> <span class='ocrx_word' id='word_1_65' title='bbox 782 941 1115 999; x_wconf 87' lang='lat' dir='ltr'>seeundum</span> <span class='ocrx_word' id='word_1_66' title='bbox 1143 941 1305 1013; x_wconf 84' lang='lat' dir='ltr'>quod</span> <span class='ocrx_word' id='word_1_67' title='bbox 1353 955 1471 1000; x_wconf 91' lang='lat' dir='ltr'>non</span> <span class='ocrx_word' id='word_1_68' title='bbox 1505 942 1836 1000; x_wconf 74' lang='lat' dir='ltr'>collocatur</span> <span class='ocrx_word' id='word_1_69' title='bbox 1878 942 2101 1024; x_wconf 79' lang='lat' dir='ltr'>aliquid</span> <span class='ocrx_word' id='word_1_70' title='bbox 2131 944 2193 1000; x_wconf 92' lang='lat' dir='ltr'>in</span> <span class='ocrx_word' id='word_1_71' title='bbox 2222 958 2480 1017; x_wconf 81' lang='lat' dir='ltr'>genere3</span> <span class='ocrx_word' id='word_1_72' title='bbox 2509 959 2652 1017; x_wconf 75' lang='lat' dir='ltr'>quie,</span> 
     </span>
    </p>
   </div>
   <div class='ocr_carea' id='block_1_4' title="bbox 202 1010 2724 3622">
    <p class='ocr_par' dir='ltr' id='par_1_4' title="bbox 210 1010 2650 1154">
     <span class='ocr_line' id='line_1_9' title="bbox 210 1010 2650 1093; baseline 0.002 -23"><span class='ocrx_word' id='word_1_73' title='bbox 210 1013 304 1070; x_wconf 85' lang='lat' dir='ltr'>sie</span> <span class='ocrx_word' id='word_1_74' title='bbox 334 1025 445 1069; x_wconf 90' lang='lat' dir='ltr'>ens</span> <span class='ocrx_word' id='word_1_75' title='bbox 476 1017 643 1092; x_wconf 80' lang='lat' dir='ltr'>esset</span> <span class='ocrx_word' id='word_1_76' title='bbox 672 1025 890 1093; x_wconf 53' lang='lat' dir='ltr'>genu&amp;</span> <span class='ocrx_word' id='word_1_77' title='bbox 918 1012 1081 1084; x_wconf 91' lang='lat' dir='ltr'>quod</span> <span class='ocrx_word' id='word_1_78' title='bbox 1104 1010 1408 1085; x_wconf 75' lang='lat' dir='ltr'>signifieat</span> <span class='ocrx_word' id='word_1_79' title='bbox 1440 1012 1640 1084; x_wconf 89' lang='lat' dir='ltr'>ipsum</span> <span class='ocrx_word' id='word_1_80' title='bbox 1669 1025 1826 1070; x_wconf 86' lang='lat' dir='ltr'>esse.</span> <span class='ocrx_word' id='word_1_81' title='bbox 1872 1013 2247 1087; x_wconf 79' lang='lat' dir='ltr'>Relinquitur</span> <span class='ocrx_word' id='word_1_82' title='bbox 2272 1029 2437 1088; x_wconf 79' lang='lat' dir='ltr'>erge,</span> <span class='ocrx_word' id='word_1_83' title='bbox 2488 1015 2650 1089; x_wconf 86' lang='lat' dir='ltr'>quod</span> 
     </span>
     <span class='ocr_line' id='line_1_10' title="bbox 212 1085 998 1154; baseline -0.004 -12"><span class='ocrx_word' id='word_1_84' title='bbox 212 1085 373 1142; x_wconf 76' lang='lat' dir='ltr'>Deus</span> <span class='ocrx_word' id='word_1_85' title='bbox 402 1095 531 1140; x_wconf 91' lang='lat' dir='ltr'>non</span> <span class='ocrx_word' id='word_1_86' title='bbox 564 1087 644 1139; x_wconf 77' lang='lat' dir='ltr'>sit</span> <span class='ocrx_word' id='word_1_87' title='bbox 668 1096 734 1138; x_wconf 86' lang='lat' dir='ltr'>m</span> <span class='ocrx_word' id='word_1_88' title='bbox 756 1095 998 1154; x_wconf 84' lang='lat' dir='ltr'>genere.</span> 
     </span>
    </p>

    <p class='ocr_par' dir='ltr' id='par_1_5' title="bbox 210 1152 2652 1846">
     <span class='ocr_line' id='line_1_11' title="bbox 286 1152 2650 1237; baseline 0.002 -27"><span class='ocrx_word' id='word_1_89' title='bbox 286 1153 457 1221; x_wconf 85' lang='lat' dir='ltr'>Quod</span> <span class='ocrx_word' id='word_1_90' title='bbox 511 1159 713 1209; x_wconf 82' lang='lat' dir='ltr'>autem</span> <span class='ocrx_word' id='word_1_91' title='bbox 744 1166 856 1232; x_wconf 79' lang='lat' dir='ltr'>ens</span> <span class='ocrx_word' id='word_1_92' title='bbox 884 1165 1007 1209; x_wconf 92' lang='lat' dir='ltr'>non</span> <span class='ocrx_word' id='word_1_93' title='bbox 1036 1152 1232 1224; x_wconf 84' lang='lat' dir='ltr'><strong>possit</strong></span> <span class='ocrx_word' id='word_1_94' title='bbox 1260 1166 1395 1211; x_wconf 83' lang='lat' dir='ltr'>esse</span> <span class='ocrx_word' id='word_1_95' title='bbox 1423 1166 1637 1224; x_wconf 64' lang='lat' dir='ltr'>geum,</span> <span class='ocrx_word' id='word_1_96' title='bbox 1668 1153 1952 1223; x_wconf 86' lang='lat' dir='ltr'>probatur</span> <span class='ocrx_word' id='word_1_97' title='bbox 1986 1168 2092 1226; x_wconf 83' lang='lat' dir='ltr'>per</span> <span class='ocrx_word' id='word_1_98' title='bbox 2119 1155 2556 1237; x_wconf 81' lang='lat' dir='ltr'>Philosophum</span> <span class='ocrx_word' id='word_1_99' title='bbox 2581 1157 2650 1214; x_wconf 84' lang='lat' dir='ltr'>in</span> 
     </span>
     <span class='ocr_line' id='line_1_12' title="bbox 212 1222 2649 1297; baseline 0 -14"><span class='ocrx_word' id='word_1_100' title='bbox 212 1222 379 1283; x_wconf 84' lang='lat' dir='ltr'>hune</span> <span class='ocrx_word' id='word_1_101' title='bbox 402 1223 688 1281; x_wconf 85' lang='lat' dir='ltr'>modum:</span> <span class='ocrx_word' id='word_1_102' title='bbox 716 1224 778 1280; x_wconf 85' lang='lat' dir='ltr'>Sl</span> <span class='ocrx_word' id='word_1_103' title='bbox 800 1236 910 1281; x_wconf 91' lang='lat' dir='ltr'>ens</span> <span class='ocrx_word' id='word_1_104' title='bbox 925 1229 1086 1281; x_wconf 84' lang='lat' dir='ltr'>esset</span> <span class='ocrx_word' id='word_1_105' title='bbox 1105 1237 1319 1296; x_wconf 70' lang='lat' dir='ltr'>genua,</span> <span class='ocrx_word' id='word_1_106' title='bbox 1346 1229 1648 1294; x_wconf 79' lang='lat' dir='ltr'>oporteret</span> <span class='ocrx_word' id='word_1_107' title='bbox 1669 1222 2065 1281; x_wconf 81' lang='lat' dir='ltr'>differentiam</span> <span class='ocrx_word' id='word_1_108' title='bbox 2087 1225 2345 1297; x_wconf 75' lang='lat' dir='ltr'>aliquam</span> <span class='ocrx_word' id='word_1_109' title='bbox 2368 1226 2649 1297; x_wconf 81' lang='lat' dir='ltr'>inveniri,</span> 
     </span>
     <span class='ocr_line' id='line_1_13' title="bbox 210 1292 2647 1377; baseline 0.001 -26"><span class='ocrx_word' id='word_1_110' title='bbox 210 1308 324 1377; x_wconf 72' lang='lat' dir='ltr'>per</span> <span class='ocrx_word' id='word_1_111' title='bbox 343 1307 525 1366; x_wconf 77' lang='lat' dir='ltr'>quam</span> <span class='ocrx_word' id='word_1_112' title='bbox 558 1294 896 1369; x_wconf 72' lang='lat' dir='ltr'>traheretur</span> <span class='ocrx_word' id='word_1_113' title='bbox 921 1294 997 1352; x_wconf 84' lang='lat' dir='ltr'>ad</span> <span class='ocrx_word' id='word_1_114' title='bbox 1026 1294 1317 1366; x_wconf 76' lang='lat' dir='ltr'>speeiem3</span> <span class='ocrx_word' id='word_1_115' title='bbox 1336 1293 1502 1352; x_wconf 85' lang='lat' dir='ltr'>nulla</span> <span class='ocrx_word' id='word_1_116' title='bbox 1519 1299 1718 1351; x_wconf 88' lang='lat' dir='ltr'>autem</span> <span class='ocrx_word' id='word_1_117' title='bbox 1747 1292 2083 1351; x_wconf 81' lang='lat' dir='ltr'>differentia</span> <span class='ocrx_word' id='word_1_118' title='bbox 2100 1295 2413 1377; x_wconf 78' lang='lat' dir='ltr'>participat</span> <span class='ocrx_word' id='word_1_119' title='bbox 2431 1309 2647 1367; x_wconf 78' lang='lat' dir='ltr'>genuS,</span> 
     </span>
     <span class='ocr_line' id='line_1_14' title="bbox 214 1362 2650 1445; baseline -0 -22"><span class='ocrx_word' id='word_1_120' title='bbox 214 1369 301 1423; x_wconf 77' lang='lat' dir='ltr'>ita</span> <span class='ocrx_word' id='word_1_121' title='bbox 328 1365 569 1421; x_wconf 82' lang='lat' dir='ltr'>scilieet</span> <span class='ocrx_word' id='word_1_122' title='bbox 592 1364 756 1435; x_wconf 85' lang='lat' dir='ltr'>quod</span> <span class='ocrx_word' id='word_1_123' title='bbox 783 1377 977 1445; x_wconf 80' lang='lat' dir='ltr'>genus</span> <span class='ocrx_word' id='word_1_124' title='bbox 1006 1364 1085 1422; x_wconf 88' lang='lat' dir='ltr'>sit</span> <span class='ocrx_word' id='word_1_125' title='bbox 1111 1364 1177 1421; x_wconf 91' lang='lat' dir='ltr'>in</span> <span class='ocrx_word' id='word_1_126' title='bbox 1204 1365 1436 1422; x_wconf 87' lang='lat' dir='ltr'>ratione</span> <span class='ocrx_word' id='word_1_127' title='bbox 1467 1362 2027 1445; x_wconf 76' lang='lat' dir='ltr'>differentiae3-quia</span> <span class='ocrx_word' id='word_1_128' title='bbox 2061 1379 2152 1422; x_wconf 80' lang='lat' dir='ltr'>sie</span> <span class='ocrx_word' id='word_1_129' title='bbox 2176 1378 2371 1437; x_wconf 78' lang='lat' dir='ltr'>genus</span> <span class='ocrx_word' id='word_1_130' title='bbox 2398 1379 2650 1436; x_wconf 88' lang='lat' dir='ltr'>ponere-</span> 
     </span>
     <span class='ocr_line' id='line_1_15' title="bbox 216 1432 2652 1508; baseline 0.001 -16"><span class='ocrx_word' id='word_1_131' title='bbox 216 1437 316 1492; x_wconf 80' lang='lat' dir='ltr'>tur</span> <span class='ocrx_word' id='word_1_132' title='bbox 338 1435 529 1492; x_wconf 84' lang='lat' dir='ltr'>bisin</span> <span class='ocrx_word' id='word_1_133' title='bbox 575 1434 927 1493; x_wconf 78' lang='lat' dir='ltr'>definitione</span> <span class='ocrx_word' id='word_1_134' title='bbox 947 1434 1189 1506; x_wconf 82' lang='lat' dir='ltr'>speciei.</span> <span class='ocrx_word' id='word_1_135' title='bbox 1218 1434 1331 1492; x_wconf 89' lang='lat' dir='ltr'>Sed</span> <span class='ocrx_word' id='word_1_136' title='bbox 1363 1440 1594 1506; x_wconf 82' lang='lat' dir='ltr'>oportet</span> <span class='ocrx_word' id='word_1_137' title='bbox 1613 1432 2010 1492; x_wconf 78' lang='lat' dir='ltr'>differentiam</span> <span class='ocrx_word' id='word_1_138' title='bbox 2024 1448 2158 1493; x_wconf 91' lang='lat' dir='ltr'>esse</span> <span class='ocrx_word' id='word_1_139' title='bbox 2220 1441 2391 1493; x_wconf 83' lang='lat' dir='ltr'>raeter</span> <span class='ocrx_word' id='word_1_140' title='bbox 2407 1436 2469 1495; x_wconf 88' lang='lat' dir='ltr'>id</span> <span class='ocrx_word' id='word_1_141' title='bbox 2487 1436 2652 1508; x_wconf 81' lang='lat' dir='ltr'>quod</span> 
     </span>
     <span class='ocr_line' id='line_1_16' title="bbox 216 1504 2650 1584; baseline 0 -21"><span class='ocrx_word' id='word_1_142' title='bbox 216 1505 579 1584; x_wconf 78' lang='lat' dir='ltr'>intelligitur</span> <span class='ocrx_word' id='word_1_143' title='bbox 604 1505 668 1562; x_wconf 86' lang='lat' dir='ltr'>in</span> <span class='ocrx_word' id='word_1_144' title='bbox 695 1504 930 1563; x_wconf 80' lang='lat' dir='ltr'>ratione</span> <span class='ocrx_word' id='word_1_145' title='bbox 956 1505 1218 1577; x_wconf 83' lang='lat' dir='ltr'>generis.</span> <span class='ocrx_word' id='word_1_146' title='bbox 1246 1504 1405 1562; x_wconf 84' lang='lat' dir='ltr'>Nihil</span> <span class='ocrx_word' id='word_1_147' title='bbox 1434 1511 1631 1562; x_wconf 85' lang='lat' dir='ltr'>autem</span> <span class='ocrx_word' id='word_1_148' title='bbox 1701 1510 1857 1562; x_wconf 87' lang='lat' dir='ltr'>otest</span> <span class='ocrx_word' id='word_1_149' title='bbox 1884 1520 2020 1564; x_wconf 86' lang='lat' dir='ltr'>esse</span> <span class='ocrx_word' id='word_1_150' title='bbox 2049 1519 2186 1580; x_wconf 72' lang='lat' dir='ltr'>qum</span> <span class='ocrx_word' id='word_1_151' title='bbox 2233 1507 2320 1563; x_wconf 84' lang='lat' dir='ltr'>sit</span> <span class='ocrx_word' id='word_1_152' title='bbox 2347 1513 2561 1578; x_wconf 82' lang='lat' dir='ltr'>praeter</span> <span class='ocrx_word' id='word_1_153' title='bbox 2588 1506 2650 1564; x_wconf 80' lang='lat' dir='ltr'>id</span> 
     </span>
     <span class='ocr_line' id='line_1_17' title="bbox 221 1575 2649 1657; baseline 0.001 -24"><span class='ocrx_word' id='word_1_154' title='bbox 221 1575 381 1648; x_wconf 82' lang='lat' dir='ltr'>quod</span> <span class='ocrx_word' id='word_1_155' title='bbox 412 1575 772 1647; x_wconf 74' lang='lat' dir='ltr'>intelligitur</span> <span class='ocrx_word' id='word_1_156' title='bbox 800 1590 907 1646; x_wconf 89' lang='lat' dir='ltr'>per</span> <span class='ocrx_word' id='word_1_157' title='bbox 924 1587 1053 1643; x_wconf 87' lang='lat' dir='ltr'>ens,</span> <span class='ocrx_word' id='word_1_158' title='bbox 1085 1575 1268 1634; x_wconf 86' lang='lat' dir='ltr'>siens</span> <span class='ocrx_word' id='word_1_159' title='bbox 1298 1575 1378 1633; x_wconf 89' lang='lat' dir='ltr'>sit</span> <span class='ocrx_word' id='word_1_160' title='bbox 1407 1576 1475 1633; x_wconf 81' lang='lat' dir='ltr'>de</span> <span class='ocrx_word' id='word_1_161' title='bbox 1505 1576 1628 1632; x_wconf 85' lang='lat' dir='ltr'>inte</span> <span class='ocrx_word' id='word_1_162' title='bbox 1679 1581 1812 1632; x_wconf 84' lang='lat' dir='ltr'>ectu</span> <span class='ocrx_word' id='word_1_163' title='bbox 1843 1590 2050 1634; x_wconf 90' lang='lat' dir='ltr'>eorum</span> <span class='ocrx_word' id='word_1_164' title='bbox 2082 1576 2155 1635; x_wconf 90' lang='lat' dir='ltr'>de</span> <span class='ocrx_word' id='word_1_165' title='bbox 2183 1576 2406 1657; x_wconf 87' lang='lat' dir='ltr'>quibus</span> <span class='ocrx_word' id='word_1_166' title='bbox 2439 1576 2649 1648; x_wconf 82' lang='lat' dir='ltr'>praedi·</span> 
     </span>
     <span class='ocr_line' id='line_1_18' title="bbox 220 1645 2648 1728; baseline 0 -23"><span class='ocrx_word' id='word_1_167' title='bbox 220 1650 427 1715; x_wconf 33' lang='lat' dir='ltr'>eatur&amp;</span> <span class='ocrx_word' id='word_1_168' title='bbox 448 1652 510 1704; x_wconf 89' lang='lat' dir='ltr'>et</span> <span class='ocrx_word' id='word_1_169' title='bbox 534 1647 625 1726; x_wconf 80' lang='lat' dir='ltr'>sie</span> <span class='ocrx_word' id='word_1_170' title='bbox 650 1646 992 1718; x_wconf 87' lang='lat' dir='ltr'>pernullam</span> <span class='ocrx_word' id='word_1_171' title='bbox 1009 1645 1403 1704; x_wconf 81' lang='lat' dir='ltr'>differentiam</span> <span class='ocrx_word' id='word_1_172' title='bbox 1417 1645 1699 1726; x_wconf 36' lang='lat' dir='ltr'>contrahi·</span> <span class='ocrx_word' id='word_1_173' title='bbox 1711 1653 1924 1716; x_wconf 88' lang='lat' dir='ltr'>potest.</span> <span class='ocrx_word' id='word_1_174' title='bbox 1939 1648 2467 1728; x_wconf 80' lang='lat' dir='ltr'>Relinquiturergo</span> <span class='ocrx_word' id='word_1_175' title='bbox 2486 1647 2648 1720; x_wconf 84' lang='lat' dir='ltr'>quod</span> 
     </span>
     <span class='ocr_line' id='line_1_19' title="bbox 226 1717 2647 1840; baseline 0.001 -66"><span class='ocrx_word' id='word_1_176' title='bbox 226 1729 340 1774; x_wconf 83' lang='lat' dir='ltr'>ens</span> <span class='ocrx_word' id='word_1_177' title='bbox 377 1730 502 1840; x_wconf 53' lang='grc' dir='ltr'>ῡςίῑζ</span> <span class='ocrx_word' id='word_1_178' title='bbox 532 1722 614 1774; x_wconf 81' lang='lat' dir='ltr'>sit</span> <span class='ocrx_word' id='word_1_179' title='bbox 654 1730 873 1788; x_wconf 76' lang='lat' dir='ltr'>genus.</span> <span class='ocrx_word' id='word_1_180' title='bbox 906 1718 1068 1775; x_wconf 85' lang='lat' dir='ltr'>Unde</span> <span class='ocrx_word' id='word_1_181' title='bbox 1100 1731 1178 1774; x_wconf 77' lang='lat' dir='ltr'>ex</span> <span class='ocrx_word' id='word_1_182' title='bbox 1220 1717 1335 1775; x_wconf 82' lang='lat' dir='ltr'>hoe</span> <span class='ocrx_word' id='word_1_183' title='bbox 1364 1717 1437 1774; x_wconf 89' lang='lat' dir='ltr'>de</span> <span class='ocrx_word' id='word_1_184' title='bbox 1464 1721 1825 1776; x_wconf 79' lang='lat' dir='ltr'>necessitate</span> <span class='ocrx_word' id='word_1_185' title='bbox 1862 1718 2262 1788; x_wconf 80' lang='lat' dir='ltr'>concluditur,</span> <span class='ocrx_word' id='word_1_186' title='bbox 2290 1719 2449 1791; x_wconf 88' lang='lat' dir='ltr'>quod</span> <span class='ocrx_word' id='word_1_187' title='bbox 2488 1721 2647 1777; x_wconf 87' lang='lat' dir='ltr'>Deus</span> 
     </span>
     <span class='ocr_line' id='line_1_20' title="bbox 230 1796 809 1846; baseline 0 -1"><span class='ocrx_word' id='word_1_188' title='bbox 230 1796 363 1845; x_wconf 77' lang='lat' dir='ltr'>non</span> <span class='ocrx_word' id='word_1_189' title='bbox 386 1800 439 1844; x_wconf 81' lang='lat' dir='ltr'>si</span> <span class='ocrx_word' id='word_1_190' title='bbox 486 1799 543 1843; x_wconf 87' lang='lat' dir='ltr'>m</span> <span class='ocrx_word' id='word_1_191' title='bbox 607 1801 809 1846; x_wconf 89' lang='lat' dir='ltr'>enere.</span> 
     </span>
    </p>

    <p class='ocr_par' dir='ltr' id='par_1_6' title="bbox 236 1801 2649 2000">
     <span class='ocr_line' id='line_1_21' title="bbox 308 1801 2649 1932; baseline 0.001 -18"><span class='ocrx_word' id='word_1_192' title='bbox 308 1856 389 1913; x_wconf 83' lang='lat' dir='ltr'>Ex</span> <span class='ocrx_word' id='word_1_193' title='bbox 419 1856 523 1914; x_wconf 77' lang='lat' dir='ltr'>hoc</span> <span class='ocrx_word' id='word_1_194' title='bbox 549 1801 734 1915; x_wconf 54' lang='lat' dir='ltr'>&lt;fliam</span> <span class='ocrx_word' id='word_1_195' title='bbox 762 1862 923 1930; x_wconf 77' lang='lat' dir='ltr'>patet</span> <span class='ocrx_word' id='word_1_196' title='bbox 946 1859 1109 1931; x_wconf 86' lang='lat' dir='ltr'>quod</span> <span class='ocrx_word' id='word_1_197' title='bbox 1133 1860 1294 1917; x_wconf 84' lang='lat' dir='ltr'>Deus</span> <span class='ocrx_word' id='word_1_198' title='bbox 1319 1855 1554 1916; x_wconf 84' lang='lat' dir='ltr'>definiri</span> <span class='ocrx_word' id='word_1_199' title='bbox 1587 1869 1712 1916; x_wconf 86' lang='lat' dir='ltr'>non</span> <span class='ocrx_word' id='word_1_200' title='bbox 1739 1861 1955 1929; x_wconf 78' lang='lat' dir='ltr'>potest,</span> <span class='ocrx_word' id='word_1_201' title='bbox 1990 1859 2132 1932; x_wconf 81' lang='lat' dir='ltr'>quia</span> <span class='ocrx_word' id='word_1_202' title='bbox 2151 1858 2352 1919; x_wconf 84' lang='lat' dir='ltr'>omnis</span> <span class='ocrx_word' id='word_1_203' title='bbox 2380 1856 2649 1917; x_wconf 84' lang='lat' dir='ltr'>definitio</span> 
     </span>
     <span class='ocr_line' id='line_1_22' title="bbox 236 1926 1143 2000; baseline 0 -13"><span class='ocrx_word' id='word_1_204' title='bbox 236 1930 329 1987; x_wconf 79' lang='lat' dir='ltr'>est</span> <span class='ocrx_word' id='word_1_205' title='bbox 348 1940 421 1984; x_wconf 80' lang='lat' dir='ltr'>ex</span> <span class='ocrx_word' id='word_1_206' title='bbox 439 1942 661 2000; x_wconf 81' lang='lat' dir='ltr'>genere</span> <span class='ocrx_word' id='word_1_207' title='bbox 688 1935 751 1986; x_wconf 88' lang='lat' dir='ltr'>et</span> <span class='ocrx_word' id='word_1_208' title='bbox 769 1926 1143 1988; x_wconf 80' lang='lat' dir='ltr'>differentiis.</span> 
     </span>
    </p>

    <p class='ocr_par' dir='ltr' id='par_1_7' title="bbox 218 1998 2724 2199">
     <span class='ocr_line' id='line_1_23' title="bbox 300 1998 2724 2073; baseline 0.002 -20"><span class='ocrx_word' id='word_1_209' title='bbox 300 1998 463 2054; x_wconf 84' lang='lat' dir='ltr'>Patet</span> <span class='ocrx_word' id='word_1_210' title='bbox 488 2000 692 2067; x_wconf 88' lang='lat' dir='ltr'>etiam,</span> <span class='ocrx_word' id='word_1_211' title='bbox 724 2000 886 2072; x_wconf 81' lang='lat' dir='ltr'>quod</span> <span class='ocrx_word' id='word_1_212' title='bbox 916 2013 1040 2058; x_wconf 90' lang='lat' dir='ltr'>non</span> <span class='ocrx_word' id='word_1_213' title='bbox 1068 2004 1265 2071; x_wconf 86' lang='lat' dir='ltr'>potest</span> <span class='ocrx_word' id='word_1_214' title='bbox 1288 1998 1721 2057; x_wconf 78' lang='lat' dir='ltr'>demonstratio</span> <span class='ocrx_word' id='word_1_215' title='bbox 1749 1998 1823 2057; x_wconf 90' lang='lat' dir='ltr'>de</span> <span class='ocrx_word' id='word_1_216' title='bbox 1847 2000 1985 2072; x_wconf 85' lang='lat' dir='ltr'>ipso</span> <span class='ocrx_word' id='word_1_217' title='bbox 2028 1998 2180 2062; x_wconf 82' lang='lat' dir='ltr'>fleri,</span> <span class='ocrx_word' id='word_1_218' title='bbox 2211 2000 2331 2059; x_wconf 87' lang='lat' dir='ltr'>nisi</span> <span class='ocrx_word' id='word_1_219' title='bbox 2371 2013 2479 2073; x_wconf 84' lang='lat' dir='ltr'>per</span> <span class='ocrx_word' id='word_1_220' title='bbox 2504 1998 2646 2058; x_wconf 77' lang='lat' dir='ltr'>effe·</span> <span class='ocrx_word' id='word_1_221' title='bbox 2719 2018 2724 2027; x_wconf 95' lang='lat'>·</span> 
     </span>
     <span class='ocr_line' id='line_1_24' title="bbox 218 2068 2648 2199; baseline 0.001 -74"><span class='ocrx_word' id='word_1_222' title='bbox 218 2071 407 2199; x_wconf 57' lang='lat' dir='ltr'>gum,</span> <span class='ocrx_word' id='word_1_223' title='bbox 436 2070 977 2196; x_wconf 54' lang='lat' dir='ltr'>quiasprineipium</span> <span class='ocrx_word' id='word_1_224' title='bbox 1004 2070 1535 2129; x_wconf 78' lang='lat' dir='ltr'>demonstrationis</span> <span class='ocrx_word' id='word_1_225' title='bbox 1564 2075 1657 2127; x_wconf 88' lang='lat' dir='ltr'>est</span> <span class='ocrx_word' id='word_1_226' title='bbox 1692 2069 1960 2128; x_wconf 79' lang='lat' dir='ltr'>definitio</span> <span class='ocrx_word' id='word_1_227' title='bbox 2004 2069 2274 2142; x_wconf 80' lang='lat' dir='ltr'>eJ&#39;usdem</span> <span class='ocrx_word' id='word_1_228' title='bbox 2312 2069 2385 2127; x_wconf 91' lang='lat' dir='ltr'>de</span> <span class='ocrx_word' id='word_1_229' title='bbox 2411 2083 2535 2143; x_wconf 89' lang='lat' dir='ltr'>quo</span> <span class='ocrx_word' id='word_1_230' title='bbox 2579 2068 2648 2128; x_wconf 78' lang='lat' dir='ltr'>fit</span> 
     </span>
    </p>

    <p class='ocr_par' dir='ltr' id='par_1_8' title="bbox 292 2152 684 2197">
     <span class='ocr_line' id='line_1_25' title="bbox 292 2152 684 2197; baseline 0 -1"><span class='ocrx_word' id='word_1_231' title='bbox 292 2152 477 2196; x_wconf 88' lang='lat' dir='ltr'>mons</span> <span class='ocrx_word' id='word_1_232' title='bbox 509 2154 573 2196; x_wconf 84' lang='lat' dir='ltr'>ra</span> <span class='ocrx_word' id='word_1_233' title='bbox 599 2153 684 2197; x_wconf 80' lang='lat' dir='ltr'>io.</span> 
     </span>
    </p>

    <p class='ocr_par' dir='ltr' id='par_1_9' title="bbox 214 2210 2647 2564">
     <span class='ocr_line' id='line_1_26' title="bbox 288 2210 2646 2291; baseline 0 -23"><span class='ocrx_word' id='word_1_234' title='bbox 288 2211 499 2268; x_wconf 54' lang='lat' dir='ltr'>Potest</span> <span class='ocrx_word' id='word_1_235' title='bbox 528 2215 725 2268; x_wconf 81' lang='lat' dir='ltr'>autem</span> <span class='ocrx_word' id='word_1_236' title='bbox 757 2210 938 2269; x_wconf 83' lang='lat' dir='ltr'>alicui</span> <span class='ocrx_word' id='word_1_237' title='bbox 966 2210 1150 2269; x_wconf 80' lang='lat' dir='ltr'>videri</span> <span class='ocrx_word' id='word_1_238' title='bbox 1181 2211 1361 2291; x_wconf 88' lang='lat' dir='ltr'>quod,</span> <span class='ocrx_word' id='word_1_239' title='bbox 1392 2210 1666 2283; x_wconf 80' lang='lat' dir='ltr'>quamvis</span> <span class='ocrx_word' id='word_1_240' title='bbox 1703 2222 1925 2267; x_wconf 88' lang='lat' dir='ltr'>nomen</span> <span class='ocrx_word' id='word_1_241' title='bbox 1966 2211 2317 2270; x_wconf 68' lang='lat' dir='ltr'>substantiae</span> <span class='ocrx_word' id='word_1_242' title='bbox 2345 2213 2467 2270; x_wconf 85' lang='lat' dir='ltr'>Deo</span> <span class='ocrx_word' id='word_1_243' title='bbox 2507 2225 2646 2283; x_wconf 87' lang='lat' dir='ltr'>pro·</span> 
     </span>
     <span class='ocr_line' id='line_1_27' title="bbox 214 2280 2647 2354; baseline 0.002 -17"><span class='ocrx_word' id='word_1_244' title='bbox 214 2281 352 2352; x_wconf 77' lang='lat' dir='ltr'>prie</span> <span class='ocrx_word' id='word_1_245' title='bbox 372 2281 699 2339; x_wconf 82' lang='lat' dir='ltr'>convenire</span> <span class='ocrx_word' id='word_1_246' title='bbox 726 2294 850 2339; x_wconf 90' lang='lat' dir='ltr'>non</span> <span class='ocrx_word' id='word_1_247' title='bbox 875 2282 1087 2352; x_wconf 86' lang='lat' dir='ltr'>possit,</span> <span class='ocrx_word' id='word_1_248' title='bbox 1118 2296 1262 2354; x_wconf 81' lang='lat' dir='ltr'>quia</span> <span class='ocrx_word' id='word_1_249' title='bbox 1284 2284 1441 2339; x_wconf 88' lang='lat' dir='ltr'>Deus</span> <span class='ocrx_word' id='word_1_250' title='bbox 1468 2295 1590 2338; x_wconf 93' lang='lat' dir='ltr'>non</span> <span class='ocrx_word' id='word_1_251' title='bbox 1613 2280 1849 2339; x_wconf 83' lang='lat' dir='ltr'>substat</span> <span class='ocrx_word' id='word_1_252' title='bbox 1878 2282 2306 2350; x_wconf 81' lang='lat' dir='ltr'>accidentibus,</span> <span class='ocrx_word' id='word_1_253' title='bbox 2330 2296 2428 2340; x_wconf 87' lang='lat' dir='ltr'>res</span> <span class='ocrx_word' id='word_1_254' title='bbox 2446 2287 2647 2341; x_wconf 84' lang='lat' dir='ltr'>tamen</span> 
     </span>
     <span class='ocr_line' id='line_1_28' title="bbox 216 2349 2645 2430; baseline 0 -21"><span class='ocrx_word' id='word_1_255' title='bbox 216 2349 273 2409; x_wconf 77' lang='lat' dir='ltr'>si</span> <span class='ocrx_word' id='word_1_256' title='bbox 363 2350 565 2409; x_wconf 81' lang='lat' dir='ltr'>ificata</span> <span class='ocrx_word' id='word_1_257' title='bbox 588 2366 691 2423; x_wconf 86' lang='lat' dir='ltr'>per</span> <span class='ocrx_word' id='word_1_258' title='bbox 719 2365 940 2410; x_wconf 89' lang='lat' dir='ltr'>nomen</span> <span class='ocrx_word' id='word_1_259' title='bbox 968 2351 1023 2409; x_wconf 88' lang='lat' dir='ltr'>ei</span> <span class='ocrx_word' id='word_1_260' title='bbox 1053 2352 1385 2421; x_wconf 85' lang='lat' dir='ltr'>conveniat,</span> <span class='ocrx_word' id='word_1_261' title='bbox 1420 2357 1477 2409; x_wconf 91' lang='lat' dir='ltr'>et</span> <span class='ocrx_word' id='word_1_262' title='bbox 1505 2352 1592 2408; x_wconf 83' lang='lat' dir='ltr'>ita</span> <span class='ocrx_word' id='word_1_263' title='bbox 1634 2351 1716 2409; x_wconf 82' lang='lat' dir='ltr'>sit</span> <span class='ocrx_word' id='word_1_264' title='bbox 1750 2352 1814 2407; x_wconf 91' lang='lat' dir='ltr'>in</span> <span class='ocrx_word' id='word_1_265' title='bbox 1843 2364 2061 2430; x_wconf 76' lang='lat' dir='ltr'>genere</span> <span class='ocrx_word' id='word_1_266' title='bbox 2084 2353 2470 2422; x_wconf 80' lang='lat' dir='ltr'>substantiae;</span> <span class='ocrx_word' id='word_1_267' title='bbox 2507 2364 2645 2410; x_wconf 82' lang='lat' dir='ltr'>nam</span> 
     </span>
     <span class='ocr_line' id='line_1_29' title="bbox 217 2422 2644 2495; baseline 0.001 -16"><span class='ocrx_word' id='word_1_268' title='bbox 217 2433 293 2479; x_wconf 87' lang='lat' dir='ltr'>su</span> <span class='ocrx_word' id='word_1_269' title='bbox 339 2422 564 2479; x_wconf 81' lang='lat' dir='ltr'>stantia</span> <span class='ocrx_word' id='word_1_270' title='bbox 591 2428 685 2479; x_wconf 85' lang='lat' dir='ltr'>est</span> <span class='ocrx_word' id='word_1_271' title='bbox 715 2437 824 2480; x_wconf 89' lang='lat' dir='ltr'>ens</span> <span class='ocrx_word' id='word_1_272' title='bbox 854 2437 957 2493; x_wconf 92' lang='lat' dir='ltr'>per</span> <span class='ocrx_word' id='word_1_273' title='bbox 982 2436 1068 2488; x_wconf 87' lang='lat' dir='ltr'>se,</span> <span class='ocrx_word' id='word_1_274' title='bbox 1095 2424 1257 2493; x_wconf 84' lang='lat' dir='ltr'>quod</span> <span class='ocrx_word' id='word_1_275' title='bbox 1285 2425 1405 2480; x_wconf 87' lang='lat' dir='ltr'>Deo</span> <span class='ocrx_word' id='word_1_276' title='bbox 1435 2427 1674 2480; x_wconf 84' lang='lat' dir='ltr'>constat</span> <span class='ocrx_word' id='word_1_277' title='bbox 1699 2433 2055 2493; x_wconf 76' lang='lat' dir='ltr'>convenire3</span> <span class='ocrx_word' id='word_1_278' title='bbox 2092 2438 2165 2480; x_wconf 81' lang='lat' dir='ltr'>ex</span> <span class='ocrx_word' id='word_1_279' title='bbox 2190 2436 2311 2495; x_wconf 91' lang='lat' dir='ltr'>quo</span> <span class='ocrx_word' id='word_1_280' title='bbox 2330 2423 2644 2494; x_wconf 78' lang='lat' dir='ltr'>probatum</span> 
     </span>
     <span class='ocr_line' id='line_1_30' title="bbox 217 2492 1184 2564; baseline -0.001 -12"><span class='ocrx_word' id='word_1_281' title='bbox 217 2496 317 2552; x_wconf 72' lang='lat' dir='ltr'>est</span> <span class='ocrx_word' id='word_1_282' title='bbox 334 2492 534 2564; x_wconf 82' lang='lat' dir='ltr'>ipsum</span> <span class='ocrx_word' id='word_1_283' title='bbox 566 2506 692 2552; x_wconf 89' lang='lat' dir='ltr'>non</span> <span class='ocrx_word' id='word_1_284' title='bbox 720 2506 855 2552; x_wconf 88' lang='lat' dir='ltr'>esse</span> <span class='ocrx_word' id='word_1_285' title='bbox 883 2492 1184 2553; x_wconf 85' lang='lat' dir='ltr'>accidens.</span> 
     </span>
    </p>

    <p class='ocr_par' dir='ltr' id='par_1_10' title="bbox 202 2561 2648 3622">
     <span class='ocr_line' id='line_1_31' title="bbox 287 2561 2648 2645; baseline 0 -25"><span class='ocrx_word' id='word_1_286' title='bbox 287 2564 404 2621; x_wconf 84' lang='lat' dir='ltr'>Sed</span> <span class='ocrx_word' id='word_1_287' title='bbox 434 2565 509 2622; x_wconf 83' lang='lat' dir='ltr'>ad</span> <span class='ocrx_word' id='word_1_288' title='bbox 533 2566 651 2623; x_wconf 88' lang='lat' dir='ltr'>hoc</span> <span class='ocrx_word' id='word_1_289' title='bbox 671 2564 988 2622; x_wconf 84' lang='lat' dir='ltr'>dicendum</span> <span class='ocrx_word' id='word_1_290' title='bbox 1017 2569 1128 2632; x_wconf 84' lang='lat' dir='ltr'>est,</span> <span class='ocrx_word' id='word_1_291' title='bbox 1159 2578 1229 2622; x_wconf 84' lang='lat' dir='ltr'>ex</span> <span class='ocrx_word' id='word_1_292' title='bbox 1257 2564 1433 2621; x_wconf 85' lang='lat' dir='ltr'>dictis</span> <span class='ocrx_word' id='word_1_293' title='bbox 1456 2564 1531 2637; x_wconf 88' lang='lat' dir='ltr'>(e.</span> <span class='ocrx_word' id='word_1_294' title='bbox 1562 2563 1654 2635; x_wconf 78' lang='grc'>23)</span> <span class='ocrx_word' id='word_1_295' title='bbox 1707 2564 1868 2645; x_wconf 78' lang='lat' dir='ltr'>quod</span> <span class='ocrx_word' id='word_1_296' title='bbox 1897 2564 1962 2621; x_wconf 82' lang='lat' dir='ltr'>in</span> <span class='ocrx_word' id='word_1_297' title='bbox 1989 2561 2338 2623; x_wconf 84' lang='lat' dir='ltr'>definitione</span> <span class='ocrx_word' id='word_1_298' title='bbox 2371 2563 2648 2622; x_wconf 85' lang='lat' dir='ltr'>substan·</span> 
     </span>
     <span class='ocr_line' id='line_1_32' title="bbox 217 2605 2643 2715; baseline 0 -23"><span class='ocrx_word' id='word_1_299' title='bbox 217 2632 319 2692; x_wconf 73' lang='lat' dir='ltr'>tiae</span> <span class='ocrx_word' id='word_1_300' title='bbox 345 2648 471 2691; x_wconf 90' lang='lat' dir='ltr'>non</span> <span class='ocrx_word' id='word_1_301' title='bbox 504 2641 595 2715; x_wconf 78' lang='lat' dir='ltr'>est</span> <span class='ocrx_word' id='word_1_302' title='bbox 623 2648 737 2693; x_wconf 84' lang='lat' dir='ltr'>ens</span> <span class='ocrx_word' id='word_1_303' title='bbox 761 2650 865 2706; x_wconf 88' lang='lat' dir='ltr'>per</span> <span class='ocrx_word' id='word_1_304' title='bbox 888 2649 975 2693; x_wconf 87' lang='lat' dir='ltr'>se.</span> <span class='ocrx_word' id='word_1_305' title='bbox 1006 2638 1086 2691; x_wconf 80' lang='lat' dir='ltr'>Ex</span> <span class='ocrx_word' id='word_1_306' title='bbox 1112 2635 1227 2692; x_wconf 87' lang='lat' dir='ltr'>hoe</span> <span class='ocrx_word' id='word_1_307' title='bbox 1254 2635 1413 2692; x_wconf 86' lang='lat' dir='ltr'>enim</span> <span class='ocrx_word' id='word_1_308' title='bbox 1446 2635 1604 2707; x_wconf 89' lang='lat' dir='ltr'>quod</span> <span class='ocrx_word' id='word_1_309' title='bbox 1636 2605 1854 2692; x_wconf 67' lang='lat' dir='ltr'>dicitur</span> <span class='ocrx_word' id='word_1_310' title='bbox 1904 2648 2054 2714; x_wconf 49' lang='lat' dir='ltr'>ene„</span> <span class='ocrx_word' id='word_1_311' title='bbox 2081 2639 2203 2691; x_wconf 80' lang='lat' dir='ltr'>non</span> <span class='ocrx_word' id='word_1_312' title='bbox 2248 2639 2469 2713; x_wconf 37' lang='lat' dir='ltr'>posset·</span> <span class='ocrx_word' id='word_1_313' title='bbox 2507 2647 2643 2692; x_wconf 87' lang='lat' dir='ltr'>esse</span> 
     </span>
     <span class='ocr_line' id='line_1_33' title="bbox 216 2704 2648 2783; baseline 0 -23"><span class='ocrx_word' id='word_1_314' title='bbox 216 2716 434 2776; x_wconf 64' lang='lat' dir='ltr'>genus,</span> <span class='ocrx_word' id='word_1_315' title='bbox 471 2706 762 2777; x_wconf 73' lang='lat' dir='ltr'>quiajam</span> <span class='ocrx_word' id='word_1_316' title='bbox 794 2706 1106 2776; x_wconf 87' lang='lat' dir='ltr'>probatum</span> <span class='ocrx_word' id='word_1_317' title='bbox 1146 2710 1237 2762; x_wconf 85' lang='lat' dir='ltr'>est</span> <span class='ocrx_word' id='word_1_318' title='bbox 1264 2705 1422 2776; x_wconf 89' lang='lat' dir='ltr'>quod</span> <span class='ocrx_word' id='word_1_319' title='bbox 1452 2718 1561 2761; x_wconf 91' lang='lat' dir='ltr'>ens</span> <span class='ocrx_word' id='word_1_320' title='bbox 1591 2718 1711 2761; x_wconf 87' lang='lat' dir='ltr'>non</span> <span class='ocrx_word' id='word_1_321' title='bbox 1744 2704 1919 2760; x_wconf 85' lang='lat' dir='ltr'>habet</span> <span class='ocrx_word' id='word_1_322' title='bbox 1945 2709 2238 2783; x_wconf 75' lang='lat' dir='ltr'>rationem</span> <span class='ocrx_word' id='word_1_323' title='bbox 2269 2717 2530 2776; x_wconf 75' lang='lat' dir='ltr'>geuene.</span> <span class='ocrx_word' id='word_1_324' title='bbox 2562 2707 2648 2761; x_wconf 82' lang='lat' dir='ltr'>Si·</span> 
     </span>
     <span class='ocr_line' id='line_1_34' title="bbox 216 2774 2645 2849; baseline -0.001 -15"><span class='ocrx_word' id='word_1_325' title='bbox 216 2774 441 2834; x_wconf 81' lang='lat' dir='ltr'>militer</span> <span class='ocrx_word' id='word_1_326' title='bbox 462 2789 575 2832; x_wconf 88' lang='lat' dir='ltr'>nee</span> <span class='ocrx_word' id='word_1_327' title='bbox 615 2791 689 2833; x_wconf 87' lang='lat' dir='ltr'>ex</span> <span class='ocrx_word' id='word_1_328' title='bbox 719 2776 831 2833; x_wconf 86' lang='lat' dir='ltr'>hoe</span> <span class='ocrx_word' id='word_1_329' title='bbox 856 2776 1015 2849; x_wconf 81' lang='lat' dir='ltr'>quod</span> <span class='ocrx_word' id='word_1_330' title='bbox 1045 2774 1264 2832; x_wconf 88' lang='lat' dir='ltr'>dieitur</span> <span class='ocrx_word' id='word_1_331' title='bbox 1291 2789 1395 2846; x_wconf 82' lang='lat' dir='ltr'>per</span> <span class='ocrx_word' id='word_1_332' title='bbox 1436 2788 1524 2842; x_wconf 91' lang='lat' dir='ltr'>se,</span> <span class='ocrx_word' id='word_1_333' title='bbox 1556 2774 1698 2845; x_wconf 86' lang='lat' dir='ltr'>quia</span> <span class='ocrx_word' id='word_1_334' title='bbox 1728 2774 1841 2830; x_wconf 87' lang='lat' dir='ltr'>hoe</span> <span class='ocrx_word' id='word_1_335' title='bbox 1871 2786 1993 2830; x_wconf 90' lang='lat' dir='ltr'>non</span> <span class='ocrx_word' id='word_1_336' title='bbox 2037 2774 2270 2830; x_wconf 78' lang='lat' dir='ltr'>videtur</span> <span class='ocrx_word' id='word_1_337' title='bbox 2323 2774 2645 2843; x_wconf 80' lang='lat' dir='ltr'>importare</span> 
     </span>
     <span class='ocr_line' id='line_1_35' title="bbox 212 2842 2644 2917; baseline -0.001 -14"><span class='ocrx_word' id='word_1_338' title='bbox 212 2844 338 2903; x_wconf 83' lang='lat' dir='ltr'>nisi</span> <span class='ocrx_word' id='word_1_339' title='bbox 363 2847 749 2917; x_wconf 79' lang='lat' dir='ltr'>negationem</span> <span class='ocrx_word' id='word_1_340' title='bbox 779 2852 1005 2904; x_wconf 87' lang='lat' dir='ltr'>tantum</span> <span class='ocrx_word' id='word_1_341' title='bbox 1031 2864 1047 2914; x_wconf 90' lang='lat'><strong>;</strong></span> <span class='ocrx_word' id='word_1_342' title='bbox 1078 2845 1297 2903; x_wconf 85' lang='lat' dir='ltr'>dieitur</span> <span class='ocrx_word' id='word_1_343' title='bbox 1324 2844 1483 2902; x_wconf 89' lang='lat' dir='ltr'>enim</span> <span class='ocrx_word' id='word_1_344' title='bbox 1513 2857 1623 2901; x_wconf 91' lang='lat' dir='ltr'>ens</span> <span class='ocrx_word' id='word_1_345' title='bbox 1653 2858 1757 2914; x_wconf 87' lang='lat' dir='ltr'>per</span> <span class='ocrx_word' id='word_1_346' title='bbox 1783 2857 1850 2901; x_wconf 84' lang='lat' dir='ltr'>se</span> <span class='ocrx_word' id='word_1_347' title='bbox 1873 2858 1949 2900; x_wconf 84' lang='lat' dir='ltr'>ex</span> <span class='ocrx_word' id='word_1_348' title='bbox 1975 2842 2092 2900; x_wconf 85' lang='lat' dir='ltr'>hoe</span> <span class='ocrx_word' id='word_1_349' title='bbox 2125 2842 2288 2915; x_wconf 88' lang='lat' dir='ltr'>quod</span> <span class='ocrx_word' id='word_1_350' title='bbox 2312 2857 2434 2901; x_wconf 88' lang='lat' dir='ltr'>non</span> <span class='ocrx_word' id='word_1_351' title='bbox 2461 2850 2556 2900; x_wconf 86' lang='lat' dir='ltr'>est</span> <span class='ocrx_word' id='word_1_352' title='bbox 2579 2844 2644 2901; x_wconf 83' lang='lat' dir='ltr'>in</span> 
     </span>
     <span class='ocr_line' id='line_1_36' title="bbox 213 2913 2642 2996; baseline -0.001 -22"><span class='ocrx_word' id='word_1_353' title='bbox 213 2915 358 2985; x_wconf 80' lang='lat' dir='ltr'>alic,</span> <span class='ocrx_word' id='word_1_354' title='bbox 388 2918 555 2996; x_wconf 79' lang='lat' dir='ltr'>quod</span> <span class='ocrx_word' id='word_1_355' title='bbox 581 2922 676 2975; x_wconf 88' lang='lat' dir='ltr'>est</span> <span class='ocrx_word' id='word_1_356' title='bbox 701 2917 938 2988; x_wconf 86' lang='lat' dir='ltr'>negatio</span> <span class='ocrx_word' id='word_1_357' title='bbox 959 2931 1127 2988; x_wconf 89' lang='lat' dir='ltr'>pura,</span> <span class='ocrx_word' id='word_1_358' title='bbox 1159 2930 1289 2988; x_wconf 84' lang='lat' dir='ltr'>quae</span> <span class='ocrx_word' id='word_1_359' title='bbox 1320 2930 1429 2995; x_wconf 78' lang='lat' dir='ltr'>nee</span> <span class='ocrx_word' id='word_1_360' title='bbox 1452 2921 1646 2986; x_wconf 86' lang='lat' dir='ltr'>potest</span> <span class='ocrx_word' id='word_1_361' title='bbox 1673 2920 1945 2972; x_wconf 81' lang='lat' dir='ltr'>naturam</span> <span class='ocrx_word' id='word_1_362' title='bbox 1965 2914 2058 2972; x_wconf 84' lang='lat' dir='ltr'>vel</span> <span class='ocrx_word' id='word_1_363' title='bbox 2078 2915 2370 2973; x_wconf 87' lang='lat' dir='ltr'>rationem</span> <span class='ocrx_word' id='word_1_364' title='bbox 2400 2913 2642 2986; x_wconf 82' lang='lat' dir='ltr'>generis</span> 
     </span>
     <span class='ocr_line' id='line_1_37' title="bbox 212 2984 2641 3060; baseline -0.001 -15"><span class='ocrx_word' id='word_1_365' title='bbox 212 2992 630 3045; x_wconf 75' lang='lat' dir='ltr'>eonstituere:</span> <span class='ocrx_word' id='word_1_366' title='bbox 675 2989 819 3060; x_wconf 79' lang='lat' dir='ltr'>quia</span> <span class='ocrx_word' id='word_1_367' title='bbox 847 2988 934 3046; x_wconf 87' lang='lat' dir='ltr'>sic</span> <span class='ocrx_word' id='word_1_368' title='bbox 963 3000 1156 3059; x_wconf 82' lang='lat' dir='ltr'>genus</span> <span class='ocrx_word' id='word_1_369' title='bbox 1187 2999 1309 3045; x_wconf 92' lang='lat' dir='ltr'>non</span> <span class='ocrx_word' id='word_1_370' title='bbox 1356 2986 1579 3044; x_wconf 81' lang='lat' dir='ltr'>diceret</span> <span class='ocrx_word' id='word_1_371' title='bbox 1618 2985 1753 3056; x_wconf 80' lang='lat' dir='ltr'>quid</span> <span class='ocrx_word' id='word_1_372' title='bbox 1796 2990 1876 3042; x_wconf 77' lang='lat' dir='ltr'>est</span> <span class='ocrx_word' id='word_1_373' title='bbox 1918 2999 2023 3053; x_wconf 83' lang='lat' dir='ltr'>res,</span> <span class='ocrx_word' id='word_1_374' title='bbox 2057 2984 2163 3042; x_wconf 89' lang='lat' dir='ltr'>sed</span> <span class='ocrx_word' id='word_1_375' title='bbox 2211 2986 2349 3057; x_wconf 78' lang='lat' dir='ltr'>quid</span> <span class='ocrx_word' id='word_1_376' title='bbox 2387 3001 2497 3041; x_wconf 79' lang='lat' dir='ltr'>non</span> <span class='ocrx_word' id='word_1_377' title='bbox 2542 2990 2641 3043; x_wconf 83' lang='lat' dir='ltr'>est.</span> 
     </span>
     <span class='ocr_line' id='line_1_38' title="bbox 214 3055 2645 3136; baseline -0 -20"><span class='ocrx_word' id='word_1_378' title='bbox 214 3058 459 3128; x_wconf 71' lang='lat' dir='ltr'>Oportet</span> <span class='ocrx_word' id='word_1_379' title='bbox 488 3058 677 3130; x_wconf 86' lang='lat' dir='ltr'>igitur</span> <span class='ocrx_word' id='word_1_380' title='bbox 704 3058 864 3130; x_wconf 88' lang='lat' dir='ltr'>quod</span> <span class='ocrx_word' id='word_1_381' title='bbox 892 3058 1043 3115; x_wconf 87' lang='lat' dir='ltr'>ratio</span> <span class='ocrx_word' id='word_1_382' title='bbox 1076 3057 1425 3115; x_wconf 68' lang='lat' dir='ltr'>substantiae</span> <span class='ocrx_word' id='word_1_383' title='bbox 1474 3057 1846 3136; x_wconf 73' lang='lat' dir='ltr'>intelligatur</span> <span class='ocrx_word' id='word_1_384' title='bbox 1897 3056 2013 3113; x_wconf 87' lang='lat' dir='ltr'>hoo</span> <span class='ocrx_word' id='word_1_385' title='bbox 2060 3055 2262 3126; x_wconf 88' lang='lat' dir='ltr'>modo,</span> <span class='ocrx_word' id='word_1_386' title='bbox 2293 3055 2453 3129; x_wconf 85' lang='lat' dir='ltr'>quod</span> <span class='ocrx_word' id='word_1_387' title='bbox 2509 3055 2645 3115; x_wconf 77' lang='lat' dir='ltr'>sub-</span> 
     </span>
     <span class='ocr_line' id='line_1_39' title="bbox 212 3124 2644 3198; baseline 0 -12"><span class='ocrx_word' id='word_1_388' title='bbox 212 3129 438 3186; x_wconf 74' lang='lat' dir='ltr'>stantia</span> <span class='ocrx_word' id='word_1_389' title='bbox 465 3128 551 3185; x_wconf 87' lang='lat' dir='ltr'>sit</span> <span class='ocrx_word' id='word_1_390' title='bbox 578 3141 698 3197; x_wconf 87' lang='lat' dir='ltr'>res,</span> <span class='ocrx_word' id='word_1_391' title='bbox 745 3129 841 3185; x_wconf 87' lang='lat' dir='ltr'>eui</span> <span class='ocrx_word' id='word_1_392' title='bbox 882 3128 1198 3186; x_wconf 81' lang='lat' dir='ltr'>conveniat</span> <span class='ocrx_word' id='word_1_393' title='bbox 1225 3141 1359 3186; x_wconf 88' lang='lat' dir='ltr'>esse</span> <span class='ocrx_word' id='word_1_394' title='bbox 1390 3141 1511 3184; x_wconf 87' lang='lat' dir='ltr'>non</span> <span class='ocrx_word' id='word_1_395' title='bbox 1550 3128 1615 3184; x_wconf 90' lang='lat' dir='ltr'>in</span> <span class='ocrx_word' id='word_1_396' title='bbox 1644 3126 1757 3184; x_wconf 86' lang='lat' dir='ltr'>sub</span> <span class='ocrx_word' id='word_1_397' title='bbox 1783 3131 1913 3184; x_wconf 86' lang='lat' dir='ltr'>ecto</span> <span class='ocrx_word' id='word_1_398' title='bbox 1958 3124 2200 3198; x_wconf 90' lang='lat' dir='ltr'>(nomen</span> <span class='ocrx_word' id='word_1_399' title='bbox 2252 3133 2453 3185; x_wconf 82' lang='lat' dir='ltr'>autem</span> <span class='ocrx_word' id='word_1_400' title='bbox 2491 3127 2644 3186; x_wconf 83' lang='lat' dir='ltr'>reia</span> 
     </span>
     <span class='ocr_line' id='line_1_40' title="bbox 209 3142 2640 3279; baseline -0 -23"><span class='ocrx_word' id='word_1_401' title='bbox 209 3199 545 3279; x_wconf 80' lang='lat' dir='ltr'>quidditate</span> <span class='ocrx_word' id='word_1_402' title='bbox 570 3199 899 3269; x_wconf 87' lang='lat' dir='ltr'>imponitur</span> <span class='ocrx_word' id='word_1_403' title='bbox 940 3199 1097 3257; x_wconf 87' lang='lat' dir='ltr'>sieut</span> <span class='ocrx_word' id='word_1_404' title='bbox 1116 3212 1333 3278; x_wconf 83' lang='lat' dir='ltr'>nomen</span> <span class='ocrx_word' id='word_1_405' title='bbox 1356 3199 1512 3278; x_wconf 85' lang='lat' dir='ltr'>entis</span> <span class='ocrx_word' id='word_1_406' title='bbox 1530 3198 1606 3256; x_wconf 87' lang='lat' dir='ltr'>ab</span> <span class='ocrx_word' id='word_1_407' title='bbox 1627 3142 1806 3278; x_wconf 34' lang='lat' dir='ltr'>esse&amp;</span> <span class='ocrx_word' id='word_1_408' title='bbox 1838 3203 1897 3254; x_wconf 88' lang='lat' dir='ltr'>et</span> <span class='ocrx_word' id='word_1_409' title='bbox 1912 3197 2001 3278; x_wconf 73' lang='lat' dir='ltr'>sie</span> <span class='ocrx_word' id='word_1_410' title='bbox 2020 3198 2080 3254; x_wconf 90' lang='lat' dir='ltr'>in</span> <span class='ocrx_word' id='word_1_411' title='bbox 2109 3197 2338 3255; x_wconf 83' lang='lat' dir='ltr'>ratione</span> <span class='ocrx_word' id='word_1_412' title='bbox 2359 3199 2640 3278; x_wconf 80' lang='lat' dir='ltr'>substan-</span> 
     </span>
     <span class='ocr_line' id='line_1_41' title="bbox 206 3242 2638 3349; baseline -0 -23"><span class='ocrx_word' id='word_1_413' title='bbox 206 3273 311 3328; x_wconf 63' lang='grc' dir='ltr'>ηε</span> <span class='ocrx_word' id='word_1_414' title='bbox 336 3270 736 3341; x_wconf 80' lang='lat' dir='ltr'>intelligatur,</span> <span class='ocrx_word' id='word_1_415' title='bbox 761 3242 921 3341; x_wconf 82' lang='lat' dir='ltr'>quod</span> <span class='ocrx_word' id='word_1_416' title='bbox 948 3270 1164 3349; x_wconf 74' lang='lat' dir='ltr'>habeat</span> <span class='ocrx_word' id='word_1_417' title='bbox 1185 3269 1575 3342; x_wconf 85' lang='lat' dir='ltr'>qu1dd1tatem</span> <span class='ocrx_word' id='word_1_418' title='bbox 1604 3283 1700 3325; x_wconf 81' lang='lat' dir='ltr'>cui</span> <span class='ocrx_word' id='word_1_419' title='bbox 1731 3273 2048 3348; x_wconf 78' lang='lat' dir='ltr'>conveniat</span> <span class='ocrx_word' id='word_1_420' title='bbox 2080 3281 2215 3349; x_wconf 77' lang='lat' dir='ltr'>esse</span> <span class='ocrx_word' id='word_1_421' title='bbox 2237 3281 2374 3349; x_wconf 31' lang='lat' dir='ltr'>‘non</span> <span class='ocrx_word' id='word_1_422' title='bbox 2405 3281 2467 3323; x_wconf 81' lang='lat' dir='ltr'>in</span> <span class='ocrx_word' id='word_1_423' title='bbox 2499 3268 2638 3325; x_wconf 83' lang='lat' dir='ltr'>alio.</span> 
     </span>
     <span class='ocr_line' id='line_1_42' title="bbox 205 3338 2639 3410; baseline -0.002 -12"><span class='ocrx_word' id='word_1_424' title='bbox 205 3339 337 3398; x_wconf 78' lang='lat' dir='ltr'>Hoc</span> <span class='ocrx_word' id='word_1_425' title='bbox 363 3347 565 3398; x_wconf 82' lang='lat' dir='ltr'>autem</span> <span class='ocrx_word' id='word_1_426' title='bbox 598 3343 720 3397; x_wconf 89' lang='lat' dir='ltr'>Deo</span> <span class='ocrx_word' id='word_1_427' title='bbox 749 3353 871 3398; x_wconf 91' lang='lat' dir='ltr'>non</span> <span class='ocrx_word' id='word_1_428' title='bbox 901 3345 1178 3397; x_wconf 82' lang='lat' dir='ltr'>convenit</span> <span class='ocrx_word' id='word_1_429' title='bbox 1198 3358 1212 3408; x_wconf 91' lang='grc'><strong>;</strong></span> <span class='ocrx_word' id='word_1_430' title='bbox 1232 3353 1367 3396; x_wconf 81' lang='lat' dir='ltr'>nam</span> <span class='ocrx_word' id='word_1_431' title='bbox 1389 3353 1505 3396; x_wconf 93' lang='lat' dir='ltr'>non</span> <span class='ocrx_word' id='word_1_432' title='bbox 1534 3338 2108 3410; x_wconf 79' lang='lat' dir='ltr'>liabetquidditatem</span> <span class='ocrx_word' id='word_1_433' title='bbox 2132 3353 2253 3395; x_wconf 77' lang='lat' dir='ltr'>nisi</span> <span class='ocrx_word' id='word_1_434' title='bbox 2279 3351 2456 3396; x_wconf 92' lang='lat' dir='ltr'>suum</span> <span class='ocrx_word' id='word_1_435' title='bbox 2479 3351 2639 3395; x_wconf 88' lang='lat' dir='ltr'>esse.</span> 
     </span>
     <span class='ocr_line' id='line_1_43' title="bbox 202 3407 2641 3490; baseline -0.001 -22"><span class='ocrx_word' id='word_1_436' title='bbox 202 3409 375 3488; x_wconf 58' lang='lat' dir='ltr'>{lude</span> <span class='ocrx_word' id='word_1_437' title='bbox 407 3411 788 3483; x_wconf 86' lang='lat' dir='ltr'>relinquitur,</span> <span class='ocrx_word' id='word_1_438' title='bbox 829 3410 989 3483; x_wconf 85' lang='lat' dir='ltr'>quod</span> <span class='ocrx_word' id='word_1_439' title='bbox 1018 3410 1187 3468; x_wconf 88' lang='lat' dir='ltr'>nullo</span> <span class='ocrx_word' id='word_1_440' title='bbox 1216 3409 1397 3468; x_wconf 88' lang='lat' dir='ltr'>modo</span> <span class='ocrx_word' id='word_1_441' title='bbox 1425 3416 1515 3489; x_wconf 73' lang='lat' dir='ltr'>est</span> <span class='ocrx_word' id='word_1_442' title='bbox 1540 3411 1605 3466; x_wconf 91' lang='lat' dir='ltr'>in</span> <span class='ocrx_word' id='word_1_443' title='bbox 1635 3423 1853 3480; x_wconf 86' lang='lat' dir='ltr'>genere</span> <span class='ocrx_word' id='word_1_444' title='bbox 1884 3409 2234 3490; x_wconf 73' lang='lat' dir='ltr'>substantiae</span> <span class='ocrx_word' id='word_1_445' title='bbox 2261 3426 2278 3477; x_wconf 91' lang='grc'><strong>;</strong></span> <span class='ocrx_word' id='word_1_446' title='bbox 2309 3413 2369 3464; x_wconf 87' lang='lat' dir='ltr'>et</span> <span class='ocrx_word' id='word_1_447' title='bbox 2396 3407 2486 3465; x_wconf 87' lang='lat' dir='ltr'>sie</span> <span class='ocrx_word' id='word_1_448' title='bbox 2529 3420 2641 3490; x_wconf 70' lang='lat' dir='ltr'>nee</span> 
     </span>
     <span class='ocr_line' id='line_1_44' title="bbox 205 3481 2644 3550; baseline 0 -13"><span class='ocrx_word' id='word_1_449' title='bbox 205 3492 277 3537; x_wconf 87' lang='lat' dir='ltr'>m</span> <span class='ocrx_word' id='word_1_450' title='bbox 319 3482 527 3546; x_wconf 74' lang='lat' dir='ltr'>aliquo</span> <span class='ocrx_word' id='word_1_451' title='bbox 578 3493 826 3549; x_wconf 66' lang='lat' dir='ltr'>genere,</span> <span class='ocrx_word' id='word_1_452' title='bbox 871 3493 1056 3549; x_wconf 82' lang='lat' dir='ltr'>quum</span> <span class='ocrx_word' id='word_1_453' title='bbox 1093 3486 1407 3540; x_wconf 85' lang='lat' dir='ltr'>ostensum</span> <span class='ocrx_word' id='word_1_454' title='bbox 1452 3485 1535 3539; x_wconf 78' lang='lat' dir='ltr'>sit</span> <span class='ocrx_word' id='word_1_455' title='bbox 1575 3481 1777 3549; x_wconf 87' lang='lat' dir='ltr'>ipsum</span> <span class='ocrx_word' id='word_1_456' title='bbox 1826 3491 1951 3538; x_wconf 86' lang='lat' dir='ltr'>non</span> <span class='ocrx_word' id='word_1_457' title='bbox 1981 3492 2211 3538; x_wconf 85' lang='lat' dir='ltr'>essem</span> <span class='ocrx_word' id='word_1_458' title='bbox 2236 3490 2458 3550; x_wconf 80' lang='lat' dir='ltr'>genere</span> <span class='ocrx_word' id='word_1_459' title='bbox 2482 3492 2644 3546; x_wconf 77' lang='lat' dir='ltr'>aeci·</span> 
     </span>
     <span class='ocr_line' id='line_1_45' title="bbox 204 3541 1178 3622; baseline 0 -16"><span class='ocrx_word' id='word_1_460' title='bbox 204 3541 429 3606; x_wconf 81' lang='lat' dir='ltr'>dentis.</span> <span class='ocrx_word' id='word_1_461' title='bbox 462 3553 509 3620; x_wconf 85' lang='grc' dir='ltr'>(ι</span> <span class='ocrx_word' id='word_1_462' title='bbox 539 3551 719 3622; x_wconf 73' lang='lat' dir='ltr'>part.²</span> <span class='ocrx_word' id='word_1_463' title='bbox 744 3561 804 3620; x_wconf 87' lang='lat' dir='ltr'>q.</span> <span class='ocrx_word' id='word_1_464' title='bbox 834 3559 926 3618; x_wconf 82' lang='lat'>111,</span> <span class='ocrx_word' id='word_1_465' title='bbox 955 3551 1067 3607; x_wconf 79' lang='lat' dir='ltr'>art.</span> <span class='ocrx_word' id='word_1_466' title='bbox 1094 3545 1178 3621; x_wconf 69' lang='lat' dir='ltr'>B.)</span> 
     </span>
    </p>
   </div>
   <div class='ocr_carea' id='block_1_5' title="bbox 1180 3720 1685 3786">
    <p class='ocr_par' dir='ltr' id='par_1_11' title="bbox 1180 3720 1685 3786">
     <span class='ocr_line' id='line_1_46' title="bbox 1180 3720 1685 3786; baseline -0.002 -2"><span class='ocrx_word' id='word_1_467' title='bbox 1180 3720 1434 3786; x_wconf 83' lang='lat' dir='ltr'>CAPUT</span> <span class='ocrx_word' id='word_1_468' title='bbox 1470 3720 1685 3785; x_wconf 80' lang='lat' dir='ltr'>xxvt.</span> 
     </span>
    </p>
   </div>
   <div class='ocr_carea' id='block_1_6' title="bbox 738 3889 2135 3946">
    <p class='ocr_par' dir='ltr' id='par_1_12' title="bbox 738 3889 2135 3946">
     <span class='ocr_line' id='line_1_47' title="bbox 738 3889 2135 3946; baseline -0.001 -8"><span class='ocrx_word' id='word_1_469' title='bbox 738 3891 891 3946; x_wconf 78' lang='lat' dir='ltr'>QUOD</span> <span class='ocrx_word' id='word_1_470' title='bbox 926 3891 1077 3938; x_wconf 79' lang='lat' dir='ltr'>DEUS</span> <span class='ocrx_word' id='word_1_471' title='bbox 1114 3891 1233 3938; x_wconf 82' lang='lat' dir='ltr'>NON</span> <span class='ocrx_word' id='word_1_472' title='bbox 1267 3893 1376 3939; x_wconf 76' lang='lat' dir='ltr'>EST</span> <span class='ocrx_word' id='word_1_473' title='bbox 1410 3893 1553 3938; x_wconf 78' lang='lat' dir='ltr'><strong>ESSE</strong></span> <span class='ocrx_word' id='word_1_474' title='bbox 1585 3891 1853 3938; x_wconf 67' lang='lat' dir='ltr'>Bonum</span> <span class='ocrx_word' id='word_1_475' title='bbox 1890 3889 2135 3937; x_wconf 68' lang='lat' dir='ltr'><strong>OMNIUM.</strong></span> 
     </span>
    </p>
   </div>
   <div class='ocr_carea' id='block_1_7' title="bbox 208 4023 2646 4383">
    <p class='ocr_par' dir='ltr' id='par_1_13' title="bbox 210 4023 2644 4173">
     <span class='ocr_line' id='line_1_48' title="bbox 279 4023 2644 4108; baseline -0.001 -20"><span class='ocrx_word' id='word_1_476' title='bbox 279 4032 363 4087; x_wconf 78' lang='lat' dir='ltr'>Ex</span> <span class='ocrx_word' id='word_1_477' title='bbox 388 4030 487 4088; x_wconf 83' lang='lat' dir='ltr'>his</span> <span class='ocrx_word' id='word_1_478' title='bbox 516 4027 863 4087; x_wconf 79' lang='lat' dir='ltr'>confutatur</span> <span class='ocrx_word' id='word_1_479' title='bbox 879 4027 1273 4108; x_wconf 79' lang='lat' dir='ltr'>quorumdam</span> <span class='ocrx_word' id='word_1_480' title='bbox 1296 4042 1481 4096; x_wconf 90' lang='lat' dir='ltr'>error,</span> <span class='ocrx_word' id='word_1_481' title='bbox 1502 4029 1606 4100; x_wconf 90' lang='lat' dir='ltr'>qui</span> <span class='ocrx_word' id='word_1_482' title='bbox 1629 4027 1905 4086; x_wconf 88' lang='lat' dir='ltr'>dixerunt</span> <span class='ocrx_word' id='word_1_483' title='bbox 1923 4029 2109 4086; x_wconf 89' lang='lat' dir='ltr'>Deum</span> <span class='ocrx_word' id='word_1_484' title='bbox 2128 4024 2280 4082; x_wconf 88' lang='lat' dir='ltr'>nihil</span> <span class='ocrx_word' id='word_1_485' title='bbox 2299 4023 2462 4084; x_wconf 84' lang='lat' dir='ltr'>aliud</span> <span class='ocrx_word' id='word_1_486' title='bbox 2483 4038 2644 4097; x_wconf 85' lang='lat' dir='ltr'>esse,</span> 
     </span>
     <span class='ocr_line' id='line_1_49' title="bbox 210 4098 1486 4173; baseline -0.004 -14"><span class='ocrx_word' id='word_1_487' title='bbox 210 4113 387 4173; x_wconf 83' lang='lat' dir='ltr'>quam</span> <span class='ocrx_word' id='word_1_488' title='bbox 416 4113 556 4159; x_wconf 86' lang='lat' dir='ltr'>esse</span> <span class='ocrx_word' id='word_1_489' title='bbox 588 4098 842 4157; x_wconf 87' lang='lat' dir='ltr'>formale</span> <span class='ocrx_word' id='word_1_490' title='bbox 871 4099 1348 4170; x_wconf 68' lang='lat' dir='ltr'>uniuscujusque</span> <span class='ocrx_word' id='word_1_491' title='bbox 1380 4099 1486 4156; x_wconf 88' lang='lat' dir='ltr'>rei.</span> 
     </span>
    </p>

    <p class='ocr_par' dir='ltr' id='par_1_14' title="bbox 208 4166 2646 4383">
     <span class='ocr_line' id='line_1_50' title="bbox 278 4166 2645 4248; baseline -0.001 -21"><span class='ocrx_word' id='word_1_492' title='bbox 278 4173 425 4228; x_wconf 82' lang='lat' dir='ltr'>Nam</span> <span class='ocrx_word' id='word_1_493' title='bbox 456 4184 597 4229; x_wconf 90' lang='lat' dir='ltr'>esse</span> <span class='ocrx_word' id='word_1_494' title='bbox 630 4170 744 4226; x_wconf 86' lang='lat' dir='ltr'>hoe</span> <span class='ocrx_word' id='word_1_495' title='bbox 777 4168 1059 4226; x_wconf 79' lang='lat' dir='ltr'>dividitur</span> <span class='ocrx_word' id='word_1_496' title='bbox 1087 4184 1190 4239; x_wconf 91' lang='lat' dir='ltr'>per</span> <span class='ocrx_word' id='word_1_497' title='bbox 1218 4183 1353 4226; x_wconf 89' lang='lat' dir='ltr'>esse</span> <span class='ocrx_word' id='word_1_498' title='bbox 1376 4169 1728 4227; x_wconf 63' lang='lat' dir='ltr'>substantiae</span> <span class='ocrx_word' id='word_1_499' title='bbox 1752 4171 1812 4225; x_wconf 85' lang='lat' dir='ltr'>et</span> <span class='ocrx_word' id='word_1_500' title='bbox 1833 4180 1976 4247; x_wconf 78' lang='lat' dir='ltr'>esse</span> <span class='ocrx_word' id='word_1_501' title='bbox 1996 4166 2343 4248; x_wconf 76' lang='lat' dir='ltr'>accidentjs.</span> <span class='ocrx_word' id='word_1_502' title='bbox 2367 4167 2645 4224; x_wconf 82' lang='lat' dir='ltr'>Divinum</span> 
     </span>
     <span class='ocr_line' id='line_1_51' title="bbox 210 4235 2646 4310; baseline -0.001 -13"><span class='ocrx_word' id='word_1_503' title='bbox 210 4247 403 4298; x_wconf 85' lang='lat' dir='ltr'>autem</span> <span class='ocrx_word' id='word_1_504' title='bbox 434 4256 575 4298; x_wconf 86' lang='lat' dir='ltr'>esse</span> <span class='ocrx_word' id='word_1_505' title='bbox 608 4253 732 4296; x_wconf 91' lang='lat' dir='ltr'>non</span> <span class='ocrx_word' id='word_1_506' title='bbox 762 4245 855 4296; x_wconf 90' lang='lat' dir='ltr'>est</span> <span class='ocrx_word' id='word_1_507' title='bbox 882 4253 1017 4296; x_wconf 86' lang='lat' dir='ltr'>esse</span> <span class='ocrx_word' id='word_1_508' title='bbox 1046 4239 1399 4296; x_wconf 75' lang='lat' dir='ltr'>substantiae</span> <span class='ocrx_word' id='word_1_509' title='bbox 1452 4254 1641 4310; x_wconf 73' lang='lat' dir='ltr'>neque</span> <span class='ocrx_word' id='word_1_510' title='bbox 1675 4252 1811 4296; x_wconf 86' lang='lat' dir='ltr'>esse</span> <span class='ocrx_word' id='word_1_511' title='bbox 1851 4235 2201 4304; x_wconf 75' lang='lat' dir='ltr'>accidentis,</span> <span class='ocrx_word' id='word_1_512' title='bbox 2238 4243 2303 4294; x_wconf 89' lang='lat' dir='ltr'>ut</span> <span class='ocrx_word' id='word_1_513' title='bbox 2332 4238 2646 4307; x_wconf 82' lang='lat' dir='ltr'>probatum</span> 
     </span>
     <span class='ocr_line' id='line_1_52' title="bbox 208 4307 2645 4383; baseline -0.002 -16"><span class='ocrx_word' id='word_1_514' title='bbox 208 4316 322 4369; x_wconf 86' lang='lat' dir='ltr'>est.</span> <span class='ocrx_word' id='word_1_515' title='bbox 350 4310 740 4383; x_wconf 87' lang='lat' dir='ltr'>Impossibile</span> <span class='ocrx_word' id='word_1_516' title='bbox 768 4315 859 4368; x_wconf 91' lang='lat' dir='ltr'>est</span> <span class='ocrx_word' id='word_1_517' title='bbox 888 4309 1070 4382; x_wconf 84' lang='lat' dir='ltr'>igitur</span> <span class='ocrx_word' id='word_1_518' title='bbox 1096 4311 1283 4367; x_wconf 91' lang='lat' dir='ltr'>Deum</span> <span class='ocrx_word' id='word_1_519' title='bbox 1314 4323 1451 4368; x_wconf 86' lang='lat' dir='ltr'>esse</span> <span class='ocrx_word' id='word_1_520' title='bbox 1482 4310 1631 4367; x_wconf 88' lang='lat' dir='ltr'>illud</span> <span class='ocrx_word' id='word_1_521' title='bbox 1663 4322 1819 4378; x_wconf 87' lang='lat' dir='ltr'>esse,</span> <span class='ocrx_word' id='word_1_522' title='bbox 1850 4321 1971 4379; x_wconf 88' lang='lat' dir='ltr'>quo</span> <span class='ocrx_word' id='word_1_523' title='bbox 2005 4307 2334 4365; x_wconf 80' lang='lat' dir='ltr'>formaliter</span> <span class='ocrx_word' id='word_1_524' title='bbox 2361 4321 2645 4378; x_wconf 81' lang='lat' dir='ltr'>unaquae-</span> 
     </span>
    </p>
   </div>
   <div class='ocr_carea' id='block_1_8' title="bbox 210 4386 2641 4523">
    <p class='ocr_par' dir='ltr' id='par_1_15' title="bbox 210 4386 2641 4523">
     <span class='ocr_line' id='line_1_53' title="bbox 210 4386 2641 4523; baseline -0.005 -15"><span class='ocrx_word' id='word_1_525' title='bbox 210 4386 663 4523; x_wconf 47' lang='lat' dir='ltr'>qulwfr‘esstad</span> <span class='ocrx_word' id='word_1_526' title='bbox 688 4449 946 4510; x_wconf 83' lang='lat' dir='ltr'>invicem</span> <span class='ocrx_word' id='word_1_527' title='bbox 975 4464 1100 4510; x_wconf 88' lang='lat' dir='ltr'>non</span> <span class='ocrx_word' id='word_1_528' title='bbox 1125 4449 1580 4523; x_wconf 82' lang='lat' dir='ltr'>distinguuntur</span> <span class='ocrx_word' id='word_1_529' title='bbox 1627 4446 1960 4508; x_wconf 84' lang='lat' dir='ltr'>secundum</span> <span class='ocrx_word' id='word_1_530' title='bbox 2011 4448 2171 4520; x_wconf 87' lang='lat' dir='ltr'>quod</span> <span class='ocrx_word' id='word_1_531' title='bbox 2221 4459 2356 4506; x_wconf 88' lang='lat' dir='ltr'>esse</span> <span class='ocrx_word' id='word_1_532' title='bbox 2399 4445 2641 4509; x_wconf 77' lang='lat' dir='ltr'>habent,</span> 
     </span>
    </p>
   </div>
  </div>
 </body>
</html>
