3076 5025
1045 275 1180 338 LlB.
1220 279 1317 348 111,
1357 280 1511 344 CAP.
1550 279 1811 340 LXXXIV.
2530 284 2636 338 369

1096 548 1351 614 CAPUT
1415 549 1736 613 LXXXIV:

327 733 483 787 QUOD
521 730 788 784 Gom
823 729 1128 781 amusan
1158 729 1288 780 Nou·
1313 729 1646 778 mimum·
1686 730 1757 776 m·
1797 731 2181 778 murimonte
2221 731 2497 779 Nomou.

262 899 349 955 Ex
378 896 477 956 his
506 901 884 978 autemuuae
925 894 1246 967 praemissa
1268 899 1430 964 sunt,
1477 894 1544 952 in
1591 899 1873 976 promptu
1921 899 2166 966 apparet
2209 895 2370 968 quod
2413 910 2629 956 eorum

185 981 328 1042 quae
358 972 500 1026 sunt
528 979 688 1024 circa
713 966 1082 1024 intellectum
1110 978 1365 1037 corpora
1396 965 1673 1023 coelestia
1702 979 1902 1023 causae
1931 979 2068 1024 esse
2098 978 2233 1024 non’
2251 972 2527 1036 possum.

122 1067 126 1071 ·
258 1041 394 1098 Jam
424 1037 586 1098 enim
612 1041 934 1095 ostensum
954 1042 1049 1094 est
1078 1035 1152 1108 (c.
1181 1040 1257 1094 8¹·
1280 1041 1344 1093 et
1366 1037 1457 1108 82)
1487 1035 1649 1109 quod
1678 1035 1896 1096 divinae
1943 1036 2336 1109 providentiae
2368 1038 2519 1096 ordo
2540 1043 2634 1096 est

184 1114 410 1239 32.de
439 1105 1445 1249 atttriti{statii-{ngat}
1490 1113 1557 1234 32
1579 1112 1997 1248 ἓοέἐὲἓὲἓὲὲ
2025 1106 2413 1250 ἔὲῑίἱὲθὲἒὲἷ)
2431 1113 2639 1250 itit?

677 1225 680 1230 .
1445 1218 1461 1245 ,
2085 1220 2100 1234 .
2610 1222 2624 1235 .

186 1248 577 1321 Impossibile
606 1253 699 1307 est
723 1247 918 1321 igitur.
936 1247 1097 1321 quod
1126 1261 1378 1320 corpora
1400 1247 1671 1305 coelestia
1696 1252 1878 1321 agant
1903 1247 2356 1306 inintellectum
2383 1248 2629 1308 directe.

184 1323 328 1379 Non
358 1320 543 1394 igitur
564 1323 823 1390 possunt
849 1332 984 1376 esse
1015 1332 1201 1377 causa
1221 1332 1327 1400 per
1353 1331 1420 1375 se
1448 1332 1657 1376 eorum
1685 1333 1818 1391 quae
1864 1324 2008 1376 sunt
2034 1317 2196 1377 circa
2233 1318 2627 1379 intellectum.

258 1390 484 1454 Adhuc,
513 1390 748 1449 nullum
776 1403 996 1461 corpus
1029 1388 1153 1462 agit
1181 1389 1298 1446 nisi
1326 1402 1434 1460 per
1457 1394 1710 1458 motum,
1732 1394 1799 1446 ut
1825 1388 2109 1460 probatur
2135 1389 2201 1446 in
2227 1395 2438 1448 octavo
2457 1391 2628 1460 Phys.

211 1465 364 1519 text.
389 1473 609 1519 comm.
642 1460 916 1532 53).Quae
929 1465 1127 1519 autem
1150 1465 1291 1517 sunt
1313 1459 1647 1518 immobilia
1674 1473 1798 1517 non
1841 1464 2167 1518 causantur
2196 1475 2268 1518 ex
2315 1465 2504 1519 motu.
2532 1461 2632 1519 Ni—

238 1532 251 1543 “
299 1530 465 1589 enim
489 1534 773 1589 causatur
800 1544 873 1587 ex
888 1535 1054 1590 motu
1077 1529 1332 1601 alicujus
1345 1530 1580 1602 agentis
1604 1531 1721 1589 nisi
1746 1531 1811 1589 in
1827 1535 2118 1602 quantum
2136 1537 2356 1588 movet.
2376 1534 2637 1591 Passum

186 1607 397 1665 autem
427 1607 719 1662 movetur.
803 1613 896 1661 uae
929 1600 1114 1673 igitur
1156 1606 1298 1672 sunt
1323 1600 1573 1659 omnino
1605 1606 1768 1658 extra
1789 1607 2018 1659 motum
2047 1614 2171 1659 non
2199 1607 2457 1673 possunt
2489 1614 2630 1661 esse

188 1676 445 1733 causata
475 1684 510 1730 a
540 1672 775 1748 corpori
822 1685 894 1729 us
941 1670 1308 1729 coelestibus.
1341 1671 1453 1729 Sed
1484 1685 1557 1729 ea
1581 1685 1714 1744 quae
1740 1676 1883 1730 sunt
1907 1672 2069 1730 circa
2095 1671 2465 1731 intellectum
2487 1677 2633 1732 sunt

180 1742 442 1804 omnino
476 1748 640 1802 extra
689 1744 920 1800 motum
942 1755 1141 1813 perse
1195 1742 1516 1814 loquendo,
1550 1743 1707 1800 sicut
1746 1747 1906 1813 patet
1950 1755 2057 1814 per
2097 1742 2537 1815 Philosophum
2564 1743 2632 1801 in

188 1814 562 1896 septimo-Ph
600 1829 647 1869 s.
678 1813 841 1885 (text.
869 1825 1086 1871 comm.
1109 1816 1194 1883 18,
1218 1816 1282 1870 19
1297 1811 1482 1884 emo).
1503 1812 1785 1880 Quinimo
1819 1827 1925 1885 per
1943 1813 2203 1886 quietem
2230 1829 2265 1871 a
2285 1814 2550 1872 motibus
2569 1812 2637 1871 fit

181 1898 395 1943 anima
438 1898 550 1955 pru
596 1897 705 1941 ens
734 1884 1060 1965 et·sciens,
1087 1887 1154 1940 ut
1199 1882 1419 1940 ibidem
1466 1882 1705 1941 dicitur.
1740 1884 2119 1954 Impossibile
2159 1890 2252 1943 est
2277 1897 2422 1958 ergo
2465 1881 2625 1957 quod

183 1968 448 2027 corpora
478 1954 749 2013 coelestia
774 1959 898 2012 sint
924 1967 1030 2025 per
1057 1967 1124 2012 se
1152 1967 1338 2012 causa
1365 1966 1574 2011 eorum
1603 1968 1737 2028 quae
1768 1956 1929 2012 circa
1951 1954 2320 2014 intellectum
2349 1958 2512 2013 sunt.

252 2026 550 2096 Amplius,⁵
571 2025 625 2082 si
667 2023 821 2083 nihil
868 2028 1151 2082 causatur
1174 2022 1249 2082 ab
1292 2024 1495 2097 aliquo
1547 2038 1796 2096 corpore
1846 2024 1966 2084 nisi
1993 2026 2059 2082 in
2115 2030 2406 2098 quantum
2436 2029 2635 2083 movet

183 2096 337 2155 dum
362 2099 656 2166 movetur,
684 2100 915 2177 oportet
944 2108 1139 2166 ‚omne
1167 2094 1226 2152 id
1276 2095 1436 2167 quod
1463 2096 1675 2167 recipit
1717 2095 2190 2173 impressionem„
2209 2097 2466 2167 alicujus
2495 2109 2628 2155 cor·

232 2167 366 2225 oris
394 2165 644 2226 moveri.
677 2163 841 2225 Nihil
861 2171 1060 2224 autem
1080 2169 1354 2226 movetur
1370 2165 1491 2223 nisi
1513 2179 1756 2237 coerS,
1777 2171 1842 2223 ut
1869 2166 2155 2237 probatur
2173 2181 2237 2223 in
2266 2172 2435 2225 sexto
2464 2165 2631 2235 Phys.

205 2242 357 2296 text.
385 2240 727 2306 comm.‚46‚
759 2240 829 2292 49
854 2241 913 2292 et
966 2236 1141 2310 seq.).
1172 2237 1416 2307 Oportet
1461 2250 1607 2307 ergo
1651 2250 1829 2292 omne
1858 2235 1919 2292 id
1948 2238 2107 2307 quod
2142 2236 2353 2308 recipit
2381 2237 2629 2307 impres-

181 2306 722 2379 sionemalicuius
762 2305 1034 2377 corporis
1061 2319 1198 2366 esse
1241 2318 1460 2376 corpus
1513 2305 1607 2362 vel
1655 2305 1914 2378 aliquam
1943 2306 2221 2363 virtutem
2250 2319 2625 2378 corpoream.

182 2381 518 2439 ostensum
543 2381 636 2436 est
657 2381 856 2434 autem
883 2376 950 2433 in
993 2375 1260 2434 secundo
1291 2374 1384 2448 (ca
1430 2417 1446 2432 .
1474 2375 1569 2447 49)
1598 2376 1758 2448 quod
1783 2375 2124 2434 intellectus
2154 2390 2349 2450 neque
2375 2383 2468 2435 est
2492 2390 2627 2435 cor-

183 2463 328 2524 pus,
356 2463 552 2530 neque
574 2448 767 2504 virtus
795 2460 1102 2519 corporea.
1133 2446 1384 2518 Imposs’
1431 2445 1512 2502 ile
1540 2452 1633 2503 est
1658 2446 1843 2519 igitur
1872 2445 2032 2520 quod
2074 2459 2332 2519 corpora
2358 2446 2633 2505 coelestia

187 2521 422 2579 directe
448 2518 795 2591 imprimant
821 2519 885 2576 in
914 2518 1306 2577 intellectum.

254 2593 415 2654 Item,
443 2603 622 2651 omne
709 2589 828 2648 uod
874 2587 1257 2649 movetur-ah
1283 2587 1507 2660 aliquo,
1537 2587 1843 2645 reducitur
1884 2587 1956 2644 de
2001 2587 2272 2659 potentia
2296 2587 2362 2645 in
2397 2594 2624 2647 actum.

183 2661 356 2720 Nihil
384 2665 583 2721 autem
611 2605 917 2727 reffincitur
941 2658 1015 2719 ab
1044 2658 1248 2730 aliquo
1277 2657 1350 2715 de
1379 2657 1649 2729 potentia
1672 2657 1741 2717 in
1768 2658 2105 2739 actumnisi
2131 2672 2237 2729 per
2255 2656 2315 2715 id
2338 2659 2509 2731 quod
2533 2665 2629 2718 est

183 2737 352 2791 actu.
383 2733 624 2802 oportet
660 2742 804 2803 ergo
845 2742 1022 2789 omne
1051 2742 1239 2801 agens
1268 2732 1326 2787 et
1366 2741 1615 2789 movens
1644 2741 1779 2808 esse
1812 2741 1877 2785 in
1904 2728 2108 2810 aliquo
2136 2728 2318 2787 modo
2346 2735 2482 2787 actu
2502 2743 2627 2789 res·

183 2806 370 2875 pectu
399 2815 618 2865 eorum,
655 2800 732 2859 ad
776 2813 910 2874 quoe
956 2812 1205 2871 passum
1234 2803 1292 2855 et
1335 2803 1565 2857 motum
1595 2803 1773 2857 estin
1804 2803 2091 2869 potentia.
2127 2800 2390 2871 Corpora
2430 2805 2629 2860 autem

183 2871 464 2933 coelestia
481 2876 900 2933 nonsuntactu
918 2868 1340 2942 intelligibilia,
1357 2883 1494 2927 cum
1509 2869 1634 2929 sint
1647 2868 1917 2942 quaedam
1935 2868 2270 2942 singularia
2283 2864 2629 2929 sensibilia.

186 2948 341 3002 Cum
368 2943 556 3025 igitur
581 2942 920 3000 intellectus
968 2946 1175 2998 noster
1214 2953 1338 2998 non
1368 2940 1534 2997 sitin
1582 2940 1850 3021 potentia
1877 2940 1995 2997 nisi
2027 2940 2102 2999 ad
2130 2940 2538 3013 intelligibilia
2561 2942 2626 2999 in

185 3020 355 3081 actu,
384 3012 764 3085 impossibile
792 3010 1068 3085 estquod
1102 3023 1354 3083 corpora
1381 3010 1652 3068 coelestia
1678 3010 1898 3068 directe
1928 3017 2110 3084 agant
2135 3010 2202 3067 in
2230 3011 2625 3071 intellectum.

262 3083 484 3148 Adhuc,
516 3083 762 3155 propria
808 3081 1075 3163 operatio
1115 3081 1202 3141 rei
1251 3081 1658 3163 consequitur,
1694 3087 1969 3139 naturam
2017 3080 2232 3162 ipsius,
2265 3096 2401 3155 quae
2446 3083 2628 3142 rebus

185 3154 498 3230 generatis
541 3168 660 3227 per,
692 3158 1141 3227 generationem
1188 3152 1517 3225 acquiritur
1560 3151 1742 3210 simul
1783 3164 1920 3209 cum
1967 3165 2210 3223 propria
2249 3153 2624 3223 operatione,

185 3225 358 3287 sicut
384 3228 543 3296 patet
572 3222 643 3282 dc
671 3224 835 3297 gravi
857 3227 920 3283 ‚et
941 3223 1078 3292 levi,
1102 3236 1234 3303 quae
1264 3223 1484 3281 habent
1512 3223 1714 3280 statim
1739 3223 2046 3294 proprium
2077 3228 2305 3280 motum
2335 3223 2399 3280 in
2424 3224 2628 3282 termi—

187 3309 276 3354 no
306 3308 436 3353 suae
474 3293 905 3367 generationis,
936 3292 1057 3351 nisi
1084 3297 1164 3351 sit
1207 3292 1433 3366 aliquid
1466 3292 1821 3364 impediens,
1854 3293 2085 3351 ratione
2126 3292 2299 3365 cujus
2328 3307 2629 3367 generans

189 3366 417 3425 dicitur
436 3378 707 3424 movens.
738 3364 892 3423 Illud
945 3377 1089 3436 ergo
1118 3363 1279 3436 quod
1325 3364 1659 3422 secundum
1688 3363 2048 3435 principium
2088 3378 2214 3423 suae
2243 3369 2472 3423 naturae
2500 3378 2627 3423 non

190 3440 292 3498 est
316 3434 653 3516 subjectum
700 3433 1041 3496 actionibus
1088 3447 1408 3562 coissorum
1454 3434 1810 3503 coelestium,
1843 3449 2038 3516 neque
2086 3435 2421 3517 secundum
2458 3449 2631 3493 suam

192 3510 610 3578 operationem
1219 3511 1465 3576 Jectum.
1482 3508 1629 3563 Pars
1659 3508 1856 3563 autem
1884 3505 2250 3564 intellectiva
2264 3519 2388 3564 non
2416 3519 2630 3564 causa-

190 3581 294 3635 tur
327 3574 402 3634 ab
447 3577 526 3641 ali
570 3510 1598 3647 uissssgesssrffiffpsssss{orporanbuS,
1631 3575 1739 3633 sed
1764 3581 1856 3634 est
1886 3575 2140 3658 omnino·
2164 3576 2240 3634 ab
2269 3575 2630 3658 extrinseco,

187 3651 262 3706 ut
290 3659 474 3718 supra
494 3646 535 3719 (l
605 3689 619 3704 .
647 3660 885 3730 11‚>cap.
917 3647 986 3704 82
1014 3649 1073 3703 et
1101 3644 1251 3719 seq.)
1278 3650 1371 3704 est
1385 3646 1722 3717 probatum.
1756 3647 2032 3718 Operatio
2059 3651 2247 3720 igitur
2288 3646 2631 3705 intellectus

189 3729 324 3776 non
353 3716 624 3789 subjacet
650 3717 874 3775 directe
905 3715 1260 3787 corporibus
1288 3715 1658 3774 coelestibus.

268 3789 546 3859 Amplius,
580 3802 655 3847 ea
679 3801 813 3863 quai
841 3791 1169 3846 causantur
1194 3800 1268 3845 ex
1294 3787 1559 3847 motibus
1587 3785 1935 3847 coelestibus
1985 3786 2237 3858 tempori
2268 3786 2629 3858 subduntur,

193 3857 362 3932 quod
386 3863 481 3917 est
506 3872 794 3919 numerus
839 3857 1020 3930 primi
1047 3860 1250 3916 motus
1296 3858 1580 3916 coelestis.
1613 3858 1756 3925 Quae
1785 3857 1804 3915 i
1850 3859 1970 3916 itur
1996 3858 2243 3917 omnino
2272 3856 2633 3916 abstrahun-

189 3933 295 3987 tur
323 3933 651 4000 atempore
697 3942 824 3988 non
866 3933 1009 3987 sunt
1035 3927 1384 3987 coelestibus
1426 3927 1692 3989 motibus
1735 3942 1808 3986 su
1845 3929 2023 4000 jecta.
2052 3928 2400 3987 Intellectus
2429 3932 2633 3989 autem

151 4004 164 4083 ζ
190 3997 260 4058 in
297 4013 412 4058 sua
440 3999 788 4070 operatione
818 3997 1174 4059 abstrahit-a
1201 4002 1466 4070 tempore
1496 3998 1656 4056 sicut
1683 4012 1720 4057 a
1742 3998 1900 4057 loco.
1930 3998 2283 4058 considerat
2311 3997 2473 4057 enim
2499 3999 2634 4058 uni-

151 4098 165 4137 i
191 4069 434 4129 versele
507 4069 627 4127 uod
655 4075 747 4129 est
774 4070 1137 4131 abstractum
1163 4068 1238 4127 ab
1263 4068 1361 4127 hic
1389 4072 1449 4126 et
1473 4082 1656 4128 nunc.
1688 4072 1821 4128 Non
1842 4069 2029 4143 igitur
2070 4068 2338 4141 operatio
2361 4068 2632 4130 intellec—

157 4149 164 4173 ε
191 4139 386 4199 tualis
416 4152 448 4196 s
536 4138 694 4197 ditur
722 4138 1067 4199 coelestibus
1096 4139 1384 4199 motibus.

151 4208 159 4235 ·’
268 4209 495 4272 Adhuc.
524 4208 674 4290 nihil
704 4210 830 4283 agit
853 4211 1020 4269 ultra,
1053 4222 1225 4271 suam
1273 4210 1533 4283 speciem
1567 4227 1584 4268 t
1614 4211 1814 4284 ipsum
1843 4214 2042 4269 autem
2068 4207 2405 4284 intelligere
2430 4216 2631 4272 trans·

129 4301 134 4307 ’
197 4280 402 4341 cendit
450 4292 712 4352 speciem
759 4284 817 4341 et
860 4280 1120 4341 formam
1160 4279 1592 4355 cujuscumque
1641 4281 1910 4354 corporis
1958 4280 2384 4354 agentis,.quia
2426 4282 2630 4342 omnis

193 4351 392 4413 forma
439 4363 728 4423 corporea
774 4354 870 4409 est
908 4350 1238 4411 materialis
1265 4356 1323 4408 et
1366 4351 1813 4410 individuata.1
1857 4365 1993 4411 sum
2039 4355 2239 4410 autem
2292 4353 2484 4411 intelli
2530 4365 2630 4408 ere

195 4420 377 4485 hahet
421 4421 751 4497 speciema
777 4433 893 4483 suo
938 4418 1172 4494 objecto
1210 4420 1372 4496 quod
1410 4428 1504 4483 est
1548 4423 1790 4483 univers
1854 4437 1889 4483 e
1915 4427 1974 4482 et
2017 4420 2428 4483 immateriale.
2511 4420 2628 4479 nde

2381 4535 2440 4584 24
