3076 5025
1112 333 1245 391 ΠΒ.
1286 334 1331 402 1,
1370 332 1521 391 cAP.
1559 335 1664 391 XX.
2528 338 2599 398 2³

196 468 306 514 uon
333 454 581 523 moveri,
610 454 875 527 acquirat
903 454 975 513 ab
1005 453 1124 514 alio
1152 455 1598 526 perpetuitatem
1628 459 1828 515 motus
1859 473 1874 525 ;
1905 456 2060 516 sicut
2101 457 2435 529 ponebatur
2457 474 2595 521 esse

198 525 559 598 impossibile
587 525 661 582 de
693 526 1071 597 perpetuitate
1100 526 1363 583 essendi.
1395 529 1541 583 Nam
1569 534 1767 584 motus
1813 533 1904 584 est
1953 528 2195 601 quidam
2242 530 2515 590 defluxus
2561 545 2600 592 a

196 603 456 656 movente
479 596 539 653 in
566 595 782 653 mobile
808 613 825 664 ς
853 601 911 653 et
936 595 1070 654 ideo
1102 601 1297 667 potest
1324 596 1567 668 aliquod
1596 597 1813 655 mobile
1842 598 2149 670 acquirere
2178 600 2252 658 ab
2301 602 2425 660 alio
2472 606 2601 672 per·

196 668 523 739 petuitatem
555 672 773 733 motuS,
805 680 978 738 quam
1011 680 1133 724 non
1165 667 1341 724 babet
1368 667 1440 724 de
1468 681 1556 724 se.
1591 668 1733 725 Esse
1761 674 1959 725 autem
2007 676 2098 726 est
2141 670 2362 743 aliquid
2413 669 2597 733 fixum

198 744 250 797 et
268 739 529 811 quietum
557 738 617 793 in
655 743 787 793 ente
816 755 829 805 ;
861 743 919 794 et
945 738 1101 805 ideo,
1134 737 1293 809 quod
1321 737 1394 795 de
1427 750 1493 795 se
1524 743 1616 796 est
1645 738 1704 795 in
1735 738 1999 808 potentia
2026 741 2101 797 ad
2133 753 2253 798 non
2283 756 2439 811 esse,
2473 755 2597 803 non

196 816 393 938 ffttffl’
427 814 492 866 ut
515 808 648 935 ipge
677 806 840 877 dicit,
869 808 1202 867 secundum
1230 808 1388 867 viam
1417 813 1665 872 naturae,
1689 809 1997 882 acquirere
2021 810 2098 869 ab
2125 811 2250 869 alio
2296 813 2595 885 perpetui-

275 893 356 936 em
385 892 561 937 essen
612 894 653 935 i.

260 950 463 1018 Quinta
492 949 756 1021 obJ’ectio
782 953 874 1007 est
903 967 919 1005 ε
949 948 1120 1018 Quod
1148 963 1253 1020 per
1278 948 1626 1020 praedictum
1663 962 2012 1019 processum
2042 964 2166 1009 non
2201 952 2435 1012 videtur
2468 968 2597 1014 ma·

195 1020 280 1093 jor
299 1021 461 1087 ratio,
493 1034 680 1092 quare
709 1032 829 1077 non
858 1018 939 1077 sit
965 1020 1226 1091 potentia
1255 1019 1486 1078 infinita
1518 1020 1580 1076 in
1610 1020 2040 1091 magnitudine,
2062 1037 2238 1094 quam
2275 1029 2440 1083 extra
2467 1039 2595 1084 ma·

201 1090 581 1164 gnitudinem;
606 1103 745 1147 nam
775 1089 1087 1164 utrobique
1111 1104 1176 1148 se
1222 1090 1399 1157 uitur,
1428 1090 1590 1163 quod
1619 1096 1855 1148 moveat
1882 1092 2087 1149 nonin
2116 1099 2399 1165 tempore.

265 1163 323 1218 Et
361 1161 428 1218 ad
464 1161 583 1219 hoc
622 1161 940 1219 dicendum
982 1179 996 1218 ε
1038 1162 1167 1230 Quo
1254 1160 1489 1218 finitum
1545 1167 1604 1218 et
1650 1159 1970 1242 infinitum,
2003 1161 2066 1218 in
2090 1165 2500 1235 magnitudine
2533 1171 2595 1226 et

203 1237 435 1302 tempore
463 1238 523 1290 et
546 1238 719 1290 motu
748 1231 1135 1289 inveniuntur
1163 1232 1493 1290 secundum
1522 1245 1702 1289 unam
1750 1236 2040 1290 rationem
2058 1275 2075 1301 ,
2106 1234 2263 1291 sicut
2315 1237 2599 1306 probatur

204 1302 257 1359 in
279 1303 434 1360 tertio
462 1308 521 1360 et
550 1302 617 1359 in
706 1302 875 1360 uinto
901 1303 1274 1371 Physicorum.
1308 1305 1375 1359 Et
1399 1302 1534 1360 ideo
1565 1301 1865 1360 inlinitum
1896 1304 1960 1359 in
1987 1315 2109 1361 uno
2138 1318 2366 1387 eorum,
2403 1310 2597 1366 aufert
2631 1311 2650 1381 ,ζ

203 1373 621 1445 proportionem
719 1373 902 1430 uitam
939 1372 1000 1429 in
1030 1373 1190 1432 aliis.
1221 1374 1287 1429 In
1339 1372 1434 1430 liis
1472 1377 1711 1442 autem,
1747 1386 1880 1445 quae
1935 1379 2136 1431 carent
2166 1377 2597 1450 magnitudine,

207 1456 310 1500 non
351 1451 437 1501 est
458 1443 701 1502 finitum
749 1449 809 1501 et
835 1442 1157 1511 infinitum,
1186 1443 1305 1500 nisi
1353 1442 1675 1515 aequivoce.
1708 1442 1873 1503 Unde
1899 1443 2219 1516 praedictus
2247 1447 2465 1507 modus
2492 1448 2597 1508 de·

207 1514 542 1573 monstrandi
574 1515 645 1572 in
677 1513 899 1572 talibus
925 1513 1208 1584 potentiis
1236 1513 1436 1572 locum
1461 1527 1584 1572 non
1608 1513 1803 1572 babet.

267 1585 427 1642 Aliter
465 1591 674 1643 autem
732 1584 1125 1655 respondetur
1165 1583 1382 1643 melius
1425 1584 1585 1657 quod
1636 1584 1852 1642 coelum
1894 1583 2073 1643 habet
2115 1587 2269 1647 duos
2309 1594 2596 1663 motores,

214 1667 370 1712 unum
395 1656 758 1725 proximum,
789 1655 888 1727 qui
921 1661 1014 1713 est
1041 1654 1222 1713 finitae
1246 1654 1500 1718 virtutis,
1531 1661 1588 1712 et
1609 1655 1681 1712 ab
1699 1655 1813 1712 boc
1843 1655 2021 1713 habet
2048 1657 2207 1729 quod
2238 1664 2437 1720 motus
2466 1661 2597 1734 eJ’us

219 1724 289 1782 sit
313 1725 470 1784 finitae
496 1726 867 1792 velocitatis,
894 1732 954 1782 et
980 1726 1163 1783 alium
1218 1732 1531 1795 remotum,
1563 1726 1664 1798 qui
1711 1732 1806 1784 est
1830 1724 2080 1784 infinitae
2123 1729 2379 1801 virtum,
2413 1745 2449 1791 a
2473 1747 2596 1805 quo

222 1794 376 1853 babet
395 1797 527 1868 quod
562 1803 778 1855 motus
807 1795 936 1868 ejus
962 1797 1157 1867 possit
1199 1810 1333 1855 esse
1364 1795 1612 1853 infiiiitae
1655 1795 2008 1854 durationis.
2045 1800 2109 1854 Et
2133 1798 2222 1857 sic
2252 1806 2409 1871 patet
2436 1802 2600 1875 quod

226 1868 441 1945 potentia
462 1868 727 1936 infinita,
758 1880 889 1938 quae
914 1879 1033 1924 non
1056 1867 1230 1925 estin
1260 1866 1692 1948 magnitudine,
1715 1872 1915 1937 potest
1940 1881 2177 1927 movere
2202 1884 2441 1943 corpus,
2472 1885 2599 1931 non

224 1937 509 1996 immediate
563 1940 638 1996 in
676 1944 987 2009 tempore;
1027 1938 1133 1996 sed
1162 1944 1427 2009 potentia
1480 1951 1613 2010 quae
1667 1938 1848 1995 estin
1905 1940 2334 2011 magnitudine,
2367 1948 2600 2015 oportet

221 2008 350 2078 quod
378 2015 613 2068 moveat
648 2008 1011 2077 immediate,
1045 2022 1225 2082 quum
1248 2008 1477 2067 nullum
1507 2020 1727 2078 corpus
1755 2013 1990 2067 moveat
2016 2009 2135 2070 nisi
2164 2019 2413 2083 motum,
2441 2014 2599 2074 unde

216 2077 261 2135 si
282 2087 536 2147 moveret,
572 2085 929 2152 sequeretur
1002 2079 1119 2137 uod
1152 2085 1417 2136 moveret
1444 2092 1563 2135 non
1588 2080 1652 2135 in
1680 2084 1964 2148 tempore.

268 2149 444 2230 Potest
470 2151 677 2208 adhuc
708 2150 926 2207 melius
951 2094 1067 2207 gici
1119 2150 1278 2222 quod
1313 2149 1597 2220 potentia,
1625 2163 1756 2220 quae
1787 2162 1905 2206 non
1938 2154 2032 2209 est
2071 2150 2134 2208 in
2160 2153 2593 2226 magnitudine,

209 2224 288 2275 est
320 2221 680 2290 intellectus,
710 2226 770 2277 et
799 2226 990 2277 movet
1037 2234 1142 2291 per
1164 2220 1550 2278 voluntatem.
1587 2219 1746 2276 Unde
1777 2227 1974 2278 movet
2000 2223 2327 2281 secundum
2360 2228 2599 2298 exigen-

209 2287 328 2346 tiam
380 2292 647 2359 mobilis,
693 2297 753 2348 et
797 2303 919 2348 non
973 2291 1302 2372 secuudum
1349 2290 1792 2363 proportionem
1840 2303 1966 2372 sum
1993 2292 2254 2372 ,virtutis
2288 2313 2302 2351 ε
2335 2297 2601 2366 potentia

207 2366 376 2417 autem
404 2376 536 2435 quae
567 2361 755 2420 estin
791 2361 1219 2433 magnitudine,
1251 2373 1370 2418 non
1400 2367 1597 2431 potest
1626 2374 1859 2419 movere
1890 2374 2006 2419 nisi
2034 2376 2139 2433 per
2179 2366 2599 2426 necessitatem

206 2435 424 2499 naturai,
449 2434 604 2505 quia
656 2431 966 2503 probatum
998 2431 1275 2505 estquod
1306 2432 1645 2489 intellectus
1693 2445 1811 2488 non
1862 2437 1953 2489 est
1978 2433 2167 2491 virtus
2213 2434 2274 2490 in
2306 2449 2595 2507 corpore;

205 2500 357 2560 etsie
381 2509 584 2561 movet
609 2502 682 2561 de
723 2502 1078 2562 necessitate
1108 2503 1436 2562 secundum
1468 2503 1909 2574 proportionem
1937 2516 2062 2561 suoe
2087 2504 2457 2577 quantitatis,
2486 2520 2598 2565 un-

205 2570 265 2629 de
290 2576 580 2647 sequitur,
613 2575 665 2633 si
706 2580 922 2643 movet,
953 2574 1111 2646 quod
1141 2580 1373 2632 moveat
1400 2575 1463 2631 in
1513 2574 1783 2632 instanti.
1815 2575 2150 2632 Secundum
2173 2577 2286 2634 hoc
2311 2591 2475 2651 erg0‚
2505 2590 2598 2637 re·

204 2645 361 2702 motis
390 2644 699 2715 praedictis
737 2644 1195 2716 objectionibus,
1225 2644 1492 2716 procedit
1518 2644 1948 2702 demonstratio
1975 2646 2330 2704 Aristotelis.

264 2715 538 2787 Amplius,
568 2716 775 2773 nullus
826 2721 1025 2773 motus
1067 2716 1168 2787 qui
1200 2722 1292 2772 est
1317 2730 1353 2771 a
1380 2721 1652 2771 movente
1681 2726 1967 2793 corporeo
1994 2721 2188 2784 potest
2227 2730 2360 2775 esse
2406 2720 2598 2777 conti-

208 2795 346 2844 nuus
390 2794 445 2845 et
515 2786 829 2859 regularis,
854 2800 928 2844 eo
982 2784 1143 2858 quod
1196 2797 1445 2842 movens
1498 2783 1806 2854 corporale
1841 2796 1911 2863 ‘in
1962 2791 2126 2841 motu
2156 2785 2331 2842 locali
2378 2793 2596 2858 movet,

202 2857 536 2915 attrahendo
562 2858 648 2914 vel
696 2855 1067 2927 expellendo.
1098 2854 1161 2913 ld
1192 2862 1392 2913 autem
1449 2855 1611 2925 quod
1639 2854 1955 2934 attrabitur
1982 2855 2073 2910 vel
2113 2857 2428 2926 expellitur
2472 2872 2596 2916 non
2641 2931 2650 2934 =

202 2923 256 2982 iii
277 2928 472 2987 eadem
502 2927 901 2999 dispositione
931 2939 998 2984 se
1042 2926 1219 2984 babet
1247 2925 1322 2983 ad
1353 2931 1710 2993 moventem,
1737 2938 1773 2981 a
1819 2924 2114 2996 principio
2144 2934 2346 2986 motus
2404 2941 2594 3002 usque

201 2994 265 3054 ad
286 2996 457 3056 finem
495 3016 513 3055 z
542 3012 723 3070 quum
751 2997 1107 3070 quandoque
1130 2997 1210 3054 sit
1238 2996 1654 3067 propinquius,
1686 2995 2044 3068 quandoque
2075 2999 2383 3058 remotius.
2417 3001 2483 3056 Et
2505 2999 2596 3058 sic

200 3067 402 3127 nullum
453 3081 682 3140 corpus
713 3074 906 3150 potest
954 3082 1190 3126 movere
1220 3074 1385 3124 motu
1435 3065 1722 3124 continuo
1752 3072 1810 3123 et
1851 3068 2127 3139 regulari.
2160 3071 2349 3128 Motus
2394 3077 2594 3129 autem

199 3137 404 3207 primus
439 3144 544 3198 est
569 3144 894 3197 continuus
922 3145 979 3196 et
999 3138 1311 3211 regulariS,
1343 3143 1408 3195 ut
1432 3136 1714 3208 probatur
1742 3137 1803 3194 in
1827 3144 2034 3195 octavo
2052 3140 2405 3208 Physicorum
2428 3142 2592 3216 (text.

201 3219 393 3268 comui.
414 3209 640 3280 73-77).
672 3210 859 3280 Igitur
873 3222 1121 3267 movens
1150 3208 1406 3280 primum
1437 3216 1662 3266 motum
1696 3220 1815 3265 nou
1846 3215 1937 3265 est
1963 3222 2200 3281 corpus.

265 3280 408 3350 Item,
443 3281 655 3338 nullus
710 3286 929 3346 motus,
971 3280 1069 3352 qui
1097 3286 1188 3337 est
1241 3280 1314 3336 ad
1343 3278 1520 3335 finem
1573 3277 1673 3350 qui
1705 3280 1825 3335 exit
1852 3279 2230 3359 depotentia
2257 3281 2331 3339 ad
2373 3286 2592 3352 actum,

200 3354 371 3417 potest
415 3363 559 3409 esse
615 3350 1149 3422 perpetuus3quia,
1178 3363 1360 3422 quum
1414 3355 1755 3419 perventum
1805 3350 1978 3406 luerit
2024 3351 2095 3407 ad
2144 3359 2361 3419 actum,
2392 3360 2593 3410 niotus

200 3420 453 3490 quiescit.
487 3421 543 3478 si
575 3435 720 3492 ergo
746 3428 945 3478 motus
974 3421 1202 3501 primus
1231 3425 1324 3477 est
1349 3425 1689 3498 perpetuus,
1718 3425 1951 3489 oportet
1979 3420 2138 3493 quod
2169 3422 2249 3479 sit
2292 3421 2364 3479 ad
2413 3422 2594 3480 finem

201 3489 286 3560 qui
320 3492 396 3550 sit
451 3505 693 3562 semper
715 3497 774 3548 et
827 3491 1105 3549 omnibus
1136 3490 1331 3547 modis
1359 3503 1422 3546 in
1469 3495 1625 3547 actu.
1656 3490 1791 3546 Tale
1820 3496 2017 3547 autem
2065 3505 2183 3549 non
2213 3498 2305 3548 est
2350 3492 2594 3566 aliquod

200 3571 417 3632 corpus,
444 3575 640 3634 neque
668 3561 867 3633 aliqua
900 3561 1087 3619 virtus
1113 3562 1174 3618 in
1206 3573 1474 3632 corpore,
1504 3574 1685 3640 quum
1717 3560 1922 3640 omnia
1951 3561 2292 3634 hujusmodi
2322 3563 2445 3620 sint
2474 3577 2595 3622 mo·

197 3626 323 3687 bilia
344 3647 451 3703 per
479 3645 548 3689 se
598 3632 690 3689 vel
719 3646 824 3703 per
875 3632 1172 3712 accidens.
1206 3632 1392 3703 Igitur
1430 3631 1571 3710 finis
1601 3644 1772 3711 primi
1826 3636 2027 3689 motus
2056 3645 2174 3712 non
2234 3639 2327 3691 est
2372 3646 2592 3705 corpus

199 3710 370 3773 neque
398 3703 594 3760 virtus
632 3703 693 3759 in
724 3715 990 3773 corpore.
1022 3703 1183 3759 Finis
1212 3709 1410 3759 autem
1440 3716 1613 3772 primi
1645 3708 1844 3759 motus
1899 3706 1987 3758 est
2016 3716 2269 3772 primum
2319 3717 2590 3776 movenS,

199 3773 338 3842 quod
369 3778 569 3831 movet
613 3773 771 3831 sicut
797 3772 1225 3840 desideratum
1259 3773 1372 3829 hoc
1419 3779 1616 3829 autem
1651 3777 1744 3828 est
1786 3774 1960 3828 Deus.
1992 3774 2148 3830 Deus
2191 3773 2373 3845 igitur
2401 3788 2592 3848 neque

201 3846 281 3898 est
302 3856 372 3901 co
448 3857 542 3906 us,
574 3856 768 3915 neque
813 3844 1002 3900 virtus
1031 3844 1089 3899 in
1122 3855 1390 3913 corpore.
1425 3842 1708 3910 Quamvis
1754 3849 1951 3900 autem
1983 3843 2196 3900 salsum
2248 3847 2345 3907 sit,
2377 3858 2591 3903 secun·

199 3908 321 3969 dum
355 3916 393 3971 li
441 3928 535 3971 em
561 3919 846 3983 nostram,
881 3912 1042 3986 quod
1065 3919 1263 3970 motus
1290 3912 1422 3971 coeli
1455 3914 1535 3971 sit
1563 3919 1901 3983 perpetuus,
1934 3918 1999 3969 ut
2025 3914 2180 3970 infra
2204 3916 2503 3989 patebit(l.
2525 3928 2589 3987 11,
2620 3917 2626 3924 ’

197 3992 245 4040 c.
269 3986 352 4053 36,
384 3985 503 4041 etl.
527 3996 615 4046 iv,
644 4001 696 4042 c.
729 3983 839 4056 37),
863 3991 1061 4041 tamen
1098 3997 1298 4040 verum
1331 3983 1606 4057 estquod
1638 3990 1833 4041 motus
1858 3982 1958 4039 ille
1990 3996 2108 4063 non
2148 3985 2365 4054 deficit,
2400 4001 2591 4059 neque

196 4061 418 4124 propter
475 4054 884 4124 impotentiam
932 4055 1205 4123 motoris,
1229 4067 1421 4125 neque
1472 4062 1710 4125 propter
1754 4059 2191 4132 corruptionem
2240 4057 2590 4117 substantiae

198 4124 444 4188 mobilis,
522 4138 660 4183 uum
695 4138 812 4182 non
849 4125 1119 4184 videatur
1146 4131 1345 4181 motus
1369 4125 1499 4181 coeli
1532 4139 1639 4195 per
1665 4125 2108 4182 diuturnitatem
2149 4133 2434 4198 temporis
2465 4129 2592 4185 len-

195 4195 426 4253 tescere.
510 4195 623 4252 nde
653 4196 1192 4253 demonstrationes
1226 4194 1513 4265 praedictae
1542 4209 1711 4252 suam
1739 4194 2064 4273 efficaciam
2094 4209 2213 4254 non
2245 4198 2516 4267 pei-dunt.

257 4264 397 4322 Huic
426 4272 625 4323 autem
656 4267 885 4322 veritati
930 4271 1349 4323 demonstratae
1389 4266 1713 4323 concordat
1751 4264 1953 4321 divina
1982 4269 2326 4324 auctoritas.
2364 4268 2592 4327 Dicitur

195 4332 342 4391 enim
370 4354 383 4391 :
413 4336 661 4407 Spiritus
701 4340 781 4391 est
808 4340 965 4399 Deus,
994 4342 1047 4392 et
1070 4351 1154 4392 eos
1175 4338 1272 4406 qui·
1297 4349 1415 4389 eum
1448 4335 1702 4396 aderant.
1729 4336 1790 4389 in
1825 4336 2030 4404 spiritu
2055 4341 2106 4392 et
2130 4342 2357 4392 veritate
2384 4340 2594 4407 oportet

195 4401 407 4462 adorare
456 4409 697 4476 loann„
723 4419 813 4477 lv,
838 4407 952 4479 24).
984 4407 1207 4463 Dicitur
1244 4405 1417 4462 ctiam
1444 4423 1457 4461 ε
1488 4408 1624 4475 Regi
1642 4405 1956 4460 saeciclorum
1971 4408 2281 4471 immortali,
2299 4407 2586 4469 invisibili,

195 4473 291 4531 coti
314 4477 418 4537 Deo
465 4478 491 4535 1
528 4478 703 4547 Tim„
728 4490 774 4547 1,
816 4478 927 4549 17).
959 4478 1029 4536 Et
1055 4494 1074 4532 ε
1101 4476 1408 4534 Invisibilia
1435 4478 1556 4540 Dei,
1573 4491 1676 4548 per
1711 4491 1778 4532 ea
1801 4490 1921 4547 quac
1951 4479 2107 4547 tacta
2143 4481 2289 4542 sunt,
2319 4476 2591 4532 intellecto
