3076 5025
1104 312 1240 370 LIB.
1277 311 1368 376 IV,
1410 312 1564 368 CAP.
1602 310 1737 369 xxl.
2532 315 2637 369 529
2754 349 2767 366 x

201 436 388 491 Deum
417 437 713 502 amanteS,
741 433 989 505 Spiritus
1009 437 1255 493 sanctus
1284 448 1322 491 a
1350 437 1470 492 Deo
1499 433 1676 491 nobis
1703 432 1833 492 dari
1862 431 2097 492 dicitur.
2128 431 2293 492 Unde
2308 434 2635 505 Apostolus

201 502 348 562 dicit
367 522 386 559 ε
423 503 680 561 Charitas
705 507 805 561 Dei
847 505 1056 575 diffusa
1089 510 1169 561 est
1209 508 1272 562 in
1298 505 1550 562 cordibus
1578 506 1782 561 nostris
1807 518 1914 575 per
1937 505 2211 576 Spiritum
2239 509 2507 574 sanctum,
2538 508 2638 576 qui

200 576 366 631 datus
402 579 484 631 est
507 574 682 631 nobis.
716 574 911 647 (Rom,
939 589 1003 646 v,
1033 575 1112 648 5.)

267 644 595 726 Sciendum
613 715 624 726 ⁸
643 650 843 703 tamen
884 650 977 703 est
1024 645 1184 774 (ἑοοά
1232 659 1305 704 ea
1329 659 1464 719 quae
1490 660 1525 703 a
1555 648 1678 704 Deo
1702 645 1766 703 in
1803 644 1980 727 nohis
2006 649 2152 705 sunt
2175 644 2545 728 reducuntur
2571 647 2637 704 in

198 718 390 774 Deum
420 721 582 773 sicut
608 729 671 773 m
697 730 943 775 causam
971 717 1034 774 ef
1073 716 1326 775 cientem
1354 721 1413 775 et
1426 715 1859 797 exemplarem:
1890 730 1955 774 in
1979 729 2226 774 causam
2254 716 2491 789 quldem
2514 716 2636 775 efii-

198 787 485 855 cientem,
532 786 598 844 in
642 793 931 859 quantum
958 787 1176 845 virtute
1221 787 1522 859 operativa
1552 786 1754 845 divina
1777 786 2004 859 aliquid
2034 787 2100 845 in
2122 786 2300 845 nobis
2333 786 2590 846 efficitur
2619 807 2637 859 ;

196 857 263 913 in
293 870 543 915 causam
565 869 709 915 vero
737 857 1152 930 exemplarem,
1185 858 1516 917 secundum
1545 857 1705 932 quod
1731 856 1792 915 id
1836 857 1999 929 quod
2028 857 2093 916 in
2128 856 2307 916 nobis
2334 872 2371 917 a
2395 860 2516 918 Deo
2546 865 2642 918 est

194 926 405 1000 aliquo
431 926 612 986 modo
641 929 827 986 Deum
853 929 1142 988 imitatur.
1172 930 1365 997 Quum
1391 942 1535 1003 ergo
1565 928 1773 987 eadem
1798 927 1988 986 virtus
2019 928 2099 985 sit
2121 927 2314 986 Patris
2340 932 2399 985 et
2423 929 2552 986 Filii
2580 935 2642 987 et

195 997 460 1069 Spiritus
490 998 704 1069 sancti,
737 999 891 1058 sicut
918 1004 977 1057 et
1003 999 1208 1057 eadem
1241 1000 1526 1068 essentia,
1549 1003 1784 1071 oportet
1806 998 1967 1072 quod
1995 1011 2174 1057 omne
2202 998 2264 1056 id
2291 998 2458 1073 quod
2474 1002 2638 1058 Deus

193 1067 262 1126 in
289 1067 471 1128 nohis
498 1066 677 1127 efficit
697 1069 796 1141 sit,
823 1070 978 1129 sicut
998 1084 1036 1129 a
1063 1084 1247 1128 causa
1266 1070 1556 1128 efficiente
1599 1070 1781 1129 simul
1809 1083 1846 1127 a
1872 1071 2043 1128 Patre
2072 1073 2129 1128 et
2158 1069 2304 1127 Filio
2329 1075 2389 1127 et
2416 1071 2637 1142 Spiritu

196 1144 416 1221 sancto
443 1157 458 1209 3
509 1138 756 1198 verbum
806 1145 1005 1200 tamen
1035 1140 1363 1213 sapientiae,
1396 1155 1515 1215 quo
1546 1112 1734 1222 Deum
1766 1140 2215 1221 cognoscimuS,
2247 1139 2422 1198 nobis
2453 1155 2489 1197 a
2515 1143 2637 1199 Deo

191 1222 564 1280 immissum,
590 1216 683 1269 est
698 1212 935 1284 proprie
952 1212 1500 1283 repraesentativum
1523 1211 1696 1282 F1111;
1721 1215 1781 1268 et
1799 1209 2080 1269 similiter
2094 1225 2283 1280 amor,
2310 1224 2432 1284 quo
2448 1212 2638 1271 Deum

195 1278 534 1354 diligimuS,
573 1286 668 1339 est
695 1296 801 1353 pro
845 1282 1000 1340 rium
1050 1296 1112 1340 re
1156 1282 1599 1340 raesentativum
1627 1283 1664 1340 S
1709 1281 1883 1339 iritus
1914 1282 2126 1339 sancti.
2158 1285 2225 1340 Et
2254 1282 2344 1340 sic
2373 1282 2637 1341 charitas

195 1364 336 1425 quae
361 1351 428 1407 iu
458 1350 637 1409 nobis
665 1358 779 1422 est,
827 1353 946 1411 ieet
973 1353 1048 1411 sit
1074 1368 1104 1410 e
1153 1357 1322 1412 ectus
1348 1353 1544 1411 Patris
1571 1356 1631 1410 et
1702 1351 1791 1409 ilii
1822 1357 1880 1410 et
1904 1351 2158 1433 Spiritus
2188 1351 2404 1424 sancti,
2433 1355 2638 1411 tamen

195 1421 463 1502 quadam
489 1422 736 1494 speciali
761 1424 994 1482 ratione
1024 1423 1241 1481 dicitur
1264 1436 1401 1482 esse
1431 1423 1496 1481 in
1523 1423 1702 1481 nobis
1731 1437 1837 1495 per
1873 1423 2155 1494 Spiritum
2181 1426 2476 1482 sanctum.

269 1493 429 1560 Quia
455 1505 596 1551 vero
642 1492 893 1552 effectus
939 1493 1124 1552 divini
1151 1508 1276 1552 non
1304 1495 1504 1552 solum
1553 1494 1757 1552 divina
1783 1492 2126 1565 operatione
2155 1508 2292 1553 esse
2316 1494 2637 1566 incipiunt,

198 1562 312 1621 sed
337 1563 518 1621 etiam
546 1576 654 1636 per
675 1579 808 1624 eam
835 1568 1114 1623 tenentur
1136 1564 1202 1623 in
1228 1578 1387 1634 esse,
1419 1570 1484 1622 ut
1503 1579 1576 1623 ex
1603 1563 2016 1635 superioribus
2044 1571 2225 1637 patet,
2257 1565 2408 1623 nihil
2437 1570 2639 1623 autem

199 1632 438 1763 2333st
457 1634 943 1765 {1232‘113'3351'12'1
953 1635 1344 1778 ,ἳὸἵέὲἓιῗὲῗῑ
1370 1636 1953 1764 giiisssieiiisuiss
1997 1635 2641 1779 55333302332513333

197 1745 453 1855 effectus
481 1775 607 1844 Dei,
635 1775 718 1834 ihi
746 1776 823 1834 sit
854 1780 913 1833 et
937 1776 1065 1848 ipse
1093 1779 1251 1834 Deus
1271 1749 1536 1835 e’ffector.
1566 1776 1753 1845 Unde,
1783 1746 1969 1849 qu'um
1997 1776 2279 1847 charitas,
2308 1792 2429 1850 qua
2453 1780 2641 1836 Deum

196 1844 530 1918 dihgrmus,
562 1846 641 1905 sit
661 1847 725 1906 in
752 1846 925 1905 nobis
953 1861 1058 1918 per
1076 1846 1356 1919 Spiritum
1384 1852 1681 1917 sanctum,
1712 1850 1948 1919 oportet
1968 1847 2131 1921 quod
2158 1848 2286 1919 ipse
2312 1848 2488 1906 etiam
2515 1849 2552 1904 S
2594 1849 2644 1905 i-

193 1915 352 1973 ritus
382 1920 631 1975 sanctus
653 1917 714 1975 in
745 1917 920 1976 nohis
950 1918 1045 1981 sit,
1076 1917 1360 1990 quamdiu
1389 1917 1648 1976 charitas
1683 1916 1745 1974 in
1781 1916 1958 1976 nobis
1986 1924 2098 1976 est.
2129 1918 2295 1976 Unde
2319 1921 2541 1990 Aposto
2568 1932 2642 1976 us

198 1986 389 2044 dicit:
432 1988 666 2046 Nescitis
717 1991 850 2058 quia
887 1989 1144 2058 templum
1187 1990 1288 2044 Dei
1331 1991 1480 2056 estis,
1536 1992 1588 2044 et
1629 1988 1873 2059 Spiritus
1917 1990 2019 2045 Dei
2066 1988 2280 2046 habitat
2325 1991 2387 2045 in
2440 1990 2592 2046 vobis
2616 1992 2646 2045 ?

195 2056 250 2129 (1
296 2056 445 2127 Gor„
472 2069 564 2126 111,
610 2057 721 2129 16.)
749 2060 942 2127 Quum
986 2059 1168 2133 igitur
1193 2071 1298 2130 per
1325 2058 1603 2130 Spiritum
1633 2062 1909 2118 sanctum
1937 2059 2041 2116 Dei
2082 2063 2381 2118 amatores
2423 2059 2644 2118 efficia-

191 2141 358 2196 mur,
390 2140 572 2185 omne
598 2132 796 2187 autem
825 2135 1087 2188 amatum
1115 2129 1178 2186 in
1200 2133 1436 2187 amante
1465 2133 1577 2200 est,
1604 2128 1669 2187 in
1693 2133 1983 2202 quantum
2002 2129 2370 2201 hujusmodi,
2393 2143 2644 2190 necesse

193 2202 298 2256 est
344 2198 508 2268 quod
550 2212 658 2279 per
704 2199 983 2270 Spiritum
1031 2206 1305 2258 sanctum
1352 2203 1525 2260 Pater
1561 2199 1739 2258 etiam
1769 2204 1828 2257 et
1850 2200 2032 2258 Filius
2058 2200 2122 2258 in
2151 2200 2329 2259 nobis
2356 2201 2641 2259 habitent.

197 2267 374 2326 Unde
403 2270 697 2328 Dominus
743 2270 917 2328 dicit:
947 2271 1044 2328 Aa
1065 2287 1184 2326 eum
1209 2272 1503 2335 veniemus,
1527 2270 1757 2329 scilicet
1783 2270 2126 2351 diligentem
2155 2273 2363 2336 Deum,
2411 2277 2470 2328 et
2496 2288 2650 2328 man-

194 2341 413 2396 sionem
456 2339 612 2409 apud
649 2355 768 2395 eum
810 2342 1073 2408 faciemus
1114 2341 1355 2412 (Joann.,
1385 2354 1514 2408 xlv,
1543 2345 1613 2398 23
1659 2358 1675 2409 ;
1704 2346 1765 2397 et
1805 2340 2015 2398 dicitur
2040 2354 2056 2395 ε
2081 2342 2149 2396 ln
2176 2341 2274 2397 hoc
2294 2343 2493 2398 scimus
2520 2358 2649 2412 quo·

193 2412 355 2465 niam
383 2413 567 2465 manet
592 2412 654 2466 in
678 2410 833 2466 nobis
857 2411 923 2466 de
948 2412 1155 2481 spiritu
1175 2425 1332 2480 quem
1358 2410 1510 2465 dedit
1526 2426 1599 2465 no
1635 2412 1703 2467 is.
1737 2409 1789 2481 (Ι
1808 2411 2029 2478 Ιοαππ.,
2058 2424 2150 2480 111,
2174 2410 2290 2483 24.)

270 2481 504 2550 Rursus,
535 2480 920 2540 manifestum
957 2484 1049 2539 est
1078 2479 1241 2555 quod
1287 2481 1447 2539 Deus
1475 2479 1733 2538 maxime
1761 2484 1922 2538 amat
1947 2479 2086 2539 illos
2115 2494 2269 2554 quos
2300 2481 2396 2540 sui
2424 2488 2647 2541 amato-

196 2563 307 2609 res
356 2564 466 2623 per
507 2551 786 2623 Spiritum
840 2555 1113 2610 sanctum
1171 2550 1517 2620 constituit3
1573 2564 1696 2608 non
1751 2550 1908 2608 enim
1966 2555 2194 2608 tantum
2249 2551 2475 2610 bonum
2528 2553 2647 2611 nisi

199 2620 468 2680 amando
514 2622 831 2681 conferret.
865 2622 1027 2679 Unde
1055 2621 1267 2679 dicitur
1293 2636 1365 2679 ex
1403 2633 1668 2693 persona
1692 2620 1965 2678 Domini:
1994 2624 2112 2692 1390
2139 2622 2425 2692 diligentes
2445 2638 2531 2679 me
2558 2625 2646 2679 di-

197 2693 314 2760 tiqo
343 2691 551 2763 (From,
580 2705 716 2762 vm,
741 2692 829 2765 17)
854 2710 867 2761 3
898 2709 1007 2749 non
1034 2694 1196 2774 quasi
1219 2707 1318 2749 nos
1337 2694 1500 2763 prius
1528 2690 1880 2748 dilexerimus
1907 2694 2098 2761 Deum,
2127 2693 2223 2749 sed
2249 2697 2507 2764 quoniam
2530 2697 2648 2765 ipse

192 2764 364 2834 prior
412 2761 612 2819 dilexit
660 2779 777 2833 nos,
825 2765 891 2820 ut
944 2763 1174 2820 dicitur.
1225 2761 1275 2834 (Ι
1314 2764 1535 2827 Ιοαηπ.,
1583 2775 1670 2833 Π,
1705 2762 1816 2843 10.)
1848 2764 2035 2821 Omne
2065 2767 2262 2821 autem
2292 2767 2557 2824 amatum
2583 2766 2646 2822 in

204 2836 453 2915 amante
504 2837 617 2915 est.
666 2836 922 2914 Necesse
969 2838 1062 2914 est
1101 2832 1284 2906 igitur
1326 2833 1488 2914 quod
1530 2846 1638 2905 per
1666 2832 1943 2960 Sgintum
1991 2838 2264 2892 sanctum
2292 2848 2411 2892 non
2443 2835 2644 2893 solum

204 2905 372 2961 Deus
401 2906 482 2961 sit
507 2917 569 2961 1n
600 2903 797 2972 nobis,
829 2903 933 2962 sed
973 2909 1149 2961 enam
1180 2916 1294 2961 nos
1337 2918 1402 2961 m
1431 2906 1576 2962 De0.
1607 2905 1694 2960 Un
1739 2918 1771 2960 e
1809 2902 2057 2961 dicitur:
2089 2905 2196 2972 Qui
2223 2909 2405 2962 manet
2426 2908 2489 2961 in
2523 2907 2647 2962 cha—

198 2975 391 3043 ritate,
431 2976 497 3031 in
524 2977 633 3032 Deo
677 2978 877 3038 manet,
925 2978 976 3029 et
1002 2977 1144 3031 Deus
1171 2975 1230 3029 in
1260 2988 1318 3029 eo
1348 2973 1400 3048 (Ι
1419 2975 1642 3038 Ιοαηη.,
1671 2987 1758 3044 rv,
1790 2973 1878 3048 16)
1903 2992 1918 3045 ;
1948 2980 2009 3032 et
2038 2974 2253 3034 iterum
2282 2991 2296 3029 :
2324 2978 2392 3032 In
2421 2977 2518 3032 hoc
2559 2991 2645 3032 co-

201 3046 534 3171 &immi-iobis
559 3047 829 3189 {fagina
863 3046 971 3174 izv
972 3060 1048 3172 eo1
1057 3059 1357 3189 ἒηῗηεηιω,
1387 3048 1439 3102 et
1460 3046 1578 3117 ipse
1599 3047 1662 3102 in
1695 3045 1870 3110 nobis,
1902 3046 2159 3116 quoniam
2202 3046 2272 3103 de
2303 3047 2519 3118 Spiritu
2548 3061 2645 3104 suo

311 3132 334 3169 ἲ
535 3156 549 3173 0
717 3132 752 3172 a
836 3155 873 3179 α,
970 3155 990 3178 2
1095 3157 1110 3175 ο

277 3186 382 3243 Est
408 3190 610 3244 autem
638 3185 755 3245 hoc
783 3186 1060 3244 amicitiae
1084 3185 1388 3257 proprium
1416 3185 1577 3259 quod
1605 3185 1800 3245 amico
1834 3185 2055 3259 aliquis
2083 3200 2197 3246 sua
2223 3194 2453 3247 secreta
2479 3202 2644 3246 reve-

195 3255 326 3324 let3
359 3270 547 3329 quum
576 3258 737 3315 enim
768 3257 1031 3315 amicitia
1059 3255 1386 3329 coniungat
1421 3255 1672 3315 affectus
1720 3262 1780 3314 et
1826 3257 2082 3316 duorum
2130 3257 2310 3317 saciat
2334 3259 2509 3333 quasi
2539 3272 2644 3317 cor

199 3338 422 3396 unum,
447 3340 572 3385 non
599 3327 834 3386 videtur
856 3332 1020 3386 extra
1045 3340 1151 3385 cor
1196 3341 1374 3384 suum
1405 3326 1628 3399 aliquis
1675 3326 1822 3385 illud
1873 3327 2199 3399 protulisse
2243 3330 2405 3403 quod
2450 3330 2645 3388 amico

201 3395 432 3455 revelat
453 3415 468 3464 ;
501 3397 661 3457 unde
689 3403 748 3455 et
774 3398 1067 3456 Dominus
1091 3396 1233 3455 dicit
1259 3396 1576 3470 discipulis
1602 3415 1617 3454 :
1648 3399 1770 3453 Jam
1796 3412 1906 3454 non
1939 3399 2120 3456 dicam
2144 3414 2240 3456 vos
2263 3415 2513 3458 smus...
2538 3402 2646 3458 Vos

204 3471 391 3523 autem
415 3467 541 3524 divi
561 3471 872 3535 amicos...;
903 3470 1037 3539 quia
1081 3469 1264 3525 omnia
1305 3482 1424 3539 quae
1468 3468 1664 3524 audivi
1690 3484 1727 3524 a
1764 3470 1933 3525 Patre
1973 3484 2107 3534 nico,
2154 3472 2287 3527 nota
2329 3472 2441 3538 feci
2471 3471 2644 3528 vobis.

204 3536 460 3609 (Imm,
489 3551 595 3610 xv,
628 3539 739 3612 15.)
759 3539 912 3608 Quia
937 3539 1123 3611 igitur
1148 3551 1255 3610 per
1275 3538 1560 3612 Spiritum
1589 3542 1862 3596 sanctum
1882 3538 2056 3598 amici
2078 3540 2183 3598 Dei
2199 3541 2644 3611 constituimur,

203 3609 637 3669 convenienter
655 3623 763 3682 per
790 3609 1075 3680 Spiritum
1111 3614 1387 3667 sanctum
1429 3607 1779 3667 hominibus
1829 3608 2111 3670 dicuntur
2153 3611 2401 3669 revelari
2446 3610 2648 3670 divina

201 3678 498 3750 mysteria
526 3697 542 3749 ;
573 3680 731 3738 unde
753 3680 1077 3751 Apostolus
1107 3677 1253 3737 dicit
1281 3698 1298 3736 ι
1336 3680 1618 3750 Scriptum
1661 3682 1760 3747 est,
1793 3680 1939 3750 quod
1983 3681 2167 3739 omaus
2208 3697 2322 3739 non
2357 3682 2519 3745 vidit,
2550 3698 2649 3743 nec

203 3751 364 3805 auris
388 3750 624 3821 audivit,
650 3766 746 3807 nec
772 3753 835 3806 in
860 3766 950 3807 cor
977 3750 1211 3806 hominis
1237 3750 1501 3820 ascendit,
1535 3765 1656 3821 quae
1666 3752 2007 3821 praeparavit
2023 3753 2166 3810 Deus
2182 3753 2257 3808 iis
2283 3754 2382 3823 qui
2403 3753 2646 3823 diliqunt

202 3819 367 3961 {laam
393 3839 435 3946 t.-
478 3821 636 3879 nobis
692 3825 874 3878 autem
922 3821 1183 3876 revelavit
1233 3823 1377 3877 Deus
1428 3836 1528 3892 per
1585 3820 1857 3891 Spiritum
1910 3836 2068 3879 suum
2119 3820 2183 3895 (I
2228 3822 2375 3895 Gor„
2429 3836 2476 3882 11
2498 3866 2515 3894 ,
2567 3828 2600 3882 9
2627 3866 2644 3894 ,

279 3932 370 4031 E’t,
405 3960 548 4034 quia
574 3976 648 4020 ex
670 3961 769 4020 his
799 3975 931 4035 quae
957 3961 1141 4022 homo
1185 3960 1351 4019 novit
1392 3959 1684 4019 formatur
1731 3960 1862 4042 ejus
1907 3961 2168 4035 loquela,
2216 3964 2642 4024 convenienter

203 4029 389 4088 etiam
415 4044 523 4104 per
550 4032 830 4104 Spiritum
873 4038 1148 4091 sanctum
1189 4031 1374 4090 homo
1414 4031 1474 4089 lo
1519 4030 1682 4090 uitur
1724 4031 1928 4090 divina
1970 4032 2275 4105 mysteria,
2306 4034 2641 4095 secundum

209 4099 365 4159 illud
395 4119 411 4160 τ
440 4102 685 4173 spii-itus
713 4107 891 4160 autem
923 4103 1166 4174 loquitur
1189 4103 1450 4172 mysteria
1469 4047 1678 4174 acor„
1706 4114 1835 4174 ΧΠ,
1850 4102 1945 4176 2);
1976 4106 2065 4160 et:
2093 4104 2217 4162 Non
2240 4105 2385 4160 enim
2402 4121 2497 4163 vos
2520 4111 2647 4164 estis

205 4173 308 4240 qui
328 4173 634 4244 loquimini,
665 4174 759 4230 sed
785 4175 1026 4256 Spiritus
1052 4175 1239 4231 Patris
1263 4174 1433 4229 vestri
1450 4174 1547 4243 qui
1576 4172 1816 4243 loquitur
1854 4175 1916 4229 in
1948 4173 2099 4229 vobis
2130 4173 2373 4246 (naum,
2405 4189 2467 4246 x,
2499 4180 2569 4236 20
2597 4178 2644 4250 );

205 4246 268 4299 et
294 4241 368 4301 de
395 4243 701 4316 prophetis
725 4244 943 4303 dicitur
970 4243 1152 4318 quod,
1180 4245 1398 4315 Spiritu
1423 4245 1610 4300 sancto
1653 4245 1919 4314 inspirati
1967 4244 2134 4300 locuti
2173 4249 2303 4302 sunt
2342 4251 2521 4304 sancti
2543 4248 2647 4303 Dei

206 4311 746 4387 hemines(HPet1-.‚
780 4329 825 4386 1,
852 4314 984 4387 2t);
1013 4314 1172 4373 unde
1209 4314 1389 4372 etiam
1435 4313 1498 4371 in
1544 4312 1820 4387 symbolo
1866 4285 2005 4373 fidei
2047 4313 2265 4374 dicitur
2309 4315 2384 4376 de
2423 4317 2641 4389 Spiritu

209 4392 422 4445 sancto
453 4401 467 4440 z
502 4387 608 4454 Qui
630 4386 838 4443 locutus
864 4390 944 4442 est
961 4402 1067 4457 per
1090 4385 1411 4467 prophetas.

279 4460 412 4516 Non
436 4456 637 4516 solum
668 4461 865 4515 autem
895 4461 987 4515 est
1013 4469 1319 4529 proprlum
1346 4445 1620 4513 amicitiae
1648 4453 1810 4528 quod
1838 4454 2033 4516 amico
2056 4454 2275 4530 aliquis
2299 4455 2517 4516 revelet
2533 4463 2646 4509 sua

2344 4569 2403 4614 at
