3076 5025
1047 312 1183 370 ΠΒ.
1222 311 1315 381 1V,
1352 312 1508 370 cAP.
1547 312 1816 369 Lxxxm.
2540 318 2645 373 625

222 439 446 495 naturae
473 434 723 493 excedit.
763 436 893 494 Non
935 431 1121 506 igitur
1159 438 1256 493 est
1299 434 1576 506 ponenda
1626 432 1971 505 hujusmodi
2005 433 2318 492 alternatio
2344 434 2558 494 mortis
2587 450 2648 495 et

223 506 373 573 vitae,
405 520 516 564 nec
543 519 648 576 per
675 517 1056 577 consequens
1084 505 1245 577 quod
1276 518 1444 562 resur
1489 504 1648 562 entia
1666 517 1919 575 corpora
1941 505 2291 562 moriantur.

295 577 571 647 Amplius,
609 589 1001 649 quaecumque
1030 574 1364 655 succedunt
1399 575 1450 633 si
1496 574 1516 631 i
1544 575 1604 632 in
1646 575 1856 632 eodem
1885 574 2176 647 subjectu,
2207 572 2428 655 babent
2454 575 2648 634 deter-

229 646 514 727 minatam
542 659 887 728 mensuram
913 657 1041 704 suae
1068 645 1403 726 duratioms
1428 644 1758 703 secundum
1787 651 2045 717 tempus.
2077 644 2289 725 Omma
2313 650 2506 702 autem
2533 647 2650 727 ‘bu-

218 715 2360 868 ttiffffzsstlitifimi‘f'zi.itltgc‘ifflto&032213523'21133122355‘5323
2375 729 2651 845 saliti&

219 855 618 928 corporalem.
644 858 968 915 Alternatio
996 861 1180 929 igitur
1224 861 1620 928 separationis
1655 870 1787 927 ejus
1813 862 1873 913 et
1900 868 2147 915 unionis
2171 855 2247 913 ad
2274 868 2495 927 corpus
2527 869 2650 915 non
2677 876 2699 922 r

226 927 502 998 subjacet
533 928 715 986 motui
742 927 902 986 coeli.
929 929 1060 985 Non
1089 926 1274 1001 igitur
1301 930 1395 984 est
1417 926 1555 985 talis
1582 925 1894 984 circulatio
1925 926 1987 982 in
2019 925 2409 983 alternatione
2440 926 2651 986 mortis
2678 926 2685 969 ἰ

225 1002 290 1055 et
313 997 473 1061 vitae,
503 998 694 1068 qualis
722 999 1009 1071 sequitur,
1040 997 1096 1056 si
1134 1002 1517 1069 resurgentes
1543 996 1758 1056 iterum
1803 997 2157 1056 moriantur.
2186 998 2521 1069 Resurgent
2548 997 2686 1075 igi-j

222 1072 324 1127 tur
351 1067 424 1125 de
463 1071 669 1127 caetero
698 1082 820 1126 non
849 1067 1143 1126 morituri.
2676 1084 2684 1119 ι

301 1138 454 1195 Hinc
481 1139 755 1210 estquod
783 1138 1019 1209 dicitur,
1047 1141 1188 1207 isa„
1216 1151 1366 1210 xxv,
1395 1143 1431 1197 8
1458 1156 1477 1198 t
1505 1140 1878 1210 Praecipitavit
1901 1139 2164 1196 Dmninus
2188 1140 2412 1195 mortem
2437 1139 2501 1194 in
2518 1152 2653 1196 sem·

215 1211 539 1280 pilei-num3
565 1212 624 1265 et
648 1214 849 1282 Apoc.,
877 1221 1001 1275 XXI,
1029 1211 1101 1266 24
1130 1224 1147 1263 :
1176 1210 1327 1267 Mors
1362 1210 1514 1266 ultra
1537 1226 1650 1266 mm
1676 1212 1802 1265 mi.
2158 1222 2161 1227 ·
2632 1277 2646 1290 ·
2704 1266 2705 1271 ,

295 1281 411 1337 Per
439 1279 554 1336 hoc
583 1284 775 1337 autem
803 1279 1133 1338 excluditur
1158 1293 1327 1338 error
1353 1280 1747 1352 quorumdam
1776 1279 2158 1352 antiquorum
2183 1278 2515 1351 gentilium,
2546 1293 2650 1350 qur

228 1348 553 1407 credebant
600 1349 802 1408 eadem
847 1356 1204 1422 temporum,
1245 1350 1782 1422 temporaliumque
1832 1363 2031 1409 rerum
2075 1349 2384 1408 volumina
2426 1349 2652 1420 repeti;

224 1419 392 1477 verbi
422 1419 631 1492 gratia,
660 1421 814 1477 sicut
837 1421 903 1478 in
927 1422 1045 1479 isto
1074 1420 1298 1478 saeculo
1328 1422 1495 1479 Plato
1535 1420 1937 1492 philosophus
1986 1421 2051 1478 in
2093 1420 2237 1479 urbe
2278 1420 2649 1489 Atheniensi,

226 1495 282 1547 et
313 1490 380 1546 in
404 1490 612 1547 eadem
643 1490 868 1559 schola,
897 1504 1028 1564 quae
1053 1490 1376 1550 Academia
1401 1491 1559 1549 dicta
1603 1496 1717 1560 est,
1748 1490 2076 1563 discipulos
2123 1490 2327 1547 docuit
2353 1508 2369 1560 ;
2418 1490 2500 1547 ita
2547 1503 2653 1561 per

224 1560 689 1640 innumerabilia
715 1566 872 1619 retro
902 1561 1126 1619 saecula
1150 1562 1357 1619 multis
1401 1561 1643 1634 quidem
1663 1561 1913 1633 prolixis
1937 1561 2288 1629 intervalliS,
2318 1560 2425 1619 sed
2452 1564 2651 1617 tamen

225 1635 430 1700 certis,
458 1634 517 1688 et
544 1631 702 1688 idem
731 1631 914 1700 Plato,
945 1635 1005 1689 et
1030 1631 1235 1689 eadem
1266 1631 1498 1701 civitas,
1528 1637 1591 1689 et
1618 1631 1825 1690 eadem
1851 1632 2084 1701 schola,
2121 1631 2422 1703 iidemque
2472 1629 2652 1689 disei-

221 1700 350 1772 puli
380 1701 635 1771 repetiti,
665 1705 725 1759 et
749 1715 854 1771 per
877 1701 1338 1761 innumerabilia
1365 1702 1607 1760 demum
1635 1702 1857 1761 saecula
1882 1701 2186 1774 repetendi
2230 1706 2392 1769 sunt,
2423 1705 2490 1759 ut
2531 1705 2647 1758 Au-

222 1770 507 1843 gustinus
532 1770 853 1829 introducit
879 1772 938 1830 in
969 1772 1198 1830 decimo
1221 1775 1299 1829 De
1316 1775 1422 1828 civ.
1461 1774 1580 1830 Dei.
1608 1773 1695 1830 Ad
1803 1772 1903 1844 od,
1932 1777 1999 1830 ut
2041 1772 2169 1842 ipse
2215 1772 2437 1830 ibidem
2485 1771 2654 1839 dicit,

267 1840 466 1899 uidam
498 1841 718 1900 referre
743 1842 950 1900 volunt
991 1842 1141 1900 illud
1179 1842 1337 1914 quod
1366 1843 1602 1911 dicitur,
1631 1845 1742 1901 Ecc
1767 1857 1843 1911 e.‚
1871 1857 1916 1912 1,
1936 1847 1970 1900 9
2003 1842 2186 1910 :Quid
2217 1847 2297 1899 est
2330 1841 2476 1912 quod
2492 1843 2655 1909 ficit?

222 1856 408 1982 {sum
433 1912 578 1982 quod
602 1915 854 1979 futurum
880 1917 977 1968 est.
1014 1912 1162 1980 Quid
1198 1918 1279 1969 est
1313 1914 1458 1983 quod
1476 1915 1689 1982 sactum
1714 1918 1794 1971 est
1812 1915 2039 1983 Plpsum
2063 1912 2209 1984 quod
2224 1913 2538 1980 faciendum
2552 1916 2651 1969 est.

220 1983 380 2041 Nihil
413 1983 516 2038 sub
553 1984 660 2039 sole
683 1998 919 2049 novum3
956 1998 1054 2039 nec
1086 1985 1230 2039 valet
1258 1986 1548 2054 quisquam
1583 1984 1759 2041 dicere
1786 2000 1803 2043 ε
1845 1986 1982 2041 Ecce
2018 1984 2115 2039 hoc
2165 1999 2349 2039 recens
2393 1988 2491 2050 est,
2528 1983 2651 2053 ‚iam

221 2055 368 2109 enim
396 2056 674 2123 praecessit
706 2056 770 2108 in
795 2054 1004 2109 saeculis
1038 2069 1157 2124 quae
1181 2056 1410 2122 ruerunt
1435 2059 1564 2110 ante
1588 2070 1705 2112 nos.
1737 2054 1909 2123 Quod
1935 2054 2178 2126 quidem
2206 2066 2331 2110 non
2359 2053 2449 2111 sic
2476 2052 2650 2110 intel-

224 2122 535 2195 ligendum
569 2129 660 2180 est
686 2124 847 2195 quod
874 2123 1080 2182 eadem
1102 2138 1352 2182 numero
1377 2139 1483 2206 per
1501 2126 1923 2196 generationes
1944 2124 2141 2182 varias
2161 2127 2520 2194 repetantur,
2543 2121 2651 2182 sed

222 2193 446 2251 similia
499 2194 716 2262 specie,
772 2199 839 2250 ut
891 2194 1264 2266 Augustinus
1312 2194 1534 2252 ibidem
1592 2195 1770 2253 solvit
1813 2212 1828 2252 :
1887 2198 1946 2252 et
1995 2195 2346 2253 Aristoteles
2405 2194 2471 2252 in
2530 2195 2653 2253 fine

227 2265 304 2319 De
336 2268 680 2332 generatione
706 2263 823 2324 hoc
850 2262 1050 2336 ipsum
1077 2264 1281 2325 docuit
1306 2271 1518 2324 contra
1542 2264 1884 2337 praedictam
1909 2270 2132 2324 sectam
2162 2264 2439 2338 loquens.

1129 2479 1385 2549 CAPUT
1421 2481 1743 2550 LXXXIII.

366 2663 521 2719 QUOD
555 2663 621 2711 IN
654 2660 1134 2711 RESURRECTIONE
1171 2663 1294 2710 NON
1334 2662 1475 2709 mm·
1505 2663 1653 2710 USUS
1689 2662 1948 2711 umor-tm
1980 2663 2059 2712 m*
2089 2661 2506 2712 mancam.

293 2831 379 2887 Ex
406 2827 735 2901 praemissis
763 2832 961 2887 autem
992 2826 1329 2886 ostenditur
1370 2826 1530 2900 quod
1569 2828 1727 2900 apud
1765 2826 2045 2887 homines
2092 2833 2478 2902 resurgentes
2524 2841 2649 2887 non

221 2900 338 2959 erit
362 2912 752 2956 venereorum
779 2902 840 2956 et
866 2898 1134 2957 ciborum
1164 2911 1334 2957 usus.

291 2971 542 3028 Remota
568 2970 726 3026 enim
759 2968 878 3026 vita
899 2983 1005 3027 cor
1038 2968 1293 3040 uptibili‚
1319 2981 1569 3028 necesse
1589 2973 1683 3028 est
1700 2969 1991 3028 removeri
2015 2983 2090 3029 ea
2115 2983 2249 3042 quae
2274 2968 2650 3041 corruptibili

216 3041 357 3098 vitae
378 3040 742 3098 deserviunt.
786 2982 1184 3120 Maniffigtum·
1208 3044 1301 3097 est
1336 3046 1533 3097 autem
1582 3038 1744 3113 quod
1777 3040 2048 3098 ciborum
2084 3054 2236 3099 usus
2280 3040 2650 3111 corruptibili

216 3112 359 3169 vitae
392 3110 683 3177 deservit;
705 3108 779 3167 ad
804 3109 920 3167 hoc
947 3122 1108 3167 enim
1134 3109 1301 3168 clbos
1319 3110 1690 3168 assumimus
1706 3113 1773 3168 ut
1790 3111 2094 3182 corruptio
2114 3123 2247 3184 quae
2271 3118 2477 3191 posset
2500 3111 2654 3168 acci-

218 3181 365 3241 dere
393 3195 465 3238 ex
493 3180 948 3251 consumptione
977 3179 1269 3237 naturalis
1297 3178 1549 3248 humidi,
1593 3180 1859 3239 evitetur.
1905 3184 2007 3239 Est
2048 3182 2225 3239 etiam
2265 3195 2328 3238 m
2371 3179 2650 3252 praesenti

217 3253 496 3310 ciborum
525 3264 674 3309 usus
703 3250 1083 3309 necessarius
1120 3250 1197 3307 ad
1242 3257 1652 3322 augmentum,
1680 3251 1841 3324 quod
1884 3256 2026 3323 post
2051 3252 2552 3310 resurrectionem
2583 3253 2648 3309 in

217 3322 574 3381 hominibus
605 3334 725 3379 non
756 3323 888 3389 erit,
918 3320 1060 3392 quia
1088 3320 1365 3379 homines
1388 3321 1450 3378 in
1480 3321 1680 3380 debita
1723 3321 2052 3394 quantitate
2104 3327 2438 3394 resurgent,
2470 3327 2534 3380 ut
2577 3335 2650 3381 ex

217 3393 403 3451 dictis
427 3391 578 3463 (cap.
611 3392 699 3463 8¹)
727 3397 905 3462 patet.
937 3391 1221 3448 Similiter
1259 3391 1602 3449 commixtio
1646 3393 1832 3450 maris
1878 3397 1938 3449 et
1983 3393 2228 3451 semime
2277 3393 2648 3463 corruptibili

213 3464 357 3522 vitae
385 3461 681 3530 deservit3
709 3462 1021 3519 ordinatur
1046 3461 1203 3519 enim
1231 3462 1305 3520 ad
1330 3462 1800 3534 generationem,
1828 3476 1938 3535 per
1963 3476 2144 3534 quam
2175 3462 2336 3536 quod
2365 3470 2648 3534 perpetuo

220 3533 569 3593 conservari
627 3545 750 3590 non
803 3536 997 3603 potest
1052 3532 1384 3590 secundum
1439 3532 1836 3602 individuum,
1883 3533 1945 3591 in
1992 3534 2192 3606 specie
2241 3538 2648 3591 conservatur.

221 3606 548 3663 ostensum
606 3608 698 3661 est
746 3606 941 3660 autem
973 3602 1126 3674 (cap.
1156 3603 1354 3675 praec.)
1381 3602 1541 3675 quod
1572 3604 2009 3676 resurgentium
2036 3604 2156 3662 vita
2182 3603 2650 3673 incorruptibilis

219 3675 354 3735 erit.
386 3677 518 3731 Non
565 3674 748 3754 igitur
775 3673 839 3730 in
882 3672 1335 3745 resurgentibus
1370 3673 1485 3731 erit
1519 3673 1790 3732 ciborum
1828 3688 2021 3746 neque
2057 3687 2443 3732 venereorum
2478 3685 2647 3732 usus.

290 3744 514 3810 Adhuc,
553 3750 672 3801 v1ta
703 3743 1144 3825 resurgentium
1171 3757 1292 3801 non
1322 3744 1528 3803 minus
1570 3743 1845 3802 ordinata
1869 3745 1979 3803 erit
2011 3758 2189 3817 quam
2230 3756 2494 3816 praesens
2529 3744 2652 3802 vita

219 3816 331 3875 sed
361 3815 591 3887 magis3
621 3815 764 3888 quia
791 3814 865 3872 ad
895 3815 1057 3872 illam
1086 3815 1270 3872 homo
1297 3813 1601 3883 perveniet
1627 3815 1762 3873 solo
1798 3817 1921 3873 Deo
1964 3820 2198 3888 agente,
2247 3814 2401 3872 hanc
2450 3818 2649 3874 autem

218 3886 616 3958 consequitur
644 3890 1002 3956 cooperante
1029 3888 1264 3943 natura.
1292 3884 1405 3942 Sed
1441 3885 1505 3942 in
1532 3883 1650 3944 hac
1674 3884 1792 3942 vita
1832 3886 2102 3944 ciborum
2148 3899 2300 3945 usus
2342 3883 2653 3944 ordinatur

217 3957 296 4016 ad
327 3956 588 4027 aliquem
621 3954 835 4026 finem;
866 3955 939 4013 ad
970 3955 1087 4014 hoc
1112 3955 1270 4014 enim
1299 3953 1470 4013 cibus
1498 3957 1830 4013 assumitur
1855 3962 1922 4015 ut
1947 3969 2053 4026 per
2091 3955 2485 4030 digestionem
2515 3968 2654 4014 con·

220 4033 486 4085 vertatur
509 4028 569 4083 in
595 4039 835 4098 corpus.
879 4026 940 4083 Si
967 4025 1152 4098 igitur
1176 4032 1320 4085 tunc
1357 4026 1471 4083 erit
1515 4026 1785 4084 ciborum
1828 4040 1998 4090 usus,
2039 4028 2336 4098 oportebit
2370 4026 2531 4099 quod
2577 4041 2614 4085 a

221 4097 340 4155 hoc
371 4098 451 4155 sit
479 4097 638 4170 quod
663 4101 1041 4154 convertatur
1067 4096 1131 4153 in
1159 4109 1399 4168 corpus.
1429 4097 1575 4154 Cum
1605 4110 1751 4168 ergo
1776 4111 1816 4155 a
1841 4109 2089 4168 corpore
2117 4097 2267 4154 nihil
2298 4098 2649 4164 resolvatur,

221 4181 298 4226 eo
325 4168 485 4240 quod
517 4181 737 4239 corpus
784 4167 896 4225 erit
921 4167 1400 4239 incorruptibile,
1444 4167 1742 4237 oportebit
1786 4167 2004 4237 dicere,
2054 4166 2214 4240 quod
2252 4173 2441 4225 totum
2491 4166 2649 4240 quod

221 4238 591 4297 convertitur
618 4251 690 4297 ex
716 4238 1025 4302 alimento,
1049 4240 1315 4297 transeat
1352 4237 1414 4294 in
1446 4242 1854 4310 augmentum.
1898 4240 2188 4310 Resurget
2227 4243 2426 4296 autem
2471 4238 2650 4295 homo

221 4310 290 4366 in
314 4308 516 4367 debita
543 4310 896 4381 quantitate,
923 4313 1200 4382 utsupra
1227 4308 1377 4381 (cap.
1410 4308 1498 4381 81)
1533 4308 1757 4367 dictum
1784 4311 1896 4365 est.
1929 4310 2080 4379 Ergo
2112 4310 2411 4378 perveniet
2438 4309 2521 4384 ad·
2542 4309 2648 4362 im-

221 4380 596 4438 moderatam
645 4382 1076 4453 quantitatem3
1127 4379 1519 4440 immoderata
1559 4384 1653 4438 est
1690 4378 1853 4438 enim
1897 4377 2198 4451 quantitas
2233 4393 2367 4453 quae
2394 4377 2649 4435 debitam

219 4450 619 4524 quantitatem
648 4451 895 4513 excedit.

391 4579 398 4584 -
2310 4563 2371 4612 ιο
