3076 5025
455 275 559 331 604
1177 330 1194 347 x
1333 269 1467 326 LIB.
1506 268 1597 338 lv,
1637 268 1789 324 CAP.
1829 268 2002 325 Lxlx.

453 400 720 454 mentum
752 391 963 451 confici
1005 393 1216 463 possit,
1249 404 1379 463 quae
1410 396 1550 448 sunt
1581 390 1653 447 de
1681 390 1910 449 ratione
1958 388 2132 461 panis
2183 387 2410 446 etvini.
2443 389 2662 445 Vinum
2690 392 2875 447 auten

453 477 578 524 non
611 463 821 521 dicitur
845 463 957 520 nisi
990 462 1185 543 liquor
1213 462 1314 535 qui
1347 475 1418 518 ex
1446 462 1580 518 uvis
1610 460 1974 532 exprimitur,
2007 472 2119 516 nec
2163 458 2336 538 panis
2378 458 2599 515 dicitur
2648 458 2869 531 proptia

453 534 574 594 nisi
624 534 726 608 qui
776 549 848 590 ex
895 547 1101 604 granis
1143 531 1321 589 tritici
1364 530 1713 600 conticitum
1758 531 1857 588 alii
1900 543 2040 587 vero
2068 528 2169 602 qui
2217 528 2498 586 dicuntur
2529 542 2747 599 paneS,
2768 540 2865 609 pm

453 605 684 663 defectu
715 604 892 675 panis
927 602 1164 672 triticei,
1196 602 1270 659 ad
1309 601 1439 674 ejus
1477 602 1956 673 supplementum
1984 600 2043 657 in
2086 612 2264 657 usum
2294 605 2605 667 venerunt,
2639 604 2697 656 et
2731 598 2875 657 snai-

454 675 591 733 liter
621 675 724 732 alii
755 674 1020 747 liquores
1048 673 1109 729 in
1150 686 1328 731 usum
1376 671 1514 728 vini.
1550 672 1712 729 Unde
1743 685 1853 728 nec
1883 685 1952 727 ex
1983 670 2099 747 alio
2149 683 2302 741 pane
2332 682 2443 726 nec
2486 684 2558 726 ex
2597 669 2721 727 alio
2750 670 2873 728 vino

453 746 570 805 hoc
603 747 1041 803 sacramentum
1072 742 1284 801 confici
1314 746 1540 815 posset,
1574 757 1764 815 neque
1793 742 1971 798 etiam
1994 742 2045 798 si
2068 740 2205 812 pani
2237 744 2296 797 et
2316 739 2458 797 vino
2486 744 2656 797 tanta
2679 739 2879 798 aliena

451 815 711 874 materiae
743 814 1027 871 admixtio
1058 812 1226 871 fieret
1253 813 1412 885 quod
1443 813 1676 883 species
1707 811 2058 870 solveretur.
2087 810 2145 867 Si
2188 825 2307 883 qua
2350 824 2492 867 vero
2533 810 2874 881 huJusrnodi

451 887 590 959 pani
623 892 681 943 et
717 886 854 942 vino
884 884 1159 942 accidunt
1187 897 1318 955 quae
1353 897 1473 940 non
1506 889 1648 940 sunt
1677 883 1747 939 de
1781 882 2008 939 ratione
2038 881 2209 952 panis
2234 880 2463 949 etvini,
2492 881 2878 938 manifestum

455 961 547 1015 est
600 955 760 1029 quod
805 954 903 1012 his
955 953 1371 1026 praetermissis
1467 958 1623 1011 otest
1676 966 1876 1010 verum
1923 950 2140 1009 confici
2187 956 2651 1009 sacramentum.
2704 951 2881 1020 Unde,

452 1040 638 1100 quum
696 1039 828 1083 esse
885 1025 1298 1083 fermentatum
1351 1038 1421 1080 ve
1496 1024 1750 1081 azimum
1807 1036 1929 1081 non
1963 1022 2040 1079 sit
2093 1021 2176 1102 de,
2219 1022 2452 1079 ratione
2504 1021 2705 1093 panis,
2754 1022 2879 1091 sed,

455 1095 735 1155 utrolibet
761 1095 1070 1164 existente,
1100 1095 1333 1166 species
1366 1095 1543 1166 panis
1574 1094 1854 1162 salvetur,
1899 1108 1971 1149 ex
2000 1090 2279 1150 utrolibet
2362 1105 2475 1149 ane
2522 1096 2723 1164 potest
2748 1106 2882 1149 con-

453 1166 553 1225 fici
609 1171 1087 1235 sacramentum3
1129 1171 1187 1222 et
1233 1171 1471 1237 propter
1515 1164 1633 1222 hoc
1676 1164 1923 1222 diversae
1973 1163 2249 1220 Ecclesiae
2342 1163 2601 1219 iversum
2661 1163 2723 1218 in
2770 1163 2882 1220 hoc

454 1250 631 1294 usum
661 1236 903 1305 habent,
938 1242 996 1293 et
1047 1241 1364 1307 utrumque
1412 1248 1742 1308 congruere
1773 1236 1971 1305 potest
2019 1231 2444 1304 significationi
2495 1234 2877 1290 sacramenti.

454 1310 624 1374 Nam,
654 1314 716 1365 ut
736 1307 1054 1379 Gregorius
1083 1306 1225 1363 dicit
1248 1306 1311 1363 in
1331 1308 1599 1375 Reqistro,
1627 1308 1892 1363 Romana
1911 1303 2179 1362 Ecclesia
2206 1302 2381 1360 offert
2408 1317 2654 1375 azymos
2679 1317 2883 1373 panes,

454 1382 766 1450 propterea
812 1377 970 1450 quod
1018 1377 1307 1434 Dominus
1353 1376 1483 1434 sine
1527 1376 1652 1433 ulla
1688 1374 2115 1433 commixtione
2160 1388 2399 1432 carnem
2442 1373 2885 1454 suscepi133ed

456 1454 683 1507 caeterae
739 1447 1015 1505 Ecclesiae
1073 1445 1333 1505 offerunt
1385 1447 1824 1512 fermentatum,
1886 1458 1993 1514 pro
2044 1458 2117 1502 eo
2174 1444 2333 1515 quod
2386 1444 2645 1501 Verbum
2694 1446 2884 1502 Patris

454 1518 731 1577 indutum
775 1524 866 1576 est
895 1532 1073 1576 carne
1101 1523 1159 1575 et
1187 1522 1279 1575 est
1315 1531 1492 1575 verus
1523 1519 1680 1574 Deus
1709 1522 1766 1574 et
1794 1530 1970 1573 verus
1994 1515 2198 1583 hom0‚
2234 1515 2392 1573 sicut
2435 1520 2493 1571 et
2522 1514 2884 1572 fermentum

457 1590 882 1647 commiscetur
913 1589 1133 1646 sarinae.

529 1660 812 1732 Congruit
835 1665 1032 1716 tamen
1061 1658 1255 1731 magis
1277 1657 1516 1729 puritati
1546 1658 1813 1728 corporis
1839 1655 2100 1730 mystici,
2127 1654 2186 1712 id
2216 1657 2308 1712 est
2336 1655 2641 1736 Ecclesiae,
2673 1657 2887 1728 quaein

452 1729 572 1788 hoc
595 1735 970 1788 sacramento
991 1728 1415 1801 configuratur,
1438 1742 1588 1786 usus
1618 1728 1805 1800 azymi
1826 1728 2017 1799 panis,
2041 1725 2373 1784 secundum
2401 1725 2551 1782 illud
2584 1727 2882 1796 Apostoli:

454 1802 669 1857 Pascha
697 1805 940 1856 nostrum
976 1801 1282 1856 immolatus
1322 1803 1401 1855 est
1442 1799 1707 1857 Christus.
1747 1801 1935 1869 Itaque
1969 1797 2310 1869 epulemur...
2342 1799 2402 1850 in
2430 1799 2644 1864 azymis
2670 1798 2889 1853 sinceri-

454 1872 588 1926 tatis
612 1877 663 1926 et
688 1874 954 1926 vem‘tatiS.
987 1870 1044 1940 (I
1057 1871 1199 1938 Cor„
1227 1883 1291 1938 v,
1320 1875 1375 1934 7,
1408 1869 1484 1941 8.)

530 1943 641 1997 Per
665 1941 778 1997 boc
808 1946 1004 1999 autem
1032 1940 1362 1997 excluditur
1384 1953 1552 1996 error
1574 1938 1966 2011 quorumdam
1997 1935 2435 2003 haereticorum,
2458 1937 2562 2007 qui
2599 1937 2883 1996 dicuntia

457 2024 663 2082 azymo
718 2016 1155 2067 sacramentum
1210 2009 1326 2066 hoc
1380 2008 1663 2066 celebrari
1713 2022 1835 2066 non
1891 2021 2108 2079 posse;
2199 2006 2317 2064 uod
2355 2007 2535 2086 etiam
2583 2007 2883 2065 evidenter

456 2081 757 2152 Evangelii
801 2080 1147 2137 auctoritate
1195 2078 1536 2136 destruitur.
1588 2079 1811 2136 Dicitur
1837 2078 1993 2135 enim
2029 2092 2149 2150 quo
2223 2079 2538 2146 Dominus,
2570 2078 2765 2150 prima
2788 2078 2883 2137 die

457 2163 820 2222 azymorum,
856 2150 1078 2219 pascha
1100 2163 1235 2206 cum
1265 2148 1579 2219 discipulis
1599 2151 1729 2206 suis
1759 2149 2016 2206 comedit
2042 2154 2101 2204 et
2124 2153 2267 2205 tunc
2295 2147 2410 2204 boc
2440 2153 2883 2206 sacramentum

455 2220 735 2277 instituit.
783 2220 1023 2291 (matth,
1074 2232 1259 2287 xxw;
1292 2221 1485 2286 Marc„
1534 2231 1677 2286 xlv3
1710 2221 1839 2274 Luc.
1912 2218 2083 2290 xxn.)
2111 2220 2302 2287 Quum
2340 2221 2540 2275 autem
2574 2232 2695 2277 non
2721 2225 2885 2278 esset

456 2290 707 2371 licitum,
754 2290 1085 2347 secundum
1128 2289 1341 2370 legem,
1386 2288 1567 2361 quod,
1612 2288 1802 2360 prima
1830 2262 1925 2345 die
1973 2302 2334 2368 azymorum,
2372 2288 2791 2347 fermentatum
2820 2290 2887 2347 in

457 2360 737 2419 domibus
763 2360 1101 2418 Judaeorum
1132 2364 1516 2428 inveniretur,
1552 2365 1614 2415 ut
1640 2365 1797 2430 patet
1826 2360 2010 2416 Exodi
2047 2359 2423 2426 duodecimo,
2456 2361 2750 2418 Dominus
2779 2374 2883 2419 au-

456 2436 598 2500 tem,
630 2431 906 2504 quamdiu
940 2430 1051 2487 suit
1080 2429 1142 2486 in
1172 2430 1417 2497 mundo,
1446 2429 1638 2501 legem
1672 2430 1987 2487 servaverit
2046 2429 2429 2486 manifestum
2458 2436 2552 2487 est
2593 2430 2751 2503 quod
2826 2444 2887 2489 a·

456 2517 594 2560 nem
646 2516 942 2583 azymum·
968 2501 1032 2559 in
1076 2515 1294 2572 corpus
1340 2516 1514 2581 suum
1565 2501 1858 2560 convertit
1887 2507 1947 2558 et
1972 2472 2284 2582 discipulis
2312 2500 2673 2558 sumendum
2700 2445 2880 2560 degit.

455 2573 713 2654 §tultum
743 2578 834 2630 est
862 2574 1047 2645 igitur
1077 2572 1433 2642 improbare,
1465 2586 1528 2628 in
1559 2586 1671 2630 usu
1702 2572 1978 2630 Ecclesiae
2006 2574 2372 2642 Latinorum,
2401 2572 2564 2644 quod
2594 2573 2880 2631 Dominus

455 2656 519 2699 m
549 2645 682 2713 ipsa
710 2643 1083 2700 institutione
1112 2643 1292 2713 hujus
1326 2642 1682 2700 sacramenti
1711 2643 1983 2699 servavit.

525 2714 844 2770 Sciendum
892 2719 1090 2770 tamen
1120 2714 1277 2784 quod
1309 2712 1548 2784 quidam
1581 2713 1783 2770 dicunt
1824 2713 2019 2784 ipsum
2049 2713 2409 2784 praevenisse
2450 2712 2604 2771 diem
2654 2728 2884 2787 azymo-

454 2796 589 2841 rum
618 2790 857 2854 propter
884 2784 1229 2854 passionem
1260 2783 1690 2851 imminentem,
1719 2788 1774 2839 et
1804 2788 1945 2840 tunc
1975 2784 2325 2841 fermentato
2356 2797 2507 2854 pane
2538 2798 2677 2841 eum
2703 2798 2881 2843 usum

455 2853 682 2922 fuisse3
713 2853 871 2925 quod
893 2854 1126 2925 quidem
1160 2853 1473 2911 ostendere
1507 2853 1778 2910 nituntur
1804 2867 1876 2910 ex
1904 2852 2139 2911 duobus
2170 2872 2185 2911 ε
2223 2854 2443 2923 Primo,
2474 2868 2547 2910 ex
2580 2854 2697 2912 hoc
2720 2855 2881 2928 quod

455 2924 690 2994 dicitur,
734 2923 890 2995 quod
936 2928 1064 2979 ante
1098 2923 1241 2979 diem
1284 2926 1484 2992 festum
1527 2925 1768 2984 Paschae.
1801 2924 2091 2981 Dominus
2118 2937 2255 2981 cum
2292 2924 2613 2995 discipulis
2644 2940 2878 2983 coenam

453 2994 771 3053 celebravit
811 2993 1047 3064 (Ioann.‚
1087 3005 1219 3062 xm,
1251 2999 1273 3050 l
1313 2999 1369 3051 et
1410 2994 1583 3066 seq.),
1616 2995 1677 3049 in
1707 3008 1824 3066 qua
1853 3007 2069 3065 corpus
2095 3007 2273 3052 suum
2304 2995 2698 3064 consecravit,
2726 2996 2883 3055 sicut

453 3063 775 3136 Apostolus
805 3063 983 3120 tradit
1012 3063 1057 3135 (l
1087 3064 1228 3126 Cor..
1260 3076 1342 3132 xl,
1373 3065 1463 3136 23)
1492 3082 1509 3128 ;
1541 3064 1696 3121 unde
1723 3065 1949 3120 videtur
1981 3064 2135 3146 quod
2170 3064 2439 3122 Christus
2460 3078 2692 3122 coenam
2724 3067 2880 3124 cele-

451 3133 643 3193 bravit
670 3140 806 3190 ante
837 3134 991 3191 diem
1012 3147 1372 3207 azymorum,
1405 3134 1577 3191 etsie
1605 3134 1667 3190 in
1690 3141 2135 3193 consecratione
2163 3140 2260 3193 sui
2288 3136 2560 3207 corporis
2587 3149 2741 3195 usus
2770 3137 2881 3196 suit

448 3218 604 3278 pane
637 3204 1006 3263 fermentate.
1055 3207 1175 3262 Hoc
1216 3204 1393 3261 etiam
1439 3203 1792 3262 confirmare
1839 3204 2045 3262 volunt
2090 3219 2196 3278 per
2235 3206 2350 3264 boc
2396 3205 2554 3278 quod
2606 3206 2878 3277 babetur,

452 3275 610 3348 quod
643 3279 810 3333 sexta
837 3275 1001 3342 feria,
1037 3289 1153 3347 qua
1184 3274 1452 3333 Christus
1481 3281 1575 3332 est
1598 3274 1939 3337 crucifixus,
1968 3276 2150 3333 Judaei
2197 3292 2305 3331 non
2332 3279 2665 3332 introierant
2688 3282 2883 3348 preto-

449 3349 596 3401 rium
620 3346 809 3413 Pilati,
837 3350 1028 3401 utnon
1055 3348 1575 3414 contaminarentur,
1602 3346 1695 3401 sed
1711 3351 1773 3401 ut
1794 3345 2188 3402 manducarent
2196 3348 2406 3416 pascha
2433 3347 2677 3419 (Joann.,
2703 3360 2878 3416 xvm,

447 3419 518 3473 28
565 3415 836 3486 3pascha
877 3423 1074 3473 autem
1119 3416 1396 3473 dicuntur
1445 3430 1687 3489 azyma;
1731 3430 1874 3490 ergo
1923 3416 2290 3474 concludunt
2336 3419 2498 3490 quod
2545 3432 2724 3476 coena
2768 3417 2881 3476 fuit

451 3500 518 3544 ce
546 3486 750 3543 ebrata
775 3493 911 3543 ante
941 3500 1163 3557 azyma.

518 3558 602 3613 Ad
642 3555 758 3614 hoc
790 3561 983 3614 autem
1018 3556 1410 3627 respondetur
1447 3558 1629 3629 quod,
1662 3559 1817 3615 sicut
1844 3557 2131 3616 Dominus
2160 3557 2404 3617 mandat
2429 3559 2618 3615 Emodi
2644 3560 2879 3618 duode-

449 3627 629 3694 cimo,
679 3628 896 3684 festum
940 3641 1276 3699 azymorum
1328 3631 1552 3698 septem
1598 3629 1809 3686 diebus
1859 3628 2285 3698 celebrabatur,
2339 3629 2495 3686 inter
2544 3644 2701 3702 quas
2751 3630 2881 3688 dies

446 3697 642 3825 grima
677 3704 803 3778 erat
843 3704 1052 3755 sancta
1095 3705 1269 3770 atque
1298 3698 1591 3756 solemnis
1622 3699 1911 3770 praecipue
1936 3699 2091 3756 inter
2117 3700 2292 3769 aliaS,
2323 3699 2481 3771 quod
2511 3707 2638 3757 erat
2668 3702 2881 3772 quinta

489 3769 680 3825 ecima
707 3769 800 3825 die
828 3767 1052 3826 mensis
1077 3785 1092 3835 ;
1123 3769 1249 3836 sed,
1280 3769 1421 3840 quia
1445 3784 1478 3826 a
1523 3769 1599 3825 ud
1624 3772 1651 3825 J
1660 3770 1860 3827 udaeos
1885 3769 2296 3828 solemnitates
2323 3768 2879 3840 apraecedentivae-

444 3850 587 3908 pere
627 3838 1010 3909 incipiebant,
1054 3837 1189 3896 ideo
1234 3845 1445 3911 quarta
1511 3841 1704 3896 ecima
1729 3841 1822 3897 die
1852 3840 1925 3897 ad
1962 3854 2271 3911 vesperam
2301 3839 2672 3911 incipiebant
2714 3854 2878 3899 com·

447 3908 622 3965 edere
658 3922 863 3981 azyma
894 3914 952 3966 et
978 3909 1368 3967 comedebant
1395 3924 1498 3981 per
1532 3917 1756 3981 septem
1789 3911 2227 3982 subsequentes
2263 3910 2434 3978 dies3
2468 3917 2526 3966 et
2559 3911 2698 3968 ideo
2740 3911 2879 3969 dici-

445 3980 544 4034 tur
572 3980 631 4035 in
659 3980 866 4037 eodem
898 3979 1194 4050 capitulo:
1224 3982 1409 4036 Primo
1433 3996 1630 4047 mense,
1657 3985 1858 4051 quarta
1893 3981 2101 4036 decima
2137 3981 2227 4037 die
2248 3982 2448 4035 mensis
2471 3981 2547 4035 ad
2572 3997 2871 4052 vesperam,

446 4050 727 4105 comedetis
762 4066 975 4120 azyma,
1010 4065 1179 4120 usque
1219 4049 1293 4104 ad
1323 4051 1465 4106 diem
1490 4054 1804 4120 vigesimam
1832 4054 2069 4122 primam
2095 4051 2336 4121 eiusdem
2362 4052 2563 4107 mensis
2590 4052 2669 4107 ad
2693 4067 2876 4124 vespe-

443 4131 586 4173 ram.
628 4121 837 4189 Septem
874 4120 1062 4176 diebus
1087 4122 1412 4188 fermentum
1452 4137 1563 4177 non
1591 4124 1898 4177 invenietur
1922 4124 1984 4177 in
2013 4122 2259 4178 domibus
2286 4124 2480 4177 vestris
2509 4121 2736 4192 (Exuet,
2764 4134 2872 4190 ΧΠ,

446 4188 626 4267 18-19)
652 4207 666 4257 3
699 4197 754 4246 et
781 4190 983 4248 eadem
1016 4196 1225 4263 quarta
1254 4191 1485 4249 decima
1512 4192 1608 4250 die
1637 4192 1710 4250 ad
1754 4205 2033 4264 vesperas
2077 4192 2500 4250 immolabatur
2524 4207 2724 4265 agnus
2745 4205 2874 4264 pas-

445 4256 657 4316 chalis.
683 4261 886 4339 ‚Prima
920 4275 1062 4334 ergo
1106 4261 1201 4318 die
1231 4276 1571 4335 azymorum
1603 4278 1638 4320 a
1666 4263 1858 4321 tribus
1887 4263 2297 4335 evangelistis,
2326 4263 2622 4331 Mattbaeo,
2652 4265 2869 4326 Marco.

443 4327 856 4408 Luca‚dicitur
907 4332 1316 4391 uartadecima
1333 4333 1428 4389 die
1441 4333 1844 4406 mensis,quia
1857 4333 1928 4391 ad
1941 4347 2249 4405 vesperam
2263 4333 2871 4405 comedebantazyma

444 4405 503 4456 et
528 4404 671 4456 tunc
698 4412 883 4458 immo
909 4404 1120 4462 abatur
1144 4403 1390 4477 pascha,
1422 4403 1482 4461 id
1516 4408 1610 4463 est
1655 4418 1850 4478 agnus
1877 4404 2178 4478 paschalis
2200 4423 2216 4476 ;
2239 4408 2299 4463 et
2326 4404 2442 4463 hoc
2480 4410 2632 4476 erat,
2662 4415 2871 4463 secun·
