3076 5025
386 268 492 323 320
1274 263 1407 318 LIB.
1449 263 1545 325 ΙΙΙ,
1589 262 1742 318 ΟΑΡ.
1778 262 1955 318 XLIX.

387 387 601 460 primo.
634 389 779 443 Nam
824 384 887 441 in
942 384 1136 457 primo
1185 390 1327 441 sunt
1355 384 1474 441 duo
1504 383 1883 456 cognitiones
1925 382 2174 443 effectus
2204 390 2263 443 et
2315 399 2535 454 causae,
2570 399 2822 457 quarum

389 473 510 517 una
540 462 630 515 est
658 456 905 514 alterius
931 469 1134 513 causa.
1162 457 1309 512 Nam
1339 454 1605 526 cognitio
1628 453 1879 512 effectus
1902 461 2005 534 est·
2026 469 2211 513 causa
2237 456 2395 526 quod
2419 462 2828 538 cognoscatur

388 529 518 600 ejus
548 541 751 586 causa.
779 529 845 584 In
877 527 1055 584 modo
1086 530 1282 583 autem
1312 525 1600 593 secunde,
1632 539 1751 583 una
1775 529 1868 583 est
1893 525 2050 583 visio
2077 526 2270 583 utrius
2318 540 2409 584 ue.
2443 527 2632 584 Simul
2665 541 2827 586 emm

389 600 529 656 dum
555 599 787 655 videtur
815 595 1088 666 effectus,
1115 595 1348 653 videtur
1375 601 1433 652 et
1461 609 1645 654 causa
1673 596 1732 652 in
1765 596 1917 667 ipso.
1949 597 2142 654 Tertio
2172 610 2270 654 mo
2315 610 2372 666 0,
2407 597 2491 654 ita
2520 596 2677 668 quod
2709 598 2830 656 ista

385 669 718 727 similitudo
744 681 942 724 causae
973 667 1035 725 in
1065 664 1278 724 effectu
1304 665 1385 723 sit
1407 667 1601 723 forma
1627 681 1747 738 qua
1769 667 2082 739 cognoscit
2103 681 2346 725 causam
2378 681 2530 725 suus
2551 666 2826 738 effectu8‚

387 740 545 799 sicut
567 740 617 797 si
642 753 780 796 arca
811 738 1054 794 baberet
1077 737 1443 794 intellectum
1461 743 1518 793 et
1545 751 1649 808 per
1668 737 1919 794 formam
1950 751 2123 796 suam
2148 743 2544 810 cognosceret
2573 743 2831 808 artem,a

384 825 506 883 qua
525 810 661 867 talis
689 809 878 865 forma
899 807 1058 866 velut
1077 807 1207 878 ejus
1224 807 1554 865 similitudo
1577 807 1887 878 processit.
1910 807 2087 865 Nullo
2108 814 2305 865 autem
2340 809 2595 866 istorum
2618 810 2826 868 modo-

384 895 518 939 rum
548 895 652 951 per
680 876 956 936 effectum
994 883 1191 950 potest
1219 878 1504 951 cognosci
1532 892 1719 937 causa
1741 877 1884 959 quid
1915 884 2025 947 est,
2057 878 2175 936 nisi
2220 879 2299 935 sit
2320 877 2596 960 ‘effectus
2627 893 2825 939 causae

387 952 753 1023 adaequatus,
785 949 847 1005 in
872 962 992 1022 quo
1020 954 1146 1007 tota
1168 948 1356 1006 virtus
1386 962 1584 1007 causae
1614 954 1996 1020 exprimatur.
2032 948 2388 1006 Substantiae
2418 956 2617 1007 autem
2648 963 2823 1023 sepa-

382 1028 528 1079 ratae
557 1026 932 1092 cognoscunt
961 1022 1143 1077 Deum
1174 1034 1280 1101 per
1303 1033 1447 1077 suas
1478 1019 1868 1086 substantias,
1898 1019 2057 1077 sicut
2083 1033 2268 1077 causa
2299 1021 2690 1091 cognoscitur
2716 1034 2822 1093 per

382 1090 661 1149 effectum
709 1103 829 1147 non
866 1096 1064 1147 autem
1111 1103 1304 1162 primo
1334 1090 1533 1160 mod0,
1567 1090 1707 1162 quia
1730 1090 1820 1148 sic
1850 1103 2056 1148 eorum
2088 1090 2354 1170 cognitio
2401 1097 2564 1149 esset
2588 1091 2825 1149 discur-

382 1162 535 1230 siva,
567 1161 671 1218 sed
726 1159 906 1218 modo
952 1161 1218 1219 secundo
1262 1160 1324 1218 in
1371 1166 1660 1234 quantum
1714 1175 1836 1218 una
1862 1160 2021 1218 videt
2047 1162 2231 1219 Deum
2273 1174 2335 1217 1n
2367 1161 2526 1230 alia;
2560 1167 2619 1220 et
2644 1162 2824 1222 modo

385 1233 561 1290 tertio
603 1232 663 1288 in
708 1236 997 1304 quantum
1053 1231 1330 1359 guaelibet
1377 1245 1583 1313 earum
1630 1230 1791 1313 videt
1816 1233 2003 1312 Deum
2050 1229 2113 1287 in
2147 1231 2366 1312 seipsa,
2400 1232 2575 1290 Nulla
2622 1237 2822 1292 autem

387 1317 590 1360 earum
623 1307 715 1358 est
742 1299 991 1360 effectus
1019 1315 1055 1359 a
1096 1316 1341 1375 aequans
1370 1307 1644 1360 virtutem
1690 1304 1814 1373 Dei,
1840 1306 1903 1359 ut
1934 1316 1999 1359 1n
2026 1302 2293 1360 secundo
2323 1302 2475 1360 libro
2506 1307 2819 1362 ostensum

380 1378 479 1430 est
508 1372 657 1454 (cap.
687 1375 756 1429 26
780 1377 838 1428 et
864 1373 977 1454 27).
1009 1375 1139 1430 Non
1167 1378 1260 1430 est
1288 1372 1470 1454 igitur
1498 1371 1787 1453 possibile
1807 1372 1967 1445 quod
1998 1386 2101 1443 per
2130 1374 2288 1431 bunc
2330 1373 2576 1431 modum
2620 1374 2825 1448 cogni·

385 1443 575 1502 tionis
606 1455 797 1513 lpsam
819 1442 1091 1512 divinam
1120 1451 1444 1501 essentiam
1472 1444 1731 1501 videant.

457 1514 736 1584 Amplius,
764 1513 1095 1571 similitudo
1120 1513 1519 1586 intelligibilis
1538 1528 1644 1585 per
1664 1527 1844 1586 quam
1862 1512 2213 1586 intelligitur
2239 1514 2463 1587 aliquid
2492 1516 2826 1574 secundum

388 1598 561 1645 suam
618 1583 1037 1652 substantiam,
1072 1590 1305 1654 oportet
1344 1585 1504 1657 quod
1534 1585 1616 1642 sit
1660 1584 1925 1655 ejusdem
1958 1584 2200 1654 speciei,
2227 1584 2318 1642 vel
2360 1585 2556 1657 magis
2587 1587 2828 1658 species

389 1653 540 1728 eJus.
574 1655 738 1711 Sicut
767 1655 955 1711 forma
985 1654 1223 1723 domus,
1252 1669 1384 1726 quae
1410 1660 1499 1712 est
1546 1655 1606 1711 in
1644 1660 1851 1713 —mente
1880 1652 2148 1724 artificis,
2182 1659 2274 1736 est
2298 1654 2567 1736 ejusdem
2596 1657 2827 1728 speciei

383 1739 526 1783 cum
557 1724 747 1780 forma
776 1724 991 1782 domus
1018 1738 1151 1797 quae
1181 1730 1273 1783 est
1303 1726 1362 1782 in
1394 1726 1665 1796 materia,
1692 1724 1787 1782 vel
1821 1725 2023 1796 potius
2051 1738 2286 1796 species
2317 1740 2470 1798 eJuS.
2499 1729 2626 1784 Non
2658 1728 2826 1785 enim

386 1809 495 1868 per
543 1796 801 1865 speciem
860 1795 1125 1853 hominis
1174 1795 1528 1867 intelligitur
1578 1795 1649 1853 de
1693 1796 1867 1853 asino
1896 1796 1986 1852 vel
2030 1809 2184 1867 equo
2214 1796 2357 1868 quid
2387 1802 2499 1855 est.
2530 1797 2642 1855 Sed
2693 1798 2831 1869 ipsa

388 1871 603 1923 natura
635 1864 983 1922 substantiae
1009 1871 1294 1937 separatae
1323 1880 1444 1924 non
1474 1870 1567 1924 est
1593 1866 1751 1923 idem
1782 1866 1982 1937 specie
2008 1880 2144 1923 cum
2174 1873 2387 1925 natura
2413 1867 2635 1935 divina,
2658 1868 2831 1942 quin-

388 1936 513 1992 imo
546 1949 654 1992 nec
682 1949 919 2007 genere,
952 1936 1106 1992 utin
1132 1936 1324 2007 primo
1351 1937 1452 1993 lib.
1473 1936 1622 2008 (cap.
1641 1937 1732 2008 25)
1750 1942 2060 1994 ostensum
2090 1940 2343 1995 est.Non
2366 1942 2457 1996 est
2480 1937 2666 2011 igitur
2692 1953 2830 2010 pos-

392 2007 566 2065 sibile
589 2005 748 2078 quod
793 2005 1130 2063 substantia
1157 2011 1429 2078 separata
1453 2006 1749 2079 intelligat
1787 2007 2048 2064 divinam
2094 2007 2491 2067 substantiam
2536 2023 2642 2080 per
2689 2023 2825 2081 pro-

432 2078 578 2133 riam
598 2083 890 2133 naturam.

387 2091 427 2149 p
461 2150 611 2216 Item,
646 2159 822 2203 omne
853 2152 1115 2205 creatum
1145 2148 1219 2205 ad
1250 2147 1490 2220 aliquod
1521 2162 1714 2219 genus
1738 2149 1831 2206 vel
1852 2149 2113 2222 speciem
2142 2150 2514 2208 terminatur.
2542 2152 2827 2222 impossi-

388 2216 510 2275 bile
534 2221 626 2274 est
643 2217 825 2287 igitur
844 2218 1000 2289 quod
1028 2232 1133 2289 per
1152 2217 1394 2290 aliquod
1425 2224 1685 2276 creatum
1711 2220 1913 2278 divina
1940 2220 2275 2278 substantia
2294 2219 2585 2279 videatur.
2614 2222 2831 2282 Divina

390 2293 590 2344 autem
638 2288 902 2344 essentia
948 2295 1039 2346 est
1080 2287 1333 2357 infinita,
1379 2290 1893 2359 comprehendens
1930 2291 1994 2348 in
2033 2305 2100 2349 se
2129 2304 2368 2348 omnem
2395 2292 2825 2363 perfectionem

390 2358 579 2415 totius
628 2371 783 2426 esse,
815 2364 881 2414 ut
909 2357 976 2414 in·
1022 2359 1215 2430 primo
1244 2359 1346 2416 lib.
1370 2359 1463 2430 (ca
1508 2402 1520 2414 .
1549 2363 1618 2416 28
1649 2367 1705 2417 et
1733 2360 1823 2433 43)
1845 2367 2158 2420 ostensum
2186 2366 2297 2419 est.
2322 2361 2699 2435 impossibile
2733 2369 2830 2424 est

392 2427 579 2500 igitur
609 2427 768 2499 quod
800 2428 1003 2486 divina
1034 2429 1370 2509 substantia
1400 2374 1500 2486 vig
1535 2436 1688 2488 atur.

461 2500 749 2567 Praeterea‚
773 2499 972 2557 omnis
1005 2500 1402 2573 intelligibilis
1432 2501 1665 2571 species
1688 2517 1795 2574 per
1821 2517 1997 2576 quam
2037 2501 2391 2576 intelligitur
2409 2503 2712 2576 quidditas
2731 2504 2829 2564 vel

395 2571 660 2627 essentia
689 2569 942 2641 alicujus
984 2571 1069 2628 rei
1100 2572 1551 2642 comprehendit
1578 2572 1642 2628 in
1688 2574 2169 2645 repraesentando
2197 2588 2321 2631 rem
2351 2573 2538 2632 illam.
2573 2575 2737 2634 Unde
2765 2581 2828 2634 et

394 2642 699 2698 orationes
730 2640 1140 2712 significantes
1169 2641 1328 2713 quod
1354 2643 1497 2714 quid
1528 2649 1637 2704 est,
1679 2647 1934 2700 terminos
1974 2658 2133 2716 saepe
2173 2650 2234 2703 et
2272 2645 2611 2715 definitiones
2651 2660 2826 2705 voea-

389 2723 549 2768 mus.
585 2711 959 2781 impossibile
989 2717 1081 2770 est
1107 2719 1302 2770 autem
1331 2713 1489 2785 quod
1520 2713 1719 2785 aliqua
1749 2714 2081 2772 similitudo
2122 2720 2321 2774 creata
2346 2717 2610 2775 totaliter
2636 2719 2824 2776 Deum

387 2786 794 2853 repraesentet,
824 2796 959 2838 cum
990 2782 1267 2855 quaelibet
1294 2784 1625 2840 similitudo
1655 2790 1851 2842 creata
1882 2785 1962 2843 sit
1990 2786 2244 2857 alicujus
2274 2788 2514 2857 generis
2544 2788 2824 2846 determi-

391 2852 537 2921 nati,
573 2866 694 2908 non
727 2858 924 2909 autem
954 2855 1133 2923 Deus,
1165 2854 1229 2910 ut
1256 2853 1317 2910 in
1344 2854 1534 2923 primo
1555 2853 1718 2981 (Scap.
1746 2857 1838 2929 25)
1871 2861 2182 2915 ostensum
2211 2863 2320 2914 est.
2354 2859 2485 2914 Non
2517 2858 2699 2929 igitur
2726 2863 2827 2917 est

422 2921 682 3047 ’osstibile
705 2921 863 2994 quod
885 2938 991 2994 per
1015 2924 1275 2996 aliquam
1298 2923 1550 2981 similitu
1595 2925 1753 2983 inem
1784 2932 2041 2984 creatam
2073 2926 2273 2985 divina
2298 2926 2636 2986 substantia
2655 2927 2828 2988 intel·

418 3006 436 3049 1
483 3007 516 3048 a
546 3006 634 3047 ur.

440 3006 738 3131 εΑηηοιῐιιε.
763 3061 963 3121 divina
986 3062 1322 3121 substantia
1345 3070 1437 3121 est
1463 3078 1639 3123 suum
1663 3079 1820 3137 esse,
1843 3067 1990 3125 utin
2016 3066 2207 3138 primo
2227 3066 2377 3140 (cap.
2400 3068 2488 3141 25)
2509 3073 2826 3128 ostensum

392 3139 504 3190 est.
538 3135 739 3202 Ipsum
767 3140 962 3190 autem
984 3147 1118 3192 esse
1148 3134 1498 3193 substantiae
1529 3142 1816 3207 separatae
1833 3143 1922 3196 est
1945 3137 2109 3195 aliud
2128 3152 2308 3210 quam
2329 3152 2443 3197 sua
2460 3139 2823 3210 substantia,

389 3208 460 3260 ut
486 3203 547 3259 in
571 3203 837 3261 secundo
865 3204 1014 3275 (cap.
1048 3208 1115 3262 52
1166 3204 1479 3277 probatum
1510 3213 1621 3263 est.
1651 3209 1926 3265 Essentia
1949 3208 2133 3288 igitur
2155 3209 2507 3268 substantiae
2534 3214 2825 3282 separatae

389 3284 516 3330 non
547 3277 637 3330 est
666 3274 977 3332 sufficiens
1007 3288 1102 3332 me
1145 3275 1269 3332 ium
1300 3289 1418 3348 quo
1447 3278 1605 3335 Deus
1632 3292 1736 3349 per
1763 3284 2087 3337 essennam
2108 3279 2293 3337 videri
2322 3281 2533 3350 possit.

466 3344 788 3424 Cognoscit
825 3350 1027 3402 tamen
1073 3345 1411 3405 substantia
1456 3354 1732 3419 separata
1770 3364 1877 3420 per
1925 3363 2098 3408 suam
2148 3350 2542 3408 substantiam
2597 3351 2671 3409 de
2698 3355 2824 3410 Deo

391 3426 536 3485 quia
562 3419 672 3483 est,
706 3419 763 3471 et
786 3415 945 3487 quod
972 3421 1065 3473 est
1091 3417 1360 3475 omnium
1387 3432 1593 3487 causa,
1624 3423 1682 3476 et
1709 3420 1982 3478 eminens
2012 3420 2315 3489 omnibus,
2349 3427 2407 3477 et
2439 3427 2709 3480 remotus
2744 3422 2823 3481 ab

389 3483 675 3542 omnibus
722 3498 846 3542 non
895 3486 1091 3543 solum
1138 3502 1269 3559 quae
1315 3494 1479 3557 sunt,
1525 3488 1632 3546 sed
1671 3490 1847 3547 etiam
1892 3504 2024 3563 quae
2070 3496 2266 3548 mente
2321 3497 2519 3550 creata
2583 3492 2821 3564 concipi

303 3569 312 3579 ·
387 3559 670 3626 possunt.
702 3555 785 3612 Ad
816 3570 996 3629 quam
1026 3556 1203 3614 etiam
1228 3559 1638 3630 cognitionem
1684 3560 1755 3617 de
1786 3563 1907 3618 Deo
1954 3574 2068 3618 nos
2114 3566 2438 3633 utcumque
2482 3563 2822 3635 pertingere

389 3638 739 3696 possumus.
775 3628 883 3683 Per
912 3626 1159 3685 effectus
1189 3629 1349 3685 enim
1373 3643 1444 3686 co
1490 3629 1803 3689 noscimus
1826 3630 1969 3704 quia
1995 3637 2106 3700 est,
2136 3637 2195 3688 et
2273 3633 2392 3689 uod
2436 3647 2622 3691 causa
2668 3632 2821 3692 alio-

389 3709 523 3752 rum
556 3701 666 3763 est,
696 3696 833 3753 aliis
860 3698 1315 3768 supereminens
1343 3705 1402 3756 et
1425 3714 1459 3757 a
1522 3701 1810 3760 omnibus
1838 3708 2126 3761 remotuS.
2159 3704 2226 3759 Et
2295 3715 2368 3760 oc
2396 3708 2489 3761 est
2531 3703 2818 3762 ultimum
2872 3725 2876 3729 ⁴

316 3774 322 3781 '
393 3771 452 3822 et
471 3765 976 3836 perfectissimum
1002 3774 1224 3827 nostrae
1254 3770 1623 3841 cognitionis
1646 3771 1710 3829 in
1730 3772 1844 3830 bac
1860 3773 2020 3841 vita3
2054 3772 2211 3831 unde
2240 3774 2568 3846 Dionysius
2587 3772 2733 3832 dicit
2752 3776 2819 3832 in

387 3834 547 3893 libro
575 3840 652 3892 De
678 3841 908 3905 mystica
939 3840 1115 3897 Theoi.
1150 3838 1222 3910 (c.
1253 3839 1307 3911 2)
1339 3853 1473 3897 cum
1502 3843 1625 3898 Deo
1674 3842 1849 3914 quasi
1898 3843 2106 3916 ignoto
2156 3841 2601 3917 conjungimur.
2645 3844 2819 3913 Quod

391 3907 634 3987 quidem
664 3908 961 3990 contingit
983 3909 1124 3967 dum
1153 3910 1226 3967 de
1252 3912 1372 3967 Deo
1455 3910 1555 3968 uid
1586 3925 1708 3970 non
1738 3913 1817 3970 sit
1861 3913 2310 3986 cognoscimus,
2355 3914 2500 3987 quid
2543 3928 2687 3973 vero
2739 3915 2822 3973 sit

385 3982 631 4056 penitus
660 3985 858 4036 manet
886 3980 1280 4052 incognitum.
1313 3982 1400 4037 Un
1445 3995 1475 4037 c
1505 3986 1566 4039 et
1604 3982 1677 4040 ad
1724 3983 1904 4055 hujus
1952 3983 2403 4043 sublimissimae
2446 3985 2815 4057 cognitionis

387 4049 793 4174 agnorantgtm
822 4049 1215 4175 dirimendam
1246 4050 1461 4109 dIcitur
1482 4053 1686 4123 Eaeod„
1717 4065 1799 4111 xx
1831 4071 1845 4111 ε
1876 4053 2007 4122 Quis
2033 4057 2257 4111 accessit
2291 4056 2369 4111 ad
2419 4057 2713 4125 caliqinem
2752 4058 2812 4111 in

528 4133 620 4173 era
720 4135 812 4175 eus

387 4129 616 4266 Quia
641 4199 780 4246 vero
809 4194 1023 4248 natura
1049 4190 1299 4249 inferior
1319 4192 1384 4248 in
1417 4192 1512 4249 sui
1553 4206 1791 4252 summo
1836 4194 2081 4253 nonnisi
2116 4195 2190 4255 ad
2218 4195 2492 4254 infimum
2539 4197 2804 4269 superio·

389 4268 478 4313 ris
508 4262 732 4338 naturae
772 4261 1027 4333 attingit,
1059 4267 1291 4333 oportet
1334 4263 1492 4334 quod
1542 4263 1669 4323 haec
1717 4264 1734 4320 i
1780 4277 1850 4323 sa
1894 4265 2160 4347 cognitio
2209 4267 2289 4325 sit
2331 4268 2694 4326 eminentior
2738 4266 2807 4324 in

387 4326 748 4408 substantiis
776 4330 1066 4401 separatis
1094 4347 1271 4405 quam
1301 4332 1362 4389 in
1395 4333 1591 4414 nobis,
1613 4278 1775 4408 quog
1796 4348 1902 4406 per
1932 4337 2175 4408 singula
2200 4342 2378 4408 patet.
2402 4340 2549 4395 Nam
2586 4342 2815 4410 quanto

391 4410 784 4470 propinquior
828 4405 886 4458 et
930 4403 1270 4473 expressior
1307 4403 1562 4477 aliculus
1625 4418 1822 4464 causae
1879 4405 2127 4467 effectus
2188 4408 2595 4482 cognoscitur,
2642 4413 2816 4467 tanto
