3076 5025
1112 269 1245 325 ΗΒ.
1284 269 1374 337 Π,
1416 270 1569 327 CAP.
1608 270 1851 326 Lxxvn.
2590 275 2693 328 6¹5

161 436 170 443 .
258 388 419 462 quod
454 389 725 448 Christus
756 389 1034 448 Ecclesiae
1060 389 1125 447 in
1154 391 1513 449 necessariis
1545 405 1665 448 non
1700 391 1918 462 deficit,
1950 405 2127 466 quam
2154 392 2379 464 dilexit,
2408 397 2467 453 et
2493 408 2602 465 pro
2623 409 2696 453 ea

259 461 620 533 sanguinem
653 475 829 518 suum
860 460 1032 529 fudit,
1061 475 1196 519 cum
1226 468 1285 518 et
1311 462 1381 519 de
1409 464 1727 535 synagoga
1753 460 1980 521 dicatur
2023 477 2128 535 per
2154 465 2472 522 Dominum
2502 483 2518 518 ε
2550 465 2695 531 Quid

253 531 406 586 ultra
435 531 599 586 debui
621 532 803 599 facere
827 534 1000 588 vinear
1020 548 1168 597 meae,
1199 536 1251 588 et
1275 548 1387 589 non
1408 534 1518 601 teci
1536 534 1567 587 ?
1587 532 1740 604 (lsa.‚
1756 546 1821 599 v,
1843 532 1925 606 4.)
1952 536 2083 591 Non
2116 540 2205 592 est
2227 534 2409 606 igitur
2429 535 2696 592 dubitan-

255 600 397 658 dum
432 601 575 673 quin
603 616 676 659 ex
703 601 1083 659 ordinatione
1108 601 1320 660 Christi
1349 617 1505 661 unus
1535 604 1642 661 toti
1678 604 1953 661 Ecclesiae
1982 605 2199 675 praesit.

325 670 550 741 Adhuc,
582 672 733 729 nulli
764 672 1012 730 dubium
1042 686 1178 730 esse
1207 673 1377 731 dehet
1412 676 1557 747 quin
1581 674 1858 731 Ecclesiae
1888 676 2153 746 regimen
2176 674 2256 732 sit
2285 675 2505 745 optime
2533 676 2689 735 ordi-

253 748 488 810 natum,
527 749 727 813 utpote
757 758 862 814 per
887 757 1028 801 eum
1060 743 1420 814 dispositum
1453 759 1556 816 per
1583 759 1759 817 quem
1784 761 1934 814 repes
1960 749 2214 816 regnant,
2234 750 2286 801 et
2311 747 2487 815 legum
2515 746 2694 802 eondi-

252 817 395 869 tor-es
417 813 578 883 justa
606 813 919 869 decernunt.
940 813 1143 886 (Pi-ou„
1162 827 1293 884 vm,
1326 814 1436 887 15.)
1462 815 1758 885 Optimum
1781 822 1977 873 autem
2007 817 2274 889 regimen
2293 817 2693 875 multitudinis

254 887 352 941 est
383 890 447 940 ut
475 890 717 956 regatur
746 899 850 955 per
877 899 1064 942 unum
1096 904 1109 941 :
1139 885 1301 958 quod
1330 892 1488 956 patet
1516 901 1586 942 ex
1618 885 1735 943 fine
1762 885 2097 966 regiminis,
2126 887 2229 959 qui
2259 891 2351 944 est
2391 902 2506 959 pax
2536 903 2549 941 :
2580 902 2696 959 pax

252 953 417 1012 enim
449 959 508 1010 et
539 956 740 1012 unitas
767 954 1140 1013 subditorum
1164 959 1256 1013 est
1280 954 1415 1012 finis
1435 957 1719 1028 regentis.
1744 956 1997 1015 Unitatis
2026 963 2223 1015 autem
2263 970 2375 1014 con
2426 958 2693 1016 ruentior

253 1037 446 1084 causa
470 1030 562 1082 est
593 1039 751 1082 unus
779 1040 958 1099 quam
989 1025 1182 1083 multi.
1213 1026 1591 1084 Manifestum
1621 1032 1712 1084 est
1761 1026 1942 1099 igitur
1966 1028 2235 1101 regimen
2285 1029 2395 1085 Ecc
2420 1029 2564 1086 esiae
2594 1029 2685 1087 sic

253 1107 394 1153 esse
418 1094 782 1165 dispositum
807 1101 875 1153 ut
906 1110 1063 1153 unus
1090 1096 1199 1153 toti
1229 1096 1509 1155 Ecclesia}
1542 1098 1758 1169 praesit.

323 1165 606 1235 Amplius,
638 1167 896 1225 ecelesia
923 1166 1190 1224 militans
1227 1182 1300 1225 ex
1339 1167 1728 1237 triumphanti
1780 1168 2043 1227 Ecclesia
2162 1184 2193 1227 r
2237 1169 2694 1230 similitudinem

258 1233 563 1294 derivatur
590 1255 605 1292 z
639 1236 797 1294 unde
826 1243 885 1294 et
909 1239 1172 1295 Ioannes
1215 1236 1277 1294 in
1305 1239 1659 1311 Apocalypsi
1697 1238 1843 1295 vidit
1871 1240 2082 1297 Jerusa
2106 1254 2201 1296 em
2230 1239 2692 1299 descendentem

252 1306 330 1366 de
353 1307 533 1375 coelO,
566 1311 626 1363 et
665 1308 856 1380 Moysi
897 1308 1122 1366 dictum
1151 1315 1243 1366 est
1287 1309 1446 1381 quod
1478 1309 1698 1366 faceret
1724 1309 1929 1366 omnia
1956 1310 2289 1368 secundum
2320 1310 2621 1381 exemplar
2640 1311 2693 1368 ei

253 1376 553 1457 inmonte
584 1383 1002 1457 monstratum.
1032 1380 1101 1436 In
1129 1378 1514 1452 triumphanti
1544 1386 1743 1437 autem
1774 1380 2039 1438 Ecclesia
2081 1394 2239 1439 unus
2267 1380 2563 1453 praesidet,
2588 1381 2693 1453 qui

257 1453 437 1506 etiam
469 1448 748 1517 praesidet
773 1449 836 1505 in
865 1455 992 1508 toto
1023 1449 1328 1520 univerSO,
1356 1451 1589 1509 scilicet
1611 1452 1770 1508 Deus
1798 1469 1816 1506 ε
1870 1450 2087 1508 dicitur
2112 1452 2294 1520 enim,
2326 1457 2531 1524 Apoc„
2558 1464 2689 1522 xxi,

256 1522 290 1577 3
321 1536 336 1574 ε
365 1518 487 1589 Ipsi
509 1520 742 1589 populus
775 1518 893 1588 ejus
922 1524 1099 1583 erunt,
1130 1524 1182 1576 et
1206 1521 1322 1590 ipse
1348 1524 1468 1576 cum
1487 1524 1564 1576 eis
1592 1523 1697 1576 erit
1721 1537 1902 1577 corum
1926 1524 2091 1580 Deus.
2120 1524 2363 1595 131·th
2406 1523 2469 1580 in
2496 1522 2693 1580 Eccle-

258 1588 354 1647 sia
380 1588 677 1647 militante
709 1602 867 1647 unus
896 1595 988 1647 est
1013 1589 1116 1663 qui
1140 1591 1419 1660 praesidet
1443 1591 1763 1649 universis.
1794 1592 1942 1648 Hinc
1971 1598 2063 1650 est
2090 1593 2273 1665 quod,
2306 1595 2497 1660 Oseae,
2525 1606 2569 1661 1,
2601 1597 2689 1655 ll.

258 1657 481 1718 dicitur
512 1673 526 1712 :
558 1660 1040 1729 confirmabuntur
1063 1661 1170 1731 filii
1193 1661 1357 1731 Iuda,
1385 1666 1439 1717 et
1462 1663 1570 1732 tilii
1595 1663 1765 1717 Israel
1783 1664 2018 1733 pariter,
2044 1666 2098 1719 et
2134 1669 2345 1734 ponent
2383 1664 2491 1720 sibi
2529 1666 2697 1734 caput

254 1745 466 1798 unum,
495 1735 554 1785 et
581 1731 871 1788 Dominus
895 1730 1057 1799 dicit,
1088 1733 1329 1799 Ioann„
1358 1743 1419 1801 x,
1453 1736 1518 1789 ¹6
1550 1748 1563 1785 :
1594 1734 1712 1787 Fiet
1736 1748 1907 1788 unum
1928 1733 2085 1795 ovile,
2114 1738 2169 1789 et
2203 1750 2347 1789 unus
2368 1737 2581 1804 pastor.

327 1798 388 1858 Si
421 1799 557 1872 quis
585 1807 781 1857 autem
807 1800 967 1858 dicat
1015 1801 1177 1873 quod
1211 1815 1392 1859 unum
1424 1806 1602 1872 caput
1642 1808 1700 1858 et
1726 1816 1886 1860 unus
1914 1810 2120 1874 pastor
2155 1811 2246 1861 est
2274 1805 2566 1869 Christus,
2588 1803 2692 1876 qui

257 1876 350 1929 est
382 1884 542 1928 unus
571 1871 751 1929 unius
785 1871 1057 1929 Ecclesiae
1097 1884 1382 1942 sponsus,
1408 1886 1527 1929 non
1552 1871 1920 1931 sufficienter
1958 1875 2296 1945 respondet.
2315 1874 2694 1933 Manifestum

261 1945 358 2000 est
383 1942 546 1998 enim
576 1942 735 2013 quod
766 1941 1174 2013 ecclesiastica
1203 1950 1575 2001 sacramenta
1600 1942 1727 2022 ipse
1769 1942 2037 2001 Christus
2067 1944 2293 2015 perficit
2327 1963 2342 2001 ε
2374 1945 2503 2016 ipse
2532 1944 2694 2002 enim

262 2018 356 2070 est
429 2012 494 2069 ui
518 2011 792 2083 baptizat,
824 2013 952 2083 ipse
980 2019 1070 2071 est
1098 2012 1200 2085 qui
1233 2019 1476 2084 peccata
1496 2012 1757 2081 remittit,
1784 2013 1914 2084 ipse
1932 2020 2026 2071 est
2052 2028 2230 2072 verus
2258 2015 2562 2081 sacerdoS,
2627 2015 2692 2072 ui

259 2096 332 2142 se
363 2095 403 2140 o
444 2082 671 2139 tulitin
700 2097 805 2140 ara
832 2083 1050 2152 cruciS‚
1081 2089 1140 2140 et
1182 2082 1354 2154 cujus
1405 2084 1617 2140 virtute
1656 2096 1881 2153 corpus
1928 2085 2060 2155 ejus
2107 2084 2170 2140 in
2212 2085 2384 2141 altari
2427 2084 2591 2156 quoti
2643 2085 2694 2143 'e

262 2159 682 2221 consecratur;
713 2160 770 2210 et
795 2159 1018 2221 tamen,
1044 2154 1185 2226 quia
1211 2154 1601 2225 corporaliter
1629 2167 1750 2211 non
1776 2167 1912 2212 cum
1938 2154 2223 2213 omnibus
2251 2155 2527 2213 fidelibus
2555 2168 2699 2226 prae-

264 2223 599 2282 sentialiter
625 2230 754 2281 erat
780 2224 1039 2293 futurus,
1070 2224 1251 2297 elegit
1277 2225 1609 2293 ministros,
1636 2238 1742 2295 per
1768 2239 1923 2296 quos
1950 2226 2230 2296 praedicta
2271 2224 2551 2283 fidelihus
2579 2225 2698 2282 dis-

263 2299 566 2366 pensaret,
598 2301 662 2351 ut
689 2308 871 2365 supra
896 2295 1046 2366 (cap.
1075 2294 1167 2365 74)
1198 2295 1417 2352 dictum
1448 2301 1560 2352 est.
1609 2295 1823 2352 Eadem
1852 2295 2037 2368 igitur
2077 2296 2329 2364 ratione,
2360 2297 2501 2375 quia
2546 2310 2694 2367 prae·

264 2364 523 2423 sentiam
551 2364 924 2435 corporalem
953 2368 1077 2422 erat
1117 2364 1393 2422 Ecclesia-2
1424 2365 1858 2428 subtracturus,
1891 2367 2153 2436 oportuit
2204 2372 2266 2421 ut
2312 2366 2493 2422 alicui
2539 2378 2699 2423 com·

264 2435 530 2492 mitteret
558 2435 658 2516 qui
694 2435 827 2491 loco
856 2434 950 2491 sui
981 2434 1338 2491 universalis
1369 2434 1646 2490 Ecclesiae
1674 2438 1906 2505 gereret
1931 2448 2156 2492 curam.
2194 2435 2343 2490 Hinc
2393 2440 2484 2492 est
2533 2433 2697 2507 quod

261 2506 439 2564 Petro
464 2505 612 2563 dixit
641 2510 776 2563 ante
806 2505 1222 2563 ascensionem
1255 2523 1267 2561 :
1298 2505 1467 2560 Pasce
1494 2504 2005 2574 ovesmeasuoan..
2028 2516 2133 2562 xx1
2168 2503 2278 2577 Π).
2302 2510 2360 2562 et
2387 2510 2525 2562 aute
2563 2518 2697 2577 pas-

262 2576 500 2635 sionem
530 2594 546 2633 :
580 2578 662 2631 Tu
693 2579 889 2631 iterum
914 2590 1199 2631 conversus
1222 2577 1481 2644 confirma
1505 2575 1711 2642 fratres
1738 2579 1855 2630 tuos
1885 2575 2061 2646 (Luc.‚
2086 2587 2233 2641 xxn,
2264 2575 2381 2647 32),
2406 2581 2467 2632 et
2493 2575 2547 2632 ei
2578 2576 2696 2634 soli

260 2646 542 2720 promisit
567 2645 812 2717 (Meum,
843 2659 968 2716 xv1,
1005 2646 1090 2716 19)
1123 2663 1136 2701 :
1174 2645 1296 2701 Tibi
1318 2645 1458 2700 dabo
1495 2646 1671 2700 claves
1698 2647 1858 2714 ream·
1878 2647 2149 2713 coetomm,
2179 2651 2244 2704 ut
2281 2645 2697 2704 ostenderetur

262 2723 538 2842 potesttas
565 2717 819 2774 clavium
846 2730 953 2789 per
975 2729 1111 2774 eum
1137 2715 1212 2776 ad
1246 2714 1399 2773 alios
1427 2714 1755 2773 derivanda
1777 2715 1853 2773 ad
1890 2715 2363 2775 conservandam
2411 2716 2692 2775 Ecclesiae

256 2794 433 2846 unita
459 2801 573 2844 em.

336 2860 470 2915 Non
499 2863 698 2929 potest
720 2861 917 2915 autem
948 2855 1070 2915 dici
1114 2855 1295 2937 quod,
1343 2856 1455 2913 etsi
1504 2859 1683 2936 Petro
1728 2855 1884 2914 hanc
1924 2857 2271 2928 dignitatem
2314 2857 2564 2938 dederit,
2587 2870 2697 2929 per

255 2941 402 2988 eum
426 2933 628 2985 tamen
651 2928 728 2986 ad
756 2928 911 2985 alios
941 2940 1064 2985 non
1093 2926 1411 2986 derivatur.
1442 2927 1822 2984 Manifestum
1867 2934 1957 2985 est
2006 2929 2167 2986 enim
2213 2928 2374 3000 quod
2422 2928 2694 2987 Christus

258 2999 592 3058 Ecclesiam
622 3000 713 3057 sic
742 2999 1024 3061 instituit,
1053 3004 1119 3054 ut
1144 3003 1303 3056 esset
1333 3011 1524 3068 usque
1569 2996 1643 3053 ad
1677 2995 1858 3055 finem
1896 2999 2102 3056 saeculi
2146 2997 2451 3066 duratura,
2482 3011 2694 3056 seeun-

258 3068 408 3129 dum
436 3070 584 3127 illud
619 3069 776 3139 lsai„
806 3082 889 3139 lx,
908 3075 940 3126 '2
973 3087 986 3125 :
1018 3069 1194 3138 Super
1218 3069 1416 3125 sonum
1440 3068 1642 3133 Dauid,
1671 3072 1722 3123 et
1764 3083 1927 3139 super
1968 3084 2197 3138 reanum
2223 3070 2343 3139 qius
2388 3068 2607 3132 sedebit.
2632 3071 2697 3125 ut

258 3144 539 3211 continuet
569 3141 730 3208 illud,
755 3143 809 3196 et
831 3139 1135 3197 eof-roboret
1162 3141 1223 3194 in
1247 3139 1462 3209 jndicio
1487 3143 1537 3193 et
1556 3138 1804 3208 justitia,
1834 3138 2025 3196 amodo
2051 3144 2102 3195 et
2121 3155 2293 3211 usque
2327 3142 2387 3196 in
2423 3142 2697 3209 sempiter-

258 3225 417 3268 num.
445 3210 826 3268 Manifestum
854 3216 948 3268 est
968 3210 1150 3281 igitur
1181 3209 1337 3281 quod
1368 3209 1452 3265 ita
1478 3209 1619 3266 illos
1710 3210 1768 3266 ui
1815 3214 1958 3267 tunc
2001 3216 2191 3279 erant,
2239 3211 2301 3267 in
2354 3209 2693 3268 ministerio

261 3282 601 3349 constituit,
633 3286 696 3337 ut
725 3293 930 3337 eorum
961 3283 1226 3349 potestas
1255 3279 1618 3336 derivaretur
1644 3294 1676 3336 a
1747 3286 2019 3350 posteros
2066 3295 2173 3351 pro
2199 3281 2451 3338 utilitate
2501 3279 2693 3339 Eccle-

258 3350 373 3411 siae
401 3363 591 3423 usque
620 3350 691 3406 ad
723 3349 902 3407 tinem
927 3349 1166 3419 saeculi3
1190 3350 1516 3421 praesertim
1546 3363 1682 3406 cum
1709 3349 1838 3420 ipse
1860 3351 2040 3422 dicat,
2068 3351 2294 3421 Matth„
2323 3363 2538 3419 xxvm,
2566 3353 2639 3408 20
2669 3367 2685 3407 ε

261 3422 401 3481 Ecce
426 3436 523 3490 eqo
542 3420 815 3476 vobiscum
832 3436 953 3476 sitm
973 3435 1142 3490 usque
1168 3421 1246 3476 acl
1264 3423 1775 3482 consummationem
1790 3422 1992 3477 seculi.

335 3495 449 3549 Per
505 3489 622 3549 hoc
667 3497 866 3548 autem
907 3490 1240 3548 excluditur
1280 3491 1676 3564 quorumdam
1721 3497 2237 3563 praesumptuosus
2274 3505 2462 3559 error,
2491 3490 2595 3562 qui
2626 3501 2697 3551 se

265 3562 629 3622 subducere*
662 3561 934 3618 nituntur
980 3561 1054 3618 ab
1110 3561 1448 3618 ohedientia
1501 3568 1562 3618 et
1617 3561 1987 3633 subjectione
2030 3563 2185 3619 Petri
2203 3602 2221 3625 ,
2281 3571 2696 3622 successorem

264 3632 401 3705 ejus
444 3634 778 3690 Romanum
801 3629 1147 3689 Pontificem
1182 3632 1542 3690 universalis
1571 3632 1852 3691 Ecclesiae
1875 3637 2178 3705 pastorem
2205 3644 2332 3691 non
2362 3641 2693 3704 recognos—

1193 3863 1446 3927 CAPUT
1479 3861 1770 3929 LXXVII.

490 4035 644 4088 QUOD
679 4035 792 4082 m
824 4035 1015 4082 mos
1049 4033 1361 4081 mmsnos
1399 4033 1791 4084 SAGRAMENTA
1820 4033 2167 4082 msrmtsm
2200 4031 2477 4081 Possum.

345 4200 428 4255 Ex
449 4198 546 4256 his
577 4213 708 4271 quae
735 4198 1049 4269 praemissa
1078 4202 1241 4266 sunt,
1274 4196 1659 4254 manifestum
1691 4203 1783 4254 est
1809 4196 1968 4268 quod
1995 4196 2253 4254 ministri
2286 4198 2563 4255 Ecclesiae
2591 4211 2695 4268 po-

269 4272 519 4325 tentiam
597 4269 868 4325 uamdam
903 4267 966 4324 in
997 4267 1239 4324 Ordinis
1270 4269 1655 4336 susceptione
1684 4267 1971 4324 divinitus
2021 4267 2360 4338 suscipiunt
2398 4269 2469 4325 ad
2502 4279 2697 4324 sacra-

265 4346 472 4396 menta
503 4338 540 4395 fi
585 4339 780 4395 elihus
813 4338 1233 4409 dispensanda.
1293 4337 1462 4405 Quod
1494 4344 1688 4394 autem
1722 4336 1900 4394 alicui
1930 4337 2014 4393 rei
2046 4351 2149 4408 per
2185 4338 2696 4396 consecrationem

267 4409 597 4480 acquiritur
641 4413 923 4478 perpetuo
951 4408 1014 4464 in
1044 4421 1115 4464 eo
1145 4412 1346 4465 manet
1374 4422 1388 4461 ε
1419 4407 1578 4464 unde
1626 4407 1774 4464 nihil
1804 4415 2220 4468 consecratum
2247 4409 2456 4467 iterato
2481 4417 2692 4461 conse—
