3076 5025
396 391 501 449 132
1296 384 1429 440 Lm.
1470 384 1552 452 11,
1591 382 1743 439 CAP.
1784 382 1915 438 LVI.

469 512 684 573 Adhuc,
716 522 1103 581 quaecumque
1135 504 1430 579 incipiunt
1453 517 1590 561 esse
1625 508 1686 562 et
1721 502 2023 568 desinunt,
2048 514 2154 574 per
2184 500 2449 559 eamdem
2490 499 2816 572 potentiam

399 582 620 642 habent
667 585 1000 650 utrumque.
1048 577 1262 634 Eadem
1308 575 1466 633 enini
1512 580 1604 631 est
1651 575 1915 644 potentia
1958 571 2033 629 ad
2078 585 2214 630 esse
2252 578 2310 629 et
2350 584 2469 629 non
2500 584 2659 628 esse.
2704 572 2815 629 Sed

399 650 749 712 substantiae
779 648 1208 706 intellectuales
1254 659 1375 703 non
1426 649 1707 717 poterunt
1756 644 2016 714 incipere
2045 656 2181 701 esse
2211 641 2328 723 nisi
2360 655 2464 713 pei·
2489 641 2817 721 potentiam

328 764 331 773 .
399 723 576 796 primi
622 721 878 791 agentis.
910 721 1035 776 Non
1087 717 1246 775 enim
1302 722 1444 774 sunt
1470 730 1543 773 ex
1594 714 1842 772 materia
1893 726 2025 785 quae
2078 717 2334 784 potuerit
2388 712 2727 784 praefuisse,
2758 717 2825 769 ut

399 798 710 851 ostensum
741 794 834 847 est
861 789 934 862 (o.
965 787 1075 860 3ο).
1110 789 1296 860 Igitur
1340 799 1450 843 nec
1496 790 1590 843 est
1617 785 1817 858 aliqua
1860 783 2125 855 potentia
2153 783 2227 840 ad
2276 795 2395 840 non
2426 796 2561 839 esse
2590 795 2820 849 eorum,

311 898 332 911 -.
401 862 521 921 nisi
553 862 612 917 in
644 861 835 932 primo
878 864 1111 931 agente,
1160 855 1489 915 secundum
1532 854 1690 928 quod
1738 860 1931 926 potest
1956 866 2079 911 non
2126 853 2375 910 influere
2404 852 2494 910 eis
2522 865 2683 910 esse.
2710 852 2823 909 Sed

400 947 476 991 cx
504 933 612 990 hac
642 930 774 989 sola
804 928 1067 1001 potentia
1092 928 1240 985 nihil
1262 933 1457 998 potest
1483 926 1599 983 dici
1624 924 2008 1004 corruptibile
2036 941 2051 993 3
2081 928 2208 981 tum
2234 923 2376 1004 quia
2414 936 2508 1004 res
2537 923 2823 980 dicuntur

401 1001 760 1061 necessariae
788 1005 848 1056 et
884 998 1298 1069 contingentes
1340 996 1673 1055 secundum
1715 1001 2037 1066 potentiam
2065 1008 2198 1066 quae
2236 999 2415 1051 estin
2444 1006 2556 1061 eis,
2606 997 2665 1050 et
2704 1006 2826 1050 non

401 1072 734 1131 secundum
764 1070 1085 1141 potentiam
1115 1068 1239 1136 Dei,
1271 1072 1335 1124 ut
1378 1080 1560 1138 supra
1589 1067 1664 1139 (c.
1695 1067 1785 1138 30)
1816 1071 2126 1123 ostensum
2155 1069 2282 1133 est;
2312 1069 2438 1120 tum
2468 1063 2648 1121 etiam
2681 1064 2827 1144 quia

403 1146 584 1211 Deus,
614 1143 712 1214 qui
746 1145 837 1198 est
856 1140 1161 1198 institutor
1179 1143 1423 1205 naturae,
1447 1150 1567 1194 non
1593 1137 1889 1195 subtrabit
1918 1135 2094 1193 rebus
2117 1134 2174 1192 id
2203 1134 2361 1207 quod
2394 1138 2486 1192 est
2514 1147 2825 1206 proprium

405 1212 638 1271 naturis
668 1223 893 1268 earum.
927 1212 1246 1268 ostensum
1269 1214 1362 1266 est
1385 1214 1580 1265 autem
1613 1207 1771 1280 quod
1801 1206 2104 1287 proprium
2140 1205 2371 1262 naturis
2399 1204 2824 1285 intellectuali-

400 1282 519 1342 bus
550 1287 641 1340 est
723 1281 842 1338 uod
883 1280 1006 1337 sint
1032 1294 1135 1352 per
1177 1285 1366 1347 etuae3
1398 1278 1555 1336 unde
1602 1277 1717 1334 hoc
1762 1291 1850 1335 eis
1878 1290 1914 1332 a
1943 1278 2061 1333 Deo
2108 1289 2228 1333 uon
2261 1274 2652 1333 subtrahitur.
2681 1277 2830 1333 Sunt

399 1353 589 1427 igitur
614 1366 683 1410 su
729 1351 962 1409 stantiae
990 1350 1133 1407 intel
1161 1349 1423 1408 ectuales
1447 1364 1516 1405 ex
1548 1348 1710 1406 omni
1776 1352 1899 1405 arte
1929 1346 2433 1417 incorruptibiles.

477 1424 625 1480 Hinc
653 1427 745 1480 est
791 1421 952 1495 quod
989 1420 1052 1477 in
1082 1422 1178 1477 Ps.
1221 1423 1552 1486 cxtv111,6:
1598 1421 1677 1474 La
1794 1422 1845 1473 te
1884 1419 2167 1472 Dominum
2202 1416 2270 1470 de
2295 1417 2458 1479 coelis,
2497 1428 2827 1472 connume-

401 1493 552 1552 ratis
584 1491 816 1563 angelis
841 1498 897 1548 et
922 1489 1268 1548 coelestibus
1294 1488 1666 1560 corporibus»,
1695 1487 2079 1560 subjungitur
2106 1504 2121 1542 t
2151 1486 2358 1542 Statuit
2387 1500 2453 1540 ea
2478 1487 2540 1540 in
2564 1490 2831 1542 aeternum

406 1567 459 1619 et
481 1565 543 1618 in
568 1564 822 1619 saeculum
847 1561 1029 1617 saeculz'
1054 1579 1074 1627 ς
1115 1573 1220 1631 per
1241 1559 1401 1633 quod
1450 1559 1866 1630 praedictorum
1896 1556 2259 1637 perpetuitas
2283 1556 2653 1627 designatur.
2683 1556 2824 1636 Djo-

407 1633 620 1706 nysius
664 1632 841 1689 etiam
874 1631 937 1688 in
979 1635 1014 1688 4
1045 1643 1175 1702 cap.
1217 1632 1295 1687 De
1310 1630 1517 1686 divinis
1557 1629 1863 1685 nominibus
1913 1626 2054 1684 dicit
2096 1626 2255 1700 quod
2287 1646 2317 1676 «
2346 1633 2586 1698 propter
2612 1626 2831 1685 divlnae

406 1702 696 1760 bonitatis
727 1701 926 1759 radios
956 1700 1351 1759 substiterunt
1379 1699 1566 1756 intelli
1616 1700 1791 1757 ibiles
1819 1704 1877 1756 et
1905 1696 2337 1778 intellectuales
2366 1697 2742 1777 substantiae,
2772 1704 2831 1777 et

408 1778 550 1831 sunt
593 1777 652 1830 et
685 1772 909 1840 vivunt,
940 1776 999 1827 et
1025 1771 1245 1828 habent
1273 1771 1450 1827 vitam
1499 1771 1561 1826 in
1607 1770 1958 1834 elicientem,
1987 1773 2046 1824 et
2075 1766 2575 1848 imm-inorabilem
2604 1767 2680 1824 ab
2703 1781 2835 1826 um-

407 1855 585 1900 versa
609 1842 1008 1913 corruptione,
1040 1847 1099 1898 et
1125 1841 1529 1913 generatione,
1560 1845 1618 1896 et
1636 1846 1846 1908 morte,
1877 1837 2115 1895 mundae
2135 1843 2480 1908 existenteS,
2501 1843 2561 1896 et
2586 1838 2832 1897 elevatae

410 1912 484 1973 ab
508 1913 777 1971 instabili
804 1917 863 1971 et
887 1911 1049 1971 fluxa
1074 1911 1400 1969 variatione
1428 1931 1484 1967 ».
1514 1909 1559 1981 (1
1584 1914 1759 1983 part.,
1787 1924 1845 1984 q.
1876 1921 1919 1979 1,
1947 1913 2057 1968 art.
2087 1908 2169 1982 5.)

1397 2128 1648 2193 CAPUT
1684 2128 1832 2192 LVI.

515 2309 630 2356 PER
654 2309 815 2362 emm
849 2308 1056 2356 Monuit
1096 2308 1456 2356 suns'rmm
1497 2308 1978 2356 mmmcwitus
2022 2307 2222 2355 Possm*
2256 2306 2500 2356 colu’olu
2536 2306 2726 2357 mmu.

485 2475 626 2532 Cum
660 2477 858 2532 autem
886 2486 1068 2546 supra
1092 2472 1165 2546 (c.
1194 2476 1263 2531 49
1292 2478 1351 2531 et
1374 2472 1464 2545 51)
1495 2476 1805 2530 ostensum
1824 2471 1904 2530 sit
1930 2469 2325 2530 substantiam
2366 2471 2832 2533 intellectualem

413 2558 536 2603 non
570 2558 707 2602 esse
744 2557 961 2615 corpus
990 2558 1181 2617 neque
1208 2546 1485 2602 virtutem
1531 2543 1793 2614 aliquam
1821 2555 2131 2670 acorpore
2160 2543 2613 2623 dependentem,
2645 2551 2838 2603 restat

416 2614 899 2699 inrestigandum
954 2622 1153 2673 utrum
1208 2614 1412 2688 aliqua
1475 2614 1812 2671 substantia
1872 2619 1993 2670 inte
2021 2613 2292 2672 lectualis
2345 2615 2581 2686 corpori
2633 2617 2834 2686 possit

411 2698 591 2744 uniri.

487 2759 582 2814 Est
611 2760 809 2814 autem
836 2756 1029 2828 primo
1057 2754 1440 2812 manifestum
1469 2754 1629 2826 quod
1661 2753 1999 2812 substantia
2026 2753 2450 2812 intellectualis
2480 2768 2600 2812 non
2630 2760 2833 2826 potest

414 2827 649 2897 corpori
676 2826 831 2883 uniri
862 2839 968 2897 per
991 2825 1232 2882 modum
1279 2825 1608 2882 mixtionis.
1643 2826 1783 2893 Quae
1808 2826 1965 2882 enim
1998 2825 2344 2894 miscentur,
2376 2831 2609 2896 oportet
2637 2825 2714 2882 ad
2744 2827 2832 2883 in-

413 2897 601 2953 vicem
629 2897 875 2953 alterata
902 2909 1074 2964 esse;
1101 2894 1258 2967 quod
1307 2908 1426 2952 non
1456 2896 1752 2967 contingit
1779 2895 1896 2952 nisi
1942 2895 2004 2952 in
2036 2895 2130 2953 his
2179 2908 2432 2968 quorum
2464 2903 2555 2952 est
2582 2897 2837 2954 materia

415 2969 641 3033 eadem,
673 2980 804 3037 quae
834 2971 1087 3037 possunt
1112 2978 1246 3022 esse
1275 2967 1465 3023 activa
1493 2971 1550 3022 et
1586 2966 1822 3037 passiva
1852 2964 1923 3022 ad
1944 2965 2218 3022 invicem.
2250 2966 2606 3023 Substantias
2631 2972 2835 3024 autem

415 3036 850 3093 intellectuales
879 3048 1001 3091 non
1044 3035 1490 3092 communicant
1530 3036 1594 3092 in
1626 3036 1872 3093 materia
1901 3049 2037 3092 cum
2068 3036 2458 3106 corporibus;
2495 3042 2636 3092 sunt
2664 3037 2833 3093 enim

413 3105 859 3233 iriffiiateriales,
892 3109 1163 3176 utsupra
1190 3104 1265 3176 (c.
1290 3105 1381 3177 50)
1413 3109 1722 3163 ostensum
1752 3110 1863 3163 est.
1893 3107 2024 3163 Non
2053 3111 2195 3163 sunt
2222 3106 2406 3179 igitur
2428 3107 2657 3177 corpori
2688 3106 2835 3164 mis-

413 3190 465 3236 ci
512 3188 644 3233 ies.

483 3246 699 3313 Adhuc,
730 3259 862 3318 quae
889 3245 1236 3315 miscentur,
1284 3245 1571 3303 mixtione
1609 3245 1735 3318 jam
1780 3246 2057 3318 perfecta,
2106 3259 2229 3305 non
2259 3252 2502 3303 manent
2529 3251 2687 3313 actu,
2720 3245 2833 3306 sed

413 3316 629 3374 virtute
657 3323 907 3373 tantum.
957 3318 1104 3373 Nam
1133 3316 1185 3373 si
1233 3321 1367 3373 actu
1408 3321 1734 3385 manerent,
1786 3330 1908 3374 non
1943 3321 2104 3374 esset
2156 3317 2385 3384 mixti0,
2414 3316 2518 3374 sed
2549 3316 2833 3376 confusio

415 3393 641 3444 tantum
667 3405 682 3453 ;
713 3387 868 3443 unde
897 3399 1115 3456 corpus
1135 3385 1383 3443 mixtum
1409 3401 1479 3443 ex
1509 3386 1822 3443 elementis
1844 3387 2072 3443 nullum
2100 3400 2307 3446 eorum
2337 3392 2447 3443 est.
2480 3388 2602 3444 Hoc
2627 3393 2833 3446 autem

414 3455 786 3528 impossibile
816 3461 908 3514 est
954 3456 1221 3514 accidere
1274 3457 1627 3514 substantiis
1666 3457 2169 3515 intellectualibus
2199 3475 2214 3526 ;
2242 3462 2386 3515 sunt
2419 3458 2578 3514 enim
2641 3457 2837 3516 incor-

414 3526 747 3598 ruptibileS‚
774 3532 839 3584 ut
884 3539 1067 3597 supra
1111 3526 1185 3598 (c.
1236 3527 1324 3607 55)
1371 3534 1683 3585 ostensum
1724 3533 1834 3585 est.
1882 3530 2012 3585 Non
2044 3528 2225 3602 igitur
2249 3532 2446 3599 potest
2494 3528 2838 3587 substantia

414 3596 835 3655 intellectualis
863 3598 1020 3655 uniri
1046 3609 1277 3668 corpori
1306 3611 1413 3668 per
1448 3599 1690 3656 modum
1721 3598 2051 3656 mixtionis.

485 3667 770 3724 Similiter
794 3672 992 3724 autem
1042 3672 1202 3739 patet
1236 3666 1395 3738 quod
1440 3668 1777 3727 substantia
1814 3667 2233 3727 intellectualis
2274 3680 2397 3726 non
2435 3671 2632 3738 potest
2671 3668 2833 3726 uniri

415 3738 648 3808 corpori
696 3751 800 3809 per
841 3738 1085 3794 moduni
1130 3743 1442 3796 contactus
1497 3739 1735 3810 proprie
1797 3739 2042 3809 sumpti.
2108 3741 2322 3797 Tactus
2373 3739 2535 3796 enim
2585 3739 2834 3799 nonnisi

414 3821 730 3879 corporum
751 3812 841 3865 est
869 3826 883 3877 ;
916 3813 1057 3866 sunt
1100 3808 1256 3865 enim
1305 3808 1610 3881 tangentia
1638 3821 1889 3881 quorum
1917 3814 2059 3867 sunt
2095 3809 2306 3867 ultima
2334 3807 2536 3876 simul,
2588 3814 2651 3866 ut
2676 3823 2833 3880 pun-

415 3882 530 3946 cta,
561 3885 663 3935 aut
690 3879 883 3946 lineae,
914 3883 1016 3936 aut
1040 3876 1405 3949 superficies,
1432 3893 1568 3958 quae
1589 3884 1731 3936 sunt
1757 3893 2070 3950 corporum
2098 3880 2329 3948 ultima,
2361 3893 2481 3936 non
2515 3878 2703 3952 igitur
2727 3893 2838 3952 per

416 3948 659 4004 modum
688 3954 1035 4007 conctactus
1064 3948 1399 4007 substantia
1426 3948 1854 4008 intellectualis
1881 3951 2116 4021 corpori
2147 3950 2305 4008 uniri
2344 3955 2562 4021 potest.

446 4085 457 4097 .
487 4019 564 4073 Ex
595 4018 710 4075 boc
738 4024 933 4077 autem
993 4019 1348 4091 relinquitur
1398 4019 1558 4091 quod
1591 4033 1782 4092 neque
1811 4020 2281 4090 continuatione,
2306 4033 2500 4092 neque
2525 4021 2830 4092 composi·

417 4091 601 4168 tione,
635 4101 827 4167 neque
853 4088 1258 4162 colligatione,
1310 4103 1380 4146 ex
1430 4090 1769 4148 substantia
1812 4090 2198 4149 intellectuali
2245 4096 2305 4148 ct
2358 4104 2607 4163 corpore
2639 4102 2821 4149 unum

417 4155 544 4213 fleri
576 4165 804 4226 possin
837 4160 1039 4217 omnia
1072 4160 1229 4217 enim
1261 4159 1387 4217 haec
1416 4160 1549 4217 sine
1574 4165 1850 4218 contactu
1878 4173 2014 4218 esse
2047 4174 2171 4219 non
2195 4166 2474 4233 possunt.

489 4228 589 4307 Est
611 4234 810 4309 autem
848 4229 1087 4301 quidam
1118 4229 1333 4287 modus
1376 4237 1688 4288 contactus
1715 4244 1836 4304 quo
1865 4231 2204 4291 substantia
2246 4231 2671 4291 intellectualis
2698 4244 2833 4290 cor·

416 4309 546 4369 pori
578 4310 814 4354 misceri
841 4305 1055 4370 potest.
1086 4303 1345 4372 Corpora
1382 4302 1540 4358 enim
1575 4302 1869 4374 naturalia
1893 4302 2195 4373 tangendo
2238 4315 2309 4360 so
2351 4303 2624 4370 alterant,
2650 4308 2711 4360 et
2739 4303 2838 4362 sic

419 4368 493 4426 ad
521 4367 772 4424 invicem
802 4369 1110 4448 uniuntur,
1140 4385 1262 4428 non
1290 4369 1488 4429 solum
1521 4370 1849 4429 secundum
1881 4372 2091 4431 ultima
2117 4372 2487 4446 quantitatis,
2515 4371 2619 4430 sed
2649 4373 2835 4431 etiam

418 4437 745 4519 secundum
775 4439 1242 4520 ‘similitudinem
1285 4442 1592 4514 qualitatis
1637 4447 1740 4500 aut
1788 4443 2024 4513 sormae,
2082 4443 2219 4501 dum
2272 4443 2532 4501 alterans
2576 4443 2835 4501 soi-mani

419 4520 588 4566 suam
615 4516 898 4580 imprimit
927 4524 988 4566 in
1036 4513 1367 4581 alteratum,
1406 4517 1484 4581 et,
1515 4513 1787 4586 quamvis
1820 4514 1873 4572 si
1904 4513 2358 4574 considerentur
2383 4513 2580 4573 solum
2614 4513 2834 4571 ultima
