3076 5025
1147 299 1281 356 ΠΒ.
1317 300 1409 370 w,
1449 299 1604 359 GAP.
1641 300 1817 359 XLVI.
2589 310 2687 366 571

263 433 527 547 cortpora
548 424 758 479 nostra
793 420 1179 481 materialiter
1208 422 1533 481 constituta
1577 427 1720 482 sunt
1746 437 1820 481 ex
1845 436 1921 482 eo
1959 423 2121 498 quod
2162 429 2255 484 est
2288 431 2590 500 sumptum
2622 443 2698 489 ex

266 504 369 550 ma
395 505 479 548 re.
925 520 934 529 ·

340 561 401 619 Si
433 574 571 620 vero
600 561 814 634 aliquis
838 561 1132 634 praedictae
1159 563 1443 633 positioni
1474 563 1805 624 Aristotelis
1832 578 1896 624 re
1939 570 2144 638 ugnet,
2171 566 2368 626 adhuc
2411 567 2697 638 praedicta

265 631 530 692 oh‘ectio
559 631 885 692 efficaciam
911 646 1035 692 non
1063 632 1260 691 babet.
1284 633 1621 692 Similitudo
1654 634 1811 693 enim
1856 649 1893 693 a
1922 636 2193 710 ’quorum
2234 644 2340 696 aut
2385 638 2695 698 dissimili·
2730 676 2733 679 π

265 648 440 771 tudo,
467 703 539 785 in·
561 703 826 785 materia,
863 716 985 760 non
1015 704 1335 762 attenditur
1360 705 1691 786 secundum
1719 710 1968 788 statum·
1987 706 2246 764 materiae
2286 708 2352 766 in
2402 710 2693 781 principio
2723 690 2734 767 l

265 779 702 847 generationis,
732 774 838 833 sed
869 775 1198 833 secundum
1237 775 1637 834 conditionem
1669 781 1927 835 materiae
1947 790 2071 848 jam
2116 782 2474 850 praeparatae,
2517 786 2726 852 prout:

265 848 366 902 est
398 844 460 900 in
487 845 741 902 termino
768 844 1209 917 generationis3
1241 858 1364 904 non
1393 847 1550 904 enim
1574 844 1772 904 differt
1795 847 2129 905 secundum
2156 848 2460 907 materiam
2492 865 2596 909 aer
2616 864 2693 911 ex

269 918 433 971 terra
455 914 547 971 vel
577 930 646 971 ex
675 930 830 988 aqua
856 922 1198 996 generatus,
1227 917 1388 990 quia,
1419 917 1559 974 licet
1585 932 1741 989 aqua
1767 923 1826 975 et
1848 923 2005 976 terra
2031 918 2096 975 in
2121 918 2413 990 principio
2442 934 2694 993 genera·

267 984 457 1043 tionis
485 984 815 1044 differentia
843 992 983 1054 sint,
1011 992 1210 1045 tamen
1239 1001 1345 1058 per
1370 988 1662 1046 actionem
1691 989 2032 1060 generantis
2056 988 2130 1047 ad
2152 1002 2331 1047 unam
2355 991 2695 1060 dispositio-

267 1067 407 1112 nem
440 1055 822 1114 reducuntur.
854 1057 947 1114 Sic
975 1056 1155 1131 igitur
1176 1057 1376 1116 divina
1402 1058 1614 1117 virtute
1643 1058 1887 1118 materia
1914 1073 2045 1132 quae
2074 1059 2270 1118 solum
2324 1074 2397 1118 ex
2443 1061 2693 1122 muliere

268 1125 529 1184 sumitur
596 1130 750 1185 otest
794 1126 1021 1197 reduci,
1052 1127 1114 1186 in
1163 1126 1282 1185 fine
1327 1129 1750 1202 generationiS‚
1798 1128 1873 1189 ad
1918 1128 2189 1211 camdeni
2236 1129 2693 1201 dispositionem

265 1210 449 1268 quam
483 1197 558 1253 ba
602 1202 659 1253 et
681 1197 945 1262 materia,
977 1197 1029 1257 si
1058 1203 1330 1257 sumatur
1357 1199 1538 1256 simul
1567 1214 1640 1257 ex
1666 1213 1829 1257 mare
1858 1204 1917 1258 et
1962 1201 2201 1259 femina.
2238 1201 2397 1259 Unde
2429 1214 2549 1258 non
2581 1202 2696 1260 erit

267 1266 476 1338 aliqua
499 1267 946 1336 dissimilitudo,
975 1275 1216 1340 propter
1245 1269 1647 1328 diversitatem
1690 1271 1973 1334 materiae,
2002 1271 2161 1331 inter
2203 1284 2421 1342 corpus
2446 1272 2689 1344 Christi,

265 1336 434 1408 quod
464 1337 665 1395 divina
693 1338 905 1396 virtute
934 1338 1252 1397 formatum
1281 1345 1470 1398 estex
1497 1341 1744 1399 materia
1778 1354 1817 1399 a
1855 1341 1990 1400 sola
2036 1346 2225 1400 matre
2275 1349 2601 1413 assumpta,
2634 1348 2693 1401 et

267 1420 525 1479 corpora
567 1414 795 1478 nostra,
834 1421 966 1482 quae
1012 1409 1223 1468 virtute
1265 1415 1492 1469 naturae
1537 1412 1870 1471 formantur
1907 1425 1982 1469 ex
2025 1411 2293 1481 materia,
2342 1411 2575 1470 etiamsi
2614 1413 2690 1473 ab

267 1482 522 1549 utroque
573 1483 816 1550 parente
858 1485 1262 1538 assumantur.
1303 1480 1679 1537 Manifestum
1727 1486 1819 1539 est
1865 1481 2023 1538 enim
2067 1481 2227 1553 quod
2270 1481 2406 1553 plus
2434 1481 2628 1539 differt
2655 1496 2693 1543 a

267 1548 518 1607 materia
585 1561 675 1607 uae
707 1563 779 1607 ex
802 1548 929 1606 viro
956 1556 1015 1606 et
1043 1549 1290 1608 muliere
1316 1550 1492 1608 simul
1515 1550 1841 1609 assumitur
1859 1551 2039 1610 limus
2066 1556 2257 1618 terrae,
2288 1551 2359 1608 de
2388 1565 2509 1623 quo
2531 1554 2689 1614 Deus

309 1619 524 1677 rimum
604 1633 884 1679 umanum
911 1619 1212 1677 hominem
1246 1620 1520 1678 formavit
1551 1620 1748 1694 (qucm
1772 1620 1974 1693 utique
2000 1625 2236 1679 constat
2262 1620 2455 1680 fuisse
2483 1636 2689 1682 verum

313 1689 574 1746 ominem
606 1695 663 1746 et
690 1690 867 1748 nobis
895 1703 1002 1761 per
1028 1690 1229 1748 omnia
1256 1690 1555 1763 similem),
1586 1705 1765 1764 quam
1806 1691 2053 1751 materia
2091 1697 2331 1765 sumpta
2377 1692 2577 1753 solum
2619 1708 2692 1753 ex

266 1757 512 1824 femina,
553 1774 627 1817 ex
654 1774 773 1841 qua
800 1774 1019 1842 corpus
1048 1761 1264 1819 Christi
1288 1762 1606 1843 (orinatum
1645 1768 1756 1843 est.
2132 1832 2144 1845 .
2240 1833 2252 1845 .

339 1829 504 1887 Unde
556 1831 830 1888 nativitas
886 1831 1101 1889 Christi
1144 1845 1217 1890 ex
1260 1845 1487 1903 virgine
1541 1832 1689 1890 nihil
1733 1833 1981 1905 derogat
2023 1837 2254 1891 veritati
2298 1832 2690 1895 humanitatis

361 1899 461 1958 ius
496 1914 606 1958 nec
635 1900 1011 1959 similitudini
1042 1901 1174 1974 ejus
1197 1902 1277 1961 ad
1306 1916 1457 1972 nos;
1489 1901 1623 1960 licet
1671 1903 1828 1962 enim
1865 1904 2051 1963 virtus
2092 1904 2385 1963 naturalis
2429 1906 2693 1977 requirat

303 1970 720 2029 eterminatam
747 1972 1055 2030 materiam
1084 1971 1156 2031 ad
1186 1971 1642 2031 determinatum
1673 1972 1947 2032 effectum
1977 1988 2051 2032 ex
2100 1988 2172 2032 ea
2215 1974 2690 2049 producendum,

259 2040 454 2100 virtus
482 2046 683 2099 tamen
716 2042 933 2111 divina,
964 2055 1096 2116 quoe
1133 2046 1329 2114 potest
1354 2058 1428 2102 ex
1467 2043 1657 2102 nihilo
1686 2049 1901 2102 cuncta
1935 2043 2284 2116 producere,
2324 2045 2388 2102 in
2432 2047 2687 2118 agendo,

259 2110 341 2168 ad
365 2111 674 2181 materiam
709 2113 1162 2172 determinatam
1191 2127 1316 2172 non
1343 2119 1699 2172 coarctatur.
1730 2115 2010 2174 Similiter
2055 2116 2234 2173 etiam
2272 2128 2384 2173 nec
2424 2129 2535 2187 per
2574 2116 2691 2176 hoc

255 2180 489 2254 aliquid
524 2182 749 2254 deperit
776 2184 1049 2257 dignitati
1074 2185 1282 2243 matris
1325 2184 1538 2243 Christi
1626 2184 1746 2243 uod
1786 2186 1958 2266 virgo
2010 2185 2284 2256 concepit
2334 2189 2392 2243 et
2442 2187 2690 2257 peperit,

257 2252 410 2324 quin
434 2265 577 2309 vera
602 2258 661 2310 et
689 2254 977 2313 naturalis
1016 2262 1208 2313 mater
1249 2254 1376 2312 Filii
1423 2254 1528 2310 Dei
1612 2259 1836 2323 icatur;
1880 2260 2093 2313 virtute
2141 2255 2303 2312 enim
2352 2255 2556 2314 divina
2600 2256 2688 2314 fa·

257 2322 476 2391 ciente,
506 2324 812 2380 materiam
841 2325 1171 2381 naturalem
1192 2324 1265 2383 ad
1282 2323 1729 2397 generationem
1758 2325 2027 2396 corporis
2057 2324 2275 2382 Christi
2305 2325 2664 2384 ministravit

257 2392 423 2464 quod
453 2393 649 2450 solum
682 2407 752 2450 ex
777 2398 944 2474 parte
970 2395 1178 2451 matris
1209 2393 1525 2465 requiritur
1550 2412 1567 2462 3
1597 2408 1669 2451 ea
1692 2407 1835 2451 vero
1873 2408 2005 2466 qum
2028 2394 2093 2452 in
2120 2393 2256 2451 aliis
2284 2395 2573 2454 matribus
2608 2410 2643 2454 a

255 2463 704 2534 corruptionem
733 2463 1089 2538 virginitatis
1115 2463 1341 2523 iaciunt
1371 2476 1491 2521 non
1522 2463 1878 2522 ordinantur
1902 2462 2064 2522 adid
2109 2462 2269 2537 quod
2312 2465 2525 2523 matris
2568 2470 2682 2542 est,

259 2533 369 2592 sed
394 2534 594 2591 solum
614 2533 688 2592 ad
716 2532 774 2592 id
804 2535 964 2606 quod
998 2536 1181 2606 patris
1211 2539 1322 2602 est,
1355 2540 1420 2591 ut
1446 2547 1656 2592 semen
1682 2535 1866 2593 maris
1910 2534 1986 2594 ad
2037 2534 2237 2593 locum
2278 2534 2684 2607 generationis

261 2604 592 2676 perveniat.
625 2603 724 2677 (ill
753 2610 927 2677 part„
957 2619 1018 2678 q.
1047 2616 1262 2676 xxvm,
1292 2608 1402 2662 art.
1438 2608 1462 2662 i
1494 2608 1554 2662 et
1579 2604 1660 2676 2.)

1226 2823 1480 2888 CAPUT
1521 2823 1732 2890 XLVI.

728 2999 881 3054 ouon
917 3000 1194 3049 emistus
1228 3001 1419 3049 naras
1453 3002 1565 3076 Βξτ
1594 3001 1677 3049 nn
1712 3001 1941 3052 srmru
1973 3001 2214 3051 smero.

329 3163 618 3234 Quamvis
639 3167 839 3222 autem
868 3164 1067 3223 omnis
1095 3163 1295 3224 divina
1321 3164 1590 3237 operatio
1628 3177 1757 3247 qua·
1780 3164 2005 3247 aliquid
2046 3167 2111 3226 in
2151 3168 2443 3229 creaturis
2491 3170 2690 3243 agitur

253 3234 343 3295 sit
367 3235 475 3293 toti
503 3234 768 3292 'trinitati
795 3234 1152 3303 communiS,
1185 3238 1251 3293 ut
1276 3249 1349 3292 ex
1395 3248 1577 3306 supra
1620 3235 1839 3294 habitis
1884 3242 2198 3298 ostensum
2246 3244 2358 3308 est,
2408 3240 2688 3301 formatio

257 3311 460 3364 tamen
492 3304 763 3375 corporis
781 3305 1030 3386 ‘christu
1061 3319 1193 3386 quae
1220 3305 1419 3388 divina
1443 3306 1658 3389 virtute
1686 3306 1950 3388 perfecta
1973 3313 2087 3379 est,
2115 3310 2541 3372 convenienter
2556 3311 2686 3384 spi·

249 3374 399 3434 ritui
427 3380 639 3433 sancto
662 3374 1019 3446 attribuitur,
1047 3374 1186 3433 licet
1204 3380 1284 3434 sit
1313 3380 1417 3433 tou
1437 3378 1705 3435 'rrimtati
1730 3379 2090 3440 communis.

333 3448 455 3503 Hoc
479 3447 640 3503 enim
663 3459 994 3519 congruere
1018 3445 1249 3504 videtur
1271 3446 1668 3505 incarnationi
1694 3448 1886 3506 Verbi.
1917 3451 2086 3518 Nam,
2116 3451 2274 3510 sicut
2299 3451 2546 3510 verbum
2575 3464 2686 3512 no·

253 3521 448 3575 strum
478 3516 541 3573 in
575 3521 772 3574 mente
799 3521 1150 3588 conceptum
1181 3515 1477 3574 invisibile
1505 3523 1619 3585 est,
1650 3519 1909 3578 exterius
1953 3526 2150 3579 autem
2195 3534 2344 3579 voce
2387 3523 2685 3603 prolatum

251 3586 547 3645 sensibile
577 3586 674 3655 sit,
701 3587 782 3644 ita
808 3587 1062 3644 Verbum
1089 3586 1192 3644 Dei
1217 3587 1551 3645 secundum
1578 3588 2029 3660 generationem
2076 3596 2355 3650 aeternam
2395 3605 2460 3649 in
2506 3592 2687 3652 corde

251 3656 450 3716 Patris
470 3656 852 3714 invisibiliter
877 3657 1099 3738 existit,
1117 3671 1227 3739 per
1248 3657 1718 3739 incarnationem
1750 3663 1950 3741 autem
1996 3661 2175 3720 nobis
2195 3661 2432 3720 visibile
2463 3662 2687 3723 sactum

256 3732 392 3795 est;
425 3726 580 3786 unde
612 3727 783 3784 Verbi
810 3727 916 3785 Dei
940 3733 1272 3786 incarnatio
1301 3734 1395 3786 est
1439 3734 1599 3786 sicut
1634 3729 1863 3788 vocalis
1908 3732 2073 3789 verbi
2123 3732 2315 3790 nostri
2357 3733 2684 3804 expressio.

256 3798 583 3868 Expressio
637 3804 834 3856 autem
858 3797 1084 3856 vocalis
1112 3798 1274 3856 verbi
1305 3798 1494 3856 nostri
1525 3798 1593 3856 fit
1620 3813 1727 3872 per
1764 3799 2035 3872 spiritum
2073 3805 2346 3860 nostrum
2377 3817 2482 3875 per
2510 3816 2688 3886 quem

255 3880 378 3949 vox
418 3868 581 3926 verbi
628 3868 820 3926 nostri
865 3868 1173 3950 formatur.
1207 3869 1642 3928 convenienter
1662 3868 1850 3944 igitur
1879 3876 1942 3931 et
1984 3884 2091 3944 per
2115 3872 2397 3946 Spiritum
2421 3873 2554 3938 Filii
2583 3873 2689 3934 Dei

249 3950 394 4010 eJus
422 3938 636 4003 carnis,
653 3938 927 3997 formatio
955 3939 1170 4005 dicitnr
1200 3937 1375 3997 facta.

254 4009 262 4018 '
329 4009 621 4066 Convenit
644 4009 824 4067 etiam
849 4008 967 4067 hoc
995 4014 1054 4067 et
1080 4008 1452 4083 generationi
1473 4008 1773 4070 humanm.
1793 4012 1995 4071 Virtus
2017 4012 2179 4073 enim
2206 4014 2400 4074 activa
2425 4029 2560 4091 quae
2597 4018 2691 4076 est

249 4076 320 4137 in
345 4079 582 4137 semine
607 4078 897 4148 humanO,
930 4078 1003 4137 ad
1031 4093 1096 4137 se
1122 4078 1365 4137 trahens
1389 4079 1694 4138 materiam
1741 4095 1873 4155 quae
1902 4081 2080 4140 fuerit
2105 4097 2143 4142 a
2167 4090 2378 4156 matre,
2415 4101 2525 4160 per
2567 4085 2689 4159 spi-

251 4148 436 4207 ritum
495 4156 813 4232 operatur;
860 4149 1143 4208 fundatur
1183 4150 1343 4208 enim
1389 4148 1735 4221 hujusmodi
1783 4152 1970 4211 virtus
2024 4153 2090 4211 in
2139 4155 2351 4226 spiritu
2374 4153 2396 4220 ‚⁸
2492 4165 2691 4230 ropter

249 4218 432 4299 cujus
482 4220 913 4278 continentiam
955 4233 1162 4278 semen
1199 4233 1554 4291 spumosum
1604 4225 1836 4293 oportet
1874 4233 2012 4281 esse
2058 4227 2117 4281 et
2165 4224 2388 4284 album.
2481 4229 2690 4286 erbum

251 4289 441 4370 igitur
485 4290 610 4358 Dei,
640 4290 758 4348 sibi
803 4303 1024 4362 corpus
1070 4303 1389 4349 assumens
1428 4304 1501 4348 ex
1528 4290 1781 4364 virgine,
1819 4292 2244 4354 convenienter
2264 4294 2383 4357 hoc
2408 4312 2517 4371 per
2558 4294 2687 4367 Spi-

254 4365 437 4420 ritum
468 4365 742 4418 sanctum
773 4359 968 4429 debet,
997 4373 1236 4443 carnem
1249 4361 1655 4443 assumendo,
1686 4362 1964 4422 formare.

326 4430 615 4490 convenit
656 4430 835 4490 etiam
863 4430 983 4491 boc
1022 4430 1099 4492 ad
1144 4430 1569 4491 insinuandam
1609 4446 1856 4493 causam
1884 4432 1961 4495 ad
2002 4433 2479 4496 incarnationem
2512 4430 2687 4494 verbi
