3076 5025
386 287 458 346 48
1126 234 1131 241 ’
1283 280 1417 340 mi.
1455 282 1503 346 i,
1543 279 1697 362 aar.
1733 280 1921 339 mii.

388 404 721 467 secundum
738 402 983 462 modum
1004 416 1130 462 suae
1149 402 1593 474 completionis.
1623 405 1768 461 Nam
1785 404 1943 460 utAu
2034 401 2231 461 stinus
2252 400 2355 475 (De
2373 401 2603 471 Trinit„
2641 403 2819 533 noa?

388 476 534 538 dicit
559 475 718 549 quod
747 474 810 532 in
843 474 941 533 his
968 487 1100 546 quae
1130 486 1255 531 non
1276 472 1433 531 mole
1460 485 1682 554 magna
1704 478 1867 542 sunt,
1899 472 1941 529 il
1971 470 2049 530 ud
2081 484 2258 553 omne
2287 477 2380 530 est
2408 471 2602 553 majus
2688 489 2727 556 u
2761 544 2774 555 .

390 553 483 607 est
508 546 725 605 melius
762 556 920 604 esse.
950 542 1398 603 ostendendum
1444 549 1540 601 est
1586 549 1770 616 igitur
1816 542 2151 602 secundum
2195 557 2227 600 e
2255 556 2327 600 us
2376 548 2644 616 magnitu
2691 557 2822 603 inis

387 617 636 678 modum
691 618 879 673 Deum
923 613 1223 672 infinitum
1268 626 1425 683 esse,
1480 625 1604 671 non
1653 618 1851 671 autem
1910 613 2000 671 sic
2047 618 2113 670 ut
2161 612 2224 670 in
2272 613 2460 671 nitum
2526 613 2825 684 privative

389 686 736 759 accipiatur,
767 685 925 744 sicut
961 684 1026 742 in
1067 683 1394 757 quantitate
1441 682 1777 742 dimensiva
1818 683 1908 741 vel
1940 683 2264 752 numerali;
2296 696 2434 765 nam
2464 682 2814 756 hujusmodi

391 758 699 832 quantitas
729 760 872 813 nata
898 758 993 814 est
1038 753 1220 813 finem
1249 753 1489 812 habere.
1522 753 1685 811 Unde
1726 753 2058 813 secundum
2097 753 2560 812 subtractionem
2602 767 2816 815 eorum

393 842 529 903 quae
557 831 702 887 sunt
728 831 869 884 nata
896 825 1136 894 habere,
1166 822 1400 883 infinite
1428 824 1728 883 dicuntur.
1765 827 1828 881 Et
1843 829 2084 897 propter
2103 824 2217 882 boc
2262 824 2328 881 in
2374 823 2463 883 eis
2508 822 2815 884 infinitum

388 897 902 972 imperfectionem
926 895 1221 967 designat.
1253 895 1367 953 Sed
1404 894 1464 951 in
1511 897 1633 952 Deo
1671 893 1971 952 infinitum
2015 893 2287 967 negative
2323 899 2554 952 tantum
2589 894 2817 954 intelli·

389 968 571 1043 gitur,
600 968 743 1040 quia
770 966 976 1025 nullus
1004 969 1098 1024 est
1121 963 1505 1037 perfectionis
1526 978 1655 1023 suae
1679 965 1994 1034 terminuS‚
2016 964 2143 1023 sive
2160 963 2321 1035 finis,
2346 965 2452 1023 sed
2471 969 2564 1024 est
2576 977 2815 1026 summe

388 1038 758 1112 perfectum,
789 1042 850 1095 et
874 1036 966 1096 sic
993 1038 1116 1094 Deo
1142 1032 1441 1092 infinitum
1470 1035 1713 1094 attribui
1750 1035 1944 1093 debet.
1978 1037 2165 1093 Omne
2216 1048 2473 1116 namque
2518 1036 2681 1109 quod
2725 1050 2826 1094 se·

388 1109 650 1169 cundum
680 1120 852 1166 suam
882 1111 1155 1165 naturam
1183 1103 1418 1163 finitum
1442 1111 1554 1168 est,
1582 1105 1659 1163 ad
1686 1106 1927 1178 generis
1974 1105 2231 1187 alicujus
2276 1112 2569 1164 rationem
2614 1106 2815 1165 deter-

389 1178 673 1238 minatur.
705 1180 862 1235 Deus
891 1181 1090 1235 autem
1117 1187 1239 1233 non
1268 1181 1360 1234 est
1386 1177 1451 1233 in
1476 1176 1681 1248 aliquo
1711 1176 2072 1249 genere‚sed
2093 1188 2225 1248 ejus
2279 1176 2523 1235 erfectio
2539 1177 2815 1237 omnium

388 1262 679 1321 generum
703 1247 1099 1374 peiiisectiones
1125 1245 1413 1318 continet,
1444 1251 1511 1304 ut
1563 1259 1746 1318 supra
1786 1246 1938 1320 (cap.
1962 1250 2032 1305 25
2070 1250 2131 1304 et
2174 1249 2245 1304 28
2314 1251 2630 1306 ostensum
2670 1252 2766 1306 est
2794 1265 2818 1305 t

514 1319 526 1331 ‘
576 1320 695 1375 itur
721 1318 786 1375 in
830 1318 888 1374 ni
921 1330 1014 1375 us,

390 1324 734 1460 esttlrgptius,
766 1388 966 1445 omnis
995 1391 1164 1445 actus
1207 1386 1379 1445 alteri
1421 1385 1727 1445 inhaerens
1770 1386 2256 1445 terminationem
2282 1386 2493 1469 recipit
2526 1401 2604 1466 ex
2629 1401 2704 1446 eo
2749 1389 2818 1447 iu

391 1473 511 1532 quo
541 1465 635 1517 est
664 1477 678 1514 :
710 1457 853 1529 quia
871 1456 1031 1528 quod
1061 1462 1153 1515 est
1179 1456 1243 1514 in
1270 1457 1479 1526 altero,
1512 1456 1695 1514 estin
1723 1470 1796 1515 eo
1825 1472 1930 1529 per
1957 1457 2202 1516 modum
2228 1457 2595 1530 recipientis.
2622 1462 2810 1517 Actus

388 1529 577 1602 igitur
605 1529 670 1585 in
710 1527 879 1585 nullo
918 1525 1237 1595 exsistens,
1266 1526 1432 1584 nullo
1470 1527 1841 1585 terminatur.
1871 1531 2020 1585 Puta
2046 1528 2100 1586 si
2138 1526 2350 1586 albedo
2395 1534 2557 1587 esset
2594 1543 2701 1600 per
2743 1542 2815 1588 se

393 1599 718 1666 exsistenS,
750 1595 1034 1668 perfectio
1062 1595 1360 1654 albedinis
1386 1596 1451 1653 in
1480 1611 1551 1654 ea
1579 1610 1703 1654 non
1732 1597 2171 1667 terminaretur,
2202 1599 2527 1671 quominus
2567 1598 2820 1658 haberet

391 1666 679 1742 quicquid
707 1665 783 1723 de
808 1665 1193 1738 perfectionis
1222 1665 1520 1724 albedinis
1550 1665 1754 1725 baberi
1802 1672 2020 1738 potest.
2052 1670 2211 1726 Deus
2257 1673 2455 1726 autem
2502 1673 2595 1727 est
2637 1675 2815 1729 actus

390 1738 559 1797 nullo
587 1736 767 1796 modo
796 1736 859 1793 in
888 1736 1009 1794 alio
1038 1736 1356 1806 exsistens,
1387 1736 1529 1809 quia
1557 1751 1668 1794 nec
1695 1742 1785 1796 est
1815 1739 2009 1797 forma
2035 1738 2100 1795 in
2129 1738 2377 1798 materia
2405 1744 2468 1798 ut
2492 1739 2813 1810 probatum

391 1812 486 1868 est
513 1808 664 1881 (cap.
683 1810 752 1865 26
783 1812 841 1864 et
865 1807 957 1878 27)
986 1824 1001 1863 ι
1031 1820 1145 1865 nec
1168 1819 1304 1864 esse
1323 1819 1501 1866 suum
1525 1806 1778 1867 inhaeret
1796 1807 1975 1866 alicui
1999 1807 2202 1868 formoe
2231 1809 2322 1866 vel
2354 1814 2601 1881 naturae,
2626 1823 2816 1883 quum

390 1879 523 1961 ipse
551 1878 633 1936 sit
656 1890 836 1960 suum
864 1889 1021 1958 esse,
1050 1881 1120 1935 ut
1143 1890 1327 1950 supra
1367 1876 1519 1950 (cap.
1561 1877 1654 1951 2¹)
1712 1883 2026 1937 ostensum
2070 1884 2184 1939 est.
2215 1878 2591 1953 Relinquitur
2622 1880 2816 1953 igitur

389 1945 1311 2101 Ψῗιῗιὴμῖῗῖῗιιὲἒῠᾞὲυἰῗιιῦεηίωι·
1337 2017 1566 2091 aliquid
1591 2017 1754 2091 quod
1781 2023 1875 2077 est
1909 2019 2181 2101 potentia
2225 2023 2476 2084 tantum,
2507 2025 2576 2080 ut
2621 2026 2813 2081 mate-

391 2102 484 2147 ria
515 2101 728 2160 prima,
767 2086 994 2168 aliquid
1017 2087 1177 2168 quod
1207 2094 1298 2146 est
1325 2094 1495 2147 actus
1533 2094 1784 2152 tantum.
1817 2094 1883 2147 ut
1923 2092 2287 2171 Deus,·sicut
2315 2103 2498 2163 supra
2532 2090 2686 2164 (cap.
2728 2093 2810 2165 6),

392 2165 704 2225 ostensum
733 2163 844 2228 est,
872 2158 1097 2231 aliquid
1174 2159 1292 2217 uod
1338 2163 1432 2217 est
1463 2163 1636 2218 actus
1659 2165 1718 2218 et
1769 2165 2035 2231 potentia
2063 2165 2221 2218 sicut
2267 2175 2364 2219 res
2419 2166 2666 2221 caeterae.
2694 2163 2812 2221 Sed

388 2229 659 2301 potentia
682 2241 820 2287 cum
846 2227 1079 2286 dicatur
1105 2242 1142 2286 a
1201 2234 1401 2288 actum
1432 2242 1555 2287 non
1584 2235 1780 2301 potest
1817 2235 2013 2288 actum
2044 2230 2348 2301 excedere,
2394 2232 2553 2290 sicut
2590 2245 2704 2291 nec
2745 2233 2813 2291 in

390 2311 777 2372 unoquoque,
815 2298 900 2356 ita
925 2312 1037 2356 nec
1064 2297 1434 2370 simpliciter.
1466 2301 1610 2357 Cum
1637 2300 1820 2373 igitur
1847 2300 2094 2358 materia
2121 2301 2313 2372 prima
2341 2300 2422 2360 sit
2464 2301 2702 2361 infinita
2745 2304 2814 2363 in

391 2383 503 2429 sua
524 2368 978 2452 potentialitate,
1006 2369 1365 2442 relinquitur
1390 2369 1552 2442 quod
1580 2372 1759 2442 Deus,
1789 2370 1891 2444 qui
1924 2376 2018 2429 est
2041 2376 2212 2430 actus
2253 2384 2465 2444 purus,
2493 2372 2575 2432 sit
2606 2371 2815 2434 innui·

389 2446 490 2499 tus
519 2453 585 2498 in
608 2453 723 2500 sua
747 2439 1108 2498 actualitate.

457 2514 611 2581 Item,
636 2516 802 2570 tanto
843 2514 1013 2570 actus
1041 2509 1262 2592 aliquis
1294 2509 1614 2583 perfectior
1653 2518 1765 2580 est,
1796 2517 2022 2585 quanto
2064 2512 2269 2573 minus
2321 2512 2501 2573 habet
2526 2515 2816 2586 potentiae

387 2582 769 2654 permixtum.
801 2580 964 2638 Unde
993 2594 1193 2639 omnis
1220 2588 1390 2640 actus
1419 2582 1517 2640 cui
1545 2583 1939 2654 permiscetur
2006 2584 2251 2652 otentia,
2281 2583 2459 2642 habet
2483 2585 2816 2644 terminum

391 2665 522 2711 suae
547 2651 955 2734 perfectionis.
986 2651 1091 2709 Cui
1123 2657 1319 2710 autem
1350 2663 1474 2711 non
1500 2653 1896 2724 permiscetur
1922 2668 1958 2712 a
1983 2654 2125 2727 iqua
2149 2654 2436 2725 potentia,
2467 2661 2560 2712 est
2578 2655 2816 2738 absque

388 2727 644 2853 &tangito
673 2721 1082 2850 perfectionis.
1112 2723 1272 2781 Deus
1299 2727 1497 2781 autem
1527 2728 1623 2782 est
1647 2729 1818 2783 actus
1841 2737 2031 2795 purus
2066 2724 2294 2797 absque
2321 2726 2488 2783 omni
2514 2729 2809 2798 potentia.

513 2808 531 2849 i
625 2806 697 2850 ur
721 2806 783 2850 in
833 2806 892 2849 ni
925 2805 1014 2851 us.

458 2806 737 2933 Argilium,
767 2863 965 2934 ipsum
1023 2875 1158 2920 esse
1204 2863 1476 2922 absolute
1527 2864 1993 2931 consideratum,
2036 2865 2336 2924 infinitum
2387 2871 2500 2925 est.
2530 2870 2679 2925 Nam
2730 2866 2813 2925 ab

292 2951 303 2954 ·
389 2932 649 2992 infinitis
677 2938 734 2990 et
760 2931 1014 2990 infinitis
1040 2931 1240 2990 modis
1299 2933 1599 3005 articipari
1628 2935 1917 3006 possibile
1945 2940 2055 2994 est.
2087 2937 2148 2994 Si
2176 2936 2359 3009 igitur
2384 2937 2641 3011 aliquus
2668 2949 2814 2995 esse

388 3004 474 3062 sit
519 3002 776 3083 finitum,
802 3008 1038 3082 oportet
1074 3002 1236 3082 quod
1258 2947 1554 3061 fimitetur
1602 3019 1738 3063 esse
1769 3005 1917 3064 illud
1950 3020 2056 3077 per
2083 3006 2310 3079 aliquid
2349 3007 2513 3066 aliud
2539 3006 2695 3086 quod
2721 3006 2808 3064 sit

387 3071 727 3145 aliqualiter
779 3085 964 3130 causa
1004 3071 1171 3130 illius
1224 3084 1379 3143 esse,
1419 3073 1526 3132 sed
1580 3088 1717 3133 esse
1768 3074 1954 3133 divini
2008 3088 2133 3134 non
2172 3082 2370 3149 potest
2415 3091 2552 3137 esse
2599 3076 2804 3148 aliqua

386 3155 596 3270 οᾳέιεει,
624 3141 766 3269 qitiia
788 3142 921 3223 ipse
940 3145 1312 3268 gsttnecesse
1334 3156 1470 3202 esse
1500 3157 1605 3215 per
1636 3146 1925 3216 seipsum.
1954 3147 2144 3219 ,Igitur
2168 3160 2306 3206 esse
2332 3161 2512 3206 suum
2540 3152 2631 3206 est
2668 3144 2804 3206 infi-

388 3222 935 3271 mumeisein
984 3224 1167 3270 nius.
1959 3222 1986 3238 ⁶

457 3254 675 3345 Adhuc,
707 3226 885 3340 οξιπιθ
961 3280 1078 3361 uod
1133 3280 1311 3340 babet
1359 3283 1622 3357 aliquam
1667 3284 2115 3358 perfectionem,
2160 3291 2327 3348 tanto
2361 3292 2457 3347 est
2482 3286 2811 3360 perfectius

387 3358 612 3426 quanto
642 3350 805 3410 illam
833 3365 936 3423 per
963 3356 1254 3432 ectionem
1284 3351 1522 3424 plenius
1554 3356 1886 3436 participat.
1918 3356 2030 3416 Sed
2062 3369 2181 3414 non
2209 3363 2405 3429 potest
2432 3371 2568 3416 esse
2584 3358 2810 3430 aliquis

388 3423 628 3491 modus»,
659 3436 770 3480 nec
792 3421 971 3479 etiam
994 3422 1241 3502 cogitari
1262 3436 1383 3496 quo
1410 3424 1650 3495 plenius
1670 3426 1957 3484 habeatur
1979 3426 2181 3500 aliqua
2205 3428 2491 3498 perfectio
2562 3441 2700 3486 uam
2729 3428 2810 3487 ab

389 3506 463 3552 eo
489 3493 646 3566 quod
679 3506 782 3564 per
807 3505 979 3550 suam
1008 3497 1329 3550 essentiam
1359 3500 1451 3552 est
1477 3497 1823 3568 perfectum,
1842 3501 1900 3554 et
1925 3497 2098 3569 cujus
2127 3510 2263 3555 esse
2291 3503 2381 3556 est
2410 3511 2524 3557 sua
2582 3498 2807 3557 Onitae.

388 3564 515 3621 Hoc
542 3568 737 3644 autem
770 3563 928 3620 Deus
956 3566 1066 3642 est·-
1088 3562 1269 3646 {lullo
1279 3564 1463 3636 igitur
1489 3566 1669 3624 modo
1698 3573 1893 3638 potest
1920 3568 2172 3641 cogitari
2195 3567 2423 3641 aliquid
2449 3568 2672 3628 melius
2696 3567 2796 3627 vel

384 3634 708 3706 perfectius
736 3634 879 3691 Deo.
912 3635 1012 3690 Est
1044 3637 1227 3704 igitur
1254 3633 1525 3694 infinitus
1554 3637 1619 3693 in
1646 3637 1932 3696 bonitate.

461 3705 736 3775 Amplius,
771 3703 1109 3761 intellectus
1139 3708 1341 3762 noster
1364 3705 1439 3764 ad
1473 3706 1774 3765 infinitum
1803 3707 1864 3764 in
1894 3707 2287 3789 intelligendo
2316 3709 2676 3780 extenditur,
2698 3722 2811 3770 cu·

385 3772 487 3852 jus
515 3774 758 3845 signum
787 3779 880 3854 est
898 3772 1078 3846 quod,
1096 3773 1358 3854 qualibet
1383 3778 1710 3848 quantitate
1732 3776 1900 3838 finita
1925 3778 2080 3849 data,
2104 3779 2439 3862 intellectus
2460 3785 2665 3839 noster
2677 3793 2813 3839 ma-

382 3846 1845 3995 litigiiaffiiliztst‘liilffiSililimitigit?
1877 3848 2814 3995 ffi‘iifii‘}¹¹33²3313{¹²i¹g¹iifi²r⁰{s}{

389 3980 652 4052 aliquam
674 3995 796 4064 rein
826 3983 1260 4057 intelligibilem
1283 3984 1594 4069 infinitam,
1616 4003 1795 4070 quam
1823 3995 2054 4072 oportet
2073 4002 2208 4048 esse
2231 3991 2552 4050 maximam
2578 4003 2813 4064 rerum,

391 4053 452 4108 et
470 4049 625 4109 hanc
653 4052 909 4111 dicimus
937 4056 1143 4113 Deum.
1167 4057 1324 4114 Deus
1351 4063 1536 4130 igitur
1563 4066 1655 4118 est
1680 4060 1972 4119 infinitus.

455 4121 608 4190 Item,
638 4120 887 4180 effectus
914 4136 1037 4182 non
1069 4129 1263 4209 potest
1289 4128 1522 4186 extendi
1552 4130 1711 4189 ultra
1735 4144 1907 4189 suain
1936 4144 2202 4213 causam.
2225 4132 2566 4191 intellectus
2594 4136 2806 4192 autem

387 4195 595 4249 noster
615 4204 738 4272 non
760 4198 954 4273 potest
981 4207 1117 4275 esse
1135 4209 1254 4278 nisi
1274 4211 1310 4256 a
1328 4200 1469 4269 Deo,
1489 4201 1591 4274 qui
1613 4207 1705 4260 est
1726 4202 1919 4274 prima
1934 4214 2202 4260 omnium
2224 4216 2427 4261 causa.
2455 4206 2586 4261 Non
2615 4203 2810 4271 igitur

385 4264 585 4331 potest
612 4260 836 4344 aliquid
863 4269 1125 4343 cogitare
1152 4268 1488 4328 intellectus
1517 4278 1722 4330 noster
1749 4271 1942 4343 majus
1980 4274 2124 4331 Deo.
2154 4274 2215 4331 Si
2239 4273 2422 4346 igitur
2445 4273 2610 4331 omni
2629 4272 2807 4332 finito

381 4334 582 4403 potest
616 4331 840 4414 aliquid
870 4347 1065 4414 maius
1093 4338 1375 4410 cogitare,
1405 4340 1762 4415 relinquitur
1787 4347 1984 4400 autem
2008 4345 2191 4401 Deum
2218 4341 2451 4401 finitum
2493 4357 2614 4402 non
2636 4356 2799 4402 esse.

452 4402 735 4480 Amplius,
764 4408 952 4468 virtus
979 4403 1216 4471 infinita
1252 4422 1377 4474 non
1402 4418 1601 4486 potest
1641 4426 1776 4475 esse
1804 4413 1871 4474 in
1896 4414 2161 4475 essentia
2198 4413 2386 4488 finita,
2412 4415 2553 4489 quia
2581 4425 2803 4477 unum-
