3076 5025
1083 211 1153 232 &¹⁴0
1170 219 1202 234 ιι

397 253 502 309 348
1227 201 1250 222 ‘⁵
1279 245 1411 302 un.
1453 245 1552 313 iii,
1593 243 1747 301 cAP.
1787 242 1962 301 ιω.

397 386 543 447 ergo
575 369 735 445 quod
759 380 1059 443 generans
1088 380 1212 426 non
1240 366 1320 425 sit
1348 366 1543 424 forma
1562 370 1818 434 tantum,
1850 363 1960 422 sed
2005 376 2139 423 com
2226 362 2531 446 situm-*ex
2580 359 2834 420 materia

397 450 457 503 et
485 443 697 501 forma.
727 444 857 499 Non
887 440 1071 514 igitur
1098 438 1332 510 species
1359 449 1560 494 rerum
1591 439 2021 507 separatarum,
2051 439 2118 492 ut
2192 434 2435 492 latonici
2476 436 2830 502 posuerunt,

399 527 595 587 neque
623 510 1022 585 intelligentia
1122 522 1253 576 ens,
1283 513 1350 566 ut
1374 506 1581 579 posuit
1603 506 1926 574 Avicenna,
1957 509 2049 563 est
2089 517 2277 585 causa
2320 503 2648 561 formarum
2697 514 2833 577 qum

399 584 634 644 suntin
665 582 953 651 materiis,
983 594 1050 640 se
1119 578 1315 652 magis
1349 577 1465 637 hoc
1492 577 1894 647 compositum
1920 588 1994 634 ex
2018 580 2269 634 materia
2296 578 2356 633 et
2382 573 2593 632 forma.

468 657 621 717 Item,
651 654 704 712 si
736 666 913 726 agere
944 664 1010 710 se
1054 650 1217 709 uitur
1245 649 1320 707 ad
1348 661 1485 708 esse
1530 648 1597 706 in
1640 652 1798 715 actu,
1831 646 2263 705 inconveniens
2308 648 2422 713 est,
2450 641 2614 717 quod
2660 647 2836 705 actus

398 726 722 799 perfectior
744 723 978 782 actione
1048 721 1385 778 estimatur.
1418 717 1745 777 perfectior
1774 722 1972 776 autem
2002 722 2173 775 actus
2202 720 2297 774 est
2322 712 2835 796 forma-substan-

399 796 563 854 tialis
591 807 770 868 quam
794 791 1204 852 accidentalis,
1233 789 1291 849 Si
1321 788 1506 863 igitur
1532 788 1742 847 formae
1767 788 2168 847 accidentales
2195 798 2329 859 quse
2357 790 2593 846 suntin
2647 785 2833 868 rebus

401 865 817 939 corporalibus
844 863 1066 921 habent
1097 860 1370 934 proprias
1398 860 1689 929 actiones,
1720 858 1909 918 multo
1938 858 2142 932 magis·
2178 857 2373 915 forma
2414 855 2835 937 substantialis

400 937 582 995 habet
610 936 872 1008 aliquam
899 932 1202 1014 propriam
1230 931 1550 989 actionem.
1577 932 1710 1010 Non
1737 935 1829 988 est
1857 933 2056 987 autem
2086 927 2384 1001 ejusmodi
2408 933 2566 1008 actio
2625 926 2836 999 dispo·

401 1021 544 1065 nere
573 1005 906 1074 materiam,
931 1017 1073 1076 quia
1096 1003 1214 1061 hoc
1237 1001 1304 1062 fit
1329 1015 1434 1074 per
1460 1002 1896 1064 alterationem.
1929 998 2004 1057 ad
2026 1012 2223 1080 ‚quam
2271 996 2583 1080 sufficiunt
2622 997 2835 1080 formae

401 1076 823 1136 accidentales
854 1074 1043 1147 igitur
1065 1073 1261 1131 forma
1287 1071 1704 1131 substantialis
1732 1074 2077 1144 generantis
2104 1075 2200 1128 est
2241 1079 2604 1141 principium
2651 1073 2838 1128 actio·

401 1148 522 1216 nis,
553 1152 621 1205 ut
650 1147 844 1204 forma
869 1143 1290 1204 substantialis
1315 1142 1728 1201 introducatur
1750 1144 1814 1200 in
1842 1145 2216 1214 generatum.

476 1219 757 1276 Rationes
788 1222 987 1275 autem
1042 1228 1194 1296 quas
1237 1213 1530 1272 inducunt
1576 1212 1749 1271 facile
1778 1218 1872 1271 est
1912 1212 2165 1271 solvere.
2198 1212 2345 1270 Cum
2392 1210 2555 1268 enim
2598 1207 2674 1269 ad
2716 1208 2839 1269 hoc

403 1288 629 1361 aliquid
667 1287 771 1345 fiat
814 1294 878 1344 ut
904 1286 1004 1356 sit,
1034 1289 1193 1345 sicut
1229 1284 1422 1343 forma
1449 1296 1572 1341 non
1600 1283 1821 1342 dicitur
1849 1295 1960 1341 ens
2009 1281 2184 1356 quasi
2232 1281 2371 1362 ipsa
2411 1281 2628 1340 babeat
2668 1291 2837 1350 esse,

403 1358 510 1418 sed
537 1358 679 1432 quia
706 1372 810 1429 per
838 1370 969 1415 eam
998 1355 1398 1428 compositum
1429 1360 1543 1424 est,
1571 1354 1658 1412 ita
1686 1366 1798 1412 nec
1838 1353 2033 1413 forma
2087 1365 2327 1432 proprie
2349 1349 2437 1422 fit,
2467 1351 2572 1409 sed
2618 1350 2841 1432 incipit

404 1443 671 1557 essefper
699 1429 814 1487 hoc
846 1427 1007 1501 quod
1065 1425 1466 1499 compositum
1495 1425 1577 1483 sit
1602 1423 1912 1484 reductum
1939 1423 2013 1482 de
2042 1428 2311 1496 potentia
2362 1422 2427 1480 in
2473 1427 2699 1493 actum,
2727 1434 2837 1496 qui

477 1573 594 1628 Nec
624 1571 799 1629 etiam
827 1572 1062 1640 oportet
1089 1571 1153 1626 ut
1172 1580 1351 1626 omne
1383 1566 1545 1640 quod
1571 1564 1753 1625 habet
1777 1565 2042 1640 aliquam
2071 1565 2326 1625 sormam
2373 1565 2547 1638 quasi
2591 1561 2837 1635 partici-

404 1648 602 1722 patam
655 1639 902 1711 recipiat
926 1653 1058 1697 eam
1085 1637 1427 1696 immediate
1468 1635 1543 1694 ab
1577 1650 1650 1695 eo
1692 1636 1855 1709 quod
1895 1641 1989 1695 est
2033 1635 2434 1695 essentialiter
2480 1634 2695 1704 forma,
2725 1632 2838 1695 sed

406 1710 750 1769 immediate
787 1708 1027 1791 quidem
1069 1709 1145 1767 ab
1186 1709 1307 1767 alio
1351 1706 1511 1781 quod
1558 1706 1737 1765 habet
1781 1707 2044 1766 similem
2084 1707 2338 1764 formam
2386 1703 2574 1764 simili
2626 1703 2836 1776 modu,

407 1782 640 1842 scilicet
668 1780 1099 1862 participatam,
1130 1779 1290 1860 quod
1319 1784 1517 1859 tamen
1546 1783 1685 1859 agat
1712 1777 1776 1836 in
1806 1777 2024 1835 virtute
2068 1777 2235 1835 illius
2282 1777 2489 1858 sormjae
2518 1779 2834 1848 separatae,

406 1851 460 1910 si
490 1866 610 1924 qua
638 1857 719 1910 sit
744 1851 906 1909 taliS.
933 1849 1031 1909 Sic
1058 1863 1215 1908 enim
1248 1862 1436 1921 agens
1462 1849 1722 1908 similem
1752 1846 2028 1906 effectum
2057 1847 2174 1906 sibi
2204 1847 2500 1919 producit.

478 1921 762 1980 Similiter
785 1922 964 1979 etiam
994 1934 1104 1979 nec
1132 1925 1364 1992 oportet
1388 1919 1572 1993 quod,
1602 1919 1745 2001 quia
1785 1919 1984 1978 omnis
2025 1918 2183 1977 actio
2229 1918 2584 1977 inferiorum
2620 1928 2840 1989 corpo-

406 2005 537 2051 rum
570 1993 650 2051 sit
677 2005 780 2063 per
806 1991 1123 2065 qualitates
1146 1991 1371 2048 activas
1399 1995 1456 2071 et
1478 2003 1773 2070 passiyaS,
1794 2002 1927 2063 quae
1956 1994 2101 2048 sunt
2128 1989 2480 2058 accidentia,
2516 1986 2677 2070 quod
2706 1998 2835 2047 non

405 2063 769 2136 producatur
792 2076 866 2119 ex
893 2061 1128 2120 actione
1159 2074 1364 2119 earum
1389 2073 1507 2118 nisi
1544 2060 1843 2130 accidenS‚
1862 2060 2002 2131 quia
2029 2060 2150 2118 illae
2183 2059 2389 2118 formae
2410 2057 2837 2128 accidentale&

407 2134 567 2192 sicut
591 2137 914 2191 causantur
941 2146 978 2192 a
1009 2132 1202 2190 forma
1228 2130 1632 2201 substantiali,
1662 2144 1795 2204 quae
1824 2130 2006 2190 simul
2037 2143 2174 2188 cum
2215 2130 2467 2188 materia
2509 2133 2605 2188 est
2648 2142 2841 2189 causa

408 2203 678 2263 omnium
707 2203 1084 2275 propriorum
1114 2200 1533 2270 accidentium,
1560 2200 1646 2260 ita
1755 2206 1861 2259 unt
1886 2202 2102 2260 virtute
2133 2200 2337 2260 formae
2378 2199 2837 2282 substantialis3

407 2273 567 2348 quod
589 2280 786 2332 autem
816 2274 941 2346 agit
962 2273 1027 2331 in
1058 2272 1272 2332 virtute
1301 2271 1569 2341 alterius,
1602 2285 1713 2345 pro
1756 2272 1879 2330 ucit
1907 2269 2184 2331 effectum
2234 2271 2497 2331 similem
2544 2283 2668 2328 non
2715 2270 2839 2328 sibi

408 2351 660 2415 tantum,
703 2343 808 2403 sed
835 2343 1029 2416 magis
1057 2343 1110 2400 ei
1138 2343 1201 2400 in
1227 2341 1399 2414 cujus
1426 2341 1642 2400 virtute
1669 2344 1823 2416 agit3
1867 2342 2028 2401 sicut
2059 2357 2134 2400 ex
2161 2343 2396 2401 actione
2449 2340 2837 2400 instrumenti

407 2413 476 2474 fit
537 2414 602 2473 in
662 2414 975 2473 artificiato
1041 2413 1373 2472 similitudo
1417 2413 1625 2471 sormae
1676 2414 1823 2471 artis
1859 2431 1876 2482 ;
1923 2426 1999 2473 ex
2042 2425 2164 2487 quo
2226 2412 2499 2486 sequitui·
2553 2412 2711 2485 quod
2763 2424 2843 2471 ex

409 2485 646 2545 actione
689 2485 1015 2544 formarum
1054 2482 1516 2566 accidentalium·
1552 2483 1956 2565 producantur
2008 2483 2217 2544 formae
2274 2482 2706 2543 substantiales
2770 2482 2838 2543 in

410 2562 699 2630 quantum
811 2562 917 2614 unt
939 2555 1474 2615 instrumentaliter
1499 2568 1564 2612 in
1583 2559 1800 2614 virtute
1828 2554 2312 2615 substantialium
2343 2555 2691 2614 formarum.

483 2631 548 2685 ln
577 2628 779 2685 anima
803 2627 941 2685 ibus
966 2639 1129 2689 vero,
1156 2640 1289 2700 quae
1317 2640 1391 2684 ex
1411 2626 1845 2698 putrefactione
1887 2631 2274 2698 generantur,
2326 2631 2611 2685 causatur
2639 2625 2839 2685 forma

408 2697 828 2756 substantialis
862 2712 936 2756 ex
1041 2702 1174 2755 ente
1203 2696 1523 2768 corporali,
1553 2697 1785 2778 scilicet
1809 2708 2057 2769 corpore
2089 2696 2353 2778 ‚coelesti‚
2390 2695 2550 2769 quod
2593 2695 2838 2777 estpri-

407 2781 576 2826 mum
606 2768 889 2827 alterans.
917 2770 1004 2826 Un
1048 2772 1338 2839 coportet
1424 2765 1544 2825 uod
1589 2780 1795 2826 omnia
1842 2773 2145 2825 moventia
2184 2767 2261 2825 ad
2292 2768 2545 2825 formam
2593 2766 2655 2825 in
2699 2772 2838 2825 istis

408 2839 801 2898 inferioribus
829 2853 862 2896 a
908 2844 1011 2896 ant
1033 2838 1097 2897 in
1123 2837 1400 2896 virtuteil
1432 2837 1547 2907 iuS,
1576 2844 1636 2896 et
1660 2841 1901 2909 propter
1927 2837 2043 2896 hoc
2072 2837 2146 2896 ad
2162 2838 2579 2909 producendas
2599 2836 2839 2911 aliquas

409 2909 636 2969 formas
675 2909 866 2980 imper
892 2914 1054 2967 ectas
1091 2906 1317 2967 sufficit
1352 2907 1544 2966 virtus
1583 2908 1848 2966 coelestis
1893 2908 2120 2982 absque
2164 2915 2379 2982 agente
2430 2909 2709 2967 univoco.
2748 2907 2838 2967 Ad

412 2980 828 3054 producendas
872 2984 1070 3038 autem
1117 2978 1342 3037 formas
1386 2978 1794 3050 perfectiores,
1841 2977 2001 3039 sicut
2045 2983 2188 3038 sunt
2227 2979 2444 3038 animae
2483 2976 2839 3038 animalium

408 3051 829 3123 perfectorum,
860 3048 1183 3123 requiritur
1210 3049 1389 3106 etiam
1413 3063 1551 3107 cum
1582 3054 1797 3122 agente
1823 3049 2055 3108 coelesti
2082 3062 2273 3121 agens
2298 3050 2641 3109 univocum.
2672 3048 2840 3108 Talia

410 3122 572 3179 enim
603 3120 888 3179 animalia
914 3133 1038 3178 non
1108 3124 1428 3179 enerantur
1452 3119 1574 3178 nisi
1604 3133 1678 3178 ex
1699 3120 1950 3189 semine,
1981 3125 2040 3178 et
2065 3125 2307 3192 propter
2347 3120 2464 3180 hoc
2508 3120 2654 3179 dicit
2679 3119 2839 3178 Aris·

408 3192 625 3321 toteles
652 3191 718 3249 in
746 3190 1012 3250 secundo
1034 3133 1118 3248 1²5·

481 3335 613 3390 Non
641 3339 733 3390 est
756 3339 956 3391 autem
982 3345 1188 3390 verum
1231 3331 1392 3405 quod
1430 3332 1734 3405 quantitas
1785 3330 2071 3403 impediat
2117 3333 2417 3393 actionem
2460 3332 2669 3392 formae
2714 3331 2837 3392 nisi

407 3417 515 3532 gei·
542 3402 841 3472 accidenS‚
863 3404 928 3484 in
947 3408 1236 3484 quantum
1253 3402 1485 3484 scilicet
1503 3403 1703 3461 omnis
1722 3403 2026 3483 quantitas
2047 3404 2335 3462 continua
2358 3407 2451 3462 est
2479 3403 2543 3461 in
2563 3403 2833 3464 materia.

455 3487 624 3532 orma
651 3479 847 3531 autem
872 3486 938 3531 in
982 3478 1234 3531 materia
1272 3478 1557 3542 existens,
1589 3487 1726 3533 cum
1764 3478 1845 3532 sit
1887 3473 2144 3533 minoris
2188 3474 2572 3539 actualitatis,
2609 3479 2704 3535 est
2732 3486 2838 3546 per

407 3557 789 3617 consequens
812 3543 1066 3602 minoris
1091 3543 1331 3603 virtutis
1363 3544 1428 3602 in
1453 3543 1708 3625 agendo.
1739 3542 1907 3603 Unde
1950 3558 2171 3617 corpus
2198 3546 2358 3619 quod
2401 3545 2578 3604 habet
2630 3545 2838 3604 minus

407 3613 481 3673 de
512 3614 779 3682 materia,
805 3619 864 3672 et
890 3614 1093 3673 minus
1116 3615 1188 3673 de
1217 3615 1409 3673 forma
1460 3620 1619 3672 sicut
1659 3613 1842 3688 ignis,
1869 3621 1963 3674 est
1984 3615 2181 3689 magis
2208 3616 2488 3674 activum.
2515 3616 2835 3689 supposito

408 3692 607 3744 autem
637 3684 816 3743 modo
863 3684 1121 3745 actionis
1162 3698 1340 3759 quam
1421 3698 1590 3743 orma
1630 3685 1693 3743 in
1745 3686 1997 3745 materia
2040 3687 2305 3746 existens
2351 3687 2571 3745 habere
2616 3691 2834 3759 potest,

408 3756 712 3830 quantitas
760 3761 1016 3829 coauget
1057 3756 1255 3830 magis
1297 3768 1474 3828 quam
1523 3755 1742 3814 minuit
1785 3757 2104 3816 actionem.
2150 3758 2299 3815 Nam
2343 3763 2566 3830 quanto
2612 3770 2836 3831 corpus

408 3827 669 3886 calidum
717 3826 896 3884 suerit
938 3824 1154 3899 majus,
1208 3826 1520 3906 supposita
1566 3841 1734 3899 aeque
1778 3826 2019 3886 intensa
2062 3826 2386 3898 caliditate,
2427 3832 2596 3887 tanto
2638 3828 2835 3902 magis

407 3898 719 3965 caletacit3
750 3903 811 3955 et
845 3897 1161 3969 supposita
1188 3902 1476 3969 gravitate
1505 3904 1675 3970 aeque
1703 3897 1961 3968 intensa,
1988 3903 2213 3971 quanto
2253 3899 2448 3971 majus
2491 3900 2671 3957 suerit
2701 3912 2835 3957 cor·

405 3981 522 4039 pus
551 3981 749 4041 grave,
781 3972 945 4025 tanto
974 3967 1243 4026 velocius
1269 3965 1604 4025 movebitur
1630 3973 1796 4027 motu
1829 3968 2108 4038 naturali,
2136 3973 2193 4026 et
2218 3968 2358 4027 inde
2385 3974 2479 4027 est
2517 3968 2679 4043 quod
2722 3975 2838 4028 tar·

408 4037 545 4096 dius
573 4043 844 4097 movetur
868 4042 1036 4097 motu
1079 4037 1422 4096 innaturali.
1451 4038 1604 4106 Quia
1648 4039 1832 4111 igitur
1860 4051 2114 4110 corpora
2137 4040 2345 4112 gravia
2379 4046 2523 4099 sunt
2548 4039 2836 4101 tardioris

407 4115 609 4167 motus
633 4107 1012 4178 innaturaliS,
1042 4122 1179 4167 cum
1206 4107 1427 4165 fuerint
1453 4108 1700 4178 majoris
1727 4109 2098 4181 quantitatis,
2129 4123 2251 4168 non
2291 4109 2628 4169 ostenditur
2669 4109 2834 4186 quod

406 4180 712 4250 quantitas
745 4179 1029 4251 impediat
1052 4178 1372 4249 actionem,
1403 4178 1509 4237 sed
1538 4180 1734 4251 magis
1762 4178 1924 4252 quod
1950 4185 2243 4252 coaugeat
2261 4180 2476 4252 ipsam.

478 4250 610 4306 Non
643 4254 875 4321 oportet
893 4249 1071 4308 etiam
1100 4249 1262 4322 quod
1290 4262 1510 4321 corpus
1537 4263 1716 4308 omne
1744 4254 1943 4308 careat
1975 4249 2231 4321 actione,
2260 4257 2499 4324 propter
2524 4251 2642 4312 hoc
2670 4252 2837 4326 quod

407 4318 471 4376 in
498 4317 707 4376 ordine
736 4333 933 4378 rerum
954 4318 1290 4379 substantia
1317 4320 1649 4393 corporalis
1683 4325 1775 4378 est
1801 4318 2009 4378 infima
2036 4321 2367 4380 secundum
2396 4336 2573 4382 suum
2596 4337 2832 4397 genus;

407 4390 549 4464 quia
575 4389 753 4448 etiam
782 4390 938 4449 inter
965 4404 1219 4464 corpora
1245 4403 1432 4452 unum
1455 4396 1550 4449 est
1576 4390 1854 4464 superius
1874 4392 2085 4463 altere,
2115 4397 2175 4450 et
2201 4391 2535 4464 termatius,
2556 4402 2616 4451 et
2634 4395 2836 4466 magis

1118 3205 1203 3259 ys.
1235 3190 1398 3262 (text.
1424 3202 1646 3249 comm.
1684 3190 1774 3265 Π)
1804 3189 1968 3264 quod
2000 3189 2184 3250 bomo
2236 3195 2485 3266 generat
2525 3190 2837 3251 hominem
2920 3268 2925 3276 .
