3076 5025
414 306 489 363 50
1317 301 1452 359 Lm.
1495 301 1538 370 1,
1579 300 1731 357 CAP.
1769 300 1945 358 xLiV.

418 427 758 502 procedere,
802 425 909 484 sed
949 429 1182 497 oportet
1224 422 1474 483 mobilia
1515 424 1720 480 omnia
1763 422 2063 491 reducere,
2101 425 2168 480 ut
2200 420 2514 494 probatum
2555 427 2648 481 est
2681 422 2827 496 (cap.

424 500 514 571 ¹3)
542 499 602 555 in
658 510 840 554 unum
870 496 1129 567 primum
1157 508 1409 553 movens
1436 494 1723 565 seipsum.
1745 494 1986 550 movens
2013 498 2209 550 autem
2232 494 2519 563 seipsum,
2545 507 2610 551 se
2643 498 2838 552 movet

417 583 525 644 per
575 568 901 640 appetitum
962 573 1019 624 et
1065 565 1625 646 apprehensionem.
1657 563 1797 621 Sola
1844 563 2004 620 enim
2060 564 2414 646 hujusmodi
2455 565 2835 623 inveniuntur

416 640 621 710 seipsa
674 651 932 707 movere,
962 643 1166 709 utpote
1195 638 1259 694 in
1290 637 1508 708 quibus
1536 639 1628 692 est
1672 648 1928 702 movere,
1960 639 2018 691 et
2049 647 2166 692 non
2193 648 2438 691 moveri.
2468 637 2613 693 Pars
2657 636 2835 708 igitur

418 722 690 770 movens,
722 709 785 765 in
814 709 1007 780 primo
1048 713 1322 766 movente
1363 707 1652 777 seipsum,
1684 710 1914 777 oportet
1942 705 2102 776 quod
2133 705 2212 762 sit
2243 712 2526 777 appetens
2546 712 2605 762 et
2632 720 2836 776 appre-

419 779 712 840 bendens.
744 780 811 836 ln
844 785 1008 837 motu
1034 784 1231 837 autem
1262 777 1363 850 qui
1387 782 1477 833 est
1504 790 1607 847 per
1635 775 1955 847 appetitum
1987 779 2045 831 et
2072 775 2630 846 apprehensionem,
2662 788 2834 847 appe-

418 855 556 908 tens
586 855 645 907 et
671 848 1124 921 apprehendens
1152 854 1242 907 est
1268 861 1514 904 movens
1557 852 1808 903 motum.
1830 845 2318 917 Apprehensibile
2338 853 2533 903 autem
2554 854 2610 903 et
2633 860 2836 918 appre-

421 921 677 981 hensum
708 926 801 978 est
819 934 1068 979 movens
1090 933 1211 978 non
1243 924 1490 976 motum.
1523 917 1667 974 Cum
1696 917 1880 989 igitur
1908 916 1966 973 id
1985 916 2143 988 quod
2172 922 2265 974 est
2292 918 2560 975 omnium
2583 918 2838 988 primum

419 1004 693 1060 movens,
722 991 881 1064 quod
938 993 1123 1049 Deum
1171 989 1449 1057 dicimus,
1480 988 1561 1047 sit
1614 1000 1861 1045 movens
1890 987 2137 1044 omnino
2176 1001 2300 1045 non
2328 994 2574 1054 motuni,
2607 991 2840 1058 oportet

302 1136 307 1145 ι
416 1062 583 1136 quod
633 1067 1011 1133 comparetur
1065 1059 1139 1118 ad
1185 1066 1498 1130 motorem,
1527 1058 1630 1131 qui
1688 1063 1777 1115 est
1828 1057 2055 1128 primus
2085 1070 2331 1115 movens
2362 1059 2650 1128 seipsum,
2685 1058 2840 1116 sicut

423 1130 740 1204 appetibile
771 1131 843 1189 ad
875 1136 1268 1204 appetentem,
1301 1143 1422 1187 non
1472 1135 1670 1186 autem
1714 1129 1871 1186 sicut
1897 1128 2212 1198 appetibile
2242 1130 2509 1186 sensuali
2554 1128 2839 1200 appetitu.

419 1204 567 1261 Nam
622 1203 916 1274 appetitus
955 1202 1259 1260 sensualis
1306 1214 1427 1258 non
1472 1206 1563 1257 est
1592 1200 1733 1257 boni
1765 1199 2134 1269 simpliciter,
2177 1198 2281 1256 sed
2338 1198 2515 1256 hu'us
2573 1198 2838 1270 praedicti

421 1273 590 1343 boni,
621 1288 756 1331 cum
786 1278 845 1330 et
870 1273 1269 1344 apprehensio
1297 1285 1519 1329 sensus
1550 1283 1670 1327 non
1701 1270 1780 1327 sit
1808 1270 1924 1326 nisi
1955 1269 2392 1340 particularis.l
2454 1275 2649 1326 autem
2683 1269 2843 1342 quod

418 1349 517 1401 est
542 1344 766 1401 bonum
789 1348 850 1400 et
876 1343 1193 1415 appetibile
1223 1343 1594 1413 simpliciter,
1626 1346 1718 1398 est
1737 1340 1904 1411 prius
1932 1353 2004 1396 eo
2030 1339 2187 1412 quod
2215 1345 2303 1398 est
2332 1339 2556 1397 bonum
2580 1346 2637 1396 et
2664 1354 2841 1412 appe-

422 1414 596 1472 tibile
647 1418 712 1470 ut
743 1414 839 1470 hie
867 1418 928 1469 et
974 1426 1153 1470 nunc.
1190 1414 1430 1484 Oportet
1459 1412 1642 1484 igitur
1672 1412 1930 1482 primum
1960 1423 2208 1467 movens
2256 1423 2390 1468 esse
2416 1410 2756 1481 appetibile,
2777 1413 2847 1467 ut

420 1484 790 1542 intellectum
816 1501 834 1553 3
864 1487 923 1539 et
954 1482 1038 1541 ita
1079 1487 1312 1555 oportet
1336 1495 1584 1562 movens
1620 1482 1777 1554 quod
1808 1481 2029 1608 apssetit
2049 1481 2266 1562 ipsum,
2293 1494 2428 1562 esse
2476 1480 2842 1561 intelligens.

418 1554 605 1615 nulio
632 1553 815 1622 igitur
844 1554 1040 1626 magis
1070 1558 1126 1610 et
1165 1553 1361 1624 ipsum
1405 1564 1661 1623 primum
1692 1558 1881 1623 appeti
1930 1550 2008 1608 ile
2032 1558 2144 1608 erit
2165 1551 2527 1622 intelligens.
2562 1552 2715 1618 Quia
2742 1565 2777 1608 a
2819 1581 2846 1594 -

419 1624 673 1697 petensi
721 1636 855 1680 sum
884 1621 951 1680 fit
1005 1622 1350 1695 intelligens
1385 1627 1520 1680 actu
1546 1636 1651 1694 per
1679 1622 1813 1689 hoc,
1840 1621 2000 1692 quod
2048 1622 2102 1678 ei
2150 1628 2430 1695 tanquam
2463 1621 2781 1694 intelligibi
2809 1635 2847 1678 e

418 1694 645 1755 unitur.
728 1698 918 1765 portet
956 1693 1141 1766 igitur
1175 1694 1359 1750 Deum
1402 1706 1538 1750 esse
1568 1692 2022 1764 intelligentem,
2053 1693 2207 1749 saeta
2235 1693 2651 1763 suppositione
2683 1691 2845 1765 quod

416 1764 950 1892 primumwmotiim
1007 1767 1243 1890 moveat
1293 1764 1582 1835 seipsum,
1615 1767 1680 1819 ut
1703 1762 2048 1834 philosophi
2078 1760 2503 1836 (metaphysic,
2550 1774 2660 1833 xn,
2699 1768 2841 1820 text.

414 1848 637 1896 comm.
776 1848 850 1891 vo
876 1846 1066 1892 uerun
1100 1878 1114 1891 .

493 1906 711 1970 Adhuc,
739 1852 900 1962 ’idem
926 1917 1177 1963 necesse
1206 1909 1299 1963 est
1324 1904 1496 1977 sequi
1526 1903 1579 1961 si
1607 1901 1710 1961 fiat
1734 1902 2002 1960 reductio
2033 1902 2344 1961 mobilium
2366 1903 2570 1962 nonin
2597 1903 2847 1977 aliquod

418 1975 679 2050 primum
708 1988 971 2056 movens·
984 1975 1273 2047 seipsum,
1301 1975 1409 2033 sed
1424 1975 1498 2055 ,in
1522 1987 1769 2032 movens
1789 1973 2038 2031 omnino
2056 1974 2382 2056 immobile.
2413 1977 2556 2031 Nam
2574 1975 2847 2102 ‘primum

418 2058 675 2105 movens
725 2052 819 2104 est
870 2046 1208 2104 universale
1249 2046 1606 2117 principium
1655 2049 1877 2103 motus.
1926 2045 2171 2115 Oportet
2215 2046 2399 2117 igitur
2449 2059 2570 2117 quo
2668 2059 2847 2103 omne

417 2128 673 2176 movens
700 2121 935 2173 moveat
962 2131 1067 2188 per
1094 2117 1355 2189 aliquam
1388 2115 1636 2173 sormam
1683 2129 1861 2188 quam
1915 2115 2171 2172 intendit
2213 2117 2276 2172 in
2322 2117 2639 2183 movendo,
2686 2115 2850 2197 quod

418 2185 613 2245 forma
640 2200 746 2257 per
773 2200 952 2260 quam
982 2192 1180 2244 movet
1208 2188 1463 2258 primum
1492 2199 1741 2244 movens
1776 2186 1856 2243 sit
1882 2185 2241 2243 universalis
2281 2186 2469 2244 forma
2491 2192 2556 2266 ‚et
2607 2200 2848 2243 univer-

408 2258 545 2316 sale
570 2257 817 2315 bonum.
852 2258 1063 2316 Forma
1088 2262 1287 2315 autem
1318 2271 1422 2329 per
1442 2257 1686 2314 modum
1716 2256 2115 2314 universalem
2153 2269 2274 2314 non
2304 2256 2606 2313 invenitur
2632 2258 2753 2314 nisi
2783 2256 2850 2314 in

417 2327 747 2386 intellectu.
778 2329 1020 2398 Oportet
1047 2327 1230 2400 igitur
1256 2329 1513 2400 primum
1544 2340 1792 2385 movens
1822 2327 1980 2400 quod
2008 2329 2166 2384 Deus
2193 2331 2439 2385 estesse
2468 2327 2849 2409 intelligens,

492 2399 768 2468 Amplius,
800 2398 863 2455 in
894 2398 1061 2456 nullo
1085 2399 1294 2456 ordine
1330 2399 1693 2457 moventium
1726 2397 2046 2466 invenitur,
2079 2397 2237 2470 quod
2265 2410 2511 2455 movens
2542 2412 2648 2468 per
2678 2397 2851 2455 intel·

416 2469 637 2531 lectum
670 2469 750 2529 sit
776 2468 1239 2528 instrumentum
1269 2468 1398 2543 ejus
1425 2468 1587 2543 quod
1617 2473 1812 2527 movet
1846 2466 2073 2542 absque
2113 2467 2441 2539 intellectu,
2493 2468 2599 2526 sed
2647 2469 2848 2541 magis

412 2553 453 2598 ε
479 2553 790 2598 converse.
823 2541 1038 2598 Omnia
1065 2546 1262 2598 autem
1301 2541 1602 2598 moventia
1646 2555 1778 2612 quae
1824 2544 1967 2597 sunt
2012 2540 2074 2596 in
2119 2540 2365 2608 mund0,
2419 2546 2850 2620 comparantur

418 2610 491 2669 ed
521 2610 776 2682 primum
806 2623 1053 2669 movens
1072 2611 1231 2684 quod
1263 2613 1418 2670 Deus
1439 2618 1551 2676 est,
1576 2611 1733 2669 sicut
1753 2612 2149 2668 instrumenta
2174 2610 2250 2667 ad
2270 2623 2456 2683 agens
2489 2609 2846 2683 principale.

416 2680 564 2740 Cum
594 2680 778 2762 igitur
805 2681 867 2738 in
897 2681 1122 2739 mundo
1153 2682 1532 2740 inveniantur
1571 2682 1758 2740 multa
1803 2681 2102 2739 moventia
2146 2694 2252 2752 per
2293 2681 2689 2750 intellectum,
2742 2682 2853 2739 im·

415 2751 708 2822 possibile
735 2755 830 2809 est
874 2752 1034 2825 quod
1065 2752 1320 2824 primum
1369 2766 1618 2811 movens
1663 2757 1899 2810 moveat
1938 2751 2167 2824 absque
2212 2752 2540 2810 intellectu.
2583 2754 2849 2811 Necesse

414 2827 512 2880 est
538 2822 721 2891 igitur
754 2823 938 2879 Deum
970 2835 1105 2880 esse
1134 2823 1586 2896 intelligentem.

486 2893 640 2952 Item.
667 2905 740 2949 ex
770 2892 883 2949 hoc
914 2891 1117 2964 aliqua
1161 2906 1258 2951 res
1307 2900 1399 2951 est
1440 2892 1628 2951 intelli
1676 2905 1806 2958 ens,
1853 2891 2013 2964 quod
2057 2897 2151 2951 est
2180 2893 2312 2951 sine
2341 2894 2612 2962 materia,
2663 2891 2842 2964 cujus

414 2958 659 3031 signum
708 2966 797 3018 est
843 2962 1003 3035 quod
1048 2962 1253 3021 formoe
1299 2962 1451 3019 flunt
1496 2964 1640 3021 intel
1670 2969 1812 3021 ectae
1858 2963 1922 3019 in
1969 2969 2106 3021 actu
2147 2977 2255 3035 per
2295 2963 2759 3022 abstractionem
2808 2977 2851 3022 a

412 3032 689 3099 materia,
719 3029 876 3088 unde
904 3036 964 3087 et
991 3031 1330 3091 intellectus
1358 3038 1449 3090 est
1477 3033 1927 3101 universalium,
1954 3038 2014 3090 et
2057 3046 2179 3090 non
2235 3034 2652 3107 singularium.
2698 3034 2845 3107 quia

413 3099 667 3158 materia
695 3105 788 3158 est
814 3100 1307 3160 individuationis
1337 3103 1718 3174 principium.
1751 3106 1976 3161 Formae
2009 3109 2206 3161 autem
2239 3104 2555 3164 intellectae
2585 3106 2646 3162 in
2675 3109 2838 3174 actu,

414 3167 569 3251 tiunt
592 3183 778 3251 unuin
814 3184 950 3229 cum
981 3171 1286 3230 intellectu
1312 3180 1447 3231 actu
1471 3174 1863 3244 intelligente.
1895 3174 2058 3230 Unde
2085 3175 2137 3232 si
2184 3190 2256 3232 ex
2284 3177 2400 3233 hoc
2446 3182 2589 3234 sunt
2631 3175 2842 3234 formae

412 3241 731 3322 intellectae
759 3252 822 3297 in
848 3247 1004 3310 actu,
1035 3242 1192 3315 quod
1225 3249 1366 3302 sunt
1394 3244 1528 3302 sine
1558 3244 1826 3314 materia,
1857 3249 2090 3315 oportet
2116 3258 2240 3303 rem
2294 3247 2558 3319 aliquam
2602 3259 2674 3303 ex
2719 3246 2845 3306 boc

410 3323 551 3369 esse
580 3311 1032 3384 intelligentem,
1062 3313 1221 3386 quod
1263 3319 1355 3372 est
1399 3315 1533 3372 sine
1583 3316 1848 3372 materia.
1899 3317 2220 3373 ostensum
2266 3322 2358 3374 est
2404 3323 2602 3375 autem
2655 3329 2847 3389 supra

404 3380 1558 3526 ‘ffll‘iaetsstit'„ifitssetizzssffiisst
1583 3384 2075 3529 ffflaiss'filifflb
2095 3385 2846 3530 &gnssitmidffiffiffiiffis

409 3519 631 3590 niatur,
660 3530 724 3581 ut
746 3536 931 3595 supra
958 3523 1108 3598 (cap.
1128 3526 1221 3599 28)
1251 3531 1561 3585 ostensum
1592 3532 1703 3597 est,
1734 3540 1845 3583 nec
1871 3540 1944 3584 ex
2022 3539 2094 3585 oe
2123 3528 2325 3600 aliqua
2366 3528 2729 3599 compositio
2773 3528 2844 3587 in

413 3605 488 3675 eq
534 3595 941 3667 consequitur,
987 3600 1053 3653 ut
1095 3596 1271 3654 etiam
1312 3611 1383 3654 ex
1428 3596 1841 3669 superioribus
1889 3596 2039 3670 (cap.
2089 3598 2174 3669 18)
2265 3604 2403 3657 atet.
2443 3602 2605 3656 Inter
2648 3598 2846 3670 perfe-

408 3666 644 3747 ctiones
664 3672 861 3723 autem
888 3679 1084 3723 rerum
1107 3668 1419 3738 potissima
1440 3674 1532 3725 est
1557 3667 1713 3740 quod
1746 3667 1973 3740 aliquid
1994 3668 2075 3727 sit
2095 3613 2545 3727 inteflectivum.
2564 3671 2712 3726 Nam
2734 3681 2845 3741 per

410 3732 528 3791 hoc
557 3749 753 3817 ipsum
784 3741 876 3794 est
917 3737 1359 3818 quodammodo
1404 3738 1630 3803 omnia,
1659 3737 1889 3796 habens
1917 3738 1982 3795 in
2008 3750 2076 3797 se
2113 3740 2383 3798 omnium
2407 3740 2843 3812 perfectiones.

409 3803 570 3861 Deus
598 3811 783 3877 igitur
812 3811 906 3864 est
928 3807 1294 3880 intelligens.

475 3874 635 3954 item,
660 3888 838 3933 omne
851 3877 1012 3950 quod
1040 3878 1229 3935 tendit
1257 3879 1645 3937 determinate
1673 3879 1738 3935 in
1767 3879 2025 3952 aliquem
2056 3877 2259 3948 finem,
2289 3884 2391 3939 aut
2433 3880 2631 3952 ipsum
2683 3893 2851 3953 prae-

411 3945 606 4002 stituit
643 3944 756 4002 sibi
788 3944 990 4026 tinem,
1025 3955 1125 4006 aut
1150 3950 1538 4019 praestituitur
1567 3949 1621 4006 ei
1659 3948 1799 4007 finis
1847 3949 1920 4008 ab
1967 3950 2108 4007 ali0.
2156 3951 2319 4009 Alias
2364 3964 2484 4009 non
2532 3953 2727 4024 magis
2775 3953 2853 4014 in

408 4011 574 4072 hunc
607 4028 783 4094 quam
815 4017 1074 4076 millum
1097 4018 1275 4077 finem
1306 4019 1657 4086 intenderet.
1691 4020 1994 4079 Naturalia
2033 4026 2230 4078 autem
2277 4022 2528 4079 tendunt
2577 4023 2638 4078 in
2682 4021 2853 4084 fines

409 4083 858 4163 determinatos.
892 4089 1020 4144 Non
1050 4090 1210 4147 enim
1252 4103 1288 4147 a
1337 4104 1479 4148 casu
1528 4092 1832 4149 naturales
1877 4091 2161 4149 utilitates
2209 4099 2683 4174 consequuntur.
2733 4093 2848 4153 Sic

404 4166 569 4211 enim
600 4168 718 4212 non
746 4162 951 4237 essent
971 4171 1207 4232 semper
1233 4161 1419 4218 autin
1441 4161 1736 4232 pluribus,
1765 4160 1870 4219 sed
1901 4175 2055 4219 raro.
2080 4163 2301 4219 Horum
2331 4177 2490 4221 enim
2514 4169 2607 4221 est
2624 4176 2845 4224 casus.

409 4224 553 4283 Cum
580 4239 723 4298 ergo
752 4240 885 4298 ipsa
911 4241 1032 4286 non
1062 4232 1434 4302 praestituant
1462 4233 1577 4289 sibi
1611 4231 1810 4301 finem,
1839 4231 1981 4304 quia
2031 4233 2320 4290 rationem
2363 4232 2504 4291 fluis
2552 4247 2674 4291 non
2724 4246 2841 4293 co-

402 4302 988 4424 {eoscum-oportet
1007 4302 1165 4371 quod
1195 4302 1285 4361 eis
1316 4303 1717 4385 praestituatur
1737 4303 1875 4360 finis
1904 4302 1978 4361 ab
1998 4302 2141 4373 alio,
2170 4305 2271 4376 qui
2306 4303 2388 4362 sit
2424 4311 2654 4363 naturae
2702 4302 2845 4363 ins·

458 4373 637 4425 tutor.
680 4367 788 4426 Hic
842 4372 1041 4427 autem
1096 4376 1189 4429 est
1235 4388 1336 4446 qui
1384 4373 1609 4456 praebet
1652 4374 1934 4433 omnibus
1977 4388 2133 4442 esse,
2164 4378 2224 4431 et
2261 4378 2355 4433 est
2397 4389 2505 4447 per
2561 4376 2848 4446 seipsum

405 4447 657 4501 necesse
684 4451 842 4516 esse,
871 4453 1051 4518 quem
1074 4442 1263 4504 Deum
1287 4445 1568 4519 dicimus,
1599 4451 1664 4506 ut
1686 4460 1759 4505 ex
1798 4444 2157 4520 supradictis
2179 4443 2329 4520 (cap.
2354 4449 2420 4505 13
2444 4451 2503 4505 et
2532 4445 2621 4520 37)
2641 4450 2835 4519 patet.
