<?xml version="1.0" encoding="UTF-8"?>
<!DOCTYPE html PUBLIC "-//W3C//DTD XHTML 1.0 Transitional//EN"
    "http://www.w3.org/TR/xhtml1/DTD/xhtml1-transitional.dtd">
<html xmlns="http://www.w3.org/1999/xhtml" xml:lang="en" lang="en">
 <head>
  <title>
</title>
<meta http-equiv="Content-Type" content="text/html;charset=utf-8" />
  <meta name='ocr-system' content='tesseract 3.04.00' />
  <meta name='ocr-capabilities' content='ocr_page ocr_carea ocr_par ocr_line ocrx_word'/>
</head>
<body>
  <div class='ocr_page' id='page_1' title='image "./deveritatecatho00rubegoog_0327.png"; bbox 0 0 3076 5025; ppageno 0'>
   <div class='ocr_carea' id='block_1_1' title="bbox 253 299 2680 497">
    <p class='ocr_par' dir='ltr' id='par_1_1' title="bbox 253 299 2680 497">
     <span class='ocr_line' id='line_1_1' title="bbox 1119 299 2680 367; baseline 0.006 -12"><span class='ocrx_word' id='word_1_1' title='bbox 1119 300 1252 364; x_wconf 71' lang='grc' dir='ltr'>ΗΒ.</span> <span class='ocrx_word' id='word_1_2' title='bbox 1294 300 1391 367; x_wconf 89' lang='lat'>111,</span> <span class='ocrx_word' id='word_1_3' title='bbox 1432 299 1584 356; x_wconf 84' lang='lat' dir='ltr'>CAP.</span> <span class='ocrx_word' id='word_1_4' title='bbox 1623 300 1827 357; x_wconf 87' lang='lat' dir='ltr'>xxvll.</span> <span class='ocrx_word' id='word_1_5' title='bbox 2576 309 2680 364; x_wconf 82' lang='lat'>293</span> 
     </span>
     <span class='ocr_line' id='line_1_2' title="bbox 253 418 2673 497; baseline 0.002 -17"><span class='ocrx_word' id='word_1_6' title='bbox 253 421 418 480; x_wconf 84' lang='lat' dir='ltr'><strong>Unde</strong></span> <span class='ocrx_word' id='word_1_7' title='bbox 438 421 685 480; x_wconf 87' lang='lat' dir='ltr'>Philoso</span> <span class='ocrx_word' id='word_1_8' title='bbox 729 421 845 480; x_wconf 86' lang='lat' dir='ltr'>lius</span> <span class='ocrx_word' id='word_1_9' title='bbox 868 418 1015 480; x_wconf 90' lang='lat' dir='ltr'>dicit</span> <span class='ocrx_word' id='word_1_10' title='bbox 1038 421 1271 493; x_wconf 84' lang='lat' dir='ltr'>(Ethic.,</span> <span class='ocrx_word' id='word_1_11' title='bbox 1296 434 1432 490; x_wconf 83' lang='lat' dir='ltr'>x,c.</span> <span class='ocrx_word' id='word_1_12' title='bbox 1461 421 1703 494; x_wconf 77' lang='lat' dir='ltr'>4)quod</span> <span class='ocrx_word' id='word_1_13' title='bbox 1748 422 2061 482; x_wconf 80' lang='lat' dir='ltr'>delectatio</span> <span class='ocrx_word' id='word_1_14' title='bbox 2104 423 2335 496; x_wconf 86' lang='lat' dir='ltr'>perficit</span> <span class='ocrx_word' id='word_1_15' title='bbox 2378 427 2673 497; x_wconf 89' lang='lat' dir='ltr'>operatio-</span> 
     </span>
    </p>
   </div>
   <div class='ocr_carea' id='block_1_2' title="bbox 230 491 2685 2401">
    <p class='ocr_par' dir='ltr' id='par_1_2' title="bbox 242 491 2679 636">
     <span class='ocr_line' id='line_1_3' title="bbox 251 491 2679 591; baseline 0.004 -41"><span class='ocrx_word' id='word_1_16' title='bbox 251 506 412 574; x_wconf 75' lang='lat' dir='ltr'>nem,</span> <span class='ocrx_word' id='word_1_17' title='bbox 463 493 622 550; x_wconf 90' lang='lat' dir='ltr'>sicut</span> <span class='ocrx_word' id='word_1_18' title='bbox 707 491 1290 591; x_wconf 52' lang='lat' dir='ltr'>ecorJuventutem;</span> <span class='ocrx_word' id='word_1_19' title='bbox 1338 492 1440 564; x_wconf 84' lang='lat' dir='ltr'>qui</span> <span class='ocrx_word' id='word_1_20' title='bbox 1487 492 1730 564; x_wconf 88' lang='lat' dir='ltr'>quidem</span> <span class='ocrx_word' id='word_1_21' title='bbox 1771 500 1866 551; x_wconf 92' lang='lat' dir='ltr'>est</span> <span class='ocrx_word' id='word_1_22' title='bbox 1907 499 2146 566; x_wconf 87' lang='lat' dir='ltr'>propter</span> <span class='ocrx_word' id='word_1_23' title='bbox 2190 509 2327 553; x_wconf 91' lang='lat' dir='ltr'>eum</span> <span class='ocrx_word' id='word_1_24' title='bbox 2380 498 2477 554; x_wconf 91' lang='lat' dir='ltr'>cui</span> <span class='ocrx_word' id='word_1_25' title='bbox 2520 499 2679 560; x_wconf 89' lang='lat' dir='ltr'>inest</span> 
     </span>
     <span class='ocr_line' id='line_1_4' title="bbox 242 568 1520 636; baseline -0.002 -15"><span class='ocrx_word' id='word_1_26' title='bbox 242 568 552 636; x_wconf 72' lang='lat' dir='ltr'>Juventus,</span> <span class='ocrx_word' id='word_1_27' title='bbox 583 568 642 620; x_wconf 90' lang='lat' dir='ltr'>et</span> <span class='ocrx_word' id='word_1_28' title='bbox 669 576 791 620; x_wconf 92' lang='lat' dir='ltr'>non</span> <span class='ocrx_word' id='word_1_29' title='bbox 823 577 855 621; x_wconf 97' lang='lat' dir='ltr'>e</span> <span class='ocrx_word' id='word_1_30' title='bbox 884 575 1198 622; x_wconf 84' lang='lat' dir='ltr'>converse.</span> <span class='ocrx_word' id='word_1_31' title='bbox 1507 594 1520 601; x_wconf 91' lang='lat'>-</span> 
     </span>
    </p>

    <p class='ocr_par' dir='ltr' id='par_1_3' title="bbox 244 632 2676 974">
     <span class='ocr_line' id='line_1_5' title="bbox 318 632 2668 710; baseline 0.003 -18"><span class='ocrx_word' id='word_1_32' title='bbox 318 637 523 707; x_wconf 82' lang='lat' dir='ltr'><strong>Neque</strong></span> <span class='ocrx_word' id='word_1_33' title='bbox 548 639 746 696; x_wconf 83' lang='lat' dir='ltr'>autem</span> <span class='ocrx_word' id='word_1_34' title='bbox 776 632 936 707; x_wconf 91' lang='lat' dir='ltr'>quod</span> <span class='ocrx_word' id='word_1_35' title='bbox 961 632 1415 692; x_wconf 82' lang='lat' dir='ltr'>delectationem</span> <span class='ocrx_word' id='word_1_36' title='bbox 1444 646 1570 693; x_wconf 88' lang='lat' dir='ltr'>non</span> <span class='ocrx_word' id='word_1_37' title='bbox 1616 639 1857 705; x_wconf 90' lang='lat' dir='ltr'>propter</span> <span class='ocrx_word' id='word_1_38' title='bbox 1895 635 2060 694; x_wconf 90' lang='lat' dir='ltr'>aliud</span> <span class='ocrx_word' id='word_1_39' title='bbox 2105 636 2315 694; x_wconf 88' lang='lat' dir='ltr'>volunt</span> <span class='ocrx_word' id='word_1_40' title='bbox 2364 637 2668 710; x_wconf 76' lang='lat' dir='ltr'>homineS,</span> 
     </span>
     <span class='ocr_line' id='line_1_6' title="bbox 247 702 2672 778; baseline 0.003 -16"><span class='ocrx_word' id='word_1_41' title='bbox 247 703 358 763; x_wconf 82' lang='lat' dir='ltr'>sed</span> <span class='ocrx_word' id='word_1_42' title='bbox 385 709 628 778; x_wconf 88' lang='lat' dir='ltr'>propter</span> <span class='ocrx_word' id='word_1_43' title='bbox 655 704 939 775; x_wconf 83' lang='lat' dir='ltr'><strong>seipsam,</strong></span> <span class='ocrx_word' id='word_1_44' title='bbox 969 708 1062 762; x_wconf 84' lang='lat' dir='ltr'>est</span> <span class='ocrx_word' id='word_1_45' title='bbox 1089 702 1401 762; x_wconf 85' lang='lat' dir='ltr'>sufficiens</span> <span class='ocrx_word' id='word_1_46' title='bbox 1444 704 1688 777; x_wconf 82' lang='lat' dir='ltr'>signum</span> <span class='ocrx_word' id='word_1_47' title='bbox 1738 704 1898 778; x_wconf 88' lang='lat' dir='ltr'>quod</span> <span class='ocrx_word' id='word_1_48' title='bbox 1943 706 2256 765; x_wconf 81' lang='lat' dir='ltr'>delectatio</span> <span class='ocrx_word' id='word_1_49' title='bbox 2304 706 2384 766; x_wconf 90' lang='lat' dir='ltr'>sit</span> <span class='ocrx_word' id='word_1_50' title='bbox 2420 709 2672 769; x_wconf 87' lang='lat' dir='ltr'>ultimus</span> 
     </span>
     <span class='ocr_line' id='line_1_7' title="bbox 244 773 2674 846; baseline 0.003 -13"><span class='ocrx_word' id='word_1_51' title='bbox 244 775 413 845; x_wconf 75' lang='lat' dir='ltr'>finis,</span> <span class='ocrx_word' id='word_1_52' title='bbox 436 775 594 833; x_wconf 87' lang='lat' dir='ltr'>sicut</span> <span class='ocrx_word' id='word_1_53' title='bbox 621 777 795 832; x_wconf 88' lang='lat' dir='ltr'>tertia</span> <span class='ocrx_word' id='word_1_54' title='bbox 823 774 973 832; x_wconf 87' lang='lat' dir='ltr'>ratio</span> <span class='ocrx_word' id='word_1_55' title='bbox 1002 773 1414 833; x_wconf 85' lang='lat' dir='ltr'>concludebat.</span> <span class='ocrx_word' id='word_1_56' title='bbox 1445 776 1592 832; x_wconf 90' lang='lat' dir='ltr'>Nam</span> <span class='ocrx_word' id='word_1_57' title='bbox 1622 775 1958 846; x_wconf 83' lang='lat' dir='ltr'>delectatio,</span> <span class='ocrx_word' id='word_1_58' title='bbox 1989 777 2101 835; x_wconf 89' lang='lat' dir='ltr'>etsi</span> <span class='ocrx_word' id='word_1_59' title='bbox 2149 790 2271 834; x_wconf 92' lang='lat' dir='ltr'>non</span> <span class='ocrx_word' id='word_1_60' title='bbox 2316 777 2397 835; x_wconf 89' lang='lat' dir='ltr'>sit</span> <span class='ocrx_word' id='word_1_61' title='bbox 2425 779 2674 840; x_wconf 84' lang='lat' dir='ltr'>ultimus</span> 
     </span>
     <span class='ocr_line' id='line_1_8' title="bbox 248 844 2676 974; baseline 0.003 -72"><span class='ocrx_word' id='word_1_62' title='bbox 248 845 538 974; x_wconf 35' lang='lat' dir='ltr'>{initsaest</span> <span class='ocrx_word' id='word_1_63' title='bbox 563 850 763 902; x_wconf 87' lang='lat' dir='ltr'>tamen</span> <span class='ocrx_word' id='word_1_64' title='bbox 791 845 1066 972; x_wconf 50' lang='lat' dir='ltr'>utitimum</span> <span class='ocrx_word' id='word_1_65' title='bbox 1091 844 1271 904; x_wconf 88' lang='lat' dir='ltr'>finem</span> <span class='ocrx_word' id='word_1_66' title='bbox 1298 845 1736 916; x_wconf 81' lang='lat' dir='ltr'>concomitanS,</span> <span class='ocrx_word' id='word_1_67' title='bbox 1762 859 1945 919; x_wconf 83' lang='lat' dir='ltr'>quum</span> <span class='ocrx_word' id='word_1_68' title='bbox 1969 861 2043 904; x_wconf 82' lang='lat' dir='ltr'>ex</span> <span class='ocrx_word' id='word_1_69' title='bbox 2069 846 2384 918; x_wconf 84' lang='lat' dir='ltr'>adeptione</span> <span class='ocrx_word' id='word_1_70' title='bbox 2412 846 2551 907; x_wconf 84' lang='lat' dir='ltr'>finis</span> <span class='ocrx_word' id='word_1_71' title='bbox 2574 851 2676 909; x_wconf 90' lang='lat' dir='ltr'>de-</span> 
     </span>
    </p>

    <p class='ocr_par' dir='ltr' id='par_1_4' title="bbox 246 986 2677 1340">
     <span class='ocr_line' id='line_1_9' title="bbox 319 986 2677 1062; baseline 0.003 -17"><span class='ocrx_word' id='word_1_72' title='bbox 319 989 453 1045; x_wconf 87' lang='lat' dir='ltr'>Non</span> <span class='ocrx_word' id='word_1_73' title='bbox 495 991 688 1044; x_wconf 88' lang='lat' dir='ltr'>autem</span> <span class='ocrx_word' id='word_1_74' title='bbox 735 1001 772 1058; x_wconf 88' lang='lat' dir='ltr'>p</span> <span class='ocrx_word' id='word_1_75' title='bbox 801 999 937 1045; x_wconf 90' lang='lat' dir='ltr'>ures</span> <span class='ocrx_word' id='word_1_76' title='bbox 985 990 1259 1060; x_wconf 84' lang='lat' dir='ltr'>quaerunt</span> <span class='ocrx_word' id='word_1_77' title='bbox 1314 986 1769 1046; x_wconf 81' lang='lat' dir='ltr'>delectationem</span> <span class='ocrx_word' id='word_1_78' title='bbox 1826 1001 1959 1061; x_wconf 77' lang='lat' dir='ltr'>quie</span> <span class='ocrx_word' id='word_1_79' title='bbox 2001 992 2095 1046; x_wconf 90' lang='lat' dir='ltr'>est</span> <span class='ocrx_word' id='word_1_80' title='bbox 2142 987 2203 1045; x_wconf 94' lang='lat' dir='ltr'>in</span> <span class='ocrx_word' id='word_1_81' title='bbox 2248 991 2677 1062; x_wconf 83' lang='lat' dir='ltr'>cognoscendo</span> 
     </span>
     <span class='ocr_line' id='line_1_10' title="bbox 248 1057 2673 1131; baseline 0.002 -15"><span class='ocrx_word' id='word_1_82' title='bbox 248 1070 432 1131; x_wconf 85' lang='lat' dir='ltr'>quam</span> <span class='ocrx_word' id='word_1_83' title='bbox 461 1057 906 1129; x_wconf 80' lang='lat' dir='ltr'>cognitionem3</span> <span class='ocrx_word' id='word_1_84' title='bbox 939 1057 1044 1116; x_wconf 87' lang='lat' dir='ltr'>sed</span> <span class='ocrx_word' id='word_1_85' title='bbox 1073 1057 1276 1127; x_wconf 88' lang='lat' dir='ltr'>plures</span> <span class='ocrx_word' id='word_1_86' title='bbox 1299 1062 1442 1115; x_wconf 89' lang='lat' dir='ltr'>sunt</span> <span class='ocrx_word' id='word_1_87' title='bbox 1468 1057 1573 1131; x_wconf 90' lang='lat' dir='ltr'>qui</span> <span class='ocrx_word' id='word_1_88' title='bbox 1597 1064 1870 1130; x_wconf 80' lang='lat' dir='ltr'>quaerunt</span> <span class='ocrx_word' id='word_1_89' title='bbox 1898 1058 2327 1117; x_wconf 86' lang='lat' dir='ltr'>delectationes</span> <span class='ocrx_word' id='word_1_90' title='bbox 2349 1062 2673 1121; x_wconf 83' lang='lat' dir='ltr'>sensibiles</span> 
     </span>
     <span class='ocr_line' id='line_1_11' title="bbox 246 1127 2674 1203; baseline 0.001 -16"><span class='ocrx_word' id='word_1_91' title='bbox 246 1141 430 1202; x_wconf 86' lang='lat' dir='ltr'>quam</span> <span class='ocrx_word' id='word_1_92' title='bbox 480 1128 885 1199; x_wconf 83' lang='lat' dir='ltr'>cognitionem</span> <span class='ocrx_word' id='word_1_93' title='bbox 935 1127 1274 1185; x_wconf 89' lang='lat' dir='ltr'>intellectus</span> <span class='ocrx_word' id='word_1_94' title='bbox 1321 1133 1380 1184; x_wconf 89' lang='lat' dir='ltr'>et</span> <span class='ocrx_word' id='word_1_95' title='bbox 1424 1127 1879 1186; x_wconf 84' lang='lat' dir='ltr'>delectationem</span> <span class='ocrx_word' id='word_1_96' title='bbox 1925 1127 2120 1199; x_wconf 85' lang='lat' dir='ltr'>ipsam</span> <span class='ocrx_word' id='word_1_97' title='bbox 2166 1136 2674 1203; x_wconf 65' lang='lat' dir='ltr'>consequentem</span> 
     </span>
     <span class='ocr_line' id='line_1_12' title="bbox 248 1197 2677 1280; baseline 0.001 -22"><span class='ocrx_word' id='word_1_98' title='bbox 248 1198 497 1280; x_wconf 66' lang='lat' dir='ltr'>quiaea</span> <span class='ocrx_word' id='word_1_99' title='bbox 521 1212 653 1278; x_wconf 78' lang='lat' dir='ltr'>quae</span> <span class='ocrx_word' id='word_1_100' title='bbox 681 1199 943 1278; x_wconf 53' lang='lat' dir='ltr'>caterius</span> <span class='ocrx_word' id='word_1_101' title='bbox 970 1203 1112 1256; x_wconf 91' lang='lat' dir='ltr'>sunt</span> <span class='ocrx_word' id='word_1_102' title='bbox 1141 1197 1336 1279; x_wconf 79' lang='lat' dir='ltr'>magis</span> <span class='ocrx_word' id='word_1_103' title='bbox 1365 1204 1509 1256; x_wconf 90' lang='lat' dir='ltr'>nota</span> <span class='ocrx_word' id='word_1_104' title='bbox 1544 1197 1820 1270; x_wconf 89' lang='lat' dir='ltr'>pluribus</span> <span class='ocrx_word' id='word_1_105' title='bbox 1860 1198 2146 1270; x_wconf 81' lang='lat' dir='ltr'>existunt,</span> <span class='ocrx_word' id='word_1_106' title='bbox 2174 1213 2249 1259; x_wconf 94' lang='lat' dir='ltr'>eo</span> <span class='ocrx_word' id='word_1_107' title='bbox 2282 1201 2441 1274; x_wconf 87' lang='lat' dir='ltr'>quod</span> <span class='ocrx_word' id='word_1_108' title='bbox 2474 1215 2515 1260; x_wconf 87' lang='lat' dir='ltr'>a</span> <span class='ocrx_word' id='word_1_109' title='bbox 2540 1215 2677 1261; x_wconf 88' lang='lat' dir='ltr'>sen-</span> 
     </span>
     <span class='ocr_line' id='line_1_13' title="bbox 249 1268 1379 1340; baseline -0.002 -12"><span class='ocrx_word' id='word_1_110' title='bbox 249 1268 535 1328; x_wconf 85' lang='lat' dir='ltr'>sibilibus</span> <span class='ocrx_word' id='word_1_111' title='bbox 556 1268 768 1339; x_wconf 86' lang='lat' dir='ltr'>incipit</span> <span class='ocrx_word' id='word_1_112' title='bbox 797 1269 1061 1327; x_wconf 89' lang='lat' dir='ltr'>humana</span> <span class='ocrx_word' id='word_1_113' title='bbox 1086 1273 1379 1340; x_wconf 76' lang='lat' dir='ltr'>cognitio.</span> 
     </span>
    </p>

    <p class='ocr_par' dir='ltr' id='par_1_5' title="bbox 230 1338 2685 2401">
     <span class='ocr_line' id='line_1_14' title="bbox 320 1338 2683 1411; baseline 0.002 -13"><span class='ocrx_word' id='word_1_114' title='bbox 320 1340 492 1409; x_wconf 85' lang='lat' dir='ltr'>Quod</span> <span class='ocrx_word' id='word_1_115' title='bbox 520 1345 717 1397; x_wconf 90' lang='lat' dir='ltr'>autem</span> <span class='ocrx_word' id='word_1_116' title='bbox 747 1339 957 1411; x_wconf 85' lang='lat' dir='ltr'>quinta</span> <span class='ocrx_word' id='word_1_117' title='bbox 984 1338 1136 1397; x_wconf 88' lang='lat' dir='ltr'>ratio</span> <span class='ocrx_word' id='word_1_118' title='bbox 1165 1338 1467 1411; x_wconf 86' lang='lat' dir='ltr'>proponit,</span> <span class='ocrx_word' id='word_1_119' title='bbox 1495 1340 1863 1398; x_wconf 84' lang='lat' dir='ltr'>voluntatem</span> <span class='ocrx_word' id='word_1_120' title='bbox 1910 1353 2046 1399; x_wconf 91' lang='lat' dir='ltr'>esse</span> <span class='ocrx_word' id='word_1_121' title='bbox 2074 1339 2345 1398; x_wconf 87' lang='lat' dir='ltr'>altiorem</span> <span class='ocrx_word' id='word_1_122' title='bbox 2373 1341 2683 1404; x_wconf 86' lang='lat' dir='ltr'>intellectu</span> 
     </span>
     <span class='ocr_line' id='line_1_15' title="bbox 250 1408 2682 1483; baseline 0.002 -15"><span class='ocrx_word' id='word_1_123' title='bbox 250 1409 427 1482; x_wconf 79' lang='lat' dir='ltr'>quasi</span> <span class='ocrx_word' id='word_1_124' title='bbox 458 1408 588 1482; x_wconf 86' lang='lat' dir='ltr'>ejus</span> <span class='ocrx_word' id='word_1_125' title='bbox 619 1409 926 1478; x_wconf 88' lang='lat' dir='ltr'>motivam,</span> <span class='ocrx_word' id='word_1_126' title='bbox 960 1409 1179 1468; x_wconf 84' lang='lat' dir='ltr'>falsum</span> <span class='ocrx_word' id='word_1_127' title='bbox 1225 1423 1361 1468; x_wconf 89' lang='lat' dir='ltr'>esse</span> <span class='ocrx_word' id='word_1_128' title='bbox 1389 1409 1777 1470; x_wconf 89' lang='lat' dir='ltr'>manifestum</span> <span class='ocrx_word' id='word_1_129' title='bbox 1815 1414 1926 1469; x_wconf 90' lang='lat' dir='ltr'>est.</span> <span class='ocrx_word' id='word_1_130' title='bbox 1957 1412 2102 1468; x_wconf 87' lang='lat' dir='ltr'>Nam</span> <span class='ocrx_word' id='word_1_131' title='bbox 2132 1411 2326 1481; x_wconf 91' lang='lat' dir='ltr'>primo</span> <span class='ocrx_word' id='word_1_132' title='bbox 2371 1417 2429 1469; x_wconf 91' lang='lat' dir='ltr'>et</span> <span class='ocrx_word' id='word_1_133' title='bbox 2475 1426 2581 1483; x_wconf 90' lang='lat' dir='ltr'>per</span> <span class='ocrx_word' id='word_1_134' title='bbox 2612 1425 2682 1473; x_wconf 87' lang='lat' dir='ltr'>se</span> 
     </span>
     <span class='ocr_line' id='line_1_16' title="bbox 249 1479 2680 1561; baseline 0.001 -23"><span class='ocrx_word' id='word_1_135' title='bbox 249 1480 595 1540; x_wconf 89' lang='lat' dir='ltr'>intellectus</span> <span class='ocrx_word' id='word_1_136' title='bbox 639 1480 1268 1561; x_wconf 59' lang='lat' dir='ltr'>movetvoluntatem.</span> <span class='ocrx_word' id='word_1_137' title='bbox 1311 1479 1600 1538; x_wconf 80' lang='lat' dir='ltr'>Voluntas</span> <span class='ocrx_word' id='word_1_138' title='bbox 1646 1481 1826 1548; x_wconf 89' lang='lat' dir='ltr'>enim,</span> <span class='ocrx_word' id='word_1_139' title='bbox 1870 1480 1934 1538; x_wconf 92' lang='lat' dir='ltr'>in</span> <span class='ocrx_word' id='word_1_140' title='bbox 1973 1486 2261 1553; x_wconf 86' lang='lat' dir='ltr'>quantum</span> <span class='ocrx_word' id='word_1_141' title='bbox 2308 1481 2680 1555; x_wconf 84' lang='lat' dir='ltr'>hujusmodi,</span> 
     </span>
     <span class='ocr_line' id='line_1_17' title="bbox 247 1549 2683 1631; baseline 0.001 -22"><span class='ocrx_word' id='word_1_142' title='bbox 247 1556 524 1610; x_wconf 84' lang='lat' dir='ltr'>movetur</span> <span class='ocrx_word' id='word_1_143' title='bbox 557 1566 594 1610; x_wconf 90' lang='lat' dir='ltr'>a</span> <span class='ocrx_word' id='word_1_144' title='bbox 620 1565 734 1609; x_wconf 91' lang='lat' dir='ltr'>suo</span> <span class='ocrx_word' id='word_1_145' title='bbox 763 1550 1019 1623; x_wconf 74' lang='lat' dir='ltr'>objecto,</span> <span class='ocrx_word' id='word_1_146' title='bbox 1047 1550 1207 1631; x_wconf 85' lang='lat' dir='ltr'>quod</span> <span class='ocrx_word' id='word_1_147' title='bbox 1238 1555 1329 1608; x_wconf 89' lang='lat' dir='ltr'>est</span> <span class='ocrx_word' id='word_1_148' title='bbox 1356 1549 1584 1608; x_wconf 89' lang='lat' dir='ltr'>bonum</span> <span class='ocrx_word' id='word_1_149' title='bbox 1617 1551 2056 1622; x_wconf 89' lang='lat' dir='ltr'>apprehensum</span> <span class='ocrx_word' id='word_1_150' title='bbox 2082 1568 2099 1619; x_wconf 89' lang='lat'>;</span> <span class='ocrx_word' id='word_1_151' title='bbox 2148 1551 2428 1610; x_wconf 82' lang='lat' dir='ltr'>voluntas</span> <span class='ocrx_word' id='word_1_152' title='bbox 2481 1558 2683 1612; x_wconf 87' lang='lat' dir='ltr'>autem</span> 
     </span>
     <span class='ocr_line' id='line_1_18' title="bbox 247 1620 2681 1696; baseline 0 -16"><span class='ocrx_word' id='word_1_153' title='bbox 247 1627 446 1681; x_wconf 83' lang='lat' dir='ltr'>movet</span> <span class='ocrx_word' id='word_1_154' title='bbox 491 1621 861 1680; x_wconf 89' lang='lat' dir='ltr'>intellectum</span> <span class='ocrx_word' id='word_1_155' title='bbox 900 1635 1072 1693; x_wconf 84' lang='lat' dir='ltr'>quasi</span> <span class='ocrx_word' id='word_1_156' title='bbox 1128 1634 1234 1692; x_wconf 91' lang='lat' dir='ltr'>per</span> <span class='ocrx_word' id='word_1_157' title='bbox 1277 1620 1580 1690; x_wconf 87' lang='lat' dir='ltr'>accidens,</span> <span class='ocrx_word' id='word_1_158' title='bbox 1626 1621 1689 1678; x_wconf 89' lang='lat' dir='ltr'>in</span> <span class='ocrx_word' id='word_1_159' title='bbox 1737 1627 2026 1694; x_wconf 87' lang='lat' dir='ltr'>quantum</span> <span class='ocrx_word' id='word_1_160' title='bbox 2069 1620 2302 1679; x_wconf 89' lang='lat' dir='ltr'>scilicet</span> <span class='ocrx_word' id='word_1_161' title='bbox 2346 1622 2681 1696; x_wconf 86' lang='lat' dir='ltr'>intelligere</span> 
     </span>
     <span class='ocr_line' id='line_1_19' title="bbox 248 1690 2681 1766; baseline 0 -15"><span class='ocrx_word' id='word_1_162' title='bbox 248 1692 449 1764; x_wconf 89' lang='lat' dir='ltr'>ipsum</span> <span class='ocrx_word' id='word_1_163' title='bbox 475 1692 939 1764; x_wconf 83' lang='lat' dir='ltr'>apprehenditur</span> <span class='ocrx_word' id='word_1_164' title='bbox 977 1697 1044 1750; x_wconf 90' lang='lat' dir='ltr'>ut</span> <span class='ocrx_word' id='word_1_165' title='bbox 1082 1690 1309 1749; x_wconf 88' lang='lat' dir='ltr'>bonum</span> <span class='ocrx_word' id='word_1_166' title='bbox 1351 1696 1410 1748; x_wconf 89' lang='lat' dir='ltr'>et</span> <span class='ocrx_word' id='word_1_167' title='bbox 1449 1691 1541 1749; x_wconf 91' lang='lat' dir='ltr'>sic</span> <span class='ocrx_word' id='word_1_168' title='bbox 1581 1690 1953 1750; x_wconf 87' lang='lat' dir='ltr'>desideratur</span> <span class='ocrx_word' id='word_1_169' title='bbox 1982 1706 2019 1749; x_wconf 89' lang='lat' dir='ltr'>a</span> <span class='ocrx_word' id='word_1_170' title='bbox 2062 1692 2405 1762; x_wconf 77' lang='lat' dir='ltr'>voluntate3</span> <span class='ocrx_word' id='word_1_171' title='bbox 2437 1707 2511 1751; x_wconf 79' lang='lat' dir='ltr'>ex</span> <span class='ocrx_word' id='word_1_172' title='bbox 2559 1705 2681 1766; x_wconf 84' lang='lat' dir='ltr'>quo</span> 
     </span>
     <span class='ocr_line' id='line_1_20' title="bbox 248 1761 2679 1835; baseline 0 -13"><span class='ocrx_word' id='word_1_173' title='bbox 248 1776 316 1822; x_wconf 89' lang='lat' dir='ltr'>se</span> <span class='ocrx_word' id='word_1_174' title='bbox 361 1763 524 1822; x_wconf 88' lang='lat' dir='ltr'>uitur</span> <span class='ocrx_word' id='word_1_175' title='bbox 547 1762 706 1835; x_wconf 86' lang='lat' dir='ltr'>quod</span> <span class='ocrx_word' id='word_1_176' title='bbox 740 1762 1081 1820; x_wconf 90' lang='lat' dir='ltr'>intellectus</span> <span class='ocrx_word' id='word_1_177' title='bbox 1123 1767 1257 1820; x_wconf 90' lang='lat' dir='ltr'>actu</span> <span class='ocrx_word' id='word_1_178' title='bbox 1287 1761 1588 1834; x_wconf 85' lang='lat' dir='ltr'>intelligit,</span> <span class='ocrx_word' id='word_1_179' title='bbox 1619 1767 1679 1820; x_wconf 90' lang='lat' dir='ltr'>et</span> <span class='ocrx_word' id='word_1_180' title='bbox 1716 1763 1780 1819; x_wconf 92' lang='lat' dir='ltr'>in</span> <span class='ocrx_word' id='word_1_181' title='bbox 1814 1763 1930 1820; x_wconf 88' lang='lat' dir='ltr'>hoc</span> <span class='ocrx_word' id='word_1_182' title='bbox 1959 1762 2092 1834; x_wconf 92' lang='lat' dir='ltr'>ipso</span> <span class='ocrx_word' id='word_1_183' title='bbox 2134 1762 2500 1821; x_wconf 84' lang='lat' dir='ltr'>voluntatem</span> <span class='ocrx_word' id='word_1_184' title='bbox 2571 1779 2679 1822; x_wconf 82' lang='lat' dir='ltr'>rae·</span> 
     </span>
     <span class='ocr_line' id='line_1_21' title="bbox 247 1778 2680 1914; baseline 0 -22"><span class='ocrx_word' id='word_1_185' title='bbox 247 1778 448 1904; x_wconf 57' lang='lat' dir='ltr'>ceffiu</span> <span class='ocrx_word' id='word_1_186' title='bbox 481 1847 790 1906; x_wconf 89' lang='lat' dir='ltr'>nunquam</span> <span class='ocrx_word' id='word_1_187' title='bbox 816 1833 976 1895; x_wconf 82' lang='lat' dir='ltr'>enim</span> <span class='ocrx_word' id='word_1_188' title='bbox 1004 1833 1284 1890; x_wconf 82' lang='lat' dir='ltr'>voluntas</span> <span class='ocrx_word' id='word_1_189' title='bbox 1304 1832 1670 1891; x_wconf 89' lang='lat' dir='ltr'>desideraret</span> <span class='ocrx_word' id='word_1_190' title='bbox 1691 1833 2048 1914; x_wconf 80' lang='lat' dir='ltr'>intelligere,</span> <span class='ocrx_word' id='word_1_191' title='bbox 2066 1831 2187 1891; x_wconf 91' lang='lat' dir='ltr'>nisi</span> <span class='ocrx_word' id='word_1_192' title='bbox 2215 1833 2386 1904; x_wconf 91' lang='lat' dir='ltr'>prius</span> <span class='ocrx_word' id='word_1_193' title='bbox 2411 1833 2533 1891; x_wconf 86' lang='lat' dir='ltr'>inte</span> <span class='ocrx_word' id='word_1_194' title='bbox 2560 1835 2680 1893; x_wconf 88' lang='lat' dir='ltr'>lec-</span> 
     </span>
     <span class='ocr_line' id='line_1_22' title="bbox 246 1902 2678 2031; baseline 0.001 -70"><span class='ocrx_word' id='word_1_195' title='bbox 246 1908 349 1962; x_wconf 85' lang='lat' dir='ltr'>tus</span> <span class='ocrx_word' id='word_1_196' title='bbox 376 1904 574 2031; x_wconf 62' lang='lat' dir='ltr'>ipsum</span> <span class='ocrx_word' id='word_1_197' title='bbox 607 1904 942 1975; x_wconf 85' lang='lat' dir='ltr'>intelligere</span> <span class='ocrx_word' id='word_1_198' title='bbox 972 1917 1006 1960; x_wconf 90' lang='lat' dir='ltr'>a</span> <span class='ocrx_word' id='word_1_199' title='bbox 1048 1902 1440 1975; x_wconf 86' lang='lat' dir='ltr'>prehenderet</span> <span class='ocrx_word' id='word_1_200' title='bbox 1466 1907 1531 1960; x_wconf 92' lang='lat' dir='ltr'>ut</span> <span class='ocrx_word' id='word_1_201' title='bbox 1557 1902 1804 1961; x_wconf 90' lang='lat' dir='ltr'>bonum.</span> <span class='ocrx_word' id='word_1_202' title='bbox 1832 1906 1900 1960; x_wconf 82' lang='lat' dir='ltr'>Et</span> <span class='ocrx_word' id='word_1_203' title='bbox 1930 1907 2143 1961; x_wconf 87' lang='lat' dir='ltr'>iterum</span> <span class='ocrx_word' id='word_1_204' title='bbox 2172 1904 2453 1962; x_wconf 87' lang='lat' dir='ltr'>voluntas</span> <span class='ocrx_word' id='word_1_205' title='bbox 2481 1908 2678 1963; x_wconf 88' lang='lat' dir='ltr'>movet</span> 
     </span>
     <span class='ocr_line' id='line_1_23' title="bbox 248 1973 2678 2048; baseline 0 -16"><span class='ocrx_word' id='word_1_206' title='bbox 248 1974 401 2033; x_wconf 91' lang='lat' dir='ltr'>intel</span> <span class='ocrx_word' id='word_1_207' title='bbox 427 1980 622 2033; x_wconf 90' lang='lat' dir='ltr'>ectum</span> <span class='ocrx_word' id='word_1_208' title='bbox 654 1974 729 2032; x_wconf 88' lang='lat' dir='ltr'>ad</span> <span class='ocrx_word' id='word_1_209' title='bbox 759 1987 983 2045; x_wconf 85' lang='lat' dir='ltr'>operan</span> <span class='ocrx_word' id='word_1_210' title='bbox 1029 1988 1125 2032; x_wconf 89' lang='lat' dir='ltr'>um</span> <span class='ocrx_word' id='word_1_211' title='bbox 1143 1973 1222 2031; x_wconf 78' lang='lat' dir='ltr'>in</span> <span class='ocrx_word' id='word_1_212' title='bbox 1245 1979 1380 2032; x_wconf 87' lang='lat' dir='ltr'>actu</span> <span class='ocrx_word' id='word_1_213' title='bbox 1409 1987 1514 2045; x_wconf 87' lang='lat' dir='ltr'>per</span> <span class='ocrx_word' id='word_1_214' title='bbox 1543 1974 1789 2032; x_wconf 90' lang='lat' dir='ltr'>modum</span> <span class='ocrx_word' id='word_1_215' title='bbox 1855 1987 1934 2032; x_wconf 92' lang='lat' dir='ltr'>uo</span> <span class='ocrx_word' id='word_1_216' title='bbox 1952 1987 2139 2048; x_wconf 82' lang='lat' dir='ltr'>agens</span> <span class='ocrx_word' id='word_1_217' title='bbox 2161 1987 2399 2033; x_wconf 87' lang='lat' dir='ltr'>movere</span> <span class='ocrx_word' id='word_1_218' title='bbox 2422 1973 2678 2046; x_wconf 87' lang='lat' dir='ltr'>dicitur;</span> 
     </span>
     <span class='ocr_line' id='line_1_24' title="bbox 248 2043 2681 2125; baseline 0.001 -23"><span class='ocrx_word' id='word_1_219' title='bbox 248 2044 589 2125; x_wconf 76' lang='lat' dir='ltr'>intellectus</span> <span class='ocrx_word' id='word_1_220' title='bbox 618 2050 814 2104; x_wconf 87' lang='lat' dir='ltr'>autem</span> <span class='ocrx_word' id='word_1_221' title='bbox 845 2044 1232 2125; x_wconf 74' lang='lat' dir='ltr'>yoluntatem,</span> <span class='ocrx_word' id='word_1_222' title='bbox 1262 2058 1369 2117; x_wconf 90' lang='lat' dir='ltr'>per</span> <span class='ocrx_word' id='word_1_223' title='bbox 1390 2043 1637 2102; x_wconf 89' lang='lat' dir='ltr'>modum</span> <span class='ocrx_word' id='word_1_224' title='bbox 1663 2058 1784 2116; x_wconf 84' lang='lat' dir='ltr'>quo</span> <span class='ocrx_word' id='word_1_225' title='bbox 1871 2043 1966 2102; x_wconf 90' lang='lat' dir='ltr'>uis</span> <span class='ocrx_word' id='word_1_226' title='bbox 2014 2049 2232 2125; x_wconf 72' lang='lat' dir='ltr'>movet,</span> <span class='ocrx_word' id='word_1_227' title='bbox 2264 2059 2405 2102; x_wconf 89' lang='lat' dir='ltr'>nam</span> <span class='ocrx_word' id='word_1_228' title='bbox 2452 2045 2681 2106; x_wconf 86' lang='lat' dir='ltr'>honum</span> 
     </span>
     <span class='ocr_line' id='line_1_25' title="bbox 230 2114 2678 2187; baseline 0.001 -13"><span class='ocrx_word' id='word_1_229' title='bbox 230 2114 620 2174; x_wconf 69' lang='lat' dir='ltr'>mteuectum</span> <span class='ocrx_word' id='word_1_230' title='bbox 641 2120 733 2174; x_wconf 92' lang='lat' dir='ltr'>est</span> <span class='ocrx_word' id='word_1_231' title='bbox 759 2114 900 2173; x_wconf 88' lang='lat' dir='ltr'>finis</span> <span class='ocrx_word' id='word_1_232' title='bbox 927 2115 1294 2185; x_wconf 82' lang='lat' dir='ltr'>voluntatis;</span> <span class='ocrx_word' id='word_1_233' title='bbox 1324 2128 1513 2185; x_wconf 78' lang='lat' dir='ltr'>agens</span> <span class='ocrx_word' id='word_1_234' title='bbox 1555 2121 1752 2173; x_wconf 82' lang='lat' dir='ltr'>autem</span> <span class='ocrx_word' id='word_1_235' title='bbox 1799 2119 1893 2173; x_wconf 89' lang='lat' dir='ltr'>est</span> <span class='ocrx_word' id='word_1_236' title='bbox 1932 2120 2230 2187; x_wconf 84' lang='lat' dir='ltr'>posterior</span> <span class='ocrx_word' id='word_1_237' title='bbox 2273 2115 2337 2173; x_wconf 90' lang='lat' dir='ltr'>in</span> <span class='ocrx_word' id='word_1_238' title='bbox 2380 2116 2678 2176; x_wconf 87' lang='lat' dir='ltr'>movendo</span> 
     </span>
     <span class='ocr_line' id='line_1_26' title="bbox 248 2185 2685 2259; baseline 0 -14"><span class='ocrx_word' id='word_1_239' title='bbox 248 2199 431 2259; x_wconf 84' lang='lat' dir='ltr'>quam</span> <span class='ocrx_word' id='word_1_240' title='bbox 456 2185 619 2255; x_wconf 76' lang='lat' dir='ltr'>finiS,</span> <span class='ocrx_word' id='word_1_241' title='bbox 647 2200 791 2244; x_wconf 84' lang='lat' dir='ltr'>nam</span> <span class='ocrx_word' id='word_1_242' title='bbox 818 2198 1007 2259; x_wconf 86' lang='lat' dir='ltr'>agens</span> <span class='ocrx_word' id='word_1_243' title='bbox 1036 2198 1156 2244; x_wconf 89' lang='lat' dir='ltr'>nou</span> <span class='ocrx_word' id='word_1_244' title='bbox 1189 2190 1386 2243; x_wconf 83' lang='lat' dir='ltr'>movet</span> <span class='ocrx_word' id='word_1_245' title='bbox 1411 2185 1528 2243; x_wconf 91' lang='lat' dir='ltr'>nisi</span> <span class='ocrx_word' id='word_1_246' title='bbox 1553 2191 1793 2257; x_wconf 86' lang='lat' dir='ltr'>propter</span> <span class='ocrx_word' id='word_1_247' title='bbox 1812 2185 1993 2243; x_wconf 82' lang='lat' dir='ltr'>finem</span> <span class='ocrx_word' id='word_1_248' title='bbox 2016 2205 2031 2255; x_wconf 87' lang='lat'>;</span> <span class='ocrx_word' id='word_1_249' title='bbox 2054 2185 2212 2244; x_wconf 90' lang='lat' dir='ltr'>unde</span> <span class='ocrx_word' id='word_1_250' title='bbox 2242 2192 2485 2257; x_wconf 88' lang='lat' dir='ltr'>apparet</span> <span class='ocrx_word' id='word_1_251' title='bbox 2513 2185 2685 2246; x_wconf 88' lang='lat' dir='ltr'>intel-</span> 
     </span>
     <span class='ocr_line' id='line_1_27' title="bbox 241 2255 2682 2338; baseline 0 -20"><span class='ocrx_word' id='word_1_252' title='bbox 241 2255 471 2318; x_wconf 85' lang='lat' dir='ltr'>lectum</span> <span class='ocrx_word' id='word_1_253' title='bbox 496 2257 858 2338; x_wconf 69' lang='lat' dir='ltr'>⁶simpliciter</span> <span class='ocrx_word' id='word_1_254' title='bbox 896 2269 1031 2315; x_wconf 90' lang='lat' dir='ltr'>esse</span> <span class='ocrx_word' id='word_1_255' title='bbox 1075 2256 1346 2336; x_wconf 74' lang='lat' dir='ltr'>altiorem</span> <span class='ocrx_word' id='word_1_256' title='bbox 1395 2256 1720 2327; x_wconf 89' lang='lat' dir='ltr'>voluntate,</span> <span class='ocrx_word' id='word_1_257' title='bbox 1765 2256 2135 2315; x_wconf 88' lang='lat' dir='ltr'>voluntatem</span> <span class='ocrx_word' id='word_1_258' title='bbox 2177 2269 2319 2314; x_wconf 83' lang='lat' dir='ltr'>vero</span> <span class='ocrx_word' id='word_1_259' title='bbox 2370 2256 2682 2320; x_wconf 85' lang='lat' dir='ltr'>intellectu</span> 
     </span>
     <span class='ocr_line' id='line_1_28' title="bbox 248 2325 1944 2401; baseline -0.002 -13"><span class='ocrx_word' id='word_1_260' title='bbox 248 2339 357 2400; x_wconf 86' lang='lat' dir='ltr'>per</span> <span class='ocrx_word' id='word_1_261' title='bbox 384 2328 665 2387; x_wconf 86' lang='lat' dir='ltr'>accidens</span> <span class='ocrx_word' id='word_1_262' title='bbox 694 2332 752 2387; x_wconf 89' lang='lat' dir='ltr'>et</span> <span class='ocrx_word' id='word_1_263' title='bbox 781 2326 1113 2386; x_wconf 87' lang='lat' dir='ltr'>secundum</span> <span class='ocrx_word' id='word_1_264' title='bbox 1138 2325 1302 2401; x_wconf 88' lang='lat' dir='ltr'>quid.</span> <span class='ocrx_word' id='word_1_265' title='bbox 1336 2326 1471 2398; x_wconf 88' lang='lat'>(1-11,</span> <span class='ocrx_word' id='word_1_266' title='bbox 1502 2339 1560 2398; x_wconf 89' lang='lat' dir='ltr'>q.</span> <span class='ocrx_word' id='word_1_267' title='bbox 1587 2340 1678 2398; x_wconf 86' lang='lat'>111,</span> <span class='ocrx_word' id='word_1_268' title='bbox 1708 2331 1818 2384; x_wconf 89' lang='lat' dir='ltr'>art.</span> <span class='ocrx_word' id='word_1_269' title='bbox 1842 2326 1944 2399; x_wconf 82' lang='grc'><strong>4.).</strong></span> 
     </span>
    </p>
   </div>
   <div class='ocr_carea' id='block_1_3' title="bbox 157 2498 204 2526">
    <p class='ocr_par' dir='ltr' id='par_1_6' title="bbox 157 2498 204 2526">
     <span class='ocr_line' id='line_1_29' title="bbox 157 2498 204 2526; baseline 0 0"><span class='ocrx_word' id='word_1_270' title='bbox 157 2498 204 2526; x_wconf 71' lang='lat' dir='ltr'><strong><em>s</em></strong></span> 
     </span>
    </p>
   </div>
   <div class='ocr_carea' id='block_1_4' title="bbox 1206 2546 1750 2613">
    <p class='ocr_par' dir='ltr' id='par_1_7' title="bbox 1206 2546 1750 2613">
     <span class='ocr_line' id='line_1_30' title="bbox 1206 2546 1750 2613; baseline -0.002 -1"><span class='ocrx_word' id='word_1_271' title='bbox 1206 2547 1461 2613; x_wconf 83' lang='lat' dir='ltr'>CAPUT</span> <span class='ocrx_word' id='word_1_272' title='bbox 1506 2546 1750 2611; x_wconf 85' lang='lat' dir='ltr'>xxvll.</span> 
     </span>
    </p>
   </div>
   <div class='ocr_carea' id='block_1_5' title="bbox 290 2723 2648 2784">
    <p class='ocr_par' dir='ltr' id='par_1_8' title="bbox 290 2723 2648 2784">
     <span class='ocr_line' id='line_1_31' title="bbox 290 2723 2648 2784; baseline -0 -7"><span class='ocrx_word' id='word_1_273' title='bbox 290 2728 442 2784; x_wconf 80' lang='lat' dir='ltr'>QUOD</span> <span class='ocrx_word' id='word_1_274' title='bbox 469 2728 768 2777; x_wconf 69' lang='lat' dir='ltr'>mucius</span> <span class='ocrx_word' id='word_1_275' title='bbox 795 2727 1050 2777; x_wconf 64' lang='lat' dir='ltr'>fimum</span> <span class='ocrx_word' id='word_1_276' title='bbox 1074 2726 1192 2775; x_wconf 75' lang='lat' dir='ltr'>NON</span> <span class='ocrx_word' id='word_1_277' title='bbox 1217 2725 1515 2774; x_wconf 71' lang='lat' dir='ltr'>cousis‘m·</span> <span class='ocrx_word' id='word_1_278' title='bbox 1542 2724 1607 2771; x_wconf 79' lang='lat' dir='ltr'>m</span> <span class='ocrx_word' id='word_1_279' title='bbox 1627 2723 2158 2773; x_wconf 68' lang='lat' dir='ltr'>Dmc&#39;ranomntts</span> <span class='ocrx_word' id='word_1_280' title='bbox 2191 2724 2648 2776; x_wconf 65' lang='lat' dir='ltr'>commutantis·</span> 
     </span>
    </p>
   </div>
   <div class='ocr_carea' id='block_1_6' title="bbox 0 2885 2793 4513">
    <p class='ocr_par' dir='ltr' id='par_1_9' title="bbox 249 2885 2681 3095">
     <span class='ocr_line' id='line_1_32' title="bbox 320 2885 2676 2973; baseline 0 -21"><span class='ocrx_word' id='word_1_281' title='bbox 320 2896 403 2952; x_wconf 84' lang='lat' dir='ltr'>Ex</span> <span class='ocrx_word' id='word_1_282' title='bbox 431 2892 761 2965; x_wconf 84' lang='lat' dir='ltr'>praemissis</span> <span class='ocrx_word' id='word_1_283' title='bbox 790 2897 989 2951; x_wconf 90' lang='lat' dir='ltr'>autem</span> <span class='ocrx_word' id='word_1_284' title='bbox 1018 2893 1262 2973; x_wconf 84' lang='lat' dir='ltr'>apparet</span> <span class='ocrx_word' id='word_1_285' title='bbox 1276 2887 1435 2962; x_wconf 90' lang='lat' dir='ltr'>quod</span> <span class='ocrx_word' id='word_1_286' title='bbox 1462 2885 1841 2968; x_wconf 82' lang='lat' dir='ltr'>impossibile</span> <span class='ocrx_word' id='word_1_287' title='bbox 1863 2895 1955 2947; x_wconf 91' lang='lat' dir='ltr'>est</span> <span class='ocrx_word' id='word_1_288' title='bbox 1981 2887 2323 2971; x_wconf 76' lang='lat' dir='ltr'>felicitatem</span> <span class='ocrx_word' id='word_1_289' title='bbox 2348 2890 2676 2952; x_wconf 79' lang='lat' dir='ltr'>humanam</span> 
     </span>
     <span class='ocr_line' id='line_1_33' title="bbox 249 2958 2681 3033; baseline -0.001 -8"><span class='ocrx_word' id='word_1_290' title='bbox 249 2964 583 3026; x_wconf 87' lang='lat' dir='ltr'>consistere</span> <span class='ocrx_word' id='word_1_291' title='bbox 608 2964 671 3022; x_wconf 92' lang='lat' dir='ltr'>in</span> <span class='ocrx_word' id='word_1_292' title='bbox 696 2962 1194 3021; x_wconf 87' lang='lat' dir='ltr'>delectationibus</span> <span class='ocrx_word' id='word_1_293' title='bbox 1214 2958 1649 3032; x_wconf 79' lang='lat' dir='ltr'>corporalibus,</span> <span class='ocrx_word' id='word_1_294' title='bbox 1671 2972 1920 3032; x_wconf 89' lang='lat' dir='ltr'>quarum</span> <span class='ocrx_word' id='word_1_295' title='bbox 1944 2973 2257 3033; x_wconf 80' lang='lat' dir='ltr'>praecipuae</span> <span class='ocrx_word' id='word_1_296' title='bbox 2279 2963 2505 3020; x_wconf 90' lang='lat' dir='ltr'>suntin</span> <span class='ocrx_word' id='word_1_297' title='bbox 2524 2963 2681 3031; x_wconf 77' lang='lat' dir='ltr'>cibis</span> 
     </span>
     <span class='ocr_line' id='line_1_34' title="bbox 250 3034 632 3095; baseline -0.01 0"><span class='ocrx_word' id='word_1_298' title='bbox 250 3040 312 3095; x_wconf 85' lang='lat' dir='ltr'>et</span> <span class='ocrx_word' id='word_1_299' title='bbox 340 3034 632 3093; x_wconf 80' lang='lat' dir='ltr'>venereis.</span> 
     </span>
    </p>

    <p class='ocr_par' dir='ltr' id='par_1_10' title="bbox 245 3098 2682 3739">
     <span class='ocr_line' id='line_1_35' title="bbox 324 3098 2675 3176; baseline -0.001 -12"><span class='ocrx_word' id='word_1_300' title='bbox 324 3107 643 3164; x_wconf 82' lang='lat' dir='ltr'>ostensum</span> <span class='ocrx_word' id='word_1_301' title='bbox 675 3108 767 3162; x_wconf 90' lang='lat' dir='ltr'>est</span> <span class='ocrx_word' id='word_1_302' title='bbox 795 3103 957 3162; x_wconf 91' lang='lat' dir='ltr'>enim</span> <span class='ocrx_word' id='word_1_303' title='bbox 988 3102 1065 3174; x_wconf 92' lang='lat' dir='ltr'>(c.</span> <span class='ocrx_word' id='word_1_304' title='bbox 1093 3101 1187 3176; x_wconf 82' lang='lat'>26)</span> <span class='ocrx_word' id='word_1_305' title='bbox 1216 3100 1397 3175; x_wconf 84' lang='lat' dir='ltr'>quod,</span> <span class='ocrx_word' id='word_1_306' title='bbox 1429 3098 1761 3158; x_wconf 89' lang='lat' dir='ltr'>secundum</span> <span class='ocrx_word' id='word_1_307' title='bbox 1791 3106 2017 3160; x_wconf 80' lang='lat' dir='ltr'>naturae</span> <span class='ocrx_word' id='word_1_308' title='bbox 2039 3100 2332 3170; x_wconf 84' lang='lat' dir='ltr'>ordinem,</span> <span class='ocrx_word' id='word_1_309' title='bbox 2359 3102 2675 3163; x_wconf 86' lang='lat' dir='ltr'>delectatio</span> 
     </span>
     <span class='ocr_line' id='line_1_36' title="bbox 250 3171 2681 3256; baseline -0.002 -20"><span class='ocrx_word' id='word_1_310' title='bbox 250 3181 349 3236; x_wconf 86' lang='lat' dir='ltr'>est</span> <span class='ocrx_word' id='word_1_311' title='bbox 373 3180 611 3256; x_wconf 83' lang='lat' dir='ltr'>propter</span> <span class='ocrx_word' id='word_1_312' title='bbox 639 3174 1046 3246; x_wconf 84' lang='lat' dir='ltr'>operationem</span> <span class='ocrx_word' id='word_1_313' title='bbox 1101 3177 1160 3230; x_wconf 90' lang='lat' dir='ltr'>et</span> <span class='ocrx_word' id='word_1_314' title='bbox 1187 3186 1310 3231; x_wconf 92' lang='lat' dir='ltr'>non</span> <span class='ocrx_word' id='word_1_315' title='bbox 1349 3186 1381 3229; x_wconf 93' lang='grc'><strong>6</strong></span> <span class='ocrx_word' id='word_1_316' title='bbox 1423 3182 1736 3227; x_wconf 85' lang='lat' dir='ltr'>converso.</span> <span class='ocrx_word' id='word_1_317' title='bbox 1786 3172 1847 3230; x_wconf 89' lang='lat' dir='ltr'>Si</span> <span class='ocrx_word' id='word_1_318' title='bbox 1895 3171 2080 3245; x_wconf 87' lang='lat' dir='ltr'>igitur</span> <span class='ocrx_word' id='word_1_319' title='bbox 2122 3173 2503 3244; x_wconf 85' lang='lat' dir='ltr'>operationes</span> <span class='ocrx_word' id='word_1_320' title='bbox 2557 3186 2681 3232; x_wconf 88' lang='lat' dir='ltr'>non</span> 
     </span>
     <span class='ocr_line' id='line_1_37' title="bbox 247 3217 2680 3324; baseline -0 -20"><span class='ocrx_word' id='word_1_321' title='bbox 247 3246 478 3304; x_wconf 82' lang='lat' dir='ltr'>fuerint</span> <span class='ocrx_word' id='word_1_322' title='bbox 505 3244 753 3303; x_wconf 88' lang='lat' dir='ltr'>ultimus</span> <span class='ocrx_word' id='word_1_323' title='bbox 779 3243 942 3314; x_wconf 84' lang='lat' dir='ltr'>fiuiS,</span> <span class='ocrx_word' id='word_1_324' title='bbox 973 3217 1400 3324; x_wconf 67' lang='lat' dir='ltr'>delectationes</span> <span class='ocrx_word' id='word_1_325' title='bbox 1432 3248 1872 3312; x_wconf 87' lang='lat' dir='ltr'>consequentes</span> <span class='ocrx_word' id='word_1_326' title='bbox 1908 3255 2011 3300; x_wconf 90' lang='lat' dir='ltr'>eas</span> <span class='ocrx_word' id='word_1_327' title='bbox 2036 3256 2229 3315; x_wconf 91' lang='lat' dir='ltr'>neque</span> <span class='ocrx_word' id='word_1_328' title='bbox 2258 3251 2400 3300; x_wconf 89' lang='lat' dir='ltr'>sunt</span> <span class='ocrx_word' id='word_1_329' title='bbox 2428 3243 2680 3303; x_wconf 85' lang='lat' dir='ltr'>ultimus</span> 
     </span>
     <span class='ocr_line' id='line_1_38' title="bbox 246 3310 2680 3387; baseline 0 -14"><span class='ocrx_word' id='word_1_330' title='bbox 246 3315 393 3374; x_wconf 85' lang='lat' dir='ltr'>fluis</span> <span class='ocrx_word' id='word_1_331' title='bbox 418 3329 610 3387; x_wconf 84' lang='lat' dir='ltr'>neque</span> <span class='ocrx_word' id='word_1_332' title='bbox 639 3316 1110 3373; x_wconf 88' lang='lat' dir='ltr'>concomitantes</span> <span class='ocrx_word' id='word_1_333' title='bbox 1162 3314 1438 3372; x_wconf 85' lang='lat' dir='ltr'>ultimum</span> <span class='ocrx_word' id='word_1_334' title='bbox 1483 3310 1685 3367; x_wconf 86' lang='lat' dir='ltr'>finem.</span> <span class='ocrx_word' id='word_1_335' title='bbox 1738 3313 1980 3371; x_wconf 88' lang='lat' dir='ltr'>Constat</span> <span class='ocrx_word' id='word_1_336' title='bbox 2015 3317 2212 3371; x_wconf 91' lang='lat' dir='ltr'>autem</span> <span class='ocrx_word' id='word_1_337' title='bbox 2260 3312 2418 3385; x_wconf 88' lang='lat' dir='ltr'>quod</span> <span class='ocrx_word' id='word_1_338' title='bbox 2469 3327 2505 3371; x_wconf 94' lang='lat' dir='ltr'>o</span> <span class='ocrx_word' id='word_1_339' title='bbox 2549 3327 2680 3374; x_wconf 86' lang='lat' dir='ltr'>era-</span> 
     </span>
     <span class='ocr_line' id='line_1_39' title="bbox 248 3382 2677 3465; baseline 0 -21"><span class='ocrx_word' id='word_1_340' title='bbox 248 3387 453 3445; x_wconf 88' lang='lat' dir='ltr'>tiones</span> <span class='ocrx_word' id='word_1_341' title='bbox 480 3400 631 3458; x_wconf 86' lang='lat' dir='ltr'>quas</span> <span class='ocrx_word' id='word_1_342' title='bbox 656 3390 1108 3458; x_wconf 86' lang='lat' dir='ltr'>consequuntur</span> <span class='ocrx_word' id='word_1_343' title='bbox 1125 3384 1420 3455; x_wconf 78' lang='lat' dir='ltr'>praedictae</span> <span class='ocrx_word' id='word_1_344' title='bbox 1441 3382 1873 3465; x_wconf 79' lang='lat' dir='ltr'>delectationes</span> <span class='ocrx_word' id='word_1_345' title='bbox 1900 3397 2021 3440; x_wconf 89' lang='lat' dir='ltr'>non</span> <span class='ocrx_word' id='word_1_346' title='bbox 2051 3389 2193 3441; x_wconf 90' lang='lat' dir='ltr'>suut</span> <span class='ocrx_word' id='word_1_347' title='bbox 2224 3383 2469 3464; x_wconf 79' lang='lat' dir='ltr'>ultimus</span> <span class='ocrx_word' id='word_1_348' title='bbox 2542 3384 2677 3455; x_wconf 83' lang='lat' dir='ltr'>nis;</span> 
     </span>
     <span class='ocr_line' id='line_1_40' title="bbox 250 3450 2678 3528; baseline -0.001 -13"><span class='ocrx_word' id='word_1_349' title='bbox 250 3455 605 3515; x_wconf 87' lang='lat' dir='ltr'>ordinantur</span> <span class='ocrx_word' id='word_1_350' title='bbox 634 3461 829 3514; x_wconf 89' lang='lat' dir='ltr'>autem</span> <span class='ocrx_word' id='word_1_351' title='bbox 860 3454 935 3514; x_wconf 90' lang='lat' dir='ltr'>ad</span> <span class='ocrx_word' id='word_1_352' title='bbox 972 3455 1208 3528; x_wconf 89' lang='lat' dir='ltr'>aliquos</span> <span class='ocrx_word' id='word_1_353' title='bbox 1239 3453 1392 3511; x_wconf 80' lang='lat' dir='ltr'>lines</span> <span class='ocrx_word' id='word_1_354' title='bbox 1417 3450 1790 3517; x_wconf 82' lang='lat' dir='ltr'>manifestos,</span> <span class='ocrx_word' id='word_1_355' title='bbox 1825 3460 1981 3512; x_wconf 86' lang='lat' dir='ltr'>sicut</span> <span class='ocrx_word' id='word_1_356' title='bbox 2010 3460 2299 3511; x_wconf 89' lang='lat' dir='ltr'>comestio</span> <span class='ocrx_word' id='word_1_357' title='bbox 2329 3454 2400 3511; x_wconf 93' lang='lat' dir='ltr'>ad</span> <span class='ocrx_word' id='word_1_358' title='bbox 2431 3466 2678 3512; x_wconf 72' lang='lat' dir='ltr'>conser-</span> 
     </span>
     <span class='ocr_line' id='line_1_41' title="bbox 248 3523 2682 3598; baseline 0.001 -16"><span class='ocrx_word' id='word_1_359' title='bbox 248 3531 552 3584; x_wconf 79' lang='lat' dir='ltr'>vationem</span> <span class='ocrx_word' id='word_1_360' title='bbox 578 3527 868 3598; x_wconf 86' lang='lat' dir='ltr'>corporis,</span> <span class='ocrx_word' id='word_1_361' title='bbox 901 3526 1097 3584; x_wconf 90' lang='lat' dir='ltr'>coitus</span> <span class='ocrx_word' id='word_1_362' title='bbox 1140 3529 1336 3582; x_wconf 86' lang='lat' dir='ltr'>autem</span> <span class='ocrx_word' id='word_1_363' title='bbox 1366 3524 1439 3582; x_wconf 87' lang='lat' dir='ltr'>ad</span> <span class='ocrx_word' id='word_1_364' title='bbox 1488 3525 1939 3596; x_wconf 79' lang='lat' dir='ltr'>generationem</span> <span class='ocrx_word' id='word_1_365' title='bbox 1986 3523 2194 3596; x_wconf 90' lang='lat' dir='ltr'>prolis.</span> <span class='ocrx_word' id='word_1_366' title='bbox 2245 3525 2682 3584; x_wconf 88' lang='lat' dir='ltr'>Delectationes</span> 
     </span>
     <span class='ocr_line' id='line_1_42' title="bbox 246 3593 2682 3672; baseline 0 -18"><span class='ocrx_word' id='word_1_367' title='bbox 246 3596 437 3668; x_wconf 82' lang='lat' dir='ltr'>igitur</span> <span class='ocrx_word' id='word_1_368' title='bbox 454 3598 780 3669; x_wconf 81' lang='lat' dir='ltr'>praemissae</span> <span class='ocrx_word' id='word_1_369' title='bbox 807 3609 930 3654; x_wconf 91' lang='lat' dir='ltr'>non</span> <span class='ocrx_word' id='word_1_370' title='bbox 960 3600 1101 3654; x_wconf 90' lang='lat' dir='ltr'>sunt</span> <span class='ocrx_word' id='word_1_371' title='bbox 1147 3595 1399 3654; x_wconf 88' lang='lat' dir='ltr'>ultimus</span> <span class='ocrx_word' id='word_1_372' title='bbox 1427 3593 1569 3652; x_wconf 89' lang='lat' dir='ltr'>finis</span> <span class='ocrx_word' id='word_1_373' title='bbox 1598 3604 1791 3672; x_wconf 80' lang='lat' dir='ltr'>neque</span> <span class='ocrx_word' id='word_1_374' title='bbox 1822 3594 2100 3654; x_wconf 89' lang='lat' dir='ltr'>ultimum</span> <span class='ocrx_word' id='word_1_375' title='bbox 2143 3593 2321 3652; x_wconf 83' lang='lat' dir='ltr'>finem</span> <span class='ocrx_word' id='word_1_376' title='bbox 2371 3594 2682 3655; x_wconf 83' lang='lat' dir='ltr'>concomi-</span> 
     </span>
     <span class='ocr_line' id='line_1_43' title="bbox 245 3663 1775 3739; baseline -0.001 -14"><span class='ocrx_word' id='word_1_377' title='bbox 245 3671 467 3725; x_wconf 85' lang='lat' dir='ltr'>tantes.</span> <span class='ocrx_word' id='word_1_378' title='bbox 498 3670 627 3725; x_wconf 90' lang='lat' dir='ltr'>Non</span> <span class='ocrx_word' id='word_1_379' title='bbox 654 3673 746 3726; x_wconf 91' lang='lat' dir='ltr'>est</span> <span class='ocrx_word' id='word_1_380' title='bbox 773 3667 958 3739; x_wconf 85' lang='lat' dir='ltr'>igitur</span> <span class='ocrx_word' id='word_1_381' title='bbox 982 3666 1047 3724; x_wconf 91' lang='lat' dir='ltr'>in</span> <span class='ocrx_word' id='word_1_382' title='bbox 1074 3665 1170 3723; x_wconf 87' lang='lat' dir='ltr'>his</span> <span class='ocrx_word' id='word_1_383' title='bbox 1192 3665 1469 3737; x_wconf 91' lang='lat' dir='ltr'>ponenda</span> <span class='ocrx_word' id='word_1_384' title='bbox 1499 3663 1775 3723; x_wconf 81' lang='lat' dir='ltr'>felicitas.</span> 
     </span>
    </p>

    <p class='ocr_par' dir='ltr' id='par_1_11' title="bbox 245 3733 2682 4029">
     <span class='ocr_line' id='line_1_44' title="bbox 319 3733 2680 3816; baseline 0.001 -24"><span class='ocrx_word' id='word_1_385' title='bbox 319 3737 538 3807; x_wconf 79' lang='lat' dir='ltr'>Adhuc,</span> <span class='ocrx_word' id='word_1_386' title='bbox 568 3737 847 3795; x_wconf 83' lang='lat' dir='ltr'>voluntas</span> <span class='ocrx_word' id='word_1_387' title='bbox 876 3741 967 3795; x_wconf 88' lang='lat' dir='ltr'>est</span> <span class='ocrx_word' id='word_1_388' title='bbox 995 3737 1278 3816; x_wconf 42' lang='lat' dir='ltr'>superior·</span> <span class='ocrx_word' id='word_1_389' title='bbox 1311 3750 1489 3808; x_wconf 81' lang='lat' dir='ltr'>quam</span> <span class='ocrx_word' id='word_1_390' title='bbox 1534 3736 1834 3807; x_wconf 87' lang='lat' dir='ltr'>appetitus</span> <span class='ocrx_word' id='word_1_391' title='bbox 1876 3734 2242 3804; x_wconf 80' lang='lat' dir='ltr'>sensitivu83</span> <span class='ocrx_word' id='word_1_392' title='bbox 2291 3740 2489 3816; x_wconf 77' lang='lat' dir='ltr'>movet</span> <span class='ocrx_word' id='word_1_393' title='bbox 2516 3733 2680 3795; x_wconf 86' lang='lat' dir='ltr'>enim</span> 
     </span>
     <span class='ocr_line' id='line_1_45' title="bbox 247 3804 2681 3879; baseline 0 -15"><span class='ocrx_word' id='word_1_394' title='bbox 247 3805 471 3879; x_wconf 88' lang='lat' dir='ltr'>ipsum,</span> <span class='ocrx_word' id='word_1_395' title='bbox 499 3806 657 3865; x_wconf 88' lang='lat' dir='ltr'>sicut</span> <span class='ocrx_word' id='word_1_396' title='bbox 681 3807 961 3879; x_wconf 89' lang='lat' dir='ltr'>superius</span> <span class='ocrx_word' id='word_1_397' title='bbox 991 3806 1066 3879; x_wconf 87' lang='lat' dir='ltr'>(c.</span> <span class='ocrx_word' id='word_1_398' title='bbox 1104 3806 1194 3878; x_wconf 54' lang='grc' dir='ltr'>π)</span> <span class='ocrx_word' id='word_1_399' title='bbox 1223 3805 1445 3863; x_wconf 90' lang='lat' dir='ltr'>dictum</span> <span class='ocrx_word' id='word_1_400' title='bbox 1489 3813 1601 3863; x_wconf 90' lang='lat' dir='ltr'>est.</span> <span class='ocrx_word' id='word_1_401' title='bbox 1680 3820 1716 3862; x_wconf 93' lang='lat' dir='ltr'>n</span> <span class='ocrx_word' id='word_1_402' title='bbox 1766 3811 1903 3865; x_wconf 91' lang='lat' dir='ltr'>actu</span> <span class='ocrx_word' id='word_1_403' title='bbox 1952 3811 2148 3865; x_wconf 89' lang='lat' dir='ltr'>autem</span> <span class='ocrx_word' id='word_1_404' title='bbox 2190 3804 2517 3863; x_wconf 81' lang='lat' dir='ltr'>voluntatis</span> <span class='ocrx_word' id='word_1_405' title='bbox 2555 3817 2681 3864; x_wconf 88' lang='lat' dir='ltr'>non</span> 
     </span>
     <span class='ocr_line' id='line_1_46' title="bbox 245 3874 2682 3949; baseline 0.001 -15"><span class='ocrx_word' id='word_1_406' title='bbox 245 3877 531 3935; x_wconf 88' lang='lat' dir='ltr'>consistit</span> <span class='ocrx_word' id='word_1_407' title='bbox 559 3877 835 3947; x_wconf 83' lang='lat' dir='ltr'>felicitas,</span> <span class='ocrx_word' id='word_1_408' title='bbox 866 3877 1024 3936; x_wconf 90' lang='lat' dir='ltr'>sicut</span> <span class='ocrx_word' id='word_1_409' title='bbox 1043 3876 1168 3949; x_wconf 85' lang='lat' dir='ltr'>jam</span> <span class='ocrx_word' id='word_1_410' title='bbox 1199 3889 1381 3947; x_wconf 68' lang='lat' dir='ltr'>supra</span> <span class='ocrx_word' id='word_1_411' title='bbox 1407 3875 1493 3949; x_wconf 59' lang='lat' dir='ltr'>(c.</span> <span class='ocrx_word' id='word_1_412' title='bbox 1513 3876 1607 3949; x_wconf 82' lang='lat'>26)</span> <span class='ocrx_word' id='word_1_413' title='bbox 1639 3881 1951 3939; x_wconf 91' lang='lat' dir='ltr'>ostensum</span> <span class='ocrx_word' id='word_1_414' title='bbox 1999 3881 2110 3935; x_wconf 91' lang='lat' dir='ltr'>est.</span> <span class='ocrx_word' id='word_1_415' title='bbox 2142 3874 2324 3934; x_wconf 81' lang='lat' dir='ltr'>Multo</span> <span class='ocrx_word' id='word_1_416' title='bbox 2354 3875 2539 3948; x_wconf 83' lang='lat' dir='ltr'>igitur</span> <span class='ocrx_word' id='word_1_417' title='bbox 2566 3874 2682 3936; x_wconf 89' lang='lat' dir='ltr'>mi·</span> 
     </span>
     <span class='ocr_line' id='line_1_47' title="bbox 247 3945 2387 4029; baseline -0.001 -23"><span class='ocrx_word' id='word_1_418' title='bbox 247 3959 371 4006; x_wconf 89' lang='lat' dir='ltr'>nus</span> <span class='ocrx_word' id='word_1_419' title='bbox 392 3946 457 4004; x_wconf 90' lang='lat' dir='ltr'>in</span> <span class='ocrx_word' id='word_1_420' title='bbox 485 3946 982 4007; x_wconf 87' lang='lat' dir='ltr'>delectationibus</span> <span class='ocrx_word' id='word_1_421' title='bbox 1006 3945 1327 4019; x_wconf 80' lang='lat' dir='ltr'>praedictiS,</span> <span class='ocrx_word' id='word_1_422' title='bbox 1358 3960 1492 4019; x_wconf 80' lang='lat' dir='ltr'>quae</span> <span class='ocrx_word' id='word_1_423' title='bbox 1519 3948 1754 4007; x_wconf 88' lang='lat' dir='ltr'>suntin</span> <span class='ocrx_word' id='word_1_424' title='bbox 1783 3946 2045 4029; x_wconf 85' lang='lat' dir='ltr'>appetitu</span> <span class='ocrx_word' id='word_1_425' title='bbox 2071 3945 2387 4006; x_wconf 80' lang='lat' dir='ltr'>sensitivO.</span> 
     </span>
    </p>

    <p class='ocr_par' dir='ltr' id='par_1_12' title="bbox 0 4015 2793 4286">
     <span class='ocr_line' id='line_1_48' title="bbox 0 4015 2686 4089; baseline 0.003 -20"><span class='ocrx_word' id='word_1_426' title='bbox 0 4021 22 4061; x_wconf 65' lang='grc' dir='ltr'>ι</span> <span class='ocrx_word' id='word_1_427' title='bbox 289 4016 597 4089; x_wconf 68' lang='lat' dir='ltr'>Amplius,</span> <span class='ocrx_word' id='word_1_428' title='bbox 624 4016 880 4076; x_wconf 79' lang='lat' dir='ltr'>felicitas</span> <span class='ocrx_word' id='word_1_429' title='bbox 951 4017 1207 4075; x_wconf 88' lang='lat' dir='ltr'>uoddam</span> <span class='ocrx_word' id='word_1_430' title='bbox 1241 4021 1333 4074; x_wconf 90' lang='lat' dir='ltr'>est</span> <span class='ocrx_word' id='word_1_431' title='bbox 1356 4015 1580 4075; x_wconf 88' lang='lat' dir='ltr'>bonum</span> <span class='ocrx_word' id='word_1_432' title='bbox 1615 4018 1882 4078; x_wconf 83' lang='lat' dir='ltr'>hominis</span> <span class='ocrx_word' id='word_1_433' title='bbox 1938 4017 2242 4089; x_wconf 89' lang='lat' dir='ltr'>proprium</span> <span class='ocrx_word' id='word_1_434' title='bbox 2277 4032 2292 4085; x_wconf 90' lang='grc'><strong>;</strong></span> <span class='ocrx_word' id='word_1_435' title='bbox 2336 4029 2461 4073; x_wconf 90' lang='lat' dir='ltr'>non</span> <span class='ocrx_word' id='word_1_436' title='bbox 2517 4015 2686 4077; x_wconf 83' lang='lat' dir='ltr'>enim</span> 
     </span>
     <span class='ocr_line' id='line_1_49' title="bbox 244 4084 2793 4158; baseline 0 -12"><span class='ocrx_word' id='word_1_437' title='bbox 244 4084 424 4146; x_wconf 85' lang='lat' dir='ltr'>bruta</span> <span class='ocrx_word' id='word_1_438' title='bbox 461 4089 724 4158; x_wconf 88' lang='lat' dir='ltr'>possunt</span> <span class='ocrx_word' id='word_1_439' title='bbox 761 4086 878 4144; x_wconf 90' lang='lat' dir='ltr'>dici</span> <span class='ocrx_word' id='word_1_440' title='bbox 950 4087 1126 4146; x_wconf 89' lang='lat' dir='ltr'>elicia</span> <span class='ocrx_word' id='word_1_441' title='bbox 1177 4087 1295 4145; x_wconf 91' lang='lat' dir='ltr'>nisi</span> <span class='ocrx_word' id='word_1_442' title='bbox 1338 4086 1607 4148; x_wconf 86' lang='lat' dir='ltr'>abusive.</span> <span class='ocrx_word' id='word_1_443' title='bbox 1641 4087 2093 4153; x_wconf 85' lang='lat' dir='ltr'>Delectationes</span> <span class='ocrx_word' id='word_1_444' title='bbox 2131 4090 2329 4144; x_wconf 90' lang='lat' dir='ltr'>autem</span> <span class='ocrx_word' id='word_1_445' title='bbox 2351 4087 2686 4157; x_wconf 73' lang='lat' dir='ltr'>praemissae</span> <span class='ocrx_word' id='word_1_446' title='bbox 2786 4148 2793 4155; x_wconf 74' lang='grc'>,</span> 
     </span>
     <span class='ocr_line' id='line_1_50' title="bbox 248 4155 2774 4286; baseline -0 -70"><span class='ocrx_word' id='word_1_447' title='bbox 248 4162 396 4286; x_wconf 50' lang='lat' dir='ltr'>satigt</span> <span class='ocrx_word' id='word_1_448' title='bbox 439 4167 794 4215; x_wconf 88' lang='lat' dir='ltr'>communes</span> <span class='ocrx_word' id='word_1_449' title='bbox 839 4155 1187 4217; x_wconf 86' lang='lat' dir='ltr'>hominibus</span> <span class='ocrx_word' id='word_1_450' title='bbox 1215 4161 1276 4214; x_wconf 89' lang='lat' dir='ltr'>et</span> <span class='ocrx_word' id='word_1_451' title='bbox 1290 4155 1505 4216; x_wconf 89' lang='lat' dir='ltr'>brutis.</span> <span class='ocrx_word' id='word_1_452' title='bbox 1535 4160 1669 4219; x_wconf 90' lang='lat' dir='ltr'>Non</span> <span class='ocrx_word' id='word_1_453' title='bbox 1713 4165 1807 4218; x_wconf 90' lang='lat' dir='ltr'>est</span> <span class='ocrx_word' id='word_1_454' title='bbox 1833 4158 2016 4230; x_wconf 85' lang='lat' dir='ltr'>igitur</span> <span class='ocrx_word' id='word_1_455' title='bbox 2037 4157 2099 4214; x_wconf 91' lang='lat' dir='ltr'>in</span> <span class='ocrx_word' id='word_1_456' title='bbox 2133 4156 2224 4214; x_wconf 90' lang='lat' dir='ltr'>eis</span> <span class='ocrx_word' id='word_1_457' title='bbox 2250 4156 2529 4228; x_wconf 89' lang='lat' dir='ltr'>ponenda</span> <span class='ocrx_word' id='word_1_458' title='bbox 2555 4157 2684 4216; x_wconf 86' lang='lat' dir='ltr'>feli·</span> <span class='ocrx_word' id='word_1_459' title='bbox 2770 4197 2774 4201; x_wconf 87' lang='lat'>-</span> 
     </span>
    </p>

    <p class='ocr_par' dir='ltr' id='par_1_13' title="bbox 250 4293 2681 4513">
     <span class='ocr_line' id='line_1_51' title="bbox 316 4293 2679 4377; baseline 0 -24"><span class='ocrx_word' id='word_1_460' title='bbox 316 4298 471 4365; x_wconf 78' lang='lat' dir='ltr'>Item,</span> <span class='ocrx_word' id='word_1_461' title='bbox 513 4293 763 4377; x_wconf 79' lang='lat' dir='ltr'>ultimus</span> <span class='ocrx_word' id='word_1_462' title='bbox 815 4295 956 4356; x_wconf 88' lang='lat' dir='ltr'>finis</span> <span class='ocrx_word' id='word_1_463' title='bbox 1008 4302 1101 4357; x_wconf 89' lang='lat' dir='ltr'>est</span> <span class='ocrx_word' id='word_1_464' title='bbox 1151 4296 1602 4359; x_wconf 88' lang='lat' dir='ltr'>nobilissimum</span> <span class='ocrx_word' id='word_1_465' title='bbox 1647 4312 1852 4359; x_wconf 89' lang='lat' dir='ltr'>eorum</span> <span class='ocrx_word' id='word_1_466' title='bbox 1897 4312 2029 4370; x_wconf 73' lang='lat' dir='ltr'>quae</span> <span class='ocrx_word' id='word_1_467' title='bbox 2076 4295 2151 4354; x_wconf 88' lang='lat' dir='ltr'>ad</span> <span class='ocrx_word' id='word_1_468' title='bbox 2191 4309 2315 4355; x_wconf 91' lang='lat' dir='ltr'>rem</span> <span class='ocrx_word' id='word_1_469' title='bbox 2342 4297 2679 4370; x_wconf 88' lang='lat' dir='ltr'>pertinent;</span> 
     </span>
     <span class='ocr_line' id='line_1_52' title="bbox 250 4362 2681 4438; baseline 0.001 -16"><span class='ocrx_word' id='word_1_470' title='bbox 250 4362 430 4424; x_wconf 86' lang='lat' dir='ltr'>habet</span> <span class='ocrx_word' id='word_1_471' title='bbox 454 4378 618 4423; x_wconf 89' lang='lat' dir='ltr'>enim</span> <span class='ocrx_word' id='word_1_472' title='bbox 644 4370 936 4426; x_wconf 86' lang='lat' dir='ltr'>rationem</span> <span class='ocrx_word' id='word_1_473' title='bbox 963 4367 1194 4438; x_wconf 91' lang='lat' dir='ltr'>optimi.</span> <span class='ocrx_word' id='word_1_474' title='bbox 1225 4370 1324 4427; x_wconf 76' lang='lat' dir='ltr'>11ae</span> <span class='ocrx_word' id='word_1_475' title='bbox 1352 4374 1551 4427; x_wconf 88' lang='lat' dir='ltr'>autem</span> <span class='ocrx_word' id='word_1_476' title='bbox 1576 4369 2005 4429; x_wconf 89' lang='lat' dir='ltr'>delectationes</span> <span class='ocrx_word' id='word_1_477' title='bbox 2029 4380 2153 4425; x_wconf 92' lang='lat' dir='ltr'>non</span> <span class='ocrx_word' id='word_1_478' title='bbox 2186 4370 2548 4427; x_wconf 83' lang='lat' dir='ltr'>conveniunt</span> <span class='ocrx_word' id='word_1_479' title='bbox 2576 4367 2681 4424; x_wconf 87' lang='lat' dir='ltr'>ho·</span> 
     </span>
     <span class='ocr_line' id='line_1_53' title="bbox 250 4435 2678 4513; baseline 0 -18"><span class='ocrx_word' id='word_1_480' title='bbox 250 4435 404 4495; x_wconf 86' lang='lat' dir='ltr'>mini</span> <span class='ocrx_word' id='word_1_481' title='bbox 446 4435 784 4499; x_wconf 86' lang='lat' dir='ltr'>secundum</span> <span class='ocrx_word' id='word_1_482' title='bbox 829 4437 893 4499; x_wconf 88' lang='lat' dir='ltr'>id</span> <span class='ocrx_word' id='word_1_483' title='bbox 935 4436 1099 4513; x_wconf 81' lang='lat' dir='ltr'>quod</span> <span class='ocrx_word' id='word_1_484' title='bbox 1137 4442 1232 4497; x_wconf 89' lang='lat' dir='ltr'>est</span> <span class='ocrx_word' id='word_1_485' title='bbox 1272 4439 1724 4499; x_wconf 88' lang='lat' dir='ltr'>nobilissimum</span> <span class='ocrx_word' id='word_1_486' title='bbox 1751 4440 1817 4499; x_wconf 87' lang='lat' dir='ltr'>in</span> <span class='ocrx_word' id='word_1_487' title='bbox 1845 4439 2004 4512; x_wconf 91' lang='lat' dir='ltr'>ipso,</span> <span class='ocrx_word' id='word_1_488' title='bbox 2032 4437 2192 4513; x_wconf 87' lang='lat' dir='ltr'>quod</span> <span class='ocrx_word' id='word_1_489' title='bbox 2217 4443 2310 4497; x_wconf 89' lang='lat' dir='ltr'>est</span> <span class='ocrx_word' id='word_1_490' title='bbox 2336 4436 2678 4497; x_wconf 80' lang='lat' dir='ltr'>intellectus</span> 
     </span>
    </p>
   </div>
  </div>
 </body>
</html>
