3076 5025
320 333 489 392 XVIII
833 328 1043 387 BERN.
1083 326 1324 385 MARIAE
1361 327 1456 384 DE
1489 326 1743 384 RUBEIS
1782 326 2254 386 DISSERTATIO.

324 482 664 561 rel›·9z·0nem
695 496 715 541 t
745 495 1134 557 omnemque
1161 476 1484 540 revelatam
1510 478 1899 540 inficiantur.
1925 477 2479 541 Luculentissimae
2507 478 2767 557 prodie-

324 586 478 642 runt
507 576 842 657 apologiae,
867 592 1011 655 quae
1039 574 1252 638 nobile
1282 581 1735 656 argumentum
1756 574 2027 655 eleganti
2058 573 2384 652 methodo,
2407 575 2767 642 eruditione

328 675 691 755 omnigena,
721 677 790 735 et
832 672 1069 736 invicto
1115 671 1438 734 rationum
1491 671 1719 733 robore
1751 675 2164 749 pertractant.
2186 670 2344 743 Quid
2376 670 2571 732 vero?
2600 670 2766 735 Nihil

327 772 550 850 utique
580 773 851 849 dictum,
878 771 1055 850 quod
1100 768 1430 848 ingenium
1477 769 1741 832 Thomae
1767 785 1900 831 non
1927 771 2076 830 ante
2102 769 2574 850 excogitaverit,
2603 785 2764 849 pau-

329 869 546 946 cisque
573 868 777 931 verbis
803 884 934 929 non
961 866 1359 946 expresserit.

406 966 518 1028 Rei
556 966 910 1043 periculum
930 964 1142 1025 facere
1169 967 1455 1043 praestat,
1480 981 1557 1025 ex
1579 979 1735 1040 uno,
1758 979 1889 1042 quo
1912 962 1989 1025 de
2009 962 2277 1044 agimus,
2299 979 2490 1041 opere
2516 963 2770 1028 selectis

328 1062 743 1139 collectisque
792 1059 1213 1122 documentis.
1245 1062 1336 1122 Ac
1389 1059 1596 1138 primo
1644 1060 2163 1123 constituendum
2217 1066 2462 1123 naturae
2520 1057 2769 1122 lumine

327 1175 459 1221 non
506 1175 726 1219 omnes
767 1173 950 1236 posse
976 1156 1276 1218 veritates
1318 1157 1397 1217 ad
1445 1159 1649 1218 Deum
1701 1156 2095 1237 pertinentes
2136 1156 2553 1219 innotescere.
2582 1152 2767 1229 Quod

327 1261 556 1319 notum
585 1261 1115 1332 compertumque
1139 1258 1213 1315 ut
1232 1255 1363 1326 flat,
1389 1254 1517 1315 duo
1542 1258 1694 1315 sunt
1716 1254 1797 1316 ad
1817 1271 2081 1316 examen
2100 1253 2418 1317 vocanda:
2443 1272 2475 1312 u
2496 1251 2662 1325 Quid
2684 1249 2767 1314 sit

328 1350 634 1415 naturalis
663 1351 848 1426 ratio,
869 1367 1165 1430 quaenam
1197 1350 1336 1430 ejus
1362 1350 1527 1414 vires
1546 1350 1624 1412 ‘ln
1650 1352 1764 1413 Illa
1793 1357 1911 1429 est,
1942 1350 2125 1432 cujus
2154 1351 2561 1431 principium,
2590 1348 2766 1431 quod

329 1449 522 1512 etiam
550 1449 772 1510 lumen
801 1448 1161 1526 appellatur
1190 1446 1271 1509 ab
1298 1447 1457 1522 aliis,
1490 1465 1569 1509 ex
1595 1447 1993 1511 sensibilibus
2012 1449 2385 1522 desumitur,
2410 1445 2768 1524 creatisque

328 1545 542 1608 rebus.
578 1546 732 1605 Rem
758 1549 1038 1606 creatam
1056 1543 1181 1605 hoc
1208 1544 1353 1606 loco
1385 1545 1727 1622 praecipue,
1751 1545 2152 1624 maximeque
2179 1545 2463 1624 intelligo
2485 1548 2766 1608 creatam

329 1643 533 1720 ipsam
568 1647 847 1702 mentem
877 1640 1143 1720 ejusque
1167 1640 1557 1715 affectiones,
1580 1657 1737 1718 quas
1762 1641 1992 1705 intimo
2021 1642 2244 1704 saltem
2276 1660 2484 1717 sensu,
2512 1646 2626 1703 aut
2651 1655 2766 1720 per

334 1738 787 1801 conscientiam
816 1738 951 1800 sine
982 1736 1201 1813 dubio,
1224 1737 1459 1800 viribus
1489 1738 1713 1799 nativis
1733 1738 1910 1800 novit
1937 1738 2219 1819 angelus,
2239 1738 2336 1800 vel
2356 1738 2569 1799 anima
2590 1752 2769 1816 sepa·

335 1840 495 1908 rata,
525 1836 623 1897 vel
652 1834 871 1913 homo,
902 1841 1095 1912 atque
1124 1834 1322 1914 magis
1343 1834 1679 1912 minusque
1702 1851 1990 1913 expressa
2016 1834 2353 1897 reflexione
2374 1851 2556 1896 nosse
2572 1834 2760 1897 valet.

331 1932 782 1995 HincThomas
809 1930 922 2008 ait,
944 1931 1172 2007 libror,
1192 1932 1479 2010 capite3,
1498 1949 1677 1993 num.
1698 1934 1778 1992 2:
1806 1932 2132 2029 «Angelus
2150 1948 2262 2010 per
2278 1948 2458 1994 suam
2478 1929 2768 1993 substan·

330 2027 487 2090 tiam
507 2050 540 2085 »
552 2044 785 2106 ,quam
803 2028 1003 2104 novit,
1030 2048 1063 2086 (ε
1080 2027 1145 2089 in
1165 2027 1278 2090 Dei
1299 2028 1726 2108 cognitionem
1749 2027 2008 2090 ducitur
2022 2006 2296 2089 naturali
2316 2027 2762 2108 cognitione,
2693 2048 2760 2085 »-

335 2140 690 2200 eorumque
732 2124 1026 2187 notitiam
1072 2131 1423 2202 comparat,
1452 2141 1598 2185 cum
1651 2123 1881 2203 quibus
1919 2123 2364 2206 cognationem
2407 2122 2622 2199 habet,
2655 2126 2770 2185 aut

331 2219 732 2283 relationem.
762 2221 888 2283 Par
928 2224 1025 2283 est
1065 2221 1296 2284 animae
1346 2229 1651 2299 separatae
1706 2225 1774 2283 et
1815 2220 2091 2283 hominis
2118 2220 2323 2282 ratio:
2354 2237 2429 2283 ac
2459 2223 2768 2298 praeterea

336 2336 369 2377 α
397 2316 762 2379 intellectus
807 2316 1010 2379 nostri
1055 2319 1407 2381 secundum
1456 2319 1720 2379 modum
1768 2317 2095 2397 praesentis
2137 2316 2284 2379 vitae
2337 2314 2570 2395 (verbis
2620 2317 2770 2377 utor

331 2412 619 2494 ejusdem
664 2413 996 2492 Aquinatis
1018 2414 1166 2477 loco
1212 2412 1431 2493 citato)
1460 2413 1738 2494 cognitio
1785 2414 1981 2476 etiam
2032 2430 2072 2475 a
2114 2430 2299 2475 sensu
2328 2412 2601 2490 incipit»
2626 2431 2643 2473 z
2665 2411 2767 2474 vel

335 2532 370 2569 «
398 2526 476 2573 ex
505 2508 698 2574 rebus
724 2509 1120 2573 sensibilibus
1136 2508 1237 2591 (ut
1252 2510 1343 2573 ait
1366 2509 1571 2589 capite
1593 2508 1654 2592 8)
1681 2509 1961 2573 humana
1990 2509 2153 2573 ratio
2182 2508 2563 2591 cognitionis
2595 2508 2765 2588 prin-

332 2605 568 2714 cipium
596 2605 884 2667 sumit.»
916 2605 1233 2668 Naturalis
1269 2623 1419 2688 ergo
1448 2623 1521 2667 ea
1551 2612 1650 2667 est
1689 2606 1921 2669 mentis
1965 2613 2196 2672 creatae
2243 2606 2543 2688 cognitio,
2575 2606 2768 2686 cujus

330 2701 738 2780 principium,
770 2706 882 2764 aut
906 2702 1130 2765 lumen
1154 2720 1232 2766 ex
1255 2702 1397 2781 ipsa
1426 2709 1640 2765 mente
1669 2707 1881 2766 creata
1924 2703 2240 2785 rebusque
2267 2701 2593 2767 sensilibus
2608 2701 2769 2766 hau-

330 2799 515 2861 ritur.

408 2896 516 2957 His
529 2896 625 2958 vel
651 2895 964 2973 suiipsius,
985 2896 1084 2957 vel
1104 2911 1316 2958 rerum
1336 2895 1725 2957 sensibilium
1752 2897 2090 2958 fecundata
2109 2895 2621 2974 perceptionibus
2650 2899 2770 2958 aut

330 2992 488 3056 ideis
533 2997 747 3053 creata
800 3008 1006 3066 mens,
1037 2991 1198 3053 vires
1244 2991 1442 3053 exerit
1495 2993 1683 3070 paulo
1713 2993 2123 3069 efficaciores,
2152 2994 2231 3056 ad
2286 2994 2440 3055 alias
2487 2993 2770 3072 aliasque

275 3074 284 3082 ’
333 3088 790 3164 comparandas
843 3087 1137 3149 notiones
1185 3104 1422 3163 rerum,
1454 3104 1598 3164 quae
1654 3094 1804 3151 sunt
1852 3106 2177 3165 connexae,
2208 3091 2305 3152 vel
2360 3090 2620 3167 similes,
2666 3090 2769 3153 vel

330 3184 525 3246 etiam
545 3183 903 3259 contrariae,
924 3183 1271 3264 singulares
1287 3190 1355 3245 et
1381 3200 1782 3261 communes,
1801 3202 1878 3248 ac
1905 3186 2101 3268 magis
2121 3186 2456 3265 minusque
2475 3187 2721 3265 amplas
2744 3207 2765 3263 ;

329 3280 523 3359 idque
551 3281 826 3343 efficitur
855 3279 1191 3358 multiplici
1217 3281 1692 3358 quodammodo
1720 3282 2045 3360 facultate,
2075 3300 2221 3363 quae
2269 3285 2469 3359 adest,
2492 3283 2763 3363 amplia-

329 3378 503 3440 tione
533 3384 598 3439 et
624 3377 1095 3454 imminutione,
1122 3378 1561 3451 transferendo
1605 3384 1670 3440 et
1716 3380 2284 3456 accommodando,
2315 3381 2765 3461 aggregatione

330 3478 395 3536 et
422 3473 869 3550 abstractione,
890 3475 1366 3553 comparatione
1390 3480 1456 3537 et
1474 3475 1836 3539 ratiocinio.
1856 3477 1950 3538 Ad
1971 3477 2181 3540 divina
2201 3494 2346 3539 cum
2377 3478 2759 3558 assurgitur,

328 3571 520 3635 ducta
548 3570 628 3633 ab
673 3571 1002 3635 effectibus
1037 3573 1617 3653 argumentatione,
1648 3574 1881 3652 duplex
1908 3573 2033 3636 alia
2076 3579 2306 3654 praesto
2335 3581 2432 3636 est
2469 3575 2758 3650 facultas,

328 3665 690 3744 affirmatio,
720 3674 787 3731 et
830 3669 1105 3732 remotio
1135 3688 1153 3732 ε
1197 3687 1471 3749 quarum
1521 3672 1717 3732 altera
1745 3674 1876 3734 Deo
1905 3671 2310 3736 attribuimus
2340 3671 2762 3749 perfectiones

328 3778 576 3839 omnes,
605 3782 763 3842 quas
785 3764 986 3829 inesse
1013 3766 1321 3830 creaturis
1371 3766 1949 3845 deprehendimus3
1978 3768 2295 3847 simulque
2332 3767 2591 3831 alterius
2634 3784 2762 3847 ope

328 3876 366 3922 a
408 3860 541 3920 Deo
588 3877 985 3923 removemus
1028 3868 1465 3926 creaturarum
1513 3864 2050 3942 imperfectiones.
2080 3868 2237 3928 Rem
2278 3866 2442 3927 hanc
2471 3864 2761 3944 plerique

326 3953 599 4016 illustres
633 3955 984 4036 philosophi
1016 3959 1488 4040 diligentissime
1537 3969 1992 4041 exsequuntur.
2019 3964 2111 4026 De
2135 3964 2325 4044 longo
2353 3964 2613 4041 latoque
2642 3962 2761 4026 ad-

328 4066 586 4112 monere
616 4058 894 4128 praestat,
916 4054 1090 4132 quod
1107 4057 1365 4139 angelos
1394 4060 1655 4121 interae
1673 4059 1966 4123 homines
2003 4061 2338 4124 intercedit
2372 4061 2758 4139 discrimem

325 4164 475 4210 nam
506 4148 637 4209 istis
663 4149 1034 4228 imperfecta
1063 4154 1461 4218 ratiocinatio
1484 4158 1799 4233 convenit,
1833 4176 1960 4236 qua
1989 4157 2069 4220 ab
2112 4156 2346 4239 ignotis
2375 4159 2455 4220 ad
2501 4158 2758 4221 notiora

326 4245 726 4320 procedimus
777 4264 798 4309 ε
849 4247 1191 4325 perfectior
1244 4251 1368 4314 illis
1420 4258 1722 4315 asseritur
1773 4255 2096 4316 discursus
2120 4299 2139 4332 ,
2185 4272 2376 4334 quem
2433 4253 2754 4316 virtualem

324 4342 671 4497 {ippellanu
700 4341 938 4425 absque
974 4350 1239 4413 actuum
1281 4351 1776 4430 multiplicitate.
1827 4352 1909 4416 Et
1950 4350 2093 4417 haec
2139 4350 2291 4416 satis
2333 4352 2601 4415 innuere
2628 4349 2753 4414 hoc

346 4451 487 4502 oco.
