3076 5025
2773 2 2986 16 -.—.-r

478 279 584 334 4¹6
1349 270 1485 327 LIB.
1525 271 1624 339 III,
1662 271 1818 328 GAP.
1857 270 2043 329 CXIII.

479 401 681 472 potest
739 393 984 468 aliquod
1033 392 1511 465 corruptibilium
1571 393 1869 452 deservire
1909 393 2031 452 nisi
2070 392 2406 453 secundum
2430 406 2605 451 suam
2660 394 2937 466 speeiem

480 473 693 528 totam.
723 465 880 526 Ordo
917 464 1102 538 igitur
1153 477 1273 536 quo
1329 464 1745 534 corruptibilia
1796 464 2150 523 ordinantur
2198 464 2274 522 ad
2334 464 2645 522 hominem
2672 465 2940 538 requirit

482 538 647 615 quod
678 535 988 595 individua
1013 534 1365 594 ordinentur
1394 533 1468 591 ad
1498 535 1785 605 speciem.

459 643 470 656 ι
555 611 666 667 Per
694 608 809 668 hoc
856 612 1055 665 autem
1107 604 1269 678 quod
1298 604 1557 663 dicimus
1616 604 1988 663 substantias
2032 604 2466 664 intellectuales
2508 612 2765 679 propter
2800 619 2869 666 se
2896 622 2935 667 a

486 679 691 740 divina
739 675 1115 750 providentia
1161 674 1449 744 ordinari,
1480 688 1602 732 non
1658 675 2057 749 intelligimus
2098 676 2256 748 quod
2311 677 2459 758 ipsae
2513 676 2779 738 ulterius
2808 691 2937 737 non

481 750 820 811 referantur
854 748 920 805 in
968 750 1155 804 Deum
1197 750 1258 804 et
1299 745 1375 804 ad
1413 746 1841 817 perfectionem
1887 746 2173 805 universi.
2206 747 2303 805 Sic
2346 748 2530 820 igitur
2578 752 2839 819 propter
2869 762 2938 807 se

484 818 797 894 procurari
828 817 1128 886 dicuntur,
1157 820 1215 874 et
1242 816 1363 874 alia
1388 823 1630 889 propter
1656 816 1842 889 ipsas,
1875 817 2018 889 quia
2043 815 2204 875 bona
2231 831 2365 891 quae
2390 823 2635 890 propter
2664 818 2937 878 divinam

480 890 921 964 providentiam
968 888 1322 957 sortiuntur,
1346 900 1470 944 non
1525 888 1617 946 eis
1646 893 1789 946 sunt
1816 887 1953 945 data
1995 892 2238 970 propter
2283 887 2529 947 alterius
2558 889 2930 961 utilitatem3

483 975 621 1035 quae
647 973 789 1017 vero
823 959 963 1017 aliis
986 958 1222 1026 dantur,
1253 957 1317 1015 in
1346 971 1552 1016 earum
1584 972 1760 1016 usum
1794 972 1868 1016 ex
1894 958 2098 1016 divina
2125 958 2503 1016 ordinatione
2531 960 2790 1017 cedunt.

556 1032 707 1089 Hinc
734 1034 827 1088 est
854 1029 1016 1102 quod
1037 1028 1272 1098 dicitur,
1308 1029 1500 1098 Deut.,
1534 1043 1624 1098 lv,
1660 1033 1726 1087 19
1757 1047 1772 1086 ε
1801 1031 1883 1089 Ne
1906 1029 2097 1085 videas
2121 1030 2302 1093 solem,
2335 1033 2390 1086 et
2408 1031 2624 1094 lunam,
2656 1035 2714 1087 et
2737 1035 2936 1087 σκέπα

483 1106 656 1165 astra,
688 1106 742 1157 et
761 1116 942 1157 errore
978 1101 1071 1156 dec
1140 1104 1226 1156 tus
1254 1098 1445 1156 adores
1480 1115 1546 1154 ea
1610 1114 1693 1156 uae
1733 1101 1940 1155 creavit
1963 1102 2227 1156 Dominus
2250 1102 2393 1157 Deus
2420 1105 2547 1157 tuus
2593 1104 2657 1158 in
2683 1104 2933 1157 ministe-

480 1174 632 1228 rium
683 1173 894 1228 cunctis
940 1172 1092 1241 penti
1126 1185 1191 1227 us
1219 1185 1339 1241 quae
1383 1169 1485 1226 sub
1511 1185 1584 1225 coe
1667 1173 1818 1226 sunt.
1844 1172 1912 1227 Et
1948 1170 2014 1228 in
2049 1172 2147 1228 PS.
2175 1182 2310 1239 vm,
2342 1173 2396 1240 8,
2427 1170 2651 1230 dicitur
2682 1190 2698 1229 :
2728 1172 2934 1230 onmia

483 1243 765 1313 subiecisti
809 1242 910 1298 sub
946 1240 1181 1312 pedibus
1224 1240 1364 1320 ejus,
1394 1256 1533 1304 oves,
1560 1244 1613 1295 et
1663 1241 1818 1297 boves
1858 1241 2163 1304 uniuersas,
2198 1243 2425 1312 insuper
2463 1257 2671 1313 pecora
2723 1245 2931 1313 campi.

485 1315 557 1372 Et
575 1312 910 1385 Sapientiae,
941 1323 1051 1381 ΧΠ,
1083 1313 1172 1380 18,
1201 1310 1454 1368 dicitur:
1484 1314 1567 1368 Tu
1594 1314 1774 1367 autem
1799 1309 2114 1368 dominator
2130 1312 2356 1368 virtutis
2373 1327 2497 1367 cum
2517 1313 2933 1385 tranquillitate

476 1384 705 1457 ,iudicas
750 1387 802 1439 et
829 1398 951 1439 cum
971 1397 1176 1451 maqna
1200 1383 1502 1438 reuerentia
1526 1382 1772 1452 disponis
1796 1396 1915 1439 nos,

557 1457 669 1512 Per
704 1426 821 1512 lioc
848 1458 1046 1511 autem
1092 1450 1428 1534 excluditur
1480 1466 1646 1534 error
1673 1453 2021 1534 ponentium
2058 1451 2310 1534 ,hom-ini
2349 1466 2486 1511 esse
2554 1457 2853 1536 ,eccm-um
2875 1453 2931 1536 si

484 1524 773 1585 animalia
831 1522 1008 1581 bruta
1059 1521 1314 1580 occidat.
1347 1525 1432 1580 Ex
1454 1522 1658 1580 divina
1702 1536 1864 1580 emm
1906 1522 2281 1595 providentia
2311 1528 2569 1582 naturai
2618 1522 2930 1584 ordinem

483 1609 667 1653 usum
723 1593 990 1652 hominis
1049 1592 1423 1660 ordinantur,
1471 1592 1632 1651 unde
1683 1594 1909 1666 absque
1946 1592 2170 1665 injuria
2215 1593 2305 1652 eis
2352 1594 2539 1651 utitur
2586 1593 2931 1652 homo-vel

485 1664 839 1734 occidendo,
864 1663 959 1721 vel
1015 1663 1285 1737 quolibet
1338 1663 1458 1722 alio
1511 1664 1733 1733 modo;
1803 1669 2002 1735 ropter
2043 1662 2204 1736 quod
2241 1669 2301 1721 et
2326 1664 2623 1722 Dominus
2646 1664 2810 1723 dixit
2856 1665 2928 1724 ad

485 1737 633 1804 Noe,
662 1736 832 1805 Gen„
859 1747 947 1803 lx,
978 1737 1011 1792 3
1041 1750 1059 1792 ι
1087 1734 1243 1791 sicut
1283 1734 1432 1791 olera
1470 1736 1713 1790 uir-erma
1803 1734 1867 1790 dc·
1884 1733 2042 1792 vobis
2062 1748 2269 1792 omnem
2293 1749 2529 1793 carnemt.

558 1806 620 1863 Si
662 1819 781 1878 qua
809 1818 948 1862 vero
984 1805 1050 1861 in
1103 1818 1277 1863 sacra
1303 1806 1608 1877 Scriptura
1635 1805 2021 1863 inveniantur
2049 1805 2430 1877 prohibentia
2453 1803 2687 1887 aliquid
2714 1805 2929 1865 crude-

487 1875 674 1933 litatis
698 1876 761 1932 in
791 1874 1077 1934 animalia
1097 1873 1275 1935 bruta
1290 1876 1606 1945 committi,
1629 1876 1789 1934 sicut
1802 1875 2017 1957 denave
2042 1889 2180 1934 cum
2199 1875 2527 1956 pullis-non
2544 1875 2887 1936 occidendo
2910 1895 2927 1946 ;

486 1946 604 2004 hoc
638 1944 706 2003 fit
739 1945 834 2002 vel
888 1945 964 2004 ad
1019 1945 1447 2004 removendum
1502 1945 1781 2004 hominis·
1808 1959 2077 2004 animum
2108 1960 2145 2004 a
2172 1945 2612 2004 crudelitatem
2641 1947 2930 2006 homines

485 2016 846 2085 exercenda,
866 2029 943 2074 ne
971 2015 1216 2088 aliquis,
1248 2016 1582 2076 exercendo
1602 2015 1869 2075 crudelia
1884 2017 2045 2075 circa
2072 2015 2267 2086 bruta,
2301 2030 2374 2075 ex
2394 2017 2510 2075 hoc
2536 2017 2832 2089 procedat
2852 2018 2930 2077 ad

485 2086 765 2144 homines
789 2103 803 2155 ;
830 2085 923 2144 vel
950 2085 1095 2158 quia
1131 2086 1194 2143 in
1232 2087 1561 2159 temporale
1602 2087 1889 2146 damnum
1917 2086 2186 2146 hominis
2231 2088 2505 2159 provenit
2550 2087 2926 2148 animalibus

483 2156 653 2214 illata
680 2155 871 2222 laesio,
890 2155 1018 2214 sive
1059 2156 1396 2227 inferentis,
1427 2158 1555 2216 sive
1601 2158 1887 2228 alterius;
1915 2158 2011 2216 vel
2038 2164 2279 2230 propter
2326 2157 2405 2216 ali
2452 2172 2590 2216 uam
2616 2160 2671 2217 si
2721 2158 2929 2218 nifica-

481 2226 1261 2356 3⁰⁰{ff’{i{³19{ff{g{3gm⁸
1285 2227 1340 2301 (Ι
1361 2230 1508 2299 Gor„
1536 2239 1623 2300 nt,
1651 2232 1687 2286 9
1715 2233 1777 2287 et
1801 2227 1957 2302 seq.)
1978 2229 2226 2301 exponit
2241 2228 2395 2287 illud
2411 2173 2495 2288 (de
2525 2242 2651 2287 non
2675 2171 2926 2303 figando

525 2311 589 2354 re
695 2311 753 2354 vi
871 2312 891 2355 1
962 2312 992 2355 ι·
1097 2312 1115 2356 1
1157 2340 1173 2356 .

1446 2453 1703 2523 CAPUT
1742 2456 1954 2524 CXIII.

480 2626 636 2682 QUOD
671 2627 1022 2675 RATIONALIS
1071 2626 1385 2676 canum
1429 2629 1730 2676 umatum
1761 2630 1807 2676 A
1854 2628 1971 2677 mio
2011 2628 2093 2676 An
2128 2628 2274 2676 SUOS
2308 2629 2517 2687 Ac‘rtJS,
2550 2630 2687 2677 -noN
2737 2631 2926 2679 soum

512 2707 822 2755 SECUNDUM
855 2706 1120 2754 mmmm
1149 2707 1234 2753 AB
1266 2707 1537 2764 smmum,
1564 2709 1670 2754 sm>
1699 2709 2009 2755 sentimum
2029 2707 2184 2762 QUOD
2212 2709 2502 2755 conatum·
2535 2710 2876 2758 mwmuo.

549 2862 634 2919 Ex
676 2861 793 2919 hoc
832 2865 1031 2919 autem
1061 2865 1305 2933 apparet
1330 2861 1492 2935 quod
1521 2862 1653 2921 sola
1678 2861 1996 2922 rationalis
2015 2867 2289 2922 creatura
2315 2862 2428 2921 diri
2475 2862 2595 2921 itur
2623 2878 2664 2923 a
2690 2866 2821 2924 Deo
2845 2866 2916 2924 ad

477 2943 629 2990 suos
657 2936 990 3000 actus,non
1017 2931 1217 2989 solum
1245 2932 1579 2990 secundum
1606 2933 2061 3006 congruentiam
2085 2932 2335 3006 speciei,
2364 2946 2431 2992 se
2493 2934 2677 2992 etiam
2707 2949 2919 2995 secun·

477 3000 622 3059 dum
650 3001 1104 3074 congruentiam
1134 3001 1450 3060 individui.

549 3071 758 3130 Omnis
785 3072 948 3129 enim
976 3086 1074 3130 res
1100 3078 1340 3144 propter
1366 3086 1540 3131 suam
1566 3073 1973 3146 operationem
2000 3088 2143 3134 esse
2156 3072 2428 3145 videtui-3
2453 3073 2727 3146 operatio
2748 3077 2909 3135 enim

475 3146 570 3202 est
593 3141 808 3199 ultima
850 3142 1137 3214 perfectio
1177 3144 1285 3201 rei.
1317 3143 1415 3204 Sic
1438 3143 1624 3216 igitur
1672 3144 2142 3217 unumquodque
2177 3159 2214 3203 a
2245 3147 2363 3202 Deo
2392 3144 2468 3203 ad
2496 3158 2679 3204 suum
2710 3153 2909 3206 actum

473 3212 807 3282 ordinatur,
838 3212 1169 3272 secundum
1213 3214 1370 3295 quod
1404 3213 1620 3272 divinae
1667 3213 2052 3286 providentiae
2099 3215 2355 3274 substat.
2384 3216 2666 3274 creatura
2712 3223 2909 3276 autem

451 3283 790 3342 ¹rationalis
818 3283 1034 3342 divinae
1079 3284 1467 3355 providentiae
1513 3284 1748 3343 substat
1796 3285 1954 3342 sieut
1999 3286 2332 3344 secundum
2359 3298 2452 3344 ‘se
2490 3286 2833 3357 gubernata
2854 3293 2910 3346 et

469 3354 735 3433 provisa,
775 3366 900 3413 non
926 3353 1125 3412 solum
1152 3362 1392 3426 propter
1418 3354 1703 3426 speciem,
1724 3360 1791 3412 ut
1809 3354 1943 3414 aliae
1969 3356 2391 3428 corruptibiles
2418 3361 2731 3427 creaturae,
2760 3359 2910 3432 -quia

472 3423 849 3482 individuum
904 3424 1066 3497 quod
1119 3425 1486 3498 gubernatur
1540 3425 1738 3483 solum
1779 3431 2021 3498 propter
2042 3428 2327 3498 speciem,
2359 3440 2483 3485 non
2537 3427 2909 3500 gubernatur

449 3501 715 3566 fpropter
751 3496 1041 3575 seipsum,
1070 3502 1341 3554 creatura
1380 3500 1605 3577 autem·
1622 3495 1935 3577 rationalis
1959 3504 2201 3569 propter
2223 3498 2485 3569 seipsam
2515 3497 2908 3571 gubernatur,

449 3569 543 3621 :ut
568 3578 640 3621 ex
687 3565 865 3623 dictis
888 3566 1276 3624 manifestum
1315 3572 1426 3624 est.
1461 3567 1774 3637 sicigitur
1816 3568 1964 3626 solae
2004 3568 2332 3626 rationales
2378 3574 2668 3627 creaturae
2717 3569 2907 3628 direc-

470 3634 699 3715 tionem
745 3648 782 3693 a
815 3637 936 3692 Deo
973 3636 1049 3694 ad
1077 3649 1228 3695 suos
1276 3643 1446 3695 actus
1486 3636 1808 3708 accipiunt,
1829 3638 2193 3697 non-solum
2219 3639 2777 3712 propterxspeciem,
2804 3639 2911 3699 md

470 3710 650 3763 ettam
680 3705 1014 3764 secundum
1042 3705 1439 3765 individuum.

539 3775 762 3844 Adhuc,
786 3790 1178 3850 quaecumque
1197 3777 1586 3837 directionem
1612 3777 1906 3838 habentia
1930 3779 2065 3838 suis
2085 3779 2321 3838 actibus
2346 3778 2547 3838 solum
2568 3779 2908 3840 secundm

469 3845 628 3918 quod
657 3846 914 3918 pertinet
935 3847 1011 3925 ad
1040 3848 1323 3920 speciem,
1353 3862 1476 3907 non
1504 3849 1691 3907 estin
1718 3850 1856 3908 istis
1883 3863 2061 3923 agere
2078 3851 2172 3908 vel
2201 3863 2557 3933 nonagere3
2586 3865 2725 3924 quae
2744 3853 2906 3911 enim

468 3923 923 3990 consequuntur
949 3919 1212 3989 speciem
1267 3924 1409 3976 sunt
1458 3919 1806 3978 communia
1831 3926 1891 3979 et
1916 3922 2214 3980 naturalia
2242 3921 2539 3979 omnibus
2566 3922 2902 3982 individuis

467 3987 583 4045 sub
607 3988 808 4059 specie
837 3989 1175 4059 contentis;
1205 3989 1503 4049 naturalia
1528 3997 1728 4049 autem
1758 4004 1879 4050 non
1906 3992 2144 4049 suntin
2184 3992 2384 4050 nohis,
2416 3992 2478 4049 Si
2507 3991 2698 4064 igitur
2725 3994 2908 4051 homo

466 4054 714 4116 haberet
759 4058 1149 4117 directionem
1193 4059 1260 4117 in
1327 4060 1459 4118 suis
1512 4061 1746 4119 actibus
1804 4062 2003 4120 solum
2055 4063 2387 4121 secundum
2440 4064 2904 4135 congruentiam

439 4128 714 4210 speciei,
743 4142 870 4211 non
896 4130 1141 4188 essetiu
1167 4129 1303 4203 ipso
1444 4131 1629 4190 re-vel
1660 4145 1784 4191 non
1807 4133 2141 4213 agere,·sed
2170 4137 2470 4204 oporteret
2493 4134 2657 4205 quod
2674 4147 2905 4216 seque-

437 4201 632 4278 retur
675 4200 1128 4259 inclinationem
1173 4206 1385 4260 natura
1410 4216 1502 4259 em
1550 4203 1659 4261 toti
1701 4216 1924 4274 speciei
1977 4216 2380 4274 communem,
2400 4208 2464 4261 ut
2505 4204 2815 4278 contingit
2840 4204 2905 4262 in

459 4267 750 4327 omnibus
788 4271 1238 4331 irrationalibus
1284 4273 1593 4332 creaturis.
1619 4273 1999 4331 Manifestum
2028 4280 2120 4332 est
2162 4274 2347 4347 igitur
2375 4274 2545 4347 quod·
2564 4275 2901 4334 rationales

459 4343 751 4417 creaturae
788 4347 962 4400 actus
1014 4343 1407 4402 directionem
1447 4343 1690 4415 habent,
1722 4355 1847 4402 non
1873 4341 2073 4404 solum
2099 4344 2447 4404 secundum
2472 4345 2765 4417 speciem,
2792 4343 2905 4404 sed

464 4411 650 4466 etiam
677 4410 1011 4469 secundum
1035 4412 1433 4473 individuum.
