3076 5025
1089 319 1223 376 ms.
1261 318 1354 388 ιν,
1392 319 1547 377 car.
1583 319 1733 375 xxx.
1826 289 1831 294 ’
2517 324 2625 381 545

261 444 414 506 Item,
451 441 507 500 si
556 441 801 501 nonnisi
828 437 1143 513 phantasia
1168 436 1598 511 intelligendus
1626 441 1721 496 est
1755 436 2046 494 adventus
2075 435 2294 495 Christi
2332 437 2399 495 in
2442 452 2616 499 mun-

195 512 355 583 dum,
375 511 530 572 nihil
551 525 769 570 novum
791 512 852 569 in
880 510 1093 570 Christi
1124 507 1375 567 adventu
1406 507 1655 577 accidit;
1685 520 1821 565 nam
1848 512 1904 564 et
1932 507 1993 563 iu
2020 506 2210 564 Veteri
2237 510 2617 570 Testamento
2718 557 2723 584 2

195 586 348 642 Deus
374 583 651 654 apparuit
676 581 864 656 Moysi
886 586 945 640 et
967 577 1274 654 prophetis
1313 577 1644 637 secundum
1679 576 2042 649 multiplices
2079 578 2119 634 n
2168 590 2325 648 uras,
2349 584 2413 636 ut
2440 580 2624 639 etiam

195 654 489 724 scriptura
534 653 680 711 Novi
724 651 1082 711 Testamenti
1119 654 1391 707 testatur.
1454 649 1577 707 Hoc
1621 652 1816 707 autem
1866 652 2054 706 totam
2141 648 2430 708 octrinam
2476 649 2625 710 Novi

192 724 550 782 Testamenti
576 728 843 785 evacuat.
870 726 1004 783 Non
1051 721 1233 796 igitur
1267 731 1489 793 corpus
1531 718 1995 791 phantasticum,
2027 716 2136 776 sed
2162 730 2390 789 verum,
2432 718 2620 780 Filius

193 794 295 854 Dei
320 793 671 867 assumpsit.

1179 956 1435 1024 CAPUT
1482 954 1672 1024 XXX.

679 1130 761 1178 nl:
792 1129 1023 1179 mour.
1056 1129 1381 1178 vamum
1414 1128 1593 1177 cmm
1626 1127 2131 1178 mummium.

167 1340 175 1354 ,
261 1283 371 1344 His
415 1286 615 1341 autem
656 1287 717 1341 et
742 1283 1089 1343 valentinus
1120 1283 1448 1357 propinque
1475 1283 1550 1342 de
1595 1283 1882 1357 mysterio
1930 1283 2365 1346 incarnationis
2390 1285 2624 1361 seusit;

167 1354 341 1430 gdixit
358 1354 518 1411 enim
547 1353 707 1426 quod
738 1353 1005 1412 Christus
1033 1367 1155 1413 non
1183 1360 1485 1413 terrenum
1511 1367 1733 1427 corpus
1760 1353 1986 1425 habuit,
2007 1355 2114 1414 sed
2137 1355 2211 1414 de
2232 1356 2388 1416 coelo
2408 1369 2625 1430 appor-

189 1426 354 1555 havit,
376 1428 438 1481 et
463 1423 621 1550 ‹tJuod
639 1424 797 1551 ‚nibil
822 1425 896 1483 de
917 1424 1158 1497 Virgine
1185 1428 1372 1482 matre
1396 1424 1644 1496 accepit,
1671 1424 1778 1483 sed
1797 1438 1905 1497 per
1924 1438 2057 1484 eam
2084 1427 2259 1500 quasi
2292 1441 2401 1500 per
2421 1440 2621 1502 aquae·

233 1509 309 1555 uc
338 1508 438 1553 um
493 1508 711 1553 ransivi
743 1534 757 1550 .

268 1564 653 1624 occasionem
700 1569 900 1624 autem
945 1564 1043 1625 sui
1083 1564 1307 1624 erroris
1344 1578 1419 1622 ex
1446 1564 1808 1638 quibusdam
1834 1564 2032 1625 verbis
2072 1579 2261 1626 sacrae
2305 1568 2624 1642 scripturae

199 1635 1276 1764 23⁰⁶03¹13⁸iv23¹33¹12¹0323122²1¹⁰2⁶3ffl22
1299 1636 1466 1761 {023⁰
1496 1635 1744 1773 “5⁰3²th
1771 1636 2200 1763 mmm
2224 1638 2626 1769 ss‘mmmwa‘i

194 1746 449 1849 (Ioann.,'
467 1788 556 1844 111,
590 1779 654 1833 13
685 1781 746 1834 et
771 1721 1163 1845 31⁸3’eqtludicit
1188 1775 1476 1834 Dominus
1505 1792 1519 1833 ε
1559 1775 1824 1832 vescendi
1860 1775 1930 1832 de
1970 1748 2117 1848 coeto,
2139 1723 2265 1835 ’,ἵει
2309 1784 2376 1836 ut
2414 1782 2625 1849 tactam

192 1848 526 1904 uoluntatem
537 1861 734 1926 meam,
750 1813 861 1903 sed1
864 1846 1195 1903 volmztatem
1216 1845 1336 1915 ejus
1358 1847 1457 1917 qui
1475 1848 1629 1903 misit
1647 1861 1732 1902 me
1751 1845 1966 1917 (Ioann.
2012 1860 2097 1914 vl,
2119 1849 2210 1922 38)
2232 1866 2249 1917 ;
2275 1853 2337 1908 et
2360 1867 2377 1908 ε
2403 1852 2624 1909 Primus

190 1918 348 1974 Itomo
379 1917 448 1974 de
471 1921 639 1998 ξεν-ζα,
669 1923 950 1998 terrenus-‚-
973 1917 1239 1974 secundus
1267 1916 1420 1997 homo
1445 1914 1514 1972 de
1537 1917 1684 1985 caelo,
1704 1918 1946 1998 coelestis.
1968 1888 2022 1990 (Ι
2045 1918 2188 1984 cor..
2210 1930 2312 1982 xv,
2342 1920 2460 1994 47.)
2479 1921 2624 1990 Qum

192 1989 402 2046 omnia
443 2001 531 2045 sic
558 1988 810 2061 intellugr
836 1986 1046 2046 volunt
1085 1992 1151 2045 ut
1190 1986 1464 2047 Christus
1511 1986 1587 2045 de
1612 1987 1769 2047 coelo
1814 1994 1996 2047 ettam
2023 1989 2356 2050 secundum
2399 2003 2624 2065 corpus

192 2058 582 2119 descendisse
611 2058 903 2116 credatur.

261 2128 538 2187 Procedit
561 2134 756 2186 autem
784 2135 905 2186 tam
931 2127 1059 2187 haec
1081 2127 1377 2187 valentini
1393 2128 1614 2200 positio
1675 2142 1812 2188 uam
1829 2129 2290 2191 Manichaeorum
2310 2132 2627 2205 praemissa

193 2214 270 2258 ex
316 2213 442 2260 una
487 2199 641 2257 salsa
683 2199 902 2262 radice,
931 2198 1074 2272 quia
1118 2199 1438 2258 credebant
1463 2198 1622 2273 quod
1696 2214 1783 2259 aec
1809 2201 2013 2260 omnia
2057 2207 2294 2262 terrena
2320 2217 2359 2263 a
2383 2203 2624 2265 diabolo

193 2270 319 2329 sint
365 2275 585 2327 creata.
619 2270 804 2339 Unde,
851 2281 1036 2342 quum
1080 2270 1254 2327 Filius
1289 2272 1391 2328 Dei
1433 2272 1498 2326 in
1552 2271 1650 2326 hoc
1692 2275 2015 2343 apparuerit
2057 2276 2122 2329 ut
2156 2273 2424 2331 dissolvat
2459 2289 2626 2346 opera

190 2341 423 2403 diaboli.
455 2340 614 2398 sicut
651 2340 871 2398 dicitur
893 2338 947 2411 <I
964 2341 1183 2406 Joann„
1223 2353 1313 2409 111,
1343 2339 1423 2412 8),
1456 2353 1583 2397 non
1628 2339 1683 2398 ei
1725 2341 2096 2413 competebat
2133 2348 2201 2400 ut
2242 2344 2315 2401 de
2351 2351 2551 2402 creatu

191 2410 421 2469 diaboli
448 2424 669 2481 corpus
699 2413 1052 2479 assumeret,
1083 2422 1269 2494 quum
1297 2410 1471 2467 etiam
1506 2409 1728 2468 Paulus
1756 2410 1916 2468 dicat
1943 2429 1959 2469 ε
1989 2411 2119 2479 Quae
2136 2414 2362 2469 societas
2390 2413 2528 2471 lucis

191 2482 445 2539 tenebras
462 2483 492 2538 ?
518 2496 637 2552 quae
663 2485 840 2538 autem
864 2484 1140 2537 convertito
1166 2480 1371 2538 Christi
1392 2479 1469 2536 ad
1492 2480 1666 2537 Belial
1683 2482 1714 2536 ?
1738 2480 1818 2553 (ΙΙ
1840 2481 1984 2546 Cor„
2009 2494 2097 2551 vl,
2127 2481 2348 2555 ¹4,15.)
2377 2484 2464 2553 Et,
2479 2483 2627 2557 quia

190 2566 328 2627 quae
358 2551 434 2609 ab
471 2553 677 2610 eadem
707 2551 903 2610 radice
929 2549 1262 2622 procedunt
1287 2550 1518 2609 similes
1547 2550 1778 2609 fructus
1794 2551 2152 2624 producunt,
2179 2552 2246 2611 in
2266 2552 2426 2612 idem
2454 2554 2623 2615 falsi·

188 2623 334 2684 tatis
368 2622 798 2681 inconveniens
826 2620 1113 2680 relabitur
1140 2620 1265 2680 baec
1292 2620 1513 2692 positio
1542 2635 1677 2679 cum
1707 2621 2007 2702 praedicta.

265 2692 752 2773 uniuscujusque
798 2691 958 2750 enim
1007 2690 1231 2764 speciei
1264 2695 1426 2773 ,sunt
1474 2689 1865 2773 determinata
1920 2691 2266 2753 essentialia
2309 2694 2621 2769 principia,

190 2771 508 2824 materiam
539 2764 672 2821 dico
701 2768 757 2821 et
778 2763 1053 2830 sormam,
1076 2775 1150 2820 ex
1177 2761 1399 2834 qulbus
1423 2765 1810 2820 constituitur
1841 2763 1993 2822 ratio
2017 2764 2238 2836 speciei
2266 2764 2332 2822 in
2362 2764 2461 2824 his
2489 2780 2625 2840 quae

191 2842 341 2893 sunt
390 2849 465 2891 ex
509 2834 755 2892 materia
787 2838 846 2891 et
887 2833 1078 2891 forma
1123 2832 1475 2904 composita.
1518 2832 1655 2902 Sed,
1697 2832 1856 2892 sicut
1899 2846 2039 2893 caro
2072 2833 2336 2893 humana
2361 2840 2423 2893 et
2446 2848 2519 2896 os
2563 2840 2626 2897 et

176 2904 540 2986 -hujusmodi
571 2910 712 2962 sunt
752 2903 1000 2962 materia
1029 2903 1270 2976 propria
1297 2902 1582 2973 bominis,
1616 2904 1703 2961 ita
1732 2903 1912 2975 ignis,
1942 2918 2065 2973 aer,
2095 2919 2251 2978 aqua
2274 2910 2334 2964 et
2376 2912 2535 2966 terra
2561 2912 2624 2967 et

191 2974 568 3047 bmusmodi,
598 2974 800 3047 qualia
826 2974 1143 3042 sentimus,
1174 2978 1317 3032 sunt
1355 2974 1608 3031 materia
1649 2975 1850 3035 carnis
1878 2977 1937 3033 et
1979 2975 2144 3034 ossis
2171 2981 2231 3033 et
2271 2976 2620 3049 hujusmodi

189 3045 473 3118 partium.
508 3045 570 3103 Si
597 3045 776 3117 igitur
807 3057 911 3103 cor
953 3058 1025 3104 us
1053 3043 1268 3102 Christi
1295 3056 1417 3101 non
1447 3043 1559 3102 fuit
1582 3048 1904 3115 terrenum,
1952 3045 2153 3104 necin
2188 3046 2320 3119 ipso
2349 3047 2463 3106 fuit
2483 3061 2627 3109 vera

192 3128 338 3175 caro
376 3123 433 3172 et
464 3129 668 3173 verum
701 3128 794 3181 os,
821 3128 889 3174 se
957 3114 1162 3175 omnia
1184 3114 1512 3173 secundum
1540 3116 1942 3186 apparentiam
1968 3121 2222 3185 tantum,
2252 3123 2310 3174 et
2337 3117 2421 3176 ita
2444 3119 2623 3180 etiam

194 3199 322 3245 non
373 3186 486 3244 fuit
536 3198 712 3241 verus
768 3184 950 3241 homo
968 3228 984 3254 ‚
1033 3184 1138 3242 sed
1202 3197 1532 3256 apparens;
1584 3198 1770 3257 quum
1831 3192 2052 3254 tamen,
2105 3193 2172 3244 ut
2222 3185 2447 3244 dictum
2507 3192 2621 3262 est,

193 3255 329 3386 iflse
378 3257 536 3314 dicat
570 3254 870 3383 εὸξρίήίιιε
923 3269 1140 3311 carnem
1191 3260 1246 3309 et
1297 3269 1422 3311 ossa
1465 3267 1577 3308 non
1624 3252 1805 3323 habet,
1840 3257 1986 3312 sicut
2034 3270 2121 3313 me
2155 3255 2356 3315 uidetis
2402 3257 2620 3319 habere.

193 3326 216 3403 ί
262 3324 740 3478 ΐὰλῖξῖιὸτρὶιὶε
768 3395 1007 3454 coeleste
1042 3395 1372 3454 secundum
1417 3407 1591 3453 suam
1633 3397 1906 3454 naturam
1953 3401 2048 3456 est
2085 3396 2530 3470 incorruptibile
2562 3403 2625 3461 et

182 3466 585 3534 inalterabile,
633 3470 694 3522 ct
729 3469 893 3524 extra
937 3479 1116 3524 suum
1153 3467 1250 3522 ubi
1277 3479 1398 3524 non
1434 3469 1636 3537 potest
1678 3467 2007 3525 transferri.
2045 3469 2178 3526 Non
2203 3473 2398 3527 autem
2423 3470 2626 3531 decuit

185 3538 358 3613 quod
398 3537 501 3594 Dei
532 3536 714 3594 Filius
759 3535 1029 3610 dignitati
1055 3541 1279 3594 naturae
1304 3539 1629 3607 assumptae
1656 3535 1879 3610 aliquid
1907 3536 2260 3608 detraheret,
2290 3539 2397 3597 sed
2426 3554 2524 3599 ma
2572 3540 2585 3553 “

184 3607 358 3691 quod
388 3621 519 3665 eam
548 3606 852 3665 exaltaret.
883 3609 1012 3664 Non
1038 3605 1218 3680 igitur
1248 3619 1469 3678 corpus
1497 3608 1739 3665 coeleste
1768 3611 1874 3664 aut
1895 3607 2338 3680 incorruptibile
2367 3610 2442 3668 ad
2469 3612 2531 3669 in
2559 3625 2624 3672 e·

183 3690 353 3739 nora
381 3677 663 3758 portavit,
683 3678 788 3759 sed
817 3676 1010 3750 magis
1039 3682 1415 3749 assumptum
1442 3682 1744 3735 terrenum
1768 3690 1989 3751 corpus
2027 3683 2090 3738 et
2113 3678 2397 3752 passibile
2423 3681 2622 3743 incor-

182 3761 261 3809 ru
303 3748 473 3807 tibxle
503 3747 755 3806 reddidit
780 3752 839 3805 ct
861 3749 1125 3805 coeleste.

159 3864 165 3885 ὅ
290 3823 418 3890 tem,
447 3819 769 3889 Apostolus
795 3817 934 3875 dicit
960 3817 1033 3875 de
1064 3816 1211 3875 Filio
1234 3819 1337 3875 Dei
1361 3818 1523 3892 quod
1550 3820 1735 3887 tactus
1761 3822 1843 3874 est
1867 3819 1921 3874 ei
1944 3821 2225 3876 exsemine
2238 3820 2422 3878 David
2437 3836 2626 3882 secun·

147 3889 327 4021 [ἔζη
354 3904 593 4016 ‹ian-nem.
623 3888 818 3962 (Rom,
849 3901 894 3958 1,
923 3887 1000 3960 3.)
1025 3886 1137 3946 Sed
1166 3902 1385 3960 corpus
1430 3887 1617 3947 David
1639 3893 1941 3948 terrenum
1971 3890 2100 3948 ruit.
2132 3892 2284 3964 Ergo
2313 3895 2375 3948 et
2398 3904 2620 3965 corpus

279 3973 363 4018 ris
393 3974 433 4015 1.

261 4031 546 4101 Amplius,
597 4029 753 4089 idem
797 4028 1119 4101 Apostolus
1152 4027 1291 4088 dicit
1366 4027 1486 4087 uod
1535 4030 1682 4086 Deus
1725 4031 1879 4087 misit
1905 4031 2103 4088 Filium
2125 4046 2285 4089 suum
2316 4032 2530 4099 tactum
2552 4049 2625 4093 etc

181 4102 422 4159 muliere
450 4100 679 4172 (Galat.,
709 4113 799 4170 lv,
827 4100 922 4170 4);
954 4103 1014 4157 et
1083 4099 1199 4158 uod
1217 4042 1380 4155 ,1πὲιὸ
1405 4102 1597 4169 genuit
1621 4102 1711 4156 Jos
1780 4101 1819 4157 h
1840 4102 2021 4157 uuum
2051 4102 2266 4169 Mariae,
2298 4101 2366 4159 de
2391 4118 2503 4173 qua
2525 4119 2628 4163 na-

180 4175 287 4229 tus
318 4175 401 4229 est
426 4173 601 4240 Jesus,
630 4173 728 4242 qui
751 4174 978 4226 vocatur
1002 4170 1044 4227 G
1079 4172 1267 4227 rietus,
1296 4168 1535 4240 (Marta.
1566 4184 1610 4235 t,
1652 4173 1737 4227 16.
1790 4173 1919 4229 Non
1957 4174 2153 4229 autem
2182 4172 2271 4228 vel
2300 4186 2374 4229 ex
2403 4187 2474 4231 ea
2501 4172 2626 4235 fac·

181 4247 296 4301 tus
340 4242 436 4299 vel
483 4256 555 4298 ex
583 4255 655 4299 ea
684 4244 859 4298 natus
888 4239 1202 4309 diceretur,
1247 4239 1301 4298 si
1325 4240 1522 4320 solum
1552 4253 1657 4311 per
1683 4254 1815 4299 eam
1858 4240 2017 4298 sicut
2042 4254 2148 4312 per
2174 4239 2437 4301 fistulam
2460 4248 2625 4303 tran·

183 4311 402 4379 sisset,
432 4310 578 4369 nihil
611 4325 682 4369 ex
712 4325 785 4370 ea
812 4322 1151 4368 assumens.
1185 4312 1263 4368 Ex
1302 4323 1374 4368 ea
1393 4310 1575 4382 igitur
1601 4321 1819 4382 corpus
1848 4311 2195 4382 assumpsit.

259 4384 556 4445 Praeterea,
602 4393 729 4462 non
770 4383 992 4462 posset·
1010 4378 1126 4438 dici
1155 4385 1345 4439 mater
1367 4381 1510 4439 lesu
1535 4378 1740 4452 Maria,
1767 4379 1929 4454 quod
1954 4381 2330 4455 Evangelista
2350 4387 2623 4453 testatur,

184 4451 310 4512 nisi
342 4466 416 4511 ex
444 4466 520 4511 ea
548 4449 773 4525 aliquid
794 4453 1143 4523 accepisset.
