3076 5025
1145 324 1281 381 us.
1320 325 1413 394 tv,
1451 325 1605 384 car.
1643 325 1755 383 av.
2549 282 2689 394 ὕες-ι’

223 440 717 524 cognoscendum
746 455 924 516 quam
954 442 1160 510 homo,
1188 442 1364 523 cujus
1391 443 1657 523 cognitio
1719 458 1759 503 a
1805 457 1993 505 sensu
2047 446 2258 506 oritur.
2313 447 2659 513 sufficiebat

221 517 412 584 igitur
436 512 600 585 quod
629 513 882 585 angelus
910 527 949 573 a
973 516 1098 572 Deo
1125 513 1581 586 intelligibiliter
1605 515 2000 575 instrueretur
2025 516 2099 575 de
2140 518 2385 577 veritate
2412 521 2653 593 divina3

223 580 331 641 sed
358 583 626 663 conditio
653 582 921 642 hominis
947 597 979 641 r
1055 582 1285 643 uirebat
1312 591 1377 643 ut
1409 587 1566 643 Deus
1596 586 1966 645 sensibiliter
1996 587 2305 648 hominem
2331 589 2407 647 de
2452 592 2656 664 seipso

221 651 470 734 homine
498 653 849 735 instruerem
880 669 959 727 qu
1083 668 1189 736 per
1215 655 1686 714 incarnationem
1716 664 1811 715 est
1852 656 2096 717 factum.
2145 661 2167 716 1
2210 673 2281 718 sa
2323 661 2500 719 etiam
2537 663 2657 722 dis·

221 727 417 782 tantia
445 724 712 782 hominis
740 739 776 782 a
805 727 926 783 Deo
953 739 1149 799 mag1s
1176 739 1509 798 repugnare
1531 726 1843 785 videbatur
1868 728 2135 786 fruitioni
2205 730 2405 799 ivinae;
2437 738 2495 788 et
2520 733 2658 792 ideo

221 794 420 874 mag-is
443 794 705 875 indiguit
726 795 911 854 homo
935 810 1114 869 quam
1154 797 1406 867 angelus
1434 798 1666 855 assumi
1694 812 1732 856 a
1758 800 1905 867 De0,
1918 799 1995 857 ad
2014 811 2181 869 spem
2204 800 2275 858 de
2296 800 2658 863 beatitudine

223 866 700 936 concipiendam.
736 867 927 924 Homo
953 867 1158 935 etiam,
1182 880 1367 938 quum
1397 868 1477 924 sit
1492 873 1897 925 creaturarum
1914 870 2230 941 terminus,
2251 873 2424 943 quasi
2442 886 2657 933 omnes

221 936 378 1015 ali-as
406 942 714 993 creaturas
741 937 1000 994 naturali
1027 937 1435 1008 generationis
1464 938 1677 996 ordine
1700 952 2190 1010 praesupponens,
2233 945 2658 1002 convenienter

222 1019 416 1078 pruno
446 1020 644 1133 rerum
671 1007 965 1134 gritncspio
1008 1008 1234 1078 unitur,
1264 1007 1443 1067 etiam
1496 1013 1567 1068 ut
1615 1008 1874 1081 quadam
1924 1010 2317 1069 circulatione
2363 1014 2654 1085 perfectio

221 1089 424 1133 rerum
457 1089 606 1134 cone
636 1091 670 1133 u
715 1091 752 1134 a
779 1092 869 1134 ur.

297 1148 378 1203 Ex
407 1145 525 1205 hoc
554 1147 732 1205 etiam
761 1150 922 1220 quod
951 1151 1110 1207 Deus
1137 1148 1461 1207 humanam
1490 1154 1764 1209 naturam
1793 1151 2121 1221 assumpsit
2145 1164 2270 1210 non
2297 1151 2473 1211 datur
2497 1168 2656 1214 erro-

220 1216 312 1275 ris
333 1217 600 1287 eccesie,
630 1223 698 1275 ut
764 1219 935 1299 uinta
955 1220 1108 1276 ratio
1135 1219 1534 1291 proponebat;
1577 1221 1719 1292 quia
1756 1222 2088 1292 assumptio
2131 1221 2541 1287 humanitatis,
2590 1230 2658 1283 ut

220 1299 407 1357 supra
434 1288 510 1360 (c.
540 1287 634 1360 41)
661 1288 739 1346 ha
781 1293 924 1346 itum
951 1294 1064 1357 est,
1092 1289 1250 1347 facta
1273 1290 1449 1348 estin
1479 1290 1767 1348 unitatem
1795 1304 2090 1364 personae,
2112 1305 2235 1350 non
2266 1295 2329 1351 in
2370 1295 2653 1355 unitatem

224 1363 492 1428 naturae3
521 1364 588 1416 ut
615 1359 705 1416 sic
734 1372 858 1417 non
886 1365 1154 1430 oporteat
1181 1373 1296 1418 nos
1323 1361 1667 1418 consentire
1695 1362 1793 1420 his
1817 1362 1921 1433 qui
1948 1368 2281 1433 posuerunt
2308 1366 2495 1422 Deum
2525 1380 2650 1424 non

228 1441 364 1556 ᾖξε
389 1442 584 1557 εᾶηἷιεη
612 1430 825 1558 omnig·
859 1430 1203 1500 exaltatum,
1253 1430 1522 1491 dicentes
1566 1433 1755 1490 Deum
1799 1444 1936 1490 esse
1980 1433 2245 1492 animam
2296 1436 2504 1495 mundi
2557 1435 2655 1496 vel

292 1510 410 1570 :qm
528 1513 767 1571 nJusmo
809 1516 849 1558 1.
1186 1516 1194 1527 ⁹

301 1570 456 1650 Licet
482 1574 679 1628 autem
707 1570 868 1630 circa
890 1572 1362 1630 incarnationem
1394 1572 1497 1630 Dei
1523 1572 1649 1630 sint
1665 1573 1849 1645 aliqui
1877 1587 2111 1633 errores
2140 1575 2350 1644 exorti,
2379 1582 2447 1635 ut
2480 1582 2652 1637 sexto

228 1638 631 1721 objiciebatur,
662 1647 862 1699 tamen
889 1642 1274 1701 manifestum
1302 1648 1398 1700 est
1422 1644 1613 1700 multo
1639 1645 1845 1714 plures
1872 1658 2106 1703 errores
2133 1652 2271 1716 post
2298 1647 2653 1707 incarnatio·

222 1710 581 1768 neminisse
614 1712 907 1771 sublatos,
933 1713 1095 1770 Sicut
1134 1713 1295 1771 enim
1341 1727 1414 1770 ex
1452 1714 1761 1772 creatione
1802 1728 2002 1773 rerum
2042 1729 2079 1773 a
2130 1715 2333 1774 divina
2385 1717 2652 1778 bonitate

217 1780 580 1853 procedente
606 1782 809 1855 aliqua
830 1783 991 1841 mala
1013 1789 1157 1841 sunt
1180 1789 1523 1851 consecuta,
1556 1784 1717 1856 quod
1744 1783 2117 1857 competebat
2131 1786 2457 1844 conditioni
2492 1802 2652 1848 crea·

219 1856 513 1921 tur-arum,
548 1864 681 1923 quae
710 1853 962 1911 deficere
988 1859 1281 1925 possunt3
1309 1855 1392 1912 ita
1419 1855 1598 1912 etiam
1636 1869 1759 1913 non
1793 1860 1885 1913 est
1932 1855 2146 1914 mirum
2174 1857 2248 1926 si,
2273 1858 2653 1918 manifestata

220 1920 422 1981 divim
443 1922 712 1993 veritate,
739 1929 884 1982 sunt
909 1925 1092 1998 aliqui
1120 1937 1354 1982 errores
1384 1926 1572 1983 exorti
1617 1938 1693 1983 ex
1739 1925 1972 1984 defectu
2017 1926 2313 1985 mentium
2356 1928 2647 1988 humana·

215 2006 394 2063 rum;
421 1994 523 2066 qui
547 2000 746 2051 tamen
771 2008 1008 2053 errores
1034 2002 1424 2054 exercuerunt
1450 1994 1717 2054 fidelium
1747 1997 1989 2071 ingenia
2010 1997 2086 2055 ad
2131 1996 2478 2069 diligentius
2506 1998 2649 2057 divi·

219 2076 434 2122 norum
462 2064 767 2145 yet-itatem
796 2066 1220 2138 exquirendam
1262 2071 1321 2124 et
1363 2065 1833 2139 intelligendam,
1879 2067 2034 2126 sicut
2077 2071 2138 2127 et
2180 2069 2342 2127 mala
2390 2082 2524 2143 quae
2582 2067 2647 2128 in

217 2141 509 2193 creaturis
539 2135 816 2193 accidunt
844 2136 1082 2195 ordinat
1097 2139 1255 2195 Deus
1285 2136 1359 2194 ad
1386 2137 1632 2208 aliquod
1658 2138 1906 2196 bonum.

296 2205 577 2272 Quamvis
607 2211 806 2264 autem
831 2206 1060 2266 bonum
1087 2220 1265 2266 omne
1294 2214 1559 2265 creatum
1587 2208 1799 2266 divinae
1816 2208 2065 2266 bonitati
2090 2213 2495 2281 comparatum
2524 2211 2646 2269 exi·

216 2288 402 2349 guum
436 2276 793 2345 inveniatur,
814 2280 1034 2346 tamen,
1065 2278 1209 2350 quia
1244 2278 1307 2334 in
1337 2277 1518 2335 rebus
1567 2279 1783 2337 creatis
1838 2279 1987 2337 nihil
2022 2285 2220 2349 potest
2264 2294 2400 2339 esse
2446 2281 2644 2351 majus

221 2358 403 2474 guam
433 2346 601 2404 salus
631 2347 940 2405 rationalis
961 2354 1267 2417 creaturae,
1294 2362 1427 2419 quae
1451 2349 1731 2407 consistit
1754 2350 1817 2405 in
1846 2350 2125 2406 fruitione
2148 2350 2165 2405 i
2210 2349 2342 2406 sius
2361 2350 2646 2410 bonitatis

269 2417 462 2486 ivinae,
492 2431 677 2488 quum
709 2431 782 2474 ex
806 2419 1220 2476 incarnatione
1251 2418 1455 2475 divina
1494 2424 1821 2476 consecuta
1851 2418 1933 2474 sit
1963 2418 2141 2476 salus
2232 2432 2470 2488 umana,
2520 2434 2643 2477 non

217 2500 432 2561 parum
465 2488 742 2546 utilitatis
769 2488 1048 2559 praedicta
1069 2488 1403 2547 incarnatio
1432 2488 1629 2545 attulit
1652 2486 1899 2556 mundo,
1929 2493 1997 2545 ut
2031 2488 2285 2559 septima
2326 2490 2481 2548 ratio
2507 2504 2643 2560 pro·

217 2558 485 2617 cedebat.
515 2561 632 2616 Nec
663 2559 925 2629 oportuit
959 2564 1198 2629 propter
1244 2557 1358 2615 hoc
1402 2558 1564 2630 quod
1614 2573 1687 2615 ex
1741 2558 2149 2616 incarnatione
2190 2559 2393 2617 divina
2431 2574 2643 2619 omnes

216 2628 494 2688 homines
515 2629 906 2699 salvarentur,
928 2629 1033 2687 sed
1061 2634 1293 2686 tantum
1307 2628 1392 2685 illi
1416 2628 1517 2700 qui
1535 2628 1829 2698 praedietae
1852 2628 2248 2687 incarnationi
2276 2629 2645 2690 adhaererent

213 2712 328 2772 per
353 2699 528 2757 fidem
556 2704 616 2756 et
658 2699 793 2758 fidei
824 2705 1219 2757 sacramenta.
1267 2701 1368 2758 Est
1411 2699 1709 2770 siquidem
1737 2698 2169 2758 incarnationis
2215 2699 2425 2758 divinae
2454 2701 2642 2761 virtus

214 2769 528 2828 sufficiens
556 2769 632 2828 ad
657 2770 924 2827 omnium
950 2769 1263 2827 hominum
1293 2769 1583 2837 salutem;
1641 2768 1746 2826 sed
1796 2770 1955 2841 quod
2002 2782 2120 2825 non
2170 2782 2384 2828 omnes
2419 2785 2492 2829 ex
2525 2771 2642 2831 hoc

218 2841 525 2899 salvantur
549 2854 621 2898 ex
649 2853 856 2898 eorum
889 2840 1348 2911 indispositione
1377 2841 1582 2898 contin
1629 2839 1692 2907 it,
1723 2839 1885 2912 quod
1917 2840 2346 2898 incarnationis
2384 2840 2641 2902 fructum

217 2909 284 2968 in
311 2923 373 2970 se
396 2911 699 2983 suscipere
729 2910 942 2968 nolunt
981 2911 1291 2968 incarnato
1312 2913 1432 2967 Deo
1453 2924 1558 2981 per
1622 2910 1756 2967 dem
1776 2915 1834 2967 et
1851 2923 2114 2968 amorem
2137 2923 2260 2967 non
2276 2910 2638 2972 inhaerendo.

219 2983 356 3041 Non
379 2982 537 3038 enim
566 2987 692 3048 erat
716 2953 1059 3063 hominibus
1079 2980 1484 3062 subtrahenda
1512 2980 1757 3039 libertas
1783 2981 2030 3049 arbitrii,
2051 2995 2157 3052 per
2182 2995 2361 3063 quarn
2388 2988 2643 3053 possunt

216 3052 316 3110 vel
344 3052 630 3110 inhaerere
653 3052 747 3109 vel
768 3065 892 3109 non
918 3051 1205 3109 inhaerere
1234 3054 1358 3109 Deo
1379 3057 1715 3119 incarnato,
1740 3064 1817 3108 ne
1842 3051 2069 3109 bouum
2090 3052 2353 3111 homrms
2366 3057 2640 3113 coactum

222 3128 381 3183 esset
408 3128 466 3180 et
495 3128 735 3194 propter
758 3121 875 3180 hoc
903 3122 1132 3194 absque
1161 3123 1375 3179 merito
1399 3121 1458 3179 εἴ
1486 3120 1829 3179 illaudabile
1853 3122 2218 3202 redderetur.

293 3192 577 3251 Praedicta
605 3193 782 3250 etiam
814 3193 918 3250 Dei
946 3193 1280 3250 incarnatio
1317 3191 1757 3250 sufficientibus
1782 3193 2025 3251 indiciis
2059 3192 2404 3253 hominibus
2448 3195 2641 3253 mani·

231 3262 449 3324 festata
469 3268 581 3322 est.
613 3263 899 3322 Divinitas
924 3263 1084 3321 enim
1123 3263 1294 3321 nullo
1321 3264 1506 3321 modo
1545 3263 1999 3322 convenientius
2035 3264 2404 3322 manifestari
2444 3270 2642 3336 potest

219 3348 402 3407 quam
427 3348 533 3405 per
557 3348 633 3394 ea
657 3347 792 3406 quvae
815 3341 957 3392 sunt
983 3333 1220 3406 propria
1247 3335 1371 3392 Dei.
1405 3336 1506 3392 Est
1526 3338 1726 3392 autem
1763 3334 1865 3391 Dei
1891 3335 2195 3406 proprium
2222 3335 2384 3406 quod
2416 3339 2641 3396 naturae

219 3403 386 3478 leges
414 3405 728 3462 immutare
755 3405 968 3477 possit,
1013 3418 1197 3487 supra
1236 3410 1510 3463 naturam
1549 3403 1769 3485 aliquid
1812 3404 2137 3476 operand0‚
2175 3405 2347 3475 cujus
2387 3405 2516 3477 ipse
2549 3412 2642 3465 est

219 3480 446 3535 auctor.
477 3474 1053 3534 convenientissime
1078 3476 1264 3548 igitur
1281 3476 1566 3547 probatur
1591 3475 1817 3547 ahquid
1847 3489 1982 3533 esse
2011 3476 2277 3534 divinum
2315 3489 2421 3547 per
2461 3489 2642 3547 opera

264 3559 358 3604 uae
372 3559 558 3617 supra
580 3546 750 3618 leges
775 3553 1000 3604 naturae
1019 3545 1189 3609 fiunt,
1223 3546 1381 3604 sicut
1450 3544 1567 3603 uod
1589 3546 1729 3603 caeci
1757 3546 2192 3615 illuminentur,
2223 3547 2277 3602 le
2320 3546 2441 3603 rosi
2473 3560 2642 3604 mun-

218 3560 454 3697 flentur,
469 3616 688 3675 mortui
704 3616 1089 3675 suscitentur.
1113 3561 1463 3698 Hujusmogi
1488 3615 1728 3689 quidem
1749 3629 1934 3687 opera
1951 3615 2219 3676 Christus
2237 3631 2268 3674 e
2318 3616 2463 3687 ecit;
2483 3616 2641 3675 unde

217 3691 282 3745 et
309 3700 430 3760 ipse
450 3701 558 3758 per
583 3688 710 3746 baec
736 3700 919 3759 opera
937 3687 1340 3759 quaerentlbus
1371 3705 1384 3743 ε
1419 3689 1501 3743 Tu
1525 3701 1582 3742 es
1607 3689 1707 3757 qui
1722 3691 1986 3744 venturus
2018 3703 2096 3758 es,
2141 3703 2218 3744 an
2245 3689 2420 3744 aliam
2458 3702 2642 3758 ωερε-

216 3760 424 3815 stamus
436 3757 659 3830 ?‘(Luc.‚
688 3770 797 3821 vn,
822 3759 914 3830 20)
943 3771 1114 3816 suam
1145 3758 1508 3815 divinitatem
1529 3757 1978 3829 demonstravit,
1998 3758 2203 3817 dicens
2229 3772 2245 3811 ε
2276 3757 2415 3815 Gaeci
2430 3758 2636 3828 vident,

215 3829 404 3884 eluendi
430 3830 731 3898 ambulant,
752 3829 951 3899 leprosi
968 3827 1322 3896 mundaum,
1337 3828 1502 3885 ‘surdi
1523 3828 1776 3899 audiunt,
1795 3831 1998 3885 mortui
2008 3832 2297 3898 resumunt
2320 3829 2499 3908 (ibim,
2523 3829 2635 3901 22),

175 3963 178 3966 ,
215 3905 336 3958 etc.
373 3898 563 3957 Alium
605 3904 803 3956 autem
860 3899 1148 3956 mundum
1196 3913 1397 3956 creare
1445 3912 1695 3956 necesse
1740 3911 1863 3956 non
1900 3904 2046 3967 erat,
2089 3912 2199 3956 nec
2241 3903 2393 3956 1‘at1o
2424 3899 2638 3959 divinae

215 3967 520 4040 sapientiae
548 3982 657 4027 nec
685 3982 882 4027 rerum
915 3974 1124 4027 natura
1143 3969 1260 4026 hoc
1289 3969 1562 4027 habebat.
1589 3970 1647 4026 Si
1679 3976 1877 4029 autem
1894 3969 2146 4038 dicatur,
2165 3973 2232 4028 ut
2257 3975 2466 4027 octava
2484 3971 2636 4029 ratio

174 4040 603 4113 proponebat,
641 4039 801 4112 quod
834 4038 1176 4111 huiusmodi
1207 4040 1494 4097 miracula
1527 4039 1701 4097 etiam
1734 4054 1838 4108 per
1870 4040 2026 4098 alios
2048 4053 2185 4098 esse
2229 4039 2384 4096 sacta
2427 4040 2636 4109 legun-

215 4116 339 4180 tur,
363 4119 558 4169 tamen
590 4110 1094 4172 considerandum
1124 4115 1217 4168 est
1243 4110 1402 4183 quod
1433 4111 1622 4190 multo
1647 4109 2023 4169 differentius
2065 4114 2128 4169 et
2172 4109 2432 4190 divinius
2474 4111 2636 4169 Chri·

216 4185 351 4239 stus
375 4195 442 4239 ea
467 4180 682 4238 effecit.
714 4183 861 4238 Nam
910 4181 1016 4239 alii
1069 4180 1298 4239 orando
1340 4181 1467 4239 haec
1507 4181 1723 4239 fecisse
1766 4182 1820 4238 le
1906 4186 2065 4245 ntur,
2129 4180 2399 4239 christus
2436 4188 2634 4240 autern

215 4251 586 4324 imperando,
616 4251 789 4324 quasi
807 4265 881 4309 ex
909 4251 1148 4323 propria
1169 4255 1459 4323 potestate
1481 4268 1496 4318 ;
1517 4255 1576 4308 et
1604 4265 1725 4309 non
1756 4264 1825 4309 so
1854 4265 1953 4310 um
1988 4251 2121 4323 ipse
2145 4251 2276 4309 haec
2323 4252 2481 4321 feeit,
2527 4250 2635 4309 sed

213 4328 276 4380 et
304 4322 437 4381 aliis
467 4322 674 4380 eadem
695 4328 755 4379 et
785 4320 1014 4391 majora
1042 4321 1295 4381 faciendi
1327 4321 1531 4378 tribuit
1565 4326 1938 4392 potestatem,
1966 4322 2091 4393 qui,
2120 4321 2194 4379 ad
2233 4322 2428 4382 solam
2465 4323 2633 4378 invo-

222 4394 518 4452 cationem
551 4393 816 4450 nominis
851 4392 1064 4450 Christi
1118 4392 1460 4465 huiusmodi
1487 4392 1773 4450 miracula
1800 4390 2115 4450 faciebant.
2163 4395 2229 4449 Et
2275 4407 2393 4449 non
2435 4391 2631 4448 solum

224 4465 562 4537 corporalia
589 4461 877 4522 miracula
901 4475 1008 4535 per
1034 4435 1329 4522 Christum
1368 4463 1523 4522 facta
1549 4469 1711 4533 sunt,
1740 4462 1848 4521 sed
1881 4463 2058 4522 etiam
2097 4461 2448 4536 spiritualia,
2500 4466 2631 4529 quae

1178 4563 1247 4589 Ὗ
