3076 5025
525 307 634 362 420
1372 299 1505 356 LIB.
1548 299 1645 367 III,
1684 297 1837 355 CAP.
1876 298 2103 355 CXVIII.

526 424 886 484 communis.
911 420 1361 480 communicant
1389 425 1588 478 autem
1619 418 1898 478 homines
1919 420 1980 476 in
2014 432 2135 476 uno
2162 418 2373 477 ultimo
2400 417 2519 476 fine
2539 418 2906 488 beatitudinis

524 494 598 554 ad
627 507 801 566 quem
835 492 1121 551 divinitus
1168 491 1540 548 ordinantur.
1565 491 1807 561 Oportet
1845 489 2027 562 igitur
2060 489 2220 563 quod
2253 489 2537 547 uniantur
2574 490 2833 547 homines
2853 492 2905 547 ad

419 555 428 576 '
525 565 780 623 invicem
812 567 1017 620 mutua
1045 561 1386 619 dilectione.

593 635 814 703 Adhuc,
844 632 1206 706 quicumque
1257 631 1455 703 diligit
1508 629 1792 703 aliquem,
1823 642 2205 701 consequens
2258 636 2352 688 est
2408 635 2476 687 ut
2515 629 2697 688 etiam
2741 630 2927 702 diligat.

524 704 777 764 dilectos
807 703 881 760 ab
910 717 981 761 eo
1012 708 1070 759 et
1096 715 1204 760 eos
1234 702 1335 774 qui
1366 700 1670 781 conjuncti
1702 706 1844 758 sunt
1881 701 1957 757 ei.
1986 701 2270 758 Homines
2294 706 2491 758 autem
2519 700 2719 758 dilecti
2747 699 2927 758 sunta'

523 778 669 843 Det),
724 773 944 847 quibus
984 772 1279 843 suiipsius
1332 772 1676 829 fruitionem
1724 771 1896 843 quasi
1955 770 2229 829 ultimum
2282 771 2461 828 tinem
2509 770 2927 842 praedisposuit!

525 848 778 927 Oportet·
817 843 1001 917 igitur
1053 848 1137 913 ut,
1168 842 1328 901 sicut
1380 842 1602 913 aliquis
1641 840 1708 898 fit
1754 841 2006 899 dilector
2049 841 2283 910 Dei,ita
2324 842 2504 899 etiam
2548 839 2659 897 fiat
2705 841 2907 898 dilector

566 929 803 974 roximi.

522 931 563 990 p
593 987 868 1056 Amplius,
897 997 1083 1058 quum
1127 982 1311 1043 homo
1360 984 1439 1042 sit
1486 982 1835 1041 naturaliter
1887 981 2110 1042 animal
2151 981 2398 1051 sociale,
2428 981 2663 1054 indiget
2688 982 2760 1039 ab
2805 981 2905 1039 aliis

522 1056 873 1116 hominibus
901 1053 1167 1126 adjuvari
1196 1054 1271 1114 ad
1299 1053 1790 1126 consequendum
1821 1053 2124 1124 proprium
2154 1051 2370 1122 finem3
2397 1053 2557 1125 quod
2591 1052 2905 1110 convenien-

521 1128 757 1186 tissime
787 1125 852 1183 fit
876 1126 1195 1184 dilectione
1239 1128 1448 1182 mutua
1490 1125 1647 1181 inter
1690 1123 1968 1180 homines
2011 1124 2322 1181 existente.
2348 1125 2430 1179 Ex
2458 1124 2588 1195 lege
2617 1123 2791 1195 igitur
2813 1122 2904 1190 Dei,

524 1212 657 1272 quae
675 1196 951 1254 homines
979 1196 1040 1253 in
1063 1195 1337 1253 ultimum
1359 1195 1535 1251 finem
1560 1193 1782 1265 dirigit,
1806 1193 2145 1266 praecipitur
2166 1194 2228 1251 in
2253 1193 2430 1252 nobis
2460 1198 2672 1250 mutua
2693 1193 2902 1250 dilectio.

592 1271 744 1331 Item,
778 1265 854 1325 ad
903 1267 1017 1325 hoc
1045 1265 1204 1340 quod
1236 1266 1418 1323 homo
1464 1264 1687 1322 divinis
1718 1269 1903 1333 vacet,
1933 1264 2164 1337 indiget
2206 1264 2640 1335 tranquillitate
2690 1270 2746 1319 et
2779 1275 2904 1333 pace.

524 1341 604 1396 Ea
632 1351 772 1395 vero
793 1351 923 1410 quae
945 1350 1148 1408 pacem
1175 1334 1517 1417 perturbare
1538 1339 1815 1406 possunt,
1837 1335 2132 1406 praecipue
2153 1347 2259 1406 per
2278 1334 2662 1415 dilectionem
2688 1341 2903 1414 mutuant

521 1408 834 1467 tolluntur.
867 1409 1060 1476 Quum
1116 1407 1299 1478 igitur
1355 1406 1450 1462 lex
1502 1405 1706 1463 divina
1755 1404 1829 1462 ad
1859 1405 1974 1463 hoc
2017 1404 2258 1484 ordinet
2294 1405 2595 1470 homines,
2621 1412 2685 1462 ut
2734 1403 2904 1484 divinis

521 1486 753 1605 vacend’
785 1477 1194 1536 necessarium
1224 1482 1318 1534 est
1336 1475 1495 1550 quod
1515 1477 1748 1549 exlege
1776 1474 1980 1534 divina
2007 1476 2070 1534 in
2097 1474 2446 1534 hominibus
2474 1480 2689 1532 mutua
2714 1473 2903 1531 dilectio

564 1564 701 1606 roce
746 1554 824 1606 at.

519 1563 559 1622 p
593 1623 879 1681 Praeterea.
911 1617 1007 1678 lex
1044 1617 1247 1676 divina
1273 1617 1570 1699 profertur
1611 1616 1841 1675 homini
1885 1617 1947 1675 in
1993 1616 2281 1675 auxilium
2320 1615 2474 1689 legis
2514 1614 2819 1695 naturalis.
2838 1616 2907 1671 Est

522 1696 719 1746 autern
751 1688 1032 1747 omnibus
1063 1687 1409 1746 hominibus
1440 1688 1707 1745 naturale
1735 1692 1799 1744 ut
1823 1701 1890 1744 se
1919 1687 2175 1744 invicem
2202 1686 2492 1759 diligant;
2518 1687 2694 1760 cujus
2716 1696 2903 1758 signum

522 1764 615 1817 est
645 1759 826 1832 quod,
855 1758 1113 1831 quodam
1153 1759 1405 1815 naturali
1451 1757 1761 1822 instinctu,
1796 1758 1976 1816 homo
2003 1757 2250 1815 cuilibet
2271 1756 2503 1837 homini
2536 1759 2720 1814 etiam
2745 1757 2904 1827 ignoto

524 1830 801 1886 subvenit
829 1830 893 1885 in
923 1829 1300 1896 necessitate,
1329 1833 1472 1898 puta
1492 1827 1829 1886 revocando
1857 1828 1931 1886 ab
1962 1841 2160 1886 errore
2187 1828 2314 1898 viae,
2347 1827 2642 1899 erigendo
2671 1842 2707 1885 a
2732 1827 2907 1903 casuet

524 1899 663 1956 aliis
694 1899 1059 1970 hujusmodi,
1091 1913 1161 1956 ac
1190 1899 1242 1955 si
1273 1899 1474 1956 omnis
1504 1898 1687 1956 homo
1732 1899 1898 1955 omni
1930 1898 2158 1957 homini
2189 1903 2351 1957 esset
2374 1897 2695 1956 familiaris
2723 1902 2776 1953 et
2798 1907 2906 1953 ami·

523 1983 653 2027 cus,
687 1971 871 2041 lgitur
892 1984 966 2026 ex
994 1968 1197 2025 divina
1229 1967 1359 2040 lege
1387 1973 1597 2025 mutua
1623 1968 1863 2027 dilectio
1896 1968 2244 2027 hominibus
2271 1969 2636 2041 praecipitur.

596 2041 742 2096 Hinc
787 2044 880 2096 est
934 2038 1094 2112 quod
1125 2037 1342 2095 dicitur
1372 2056 1386 2094 ι
1421 2040 1533 2093 Hoc
1588 2043 1667 2094 est
1706 2043 2037 2109 praeceptum
2085 2055 2261 2095 meum
2308 2043 2371 2094 ut
2422 2040 2678 2108 diliqatis
2726 2037 2906 2093 invice:

524 2109 742 2179 (Ioann.
773 2121 874 2179 xv,
909 2107 995 2180 ¹2)
1017 2126 1033 2178 ;
1057 2110 1167 2165 Hoc
1210 2107 1532 2164 mandatum
1577 2109 1830 2164 habemus
1878 2126 1915 2164 a
1940 2112 2067 2178 Dee,
2094 2113 2159 2165 ut
2185 2111 2285 2180 qui
2310 2109 2496 2179 diliqz't
2532 2113 2722 2171 Deum,
2753 2107 2906 2174 diliqut

520 2184 574 2234 et
597 2182 830 2247 fratrem
863 2194 1022 2234 suum
1052 2179 1101 2250 (1
1122 2181 1342 2245 Joann„
1385 2192 1471 2245 lv,
1501 2178 1622 2250 2l);
1655 2184 1714 2235 et
1759 2178 1976 2236 dicitur
2020 2178 2181 2305 thOd
2228 2173 2559 2237 secunduln
2611 2178 2905 2238 mandalum

523 2255 617 2306 est
645 2269 659 2306 :
689 2250 896 2319 Diliyes
916 2251 1232 2320 proximum
1253 2253 1407 2305 tuum
1432 2250 1575 2304 sicut
1601 2251 1851 2319 teipsum.
1881 2249 2041 2322 (Matt
2085 2290 2121 2313 .,
2153 2260 2306 2321 xxa,
2335 2253 2450 2322 39.)

1457 2467 1712 2532 CAPUT
1753 2467 2015 2534 CXVIII.

664 2649 815 2702 QUOD
855 2649 969 2694 PER
1002 2646 1261 2694 mvmffl
1295 2646 1489 2694 LEGEM
1523 2647 1782 2693 nomNBs
1820 2648 1900 2694 AD
1937 2649 2170 2695 aucun
2205 2650 2386 2696 mum
2419 2650 2798 2701 oBuGANTun.

521 2813 672 2940 fidEx
703 2812 1053 2939 hoffl'autetm
1099 2814 1343 2883 apparet
1394 2809 1557 2883 quod
1600 2825 1708 2883 per
1755 2811 2017 2869 divinam
2061 2811 2255 2885 legem
2284 2811 2562 2872 homines
2594 2815 2669 2872 ad
2726 2816 2899 2872 rectam

607 2896 700 2938 em
731 2895 768 2940 o
838 2895 977 2953 igan
1007 2895 1097 2938 ur.

591 2954 757 3011 Sicut
805 2952 963 3008 enim
1010 2951 1332 3009 amationis
1377 2952 1710 3023 corporalis
1760 2952 2121 3024 principium
2168 2955 2261 3010 est
2300 2955 2478 3023 visio,
2509 2969 2647 3027 quae
2707 2960 2789 3013 est
2827 2964 2901 3026 per

518 3024 760 3079 oculum
790 3021 1183 3093 corporalem,
1206 3022 1287 3078 ita
1327 3023 1503 3079 etiam
1550 3022 1890 3103 dilectionis
1920 3023 2250 3094 spiritualis
2280 3025 2517 3083 initium
2549 3040 2691 3085 esse
2717 3025 2901 3097 oportet

516 3092 812 3169 visionem
845 3091 1282 3163 intelligibilem
1313 3091 1628 3163 diligibilis
1657 3094 2008 3163 spiritualis.
2039 3093 2203 3150 visio
2238 3100 2436 3153 autem
2467 3096 2636 3155 illius
2672 3092 2900 3164 intelligi·

516 3161 659 3219 bilis
710 3161 1060 3233 spiritualis,
1086 3161 1246 3235 quod
1299 3169 1387 3219 est
1419 3165 1598 3231 Deus,
1629 3162 1692 3218 in
1749 3162 2023 3234 praesenti
2077 3162 2280 3221 baberi
2322 3178 2443 3223 non
2477 3172 2677 3238 potest
2705 3183 2739 3225 a
2764 3162 2899 3222 nobis

516 3233 636 3289 nisi
669 3246 771 3304 per
795 3231 992 3301 fidem,
1025 3246 1096 3289 eo
1125 3231 1285 3306 quod
1332 3233 1659 3291 naturalem
1687 3234 1976 3289 rationem
2008 3226 2266 3304 excedit3
2299 3240 2358 3292 et
2404 3232 2702 3308 praecipue
2730 3245 2897 3295 secun·

515 3299 658 3383 dum
701 3303 856 3376 quod
891 3303 950 3360 in
1009 3302 1139 3373 ejus
1187 3302 1467 3361 fruitione
1515 3310 1723 3361 nostra
1773 3302 2079 3361 beatitudo
2134 3306 2432 3364 consistit.
2465 3308 2655 3379 lgitur
2698 3322 2766 3365 ex
2802 3305 2897 3375 lege

516 3372 719 3429 divina
744 3375 804 3429 in
835 3371 1010 3429 fidem
1044 3378 1262 3430 rectam
1295 3373 1656 3431 inducimur.

585 3445 735 3507 Item,
767 3443 863 3500 lex
895 3442 1096 3500 divina
1124 3443 1197 3501 ad
1229 3443 1341 3500 boc
1377 3445 1615 3502 ordinat
1643 3445 1968 3514 bominem,
1992 3451 2058 3504 ut
2081 3446 2163 3503 sit
2192 3447 2453 3506 totaliter
2475 3448 2753 3508 subditus
2787 3448 2893 3503 Deo.

514 3513 650 3583 Sed,
683 3514 841 3571 sicut
869 3513 1050 3570 homo
1080 3512 1354 3572 subditur
1384 3517 1505 3572 Deo
1529 3515 1806 3583 amando,
1836 3521 2124 3588 quantum
2150 3517 2225 3576 ad
2249 3520 2613 3577 voluntatem
2673 3523 2750 3577 ita
2788 3514 2895 3574 sub-

513 3582 675 3663 ditur
725 3586 845 3641 Deo
891 3584 1208 3665 credendo,
1239 3592 1524 3657 quantum
1558 3585 1631 3643 ad
1658 3585 2063 3655 intellectum;
2096 3600 2218 3645 non
2260 3593 2456 3646 autem
2504 3563 2794 3647 credendo
2818 3582 2899 3660 aiij

513 3653 658 3726 quid
695 3653 932 3721 salsum,
964 3669 1106 3726 quia
1132 3670 1169 3713 a
1200 3657 1343 3722 De0,
1374 3657 1475 3728 qui
1510 3661 1604 3713 est
1631 3657 1870 3725 veritas,
1909 3657 2141 3716 nullum
2172 3658 2391 3717 falsum
2423 3660 2652 3718 homini
2686 3664 2897 3731 propom

509 3729 745 3804 potest3
774 3724 930 3803 uude
985 3725 1084 3797 qui
1141 3725 1327 3782 credit
1375 3728 1449 3783 ali
1501 3726 1613 3783 uod
1668 3726 1883 3783 falsum
1939 3740 2058 3785 non
2102 3727 2288 3786 credit
2318 3731 2461 3787 Deo.
2494 3733 2574 3787 Ex
2597 3730 2726 3803 lege
2754 3727 2898 3800 igitur

510 3795 717 3851 divina
743 3795 1097 3852 ordinantur
1119 3795 1395 3854 homines
1424 3810 1459 3853 a
1527 3795 1701 3853 fidem
1736 3803 1978 3856 rectam.

581 3866 797 3945 Adhuc,
828 3866 1187 3945 quicumque
1242 3872 1394 3924 errat
1444 3867 1604 3924 circa
1631 3867 1873 3940 aliquod
1917 3868 2078 3941 quod
2132 3874 2226 3928 est
2252 3867 2326 3928 de
2371 3871 2635 3929 essentia
2677 3869 2778 3936 rei,
2804 3875 2896 3923 non

510 3940 826 4005 cognoscit
868 3936 1030 3992 illam
1063 3949 1206 4004 rem,
1238 3936 1392 3994 sicut
1432 3937 1484 3994 si
1543 3938 1765 4010 aliquis
1796 3938 2262 4009 apprehenderet
2317 3942 2538 3999 animal
2568 3935 2894 3998 irrationale.

415 4021 425 4036 ³
510 4008 818 4063 aestimans
873 4005 986 4063 boc
1030 4019 1164 4063 esse
1206 4006 1531 4075 hominem,
1556 4020 1677 4065 non
1715 4015 2108 4080 cognosceret
2147 4011 2488 4079 hominem3
2522 4025 2699 4069 secus
2734 4013 2895 4080 autent

417 4128 421 4132 Α
510 4082 692 4142 esset,
721 4077 771 4156 si
815 4082 1034 4157 erraret
1075 4077 1236 4134 circa
1264 4077 1521 4157 ‘aliquod
1570 4078 1964 4136 accidentium
1993 4078 2142 4149 ejus.
2173 4080 2306 4150 Sed,
2334 4083 2395 4137 in
2425 4081 2790 4153 compositis,
2815 4085 2894 4147 qul

415 4190 418 4194 .
509 4152 668 4224 errat
696 4161 855 4203 circa
901 4146 1143 4218 aliquod
1190 4148 1617 4218 principiorum
1679 4150 2113 4221 essentialium,
2145 4152 2257 4208 etsi
2299 4164 2419 4210 non
2455 4155 2773 4225 cognoscat
2798 4153 2895 4204 rem

413 4242 416 4245 ·
509 4215 881 4283 simpliciter,
913 4222 1110 4273 tamen
1156 4218 1470 4289 cognoscit
1514 4232 1644 4275 eam
1690 4218 2019 4276 secundum
2067 4220 2231 4294 quid,
2278 4222 2437 4280 sicut
2488 4222 2588 4295 qui
2634 4215 2895 4278 existimat

507 4281 812 4364 bominem
845 4299 980 4343 esse
1010 4287 1229 4343 animal
1263 4288 1606 4346 irrationale
1633 4291 1945 4362 cognoscit
1975 4304 2111 4348 eum
2142 4293 2469 4353 secundum
2496 4305 2686 4365 genus
2716 4296 2894 4348 suum3

504 4364 569 4408 in
603 4355 978 4434 simplicibus
1004 4363 1231 4434 autem,
1253 4358 1366 4415 hoc
1393 4372 1514 4416 non
1547 4365 1742 4429 potest
1764 4359 2054 4429 accidere,
2085 4362 2193 4420 sed
2210 4362 2463 4434 quilibet
2488 4377 2653 4421 error
2670 4356 2895 4419 totaliter

506 4422 766 4479 excludit
792 4431 1198 4496 cognitionem
1227 4429 1331 4485 rei.
1362 4430 1520 4486 Deus
1547 4434 1746 4487 autem
1775 4435 1869 4487 est
1890 4431 2148 4490 maxime
2175 4432 2449 4508 simplex.
2473 4434 2627 4508 Ergo
2654 4431 2893 4505 quicum·
