3076 5025
15 373 53 782 '5
791 383 1128 463 sinen
1197 386 1555 462 THOMAE
1620 383 2138 473 Aoumtrrs

52 734 57 779 l

303 672 491 783 DE
571 670 1258 784 VERITATE
1332 672 2117 787 CATHOLICAE
2191 673 2564 788 FIDEI

15 950 71 1268 ¹¹
949 1000 1373 1090 CONTRA
1451 1000 1970 1090 GENTILES

854 1590 1337 1675 LIBER
1435 1591 2062 1678 PRIMUS

1152 2018 1405 2085 CAPUT
1444 2020 1771 2088 PRIMUM.

17 2225 20 2312 4
970 2196 1121 2256 ouon
1176 2197 1267 2263 sn·
1317 2197 1591 2248 ortium(
1641 2197 1961 2246 summ-is.

71 2286 75 2333 ι

331 2369 617 2428 Veritatem
646 2370 1007 2427 meditabitur
1032 2376 1226 2441 quitur
1239 2388 1434 2436 meum,
1463 2377 1518 2428 et
1545 2372 1696 2429 labia
1712 2389 1829 2429 mea
1847 2372 2255 2429 detestabuntur
2275 2375 2504 2444 impium
2524 2373 2682 2447 (Pro-

260 2440 434 2519 νειμ,
459 2455 597 2509 vm,
628 2441 714 2517 7).
746 2441 1145 2500 Multitudinis
1173 2456 1344 2512 usus,
1425 2457 1558 2500 uem
1589 2443 1652 2500 in
1682 2444 1861 2502 rebus
1893 2442 2278 2501 nominandis
2308 2446 2679 2517 sequendum

263 2509 661 2585 Philosophus
709 2518 920 2570 censet
962 2512 1146 2585 (Top.,
1176 2527 1242 2583 11,
1274 2529 1326 2572 c.
1365 2459 1439 2586 ὃ,
1489 2515 1888 2573 communiter
1931 2515 2209 2585 obtinuit,
2265 2522 2328 2573 ut
2376 2517 2679 2587 sapientes

262 2579 517 2641 dicantur
544 2585 653 2666 qui
683 2597 784 2642 res
813 2584 1033 2642 directe
1063 2584 1340 2643 ordinant
1372 2590 1431 2641 et
1459 2598 1562 2643 eas
1595 2585 1746 2644 bene
1777 2585 2130 2658 gubernant.
2161 2586 2347 2654 Unde,
2381 2586 2536 2644 inter
2564 2588 2686 2646 alia

263 2665 383 2723 quae
409 2653 692 2712 homines
736 2653 810 2712 de
856 2655 1125 2727 sapiente
1171 2655 1540 2725 concipiunt,
1571 2670 1609 2713 a
1639 2655 2004 2726 Philosopho
2035 2657 2276 2726 ponitur
2311 2656 2479 2726 (Meta
2524 2657 2681 2729 hys„

260 2733 528 2792 prooem„
545 2739 597 2783 c.
619 2723 679 2796 2)
701 2724 861 2797 quod
883 2725 1173 2797 sapientis
1192 2730 1285 2783 est
1300 2725 1598 2782 ordinare.
1617 2726 1893 2783 Omnium
1921 2731 2116 2782 autem
2155 2726 2460 2796 gubernari
2509 2741 2683 2786 orum

274 2793 815 2852 exordinandorum
862 2796 936 2854 ad
986 2794 1188 2864 finem,
1233 2794 1690 2868 gubernationis
1734 2799 1793 2852 et
1846 2794 2076 2853 ordinis
2122 2794 2390 2867 regulam
2442 2810 2516 2852 ex
2562 2795 2683 2855 fine

280 2861 430 2918 sumi
461 2877 696 2923 necesse
741 2870 856 2924 est.
897 2868 1059 2924 Tunc
1112 2865 1271 2924 enim
1325 2878 1696 2938 unaquaeque
1726 2877 1823 2923 res
1852 2865 2074 2937 optime
2104 2864 2462 2936 disponitur,
2494 2880 2683 2938 quum

278 2930 346 2988 ad
373 2944 553 2990 suum
600 2933 770 2993 finem
818 2935 1243 2994 convenienter
1287 2936 1617 2994 ordinatur.
1672 2934 1833 2993 Finis
1890 2935 2050 2992 enim
2082 2935 2556 3009 uniuscnjusque
2587 2940 2682 2996 est

267 3000 508 3061 bonum.
544 3006 699 3063 Unde
732 3006 1028 3076 videmus,
1059 3006 1122 3064 in
1153 3006 1400 3070 artibus,
1451 3020 1630 3064 unam
1676 3005 1921 3064 alterius
1965 3019 2100 3064 esse
2143 3006 2592 3088 guberuativam
2623 3012 2685 3068 et
2749 3031 2766 3048 x

262 3075 430 3146 quasi
462 3075 813 3158 principem,
843 3076 916 3135 ad
947 3091 1122 3150 quam
1156 3077 1409 3148 pertinet
1450 3077 1582 3149 ejus
1625 3075 1785 3135 fluis.
1827 3076 1993 3135 Sicut
2020 3076 2395 3136 medicinalis
2423 3091 2522 3136 ars
2550 3077 2683 3159 pig-

252 3146 565 3204 mentariae
638 3148 787 3204 runci
832 3153 986 3217 atum
1016 3153 1075 3205 et
1102 3162 1233 3205 eam
1281 3147 1519 3206 ordinat
1566 3152 1805 3219 propter
1847 3147 1961 3205 hoc
2008 3147 2166 3219 quod
2220 3148 2471 3210 sanitas,
2523 3162 2685 3210 circa

252 3228 436 3296 quam
479 3231 577 3274 me
622 3217 782 3275 icina
808 3218 862 3275 is
905 3222 1194 3288 versatur,
1234 3218 1375 3276 finis
1406 3219 1516 3275 'est
1563 3217 1834 3275 omnium
1879 3217 2339 3290 pigmentorum,
2377 3231 2510 3290 quae
2555 3222 2684 3278 arte

244 3289 658 3359 pigmentoria
697 3287 1117 3347 conficiuntur.
1153 3292 1219 3345 Et
1247 3286 1444 3347 simile
1497 3293 1743 3360 apparet
1787 3287 1850 3345 in
1896 3295 2020 3345 arte
2069 3287 2513 3360 gubernatoris,
2555 3301 2683 3349 res·

241 3363 430 3428 pectu
458 3358 829 3417 navifactivae
857 3376 872 3428 ;
900 3360 1038 3416 etin
1064 3358 1329 3428 militari,
1352 3365 1624 3431 respectu
1649 3359 1944 3431 equestris
1972 3364 2032 3416 et
2054 3358 2254 3416 omnis
2282 3358 2480 3415 bellici
2511 3371 2685 3430 appa-

175 3497 183 3504 ,
243 3432 450 3507 ratus.
482 3428 625 3508 Quae
653 3429 892 3502 quidem
920 3435 1099 3500 artes,
1130 3429 1267 3487 aliis
1298 3429 1725 3501 principantes,
1757 3429 2236 3487 architectonicae
2266 3427 2679 3501 nominantur,

244 3510 443 3569 quasi
471 3499 824 3570 principales
852 3504 1042 3570 artes;
1072 3500 1226 3559 unde
1256 3506 1315 3558 et
1337 3513 1541 3557 earum
1569 3498 1848 3564 artifices.
1876 3499 1977 3572 qui
2001 3500 2441 3557 architectones
2466 3512 2682 3558 vocan-

236 3575 380 3648 tur,
408 3579 627 3625 nomen
656 3570 767 3628 sibi
798 3569 1104 3628 vindicant
1131 3570 1486 3641 sapientum.
1520 3569 1673 3638 Quia
1701 3583 1838 3626 vero
1868 3569 2132 3640 praedicti
2165 3569 2445 3638 artifices,
2468 3569 2681 3642 singu-

235 3638 482 3697 tanum
531 3641 915 3711 quarumdam
958 3655 1156 3699 rerum
1206 3640 1358 3698 fines
1406 3645 1831 3711 pertractantes
1853 3683 1869 3709 ,
1926 3640 1998 3698 ad
2049 3639 2226 3698 {inem
2278 3638 2682 3700 universalem

234 3708 532 3769 omnium
579 3723 695 3768 non
746 3711 934 3784 pertin
1026 3717 1108 3781 nt,
1140 3711 1418 3769 dicuutur
1446 3710 1685 3783 quidem
1718 3711 2019 3782 sapientes
2049 3710 2227 3782 hujus
2255 3714 2350 3766 vet
2379 3709 2541 3768 illius
2570 3710 2684 3796 rei,

234 3779 589 3839 secundum
620 3796 795 3854 quem
830 3795 927 3839 mo
975 3796 1072 3839 um
1098 3781 1352 3839 dicitur:
1388 3782 1455 3838 Ut
1477 3783 1696 3861 sapiens
1723 3782 2052 3837 architectari
2076 3780 2492 3849 fundamentum
2515 3796 2684 3851 posue

238 3851 283 3924 (1
319 3852 489 3919 Cor„
516 3865 606 3920 ιιι,
641 3853 750 3924 10).
781 3855 1009 3910 Nomen
1051 3858 1248 3910 autem
1299 3852 1652 3923 simpliciter
1697 3852 1985 3922 sapientis
2034 3850 2121 3908 illi
2168 3851 2280 3908 soli
2320 3857 2681 3924 reservatur,
2719 3867 2767 3882 r·

242 3922 427 3994 eujus
458 3922 866 3980 consideratio
913 3923 1073 3981 circa
1096 3921 1276 3979 finem
1308 3922 1569 3979 universi
1596 3928 1888 3992 versatur,
1919 3921 2020 3994 qui
2052 3921 2230 3978 etiam
2262 3926 2354 3982 est
2382 3921 2683 3981 universi-
2732 3961 2738 3966 ·

244 3993 391 4049 tatis
430 3992 819 4064 principium.
872 3994 1034 4050 Unde
1085 3992 1414 4052 secundum
1462 3992 1896 4063 Philosophum
1944 3990 2069 4070 (ubi
2116 3991 2341 4065 supra),
2385 3991 2680 4064 sapientis

246 4067 337 4122 est
368 4076 595 4121 causas
625 4064 956 4122 altissimas
984 4063 1386 4123 considerare.

312 4133 491 4191 Finis
512 4138 713 4191 autem
737 4135 985 4192 ultimus
1003 4134 1475 4206 uniuscujusque
1491 4132 1574 4191 rei
1599 4138 1691 4191 est
1704 4133 1804 4205 qui
1823 4132 2151 4191 intenditur
2170 4148 2206 4192 a
2225 4132 2420 4206 primo
2437 4138 2702 4198 auctorei

234 4204 337 4261 vel
370 4211 611 4261 motore
642 4206 857 4276 ipsius.
889 4205 1121 4263 Primus
1149 4210 1345 4263 autem
1372 4211 1579 4261 auctor
1606 4210 1662 4261 et
1692 4208 1887 4262 motor
1906 4203 2166 4262 universi
2198 4211 2290 4262 est
2316 4205 2680 4288 intellectus,

236 4279 307 4331 ut
332 4275 499 4332 infra
530 4276 884 4333 ostendetur
910 4275 970 4347 (1.
1000 4289 1065 4340 u,
1091 4290 1142 4333 c.
1169 4279 1238 4334 23
1263 4282 1321 4332 et
1346 4275 1460 4346 24).
1488 4276 1726 4344 Oportet
1749 4287 1892 4347 ergo
1920 4274 2190 4333 ultimum
2213 4274 2393 4332 finem
2416 4276 2684 4335 universi

236 4356 387 4402 esse
428 4346 663 4403 bonum
708 4346 1085 4414 intellectus3
1118 4345 1215 4403 hic
1245 4351 1441 4404 autem
1471 4351 1563 4402 est
1591 4344 1828 4402 veritas·
1863 4346 2103 4426 Oportet
2145 4345 2327 4417 igitur
2370 4347 2683 4403 veritatem

239 4427 386 4473 esse
432 4417 719 4474 ultimum
769 4418 946 4472 linem
989 4416 1174 4474 totius
1221 4414 1519 4475 universi.
1570 4420 1629 4471 et
1672 4414 1831 4472 circa
1877 4427 2007 4486 eJus
2059 4414 2237 4473 finem
2293 4419 2348 4471 et
2404 4414 2685 4472 conside·

237 4487 542 4547 rationem
584 4486 1003 4560 principaliter
1048 4485 1401 4558 sapientiam
1440 4484 1740 4543 insistere.
1778 4487 1845 4542 Et
1878 4486 2034 4550 ideo,
2062 4486 2138 4544 ad
2182 4485 2449 4542 veritatis
2487 4484 2680 4543 mani-
