3076 5025
403 281 507 336 392
1273 274 1406 329 Lm.
1447 273 1545 341 111,
1586 242 1981 328 cabj'x'cvii}
2026 256 2047 262 “’

473 397 725 457 valent-i
773 396 892 453 itur
914 395 1220 453 orationes
1249 407 1371 452 non
1398 392 1573 465 quasi
1605 391 1878 451 ordinem
1906 396 2140 450 aeternae
2178 390 2272 452 dis
2314 389 2601 449 ositionis
2627 390 2854 449 immu-

404 476 620 537 tanteS,
653 482 718 525 se
788 467 960 539 quasi
992 465 1104 523 suh
1123 464 1236 523 tali
1263 464 1475 522 ordine
1498 469 1557 520 et
1587 463 1733 534 ipsae
1761 463 2273 522 existentes-attilii
2330 467 2530 519 autem
2562 460 2852 542 prohibet

404 555 512 613 per
539 538 877 598 orationum
908 535 1236 594 efficaciam
1265 535 1530 608 aliquem
1557 533 1978 605 particularem
2008 533 2278 614 ordinem
2308 531 2567 605 alicujus
2598 531 2848 590 inferio·

410 612 497 669 ris
530 622 730 668 causae
756 607 1079 677 immutari,
1110 608 1230 664 Deo
1255 605 1531 685 faciente,
1559 604 1665 686 qui
1688 618 1900 663 omnes
1929 603 2377 676 supergreditur
2404 616 2647 662 causas.
2688 601 2855 661 Unde

405 681 521 740 sub
550 679 719 738 nulla
746 678 1105 737 necessitate
1130 676 1362 735 ordinis
1391 676 1652 746 aiicujus
1680 689 1880 740 causae
1924 676 2283 743 continetur,
2310 673 2417 732 sed
2465 689 2499 731 e
2549 686 2856 755 converso

407 751 610 810 omnis
640 748 972 807 necessitas
997 747 1231 806 ordinis
1261 746 1568 805 inferioris
1597 760 1796 805 causei
1821 747 2163 805 continetur
2206 745 2320 804 sub
2364 745 2501 816 ipso
2547 757 2749 816 quasi:
2775 743 2851 802 ali

408 837 482 880 eo
511 821 846 878 institutus.
873 822 1253 890 inquantum
1273 831 1417 891 ergo
1429 818 1894 889 perorationem
1916 815 2510 898 immutaturaliquid
2531 813 2850 898 deordjne

409 892 763 951 inferiorum
798 889 1530 954 causarum·-instituto.·ai
1555 889 1676 946 Deo
1708 894 1961 960 ‚propter
2005 887 2310 946 orationes
2339 899 2599 967 piorum,
2632 885 2857 944 dicitur

409 966 570 1020 Deus
596 961 883 1030 converti,
911 960 1005 1018 vel
1031 960 1338 1031 poenitere,
1369 959 1971 1030 non·,quod·.·›ae'tema
2010 957 2145 1030 ejus
2188 957 2515 1029 dispositio
2561 960 2852 1025 mutetur,

410 1034 518 1100 sed
553 1032 695 1105 quia
723 1036 987 1089 mutatur
1012 1031 1236 1105 aliquis
1265 1030 1395 1112 ejus
1423 1027 1694 1087 effectus.
1725 1029 1889 1088 Unde
1916 1035 1976 1087 et
2004 1028 2324 1101 Gregorius
2353 1026 2499 1085 dicit
2531 1026 2702 1109 quod
2729 1039 2858 1084 non

409 1109 600 1161 mutat
629 1105 786 1160 Deus
816 1102 1165 1164 consilium.
1196 1108 1310 1159 etsi
1339 1099 1698 1173 quandoque
1728 1105 1939 1158 mutet*
1966 1099 2349 1167 sententiam,
2380 1111 2502 1156 non
2551 1111 2615 1154 in
2661 1110 2859 1170 quaii-

409 1180 536 1232 tum
565 1173 732 1230 illam
757 1187 891 1245 quae
920 1172 1195 1253 exprimit
1248 1171 1707 1254 dispositionem
1753 1176 2057 1240 aiterum,
2106 1169 2213 1229 sed
2259 1169 2435 1227 illam
2471 1166 2858 1226 -sententiam

399 1259 545 1317 quae
575 1243 1162 1314 exprimitrordinem
1191 1242 1544 1300 inferiorum
1597 1255 1937 1311 causarum,
1969 1240 2302 1299 secundum
2339 1252 2519 1310 quam
2553 1237 2858 1320 ,meumes

412 1321 538 1373 erat
569 1314 932 1382 moriturus,
950 1314 1044 1371 vel
1073 1327 1225 1387 gens
1254 1313 1456 1386 aliqua
1482 1327 1591 1384 pro
1615 1312 1877 1384 peccatis
1906 1311 2037 1370 suis
2082 1309 2406 1393 punienda.
2443 1308 2606 1391 Talis
2652 1314 2857 1368 autem

416 1386 729 1443 sententiae
756 1384 1092 1442 immutatio
1118 1384 1337 1441 dicitur
1364 1384 1834 1454 transsumptive
1859 1381 2164 1441 locutione
2192 1384 2559 1454 poeiiitentia,
2582 1392 2647 1436 iii
2671 1392 2861 1453 quan·

411 1460 537 1513 tuni
569 1457 726 1513 Deus
752 1455 827 1513 ad
856 1455 1306 1520 similitudinem
1347 1455 1695 1535 poenitentis
1719 1468 1805 1513 se
1834 1452 2032 1517 habet,
2063 1452 2238 1524 cujus
2279 1457 2373 1510 est
2416 1457 2652 1509 mutare
2692 1448 2860 1522 quod

414 1526 661 1594 fecerat;
693 1537 802 1597 per
823 1540 1004 1608 quem
1033 1526 1279 1606 modum
1305 1524 1522 1583 dicitur
1551 1526 1732 1583 etiam
1779 1523 2184 1597 metaphorice
2211 1521 2417 1594 irasci,
2444 1522 2511 1579 iii
2556 1527 2858 1594 quantum

414 1596 719 1668 puniendo
751 1595 896 1654 facit
916 1601 1233 1655 irascentis
1263 1593 1564 1655 effectum.

1364 1815 1619 1880 CAPUT
1670 1814 1907 1879 xcvn.

768 1997 1042 2051 QUOMODO
1077 1996 1402 2042 msl’osrrio
1443 1995 1855 2051 PROVIDRMIAE
1884 1993 2131 2048 RABEAT
2163 1992 2486 2042 RATIONEM.

490 2163 571 2217 Ex
602 2159 701 2216 liis
726 2163 922 2215 autem
953 2171 1085 2230 quae
1126 2156 1439 2228 praemissa
1467 2161 1611 2214 sunt
1645 2155 1960 2215 manifeste
1986 2155 2174 2214 videri
2201 2161 2398 2228 potest
2419 2155 2582 2228 quod
2616 2169 2692 2214 ea
2718 2170 2859 2229 quae

418 2237 560 2290 sunt
587 2243 691 2300 per
715 2228 976 2285 divinam
1008 2227 1440 2298 providentiam
1473 2227 1844 2298 dispensata,
1870 2231 2206 2299 sequuntur
2234 2226 2497 2299 aliquam
2530 2226 2855 2286 rationem.

418 2302 740 2360 ostensum
770 2304 862 2357 est
889 2299 1046 2356 enim
1080 2296 1231 2370 (cap.
1264 2298 1353 2370 9¹)
1382 2298 1542 2370 quod
1586 2299 1746 2355 Deus
1792 2310 1897 2368 per
1946 2310 2119 2355 suam
2168 2297 2604 2367 providentiam
2646 2298 2862 2355 omnia

419 2371 656 2429 ordinat
681 2370 744 2427 in
780 2369 1042 2427 divinam
1072 2368 1399 2426 bonitatem
1438 2369 1599 2426 sicut
1623 2369 1686 2430 in
1714 2367 1928 2437 finem;
1952 2380 2080 2426 non
2107 2372 2306 2426 autem
2333 2368 2451 2425 hoc
2477 2368 2663 2426 modo
2690 2367 2858 2441 quod

419 2456 545 2500 suae
572 2440 824 2498 bonitati
856 2439 1081 2512 aliquid
1113 2453 1216 2510 per
1244 2453 1314 2496 ea
1361 2453 1494 2511 quae
1519 2437 1688 2502 fiunt,
1727 2444 2050 2506 accrescat,
2085 2437 2191 2496 sed
2240 2441 2304 2496 ut
2354 2438 2696 2497 similitudo
2725 2452 2855 2497 suae

417 2512 726 2581 bonitatis,
755 2517 1041 2584 quantum
1072 2508 1361 2582 possibile
1386 2516 1497 2580 est,
1533 2509 1912 2580 imprimatur
1934 2509 1999 2567 in
2024 2508 2225 2579 rebuS,
2258 2508 2411 2577 Quia
2437 2523 2578 2567 vero
2604 2523 2854 2568 omnem

418 2588 676 2642 creatam
711 2582 1107 2641 substantiam
1138 2595 1172 2638 a
1198 2580 1563 2651 perfectione
1591 2580 1808 2639 divinae
1832 2579 2122 2639 bonitatis
2166 2578 2419 2637 deficere
2445 2593 2699 2638 necesse
2731 2588 2850 2650 est,

419 2659 485 2712 ut
513 2653 833 2725 perfectius
859 2652 1073 2710 divinae
1101 2650 1389 2709 bonitatis
1414 2650 1748 2709 similitudo
1778 2652 1959 2711 rebus
1987 2650 2550 2720 communicaretur,
2582 2651 2856 2722 oportuit

419 2737 554 2783 esse
585 2723 982 2781 diversitatem
1017 2723 1076 2778 in
1108 2721 1308 2791 rebus,
1336 2728 1400 2779 ut
1428 2722 1589 2793 quod
1620 2722 1885 2793 perfectet
1907 2721 1982 2780 ab
2012 2734 2134 2779 uno
2182 2720 2387 2794 aliquo
2431 2722 2853 2792 repraesentari

418 2806 541 2852 non
588 2799 784 2864 potest
826 2807 931 2865 per
958 2792 1193 2850 diversa
1219 2792 1617 2850 diversimode
1659 2792 1998 2864 perfectiori
2049 2791 2229 2850 modo
2270 2796 2848 2872 repraesentaretur:

417 2878 558 2922 nam
581 2869 637 2920 et
666 2865 868 2932 liom0‚
896 2877 1029 2920 cum
1061 2862 1280 2920 mentis
1309 2869 1665 2943 conceptum
1691 2876 1814 2921 uno
1858 2862 2047 2921 vocali
2078 2861 2257 2920 verbo
2297 2862 2457 2920 videt
2476 2861 2856 2922 sufficienter

418 2934 665 3005 exprimi
699 2947 818 2991 non
849 2946 1050 3004 posse,
1079 2933 1261 2991 verba
1306 2932 1703 2995 diversimode
1745 2932 2098 3005 multiplicat
2144 2931 2217 2991 ad
2242 2932 2716 3012 ‘exprimendam
2744 2926 2857 3006 pei‘

417 3004 654 3063 diversa
683 3018 808 3061 suae
833 3004 1052 3061 mentis
1081 3004 1554 3073 conceptionem.
1588 3006 1655 3060 Et
1699 3003 1763 3061 in
1811 3003 1927 3062 hoc
1973 3003 2154 3062 etiam
2195 3002 2414 3062 divinae
2456 3003 2853 3074 perfectionis

417 3074 744 3133 eminentia
770 3074 1139 3131 considerari
1168 3079 1388 3145 potest,
1414 3074 1574 3146 quod
1602 3073 1866 3145 perfecta
1891 3073 2153 3142 bonitas,
2174 3087 2308 3145 quae
2337 3073 2403 3130 in
2426 3075 2551 3131 Deo
2568 3080 2666 3132 est
2680 3074 2853 3133 unite

417 3151 472 3202 et
499 3144 870 3215 simpliciter,
901 3143 963 3202 iii
988 3145 1279 3202 creaturis
1299 3158 1433 3203 esse
1464 3157 1589 3202 non
1614 3149 1808 3215 potest
1850 3144 1968 3204 nisi
2009 3143 2341 3202 secundum
2371 3144 2624 3202 modum
2654 3144 2848 3204 diver-

417 3230 575 3284 sum,
606 3220 664 3272 et
690 3229 796 3287 per
811 3214 1000 3286 plura.
1037 3217 1152 3273 Res
1171 3221 1377 3272 autem
1406 3229 1511 3286 per
1526 3215 1641 3273 hoc
1670 3215 1920 3275 diversae
1950 3220 2111 3285 eunt,
2141 3214 2301 3286 quod
2355 3213 2581 3273 formas
2623 3215 2853 3274 habent

416 3286 708 3355 diversa8,
738 3299 773 3343 a
839 3285 1018 3344 uibus
1044 3285 1304 3356 speciem
1342 3285 1701 3344 sortiuntur.
1748 3285 1845 3343 Sic
1892 3285 2078 3359 igitur
2121 3299 2195 3342 ex
2238 3283 2358 3346 fine
2404 3286 2668 3344 sumitur
2693 3285 2847 3345 ratio

417 3356 783 3414 diversitatis
836 3370 1134 3414 otmarum
1164 3356 1225 3414 in
1256 3355 1457 3414 rebuS.

486 3429 564 3483 Ex
593 3426 932 3485 diversitate
962 3431 1161 3485 autem
1190 3426 1514 3485 formarum
1544 3425 1803 3484 sumitur
1828 3425 1983 3485 ratio
2012 3424 2244 3484 ordinis
2268 3438 2490 3486 rerum.
2508 3426 2655 3485 Cum
2682 3439 2847 3485 enim

415 3497 607 3559 fornia
636 3497 717 3555 sit
745 3496 1078 3555 secundum
1106 3510 1285 3569 quam
1308 3510 1406 3555 res
1432 3496 1611 3555 habet
1637 3509 1802 3565 esse;
1833 3508 1932 3553 res
1952 3499 2150 3555 autem
2179 3495 2483 3569 quaelibet,
2508 3497 2847 3555 secundum

413 3567 575 3640 quod
605 3566 783 3625 habet
811 3580 968 3636 esse,
997 3567 1240 3626 accedat
1266 3567 1341 3625 ad
1363 3566 1820 3626 similitudinem
1845 3566 1975 3637 Dei,
2003 3566 2106 3640 qui
2136 3572 2226 3624 est
2266 3566 2285 3624 i
2332 3580 2467 3627 sum
2495 3580 2677 3625 suum
2707 3580 2845 3627 esse

413 3636 702 3717 simplex,
735 3650 985 3701 necesse
1006 3643 1098 3696 est
1167 3638 1284 3697 uod
1313 3638 1508 3696 forma
1533 3637 1687 3695 nihil
1717 3637 1796 3695 sit
1841 3636 2005 3697 aliud
2050 3650 2230 3710 quam
2317 3636 2479 3694 ivina
2508 3636 2845 3696 similitudo

411 3708 764 3779 participata
792 3707 857 3765 in
886 3707 1086 3767 relius.
1165 3708 1282 3767 nde
1310 3708 1735 3767 convenienter
1757 3707 2108 3769 Aristoteles
2136 3707 2201 3765 in
2235 3707 2431 3779 primo
2458 3707 2630 3777 Phys.
2675 3707 2840 3782 (text.

414 3792 632 3858 comm.
660 3778 769 3858 81),
795 3777 866 3837 de
896 3779 1089 3837 forma
1123 3779 1402 3853 loquenS,
1431 3778 1574 3837 dicit
1602 3777 1763 3859 quod
1803 3783 1895 3839 est
1922 3777 2190 3836 divinum
2220 3777 2542 3858 quoddam,
2573 3783 2633 3836 et
2670 3793 2845 3851 appe-

412 3848 602 3906 tibile.
635 3848 976 3907 Similitudo
1007 3856 1202 3909 autem
1234 3849 1306 3907 ad
1335 3862 1520 3911 unum
1570 3848 1829 3920 simplex
1873 3848 2271 3920 considerata,
2297 3847 2687 3907 diversificari
2718 3861 2844 3908 non

413 3923 614 3989 potest
636 3919 755 3977 nisi
783 3919 1112 3979 secundum
1143 3920 1303 3992 quod
1329 3919 1523 3991 magis
1550 3919 1642 3977 vel
1673 3920 1877 3978 minus
1905 3918 2237 3979 similitudo
2260 3919 2727 4000 estpropinqua,
2748 3917 2842 3979 vel

417 3994 664 4047 remota.
710 3990 944 4058 Quanto
1000 3996 1198 4049 autem
1244 3989 1470 4063 aliquid
1504 3990 1718 4062 propin
1763 3991 1904 4051 iiius
1946 3989 2022 4051 ad
2055 3989 2323 4051 divinam
2378 3989 2838 4051 similitudinem

410 4059 658 4139 accedit,
692 4059 900 4134 (tanto)
930 4061 1252 4133 perfectius
1280 4067 1374 4119 est
1403 4079 1419 4118 ε
1445 4060 1604 4119 unde
1634 4062 1698 4119 in
1795 4060 1951 4123 rmis
1968 4059 2311 4121 differentia.
2335 4074 2473 4121 esse
2494 4074 2641 4119 non·
2724 4064 2841 4121 test

409 4141 531 4185 nisi
558 4131 889 4191 secundum
914 4131 1074 4204 quod
1104 4145 1226 4189 una
1252 4131 1570 4203 perfectior
1596 4132 1799 4191 existit
1826 4145 2004 4205 quam
2032 4130 2155 4190 alia
2180 4149 2199 4187 ε
2227 4135 2470 4203 propter
2490 4143 2613 4204 quo
2674 4131 2838 4193 Aris·

408 4197 625 4256 toteles
669 4200 730 4256 in
761 4207 971 4260 octavo
1001 4202 1243 4272 Metapa.
1273 4202 1435 4275 (text.
1462 4216 1682 4263 comm.
1715 4202 1803 4276 to)
1846 4200 2254 4272 definitiones,
2284 4216 2389 4274 per
2422 4214 2586 4276 quas
2625 4207 2840 4263 natura
2875 4242 2881 4247 -

411 4282 609 4326 rerum
631 4270 915 4350 etformae
936 4273 989 4330 si
1035 4272 1677 4343 nificantur‚assimilat
1698 4272 1986 4343 numeriS,
2000 4273 2065 4330 in
2085 4271 2305 4346 quihus
2324 4272 2558 4345 species
2573 4273 2841 4333 variatur

383 4392 390 4395 ,
449 4352 513 4395 er
532 4338 897 4419 additionem
927 4357 994 4422 ve
1046 4342 1549 4403 substractionem
1576 4343 1845 4414 unitatis,
1867 4347 1933 4401 ut
1960 4357 2033 4401 ex
2060 4343 2177 4402 hoc
2195 4343 2369 4402 detur
2388 4342 2644 4415 intelligi
2674 4340 2838 4416 quod

432 4421 733 4468 otmarum
763 4410 1078 4472 diversitas
1096 4414 1406 4484 ‚diversum
1449 4413 1702 4488 gradum
1741 4413 2132 4486 perfeetionis
2171 4413 2441 4487 requirit.
2460 4413 2683 4475 -Ettioc
2710 4411 2837 4479 evi·
