3076 5025
1071 321 1205 376 LIB.
1244 321 1334 390 IV,
1374 322 1528 376 CAP.
1568 322 1673 380 Lv.
2474 328 2577 384 589

174 441 452 510 quamdiu
486 456 621 500 cum
655 442 746 501 eis
774 447 1160 500 conversatus
1191 443 1321 511 fuit,
1353 443 1523 516 quasi
1554 458 1659 514 per
1696 444 1826 514 ejus
1850 443 2180 504 absentiam
2208 462 2413 506 eorum
2451 451 2578 507 ani·

176 516 287 572 mis
311 512 383 570 ad
418 514 755 584 spiritualia
783 528 1029 571 munera
1077 514 1271 583 magis
1303 516 1667 584 praeparatis.
1702 515 1865 573 Unde
1890 520 1948 572 et
1987 516 2116 587 ipse
2156 518 2246 575 eis
2303 518 2577 577 dicebat:

175 584 366 710 Sino}
380 584 580 647 abiero,
613 584 926 726 Parnzclftus
951 599 1060 640 non
1085 587 1261 639 veniet
1284 586 1360 639 ad
1392 599 1523 651 vos,·
1554 587 1606 640 si
1642 590 1819 643 autem
1856 587 2057 657 abiero,
2095 590 2310 644 mittam
2345 605 2464 645 eum
2508 590 2583 647 ad

178 671 284 712 vos.
312 680 326 726 ς,
361 671 550 718 carm„
582 666 710 723 ΧΠ,
781 697 794 711 .

245 728 364 784 Non
397 725 875 797 oportuitautem
905 726 1090 782 Deum
1118 739 1357 782 carnem
1387 726 1819 795 impassibilem
1861 732 1920 784 et
1950 728 2345 788 immortalem
2390 732 2585 790 susci-

184 810 324 868 pere,
358 796 689 853 secundum
721 795 880 867 quod
909 795 1223 876 undecima
1250 797 1400 854 ratio
1429 798 1817 867 proponebat,
1845 797 1952 856 sed
1994 800 2189 872 magis
2235 802 2584 883 passibilem

181 873 236 925 et
259 866 567 947 mortalem
597 884 610 922 ε
650 896 720 907 -
746 867 947 947 Primo
976 865 1235 938 quidem,
1267 867 1407 937 quia
1437 869 1844 926 necessarium
1875 875 2001 927 erat
2029 870 2375 930 bominibus
2423 873 2586 945 quod

178 936 521 995 beneficium
552 941 985 995 incarnationis
1011 943 1463 1007 cognoscerent,
1514 944 1579 995 ut
1619 953 1692 996 ex
1736 939 1851 997 hoc
1889 939 1964 996 ad
2010 940 2277 999 divinum
2321 957 2585 1002 amorem

179 1006 696 1065 inflammarentur.
731 1005 1002 1078 Oportuit
1029 1012 1247 1075 autem,
1284 1008 1358 1065 ad
1387 1009 1691 1066 veritatem
1721 1010 2152 1069 incarnationis
2198 1013 2585 1071 manifestan-

177 1077 329 1142 dam,
354 1077 516 1150 quod
549 1067 788 1135 carnem
818 1077 1075 1135 similem
1102 1078 1235 1135 aliis
1260 1078 1606 1137 hominibus
1633 1086 1914 1150 sumeret,
1962 1081 2189 1140 scilicet
2237 1083 2585 1153 passibilem

179 1154 239 1207 et
262 1149 586 1205 mortalem.
616 1148 857 1206 sienim
893 1148 1324 1219 impassibilem
1365 1155 1422 1207 et
1469 1150 1862 1208 immortalem
1909 1165 2148 1211 carnem
2197 1167 2372 1213 susce
2415 1155 2586 1225 isset,

185 1219 362 1277 visum
396 1219 610 1277 fuisset
641 1218 1007 1287 bominibus,
1042 1219 1143 1300 qui
1171 1219 1351 1277 talem
1379 1233 1619 1277 carnem
1663 1234 1785 1278 non
1815 1228 2121 1292 noverant,
2153 1225 2311 1296 quod
2343 1242 2377 1283 a
2405 1227 2588 1300 iquod

185 1291 524 1361 phantasma
543 1295 702 1346 esset
731 1295 788 1346 et
806 1302 929 1347 non
959 1295 1177 1347 veritas
1203 1290 1421 1347 carnis.
1452 1321 1522 1332 —
1553 1291 1845 1362 Secund0‚
1875 1292 2017 1365 quia
2046 1296 2451 1354 necessarium
2477 1298 2590 1356 fuit

183 1363 365 1417 Deum
382 1373 621 1417 carnem
652 1374 979 1429 assumere,
1010 1366 1074 1417 ut
1099 1374 1206 1430 pro
1234 1364 1476 1431 peccato
1495 1362 1739 1419 humani
1769 1364 2008 1434 generis
2033 1365 2421 1424 satisfaceret.
2444 1369 2589 1426 Con-

190 1430 358 1502 tingit
383 1435 572 1488 autem
605 1444 789 1488 unum
814 1445 921 1502 pro
948 1430 1067 1489 alio
1094 1431 1460 1499 satisfacere,
1490 1438 1553 1488 ut
1577 1438 1887 1490 ostensum
1918 1441 2008 1492 est
2035 1433 2099 1563 (11³.
2130 1448 2218 1503 111,
2248 1451 2301 1494 c.
2331 1438 2475 1510 158),
2504 1439 2590 1497 ita

194 1506 380 1559 tamen
397 1500 557 1572 quod
595 1515 830 1572 poenam
863 1514 968 1571 pro
1017 1507 1258 1572 peccato
1305 1502 1473 1559 alteri
1522 1502 1778 1561 debitam
1826 1503 1954 1575 ipse
1997 1504 2048 1563 si
2095 1506 2110 1561 i
2160 1519 2282 1564 non
2329 1507 2589 1567 debitam

189 1571 505 1629 voluntarie
537 1577 824 1629 assumat.
853 1575 1038 1629 Poena
1066 1577 1260 1629 autem
1300 1585 1677 1644 consequens
1708 1573 1953 1632 humani
1997 1577 2238 1648 generis
2279 1585 2589 1650 peccatum

190 1646 279 1700 est
326 1655 480 1699 mors
527 1647 585 1699 et
640 1641 772 1700 aliae
820 1642 1251 1713 passibilitates
1295 1642 1430 1700 vitae
1483 1646 1813 1713 praesenti8‚
1871 1646 2028 1703 sicut
2071 1659 2253 1717 supra
2288 1648 2362 1719 (c.
2401 1650 2588 1722 50-52)

183 1712 394 1770 dictum
421 1716 550 1781 est;
584 1713 740 1770 unde
768 1718 826 1770 et
850 1712 1173 1785 Apostolus
1199 1712 1339 1770 dicit
1369 1731 1384 1770 ε
1425 1715 1530 1769 Per
1555 1730 1726 1769 unum
1766 1716 2032 1771 hominem
2055 1724 2331 1787 peccatum
2358 1723 2420 1775 in
2447 1720 2591 1777 hunc

186 1784 438 1840 mundum
465 1785 714 1846 intravit,
746 1788 798 1840 et
819 1799 921 1857 per
935 1787 1215 1854 peccatum
1240 1799 1403 1840 mors.
1428 1784 1622 1857 (Rom,
1646 1797 1708 1849 v,
1740 1785 1851 1857 12.)
1881 1787 2151 1858 oportuit
2178 1787 2361 1861 igitur
2386 1794 2451 1848 ut
2470 1804 2596 1849 car-

183 1867 322 1911 nem
370 1853 707 1926 1assibilem
764 1859 823 1911 et
865 1854 1175 1912 mortalem
1233 1856 1390 1911 Deus
1447 1861 1783 1912 assumeret
1824 1855 2048 1930 absque
2097 1865 2363 1929 peccato,
2394 1866 2460 1918 ut
2503 1861 2592 1921 sic

186 1924 453 1997 patiendo
482 1930 541 1981 et
567 1924 878 1982 moriendo
905 1938 1014 1995 pro
1043 1925 1219 1982 nobis
1247 1924 1619 1983 satisfaceret
1647 1931 1703 1983 et
1727 1932 2034 1997 peccatum
2062 1928 2338 1987 auferret.
2382 1932 2451 1987 Et
2477 1931 2595 1990 boc

187 2000 282 2053 est
309 1995 456 2066 und
483 1999 529 2053 A
570 1996 803 2053 ostolus
833 1995 997 2065 dicit,
1068 1995 1184 2052 uod
1214 1998 1355 2051 Deus
1377 1997 1579 2051 Filium
1605 2011 1763 2053 suum
1779 2000 1927 2052 misit
1950 2000 2011 2053 in
2042 2000 2453 2056 similitudinem
2479 2018 2597 2059 car-

183 2069 275 2122 nis
294 2068 492 2136 pemati
539 2068 713 2135 Rom„
742 2079 876 2136 viii,
910 2066 1037 2138 3)‚i
1107 2072 1197 2123 est
1225 2065 1537 2123 habentem
1583 2081 1821 2124 carnem
1865 2068 2118 2126 similem
2157 2071 2592 2142 peccatoribuS,

189 2136 406 2195 scilicet
432 2137 780 2207 passibilem
813 2142 871 2193 et
889 2136 1233 2203 mortalem;
1263 2142 1318 2193 et
1361 2136 1561 2194 subdit
1591 2154 1605 2193 ε
1643 2140 1709 2193 Ut
1733 2138 1799 2192 de
1819 2142 2037 2207 peccato
2082 2140 2369 2196 damnaret
2410 2158 2597 2212 pecca·

187 2212 303 2263 tum
323 2207 767 2279 incarne(ibz·d.),
798 2207 861 2265 id
889 2211 999 2274 est,
1021 2211 1105 2276 ut,
1123 2222 1225 2278 per
1248 2221 1483 2277 poenam
1514 2221 1691 2278 quani
1710 2208 1772 2264 in
1800 2223 1976 2267 carne
1992 2223 2099 2280 pro
2120 2216 2361 2282 peccato
2386 2219 2595 2272 nostro

191 2277 477 2345 sustiniit,
504 2281 808 2348 peccatum
829 2293 865 2336 a
893 2278 1070 2336 nobis
1096 2278 1369 2335 auferret.
1393 2279 1688 2346 —Tertio,
1719 2279 1878 2350 quia,
1900 2294 2006 2350 per
2033 2280 2147 2338 boc
2167 2282 2327 2353 quod
2357 2297 2596 2342 carnem

190 2348 518 2420 passibilem
561 2352 619 2405 et
659 2348 968 2407 mortalem
1008 2349 1233 2417 babuit,
1283 2347 1585 2405 efficacius
1629 2349 1787 2405 dedit
1825 2350 1999 2406 nobis
2043 2353 2312 2418 exempla
2342 2353 2591 2415 virtutis,

188 2419 491 2491 passiones
521 2419 715 2476 carnis
747 2419 971 2476 fortiter
999 2418 1336 2488 superando
1367 2423 1423 2473 et
1451 2418 1537 2474 eis
1570 2418 1825 2474 virtuose
1854 2418 2179 2475 utend0.—
2197 2421 2434 2486 Quarto,
2460 2423 2598 2494 quia

190 2504 298 2562 per
325 2489 645 2570 bocinagis
672 2490 743 2547 ad
775 2503 942 2572 spem
967 2487 1428 2568 immortalitatis
1458 2488 1933 2568 erigimur-quod
1962 2488 2184 2571 ipse-de
2215 2495 2369 2547 statu
2396 2492 2596 2550 carnis

188 2561 484 2633 passititis
514 2567 570 2618 et
599 2562 868 2619 mortalis
893 2565 1156 2617 mutatus
1186 2563 1366 2616 estin
1411 2559 1946 2628 impassibilitatem
1992 2565 2050 2616 et
2093 2562 2594 2620 immortalitatem

186 2632 414 2698 carnis;
445 2632 606 2703 quod
635 2633 811 2689 etiam
838 2631 910 2689 de
936 2630 1109 2688 nobis
1139 2642 1755 2709 sperare-possumus,
1779 2628 1878 2709 qui
1909 2642 2146 2686 carnem
2177 2631 2441 2703 gerimus
2467 2647 2599 2702 pas-

189 2702 417 2761 sibilem
447 2709 501 2758 et
529 2703 859 2761 mortalem.
890 2702 949 2759 Si
980 2715 1119 2759 vero
1147 2715 1182 2758 a
1210 2700 1499 2771 principio
1529 2712 1769 2756 carnem
1797 2700 2225 2769 impassibilem
2264 2708 2322 2758 et
2354 2703 2597 2761 immor-

190 2772 361 2829 talem
391 2774 839 2843 assumpsisset,
869 2772 1034 2829 nulla
1062 2772 1301 2828 daretur
1325 2770 1564 2850 occasio
1594 2769 2037 2849 immortalitem
2067 2771 2344 2842 sperandi
2372 2771 2470 2830 his
2495 2774 2598 2846 qui

191 2844 260 2900 in
296 2843 504 2912 seipsis
551 2844 967 2901 mortalitatem
1009 2848 1068 2899 et
1111 2840 1663 2910 corruptibilitatem
1719 2846 2119 2909 experiuntur.
2150 2844 2365 2899 ——Hoc
2418 2844 2596 2902 etiam

191 2912 330 2971 med
346 2914 527 2970 atoris
556 2913 820 2971 officium
849 2912 1185 2986 requirebat
1212 2915 1277 2970 ut
1304 2924 1680 2991 communem
1710 2909 1954 2968 haberet
1995 2911 2308 2992 nobiscum
2351 2914 2601 2984 passibi-

193 2985 312 3041 lem
343 2998 569 3041 >amem
598 2992 655 3040 et
682 2985 1013 3053 mortalem,
1043 2998 1177 3041 cum
1206 2985 1325 3039 Deo
1351 2995 1488 3038 vero
1515 2986 1803 3061 ’virtutem‘
1822 2985 1880 3038 et
1906 2981 2182 3054 gloriam,
2206 2988 2290 3051 ut,
2321 2984 2599 3043 auferens

191 3068 235 3112 a
261 3056 422 3111 noiis
451 3055 607 3126 quod
638 3055 951 3113 nobiscum
981 3067 1296 3111 commune
1322 3051 1597 3118 habebat,
1630 3051 1859 3109 scilicet
1874 3053 2215 3122 passionem
2244 3058 2302 3110 et
2328 3059 2597 3120 mortem,

195 3126 272 3205 ad
301 3125 355 3182 id
375 3138 488 3251 [135
518 3125 768 3252 όυοθνθιῑ)
784 3125 944 3198 quod
973 3124 1174 3183 sibiet
1201 3126 1319 3181 Deo
1349 3128 1474 3179 erat
1497 3136 1852 3193 commune;
1884 3122 1996 3180 fuit
2028 3123 2187 3182 enim
2210 3125 2498 3183 mediator
2525 3126 2600 3185 ad

225 3210 300 3253 un
349 3209 408 3250 en
456 3209 554 3252 um
582 3210 694 3253 nos
773 3209 864 3253 eo.

186 3212 214 3268 ³
268 3209 534 3324 sgiititer
561 3272 738 3323 etiam
767 3280 886 3324 non
918 3265 1030 3324 fuit
1059 3265 1378 3335 expediens
1408 3264 1568 3337 quod
1598 3267 1754 3322 Deus
1802 3263 2147 3322 incarnatus
2170 3265 2349 3323 vitam
2386 3267 2450 3324 in
2487 3267 2601 3324 boc
2678 3285 2685 3296 ·

193 3338 411 3394 mundo
434 3343 631 3408 ageret
656 3337 998 3409 opulentam
1024 3343 1081 3394 et
1105 3337 1435 3393 honoribus
1469 3348 1576 3392 seu
1608 3334 1997 3407 dignitatibus
2018 3335 2354 3403 sublimem,
2378 3344 2441 3394 ut
2461 3336 2605 3394 duo-

194 3406 418 3465 decina
444 3408 595 3465 ratio
624 3408 1016 3476 concludebat
1041 3426 1055 3464 :
1077 3435 1147 3451 -
1172 3407 1372 3464 Primo
1401 3405 1660 3478 quidem,
1735 3404 1834 3461 uia
1857 3404 1929 3462 ad
1959 3405 2074 3463 hoc
2096 3414 2336 3464 venerat
2358 3413 2420 3464 ut
2439 3421 2602 3464 men-

191 3483 294 3535 tes
323 3476 618 3534 himinum
645 3479 896 3536 terrenis
926 3479 1156 3536 deditas
1178 3492 1214 3534 a
1241 3477 1493 3533 terrenis
1512 3477 1712 3533 abstra
1758 3482 1881 3532 eret
1900 3480 1959 3532 et
1980 3475 2053 3533 ad
2081 3476 2283 3535 divina
2309 3478 2601 3546 elevaret3

195 3547 634 3618 undeoportuit
659 3556 722 3607 ut
753 3564 865 3607 suo
896 3550 1165 3620 exemplo
1197 3548 1473 3605 homines
1493 3547 1556 3603 in
1588 3550 1990 3616 contemptum
2022 3547 2358 3605 divitiarum
2387 3554 2441 3604 et
2464 3548 2606 3606 alio-

193 3631 338 3676 rum
366 3632 482 3690 1uae
510 3621 795 3678 mundani
825 3619 1165 3678 desiderant
1190 3619 1469 3687 traheret,
1497 3623 1556 3674 et
1583 3617 1743 3689 quod
1768 3617 2006 3687 inopem
2036 3623 2093 3674 et
2115 3619 2396 3689 privatam
2426 3620 2607 3680 vitam

194 3695 391 3760 ageret
419 3689 479 3744 in
511 3690 624 3747 hoc
653 3691 897 3748 mundo,
928 3722 998 3731 —
1024 3689 1317 3755 Secund0‚
1391 3689 1509 3756 uia,
1542 3689 1594 3744 si
1622 3687 1844 3745 divitiis
1874 3686 2239 3746 abundasset
2281 3695 2335 3746 et
2384 3689 2444 3745 in
2495 3689 2603 3746 ali-

193 3774 328 3831 qua
349 3761 591 3818 naxima
622 3762 909 3834 dignitate
938 3761 1300 3819 constitutus
1374 3761 1582 3827 uisset,
1629 3758 1687 3814 id
1732 3757 1891 3830 quod
1938 3757 2134 3815 divine
2184 3760 2372 3830 gessit
2415 3759 2607 3831 magis

192 3831 470 3901 poteniae
496 3832 766 3889 saeculari
791 3846 968 3904 quam
998 3832 1197 3888 virtuti
1221 3829 1555 3886 Divinitatis
1585 3828 1798 3886 fuisset
1826 3828 2201 3898 attributum3
2229 3829 2386 3887 unde
2419 3827 2612 3888 effica-

192 3900 504 3959 cissinum
518 3909 932 3974 argumentum
949 3916 1074 3960 suae
1095 3899 1421 3959 divinitatis
1450 3900 1559 3955 fuit
1579 3899 1760 3972 quod,
1783 3898 2007 3979 absque
2025 3900 2387 3958 adminiculo
2408 3907 2610 3972 poten-

192 3970 306 4029 tiae
336 3973 645 4041 secularis,
668 3979 860 4031 totum
890 3972 1177 4031 mundum
1209 3972 1267 4027 in
1293 3970 1510 4027 melius
1540 3974 1942 4026 commutavit.

277 4043 428 4099 Unde
459 4050 615 4114 patet
644 4045 822 4102 etiam
861 4044 1082 4102 solutio
1107 4043 1179 4100 ad
1209 4042 1267 4099 id
1299 4041 1455 4122 quod
1478 4040 1709 4097 decimo
1733 4040 1907 4097 tertio
1923 4039 2331 4110 objiciebatur.
2372 4044 2501 4099 Non
2523 4050 2612 4101 est

198 4119 393 4170 auten
430 4117 633 4185 procul
664 4117 777 4173 hoc
805 4130 841 4172 a
862 4129 1002 4173 vero
1031 4112 1191 4187 quod
1221 4112 1405 4169 Filius
1435 4111 1541 4167 Dei
1589 4112 1955 4177 incarnatuS,
2000 4109 2287 4168 obediens
2319 4119 2609 4183 praecepto

197 4184 410 4253 Patrir,
440 4193 687 4244 mortem
719 4185 1027 4253 sustinuit,
1052 4184 1381 4243 secundum
1407 4181 1737 4239 doctrinam
1761 4180 2051 4252 Apostoli.
2076 4182 2438 4251 Praeceptum
2455 4184 2611 4240 enim

197 4254 318 4312 Dei
359 4259 432 4312 est
455 4257 526 4314 ad
565 4256 840 4314 homines
865 4256 938 4314 de
974 4255 1255 4326 operibus
1303 4253 1620 4332 virtutum3
1663 4258 1721 4310 et
1759 4255 1982 4378 guanto
2026 4249 2101 4307 ali
2154 4252 2245 4331 uis
2294 4255 2611 4332 perfectius

200 4334 396 4387 actun
424 4330 659 4385 virtutis
689 4327 1052 4408 exsequitur,
1083 4331 1247 4384 tanto
1277 4336 1470 4394 magis
1501 4325 1622 4379 Deo
1648 4322 1758 4379 obe
1804 4326 1868 4401 it.
1906 4324 2064 4378 Inter
2152 4335 2242 4380 ias
2269 4330 2469 4380 autem
2498 4334 2611 4377 vir-

197 4405 371 4458 tutes
388 4400 682 4471 praecipua
712 4398 971 4454 charitas
1012 4401 1123 4464 est,
1165 4396 1239 4454 ad
1282 4407 1458 4467 quam
1500 4405 1710 4450 omnes
1766 4391 1897 4448 aliae
1941 4390 2296 4449 referuntur.
2345 4393 2610 4449 Christus

199 4470 402 4543 igitur,
434 4471 574 4527 dum
605 4474 804 4529 actum
850 4466 1156 4526 charitatis
1202 4465 1634 4539 perfectissime
1685 4461 1970 4535 implevit,
2009 4464 2131 4521 Deo
2172 4463 2425 4521 maxime
2473 4459 2609 4514 obe-
