3076 5025
1071 307 1204 366 ΜΒ.
1245 307 1290 377 1,
1330 307 1482 365 CAP.
1523 307 1788 365 Lxxxnt.
2559 312 2631 371 89

181 432 455 507 aliquam
490 430 850 513 potentiam,
881 444 1013 490 cum
1045 430 1104 488 in
1134 429 1572 490 mathematicis
1602 444 1722 488 non
1768 429 1847 488 sit
1888 431 2155 501 potentia
2182 444 2374 504 neque
2402 437 2626 493 motus.

186 505 474 562 Exclusio
501 503 699 576 igitur
725 501 1096 559 necessitatis
1125 503 1455 573 praedicatae
1486 500 2024 558 immutabilitatem
2054 501 2269 561 divinae
2299 503 2624 563 voluntatis

192 589 311 634 non
336 575 522 641 tollit,
555 573 721 645 quod
753 573 926 630 etiam
956 572 1257 644 Scriptura
1297 586 1468 629 sacra
1495 571 1822 644 profitetur,
1864 575 1886 630 1
1931 573 2096 645 Reg.,
2123 584 2228 643 xv,
2263 576 2376 631 29:
2410 576 2625 632 Trium·

189 648 390 719 phetor
412 647 478 699 t‘n
503 645 685 699 Israel
708 644 1041 714 poenitudine
1068 659 1177 698 non
1201 645 1457 712 flectetur.

264 715 557 784 Quamvis
584 720 782 770 autem
819 713 1016 770 divina
1041 714 1318 772 voluntas
1346 713 1419 770 ad
1450 726 1562 770 sua
1589 717 1834 770 causata
1865 725 1988 771 non
2023 711 2466 783 determinetur,
2499 727 2623 774 non

198 793 391 844 tamen
422 790 667 856 oportet
695 785 911 853 dicere,
943 784 1098 855 quod
1144 784 1294 840 nibil
1346 796 1552 841 eorum
1583 784 1744 851 velit,
1775 788 1877 841 aut
1903 782 2062 855 quod
2091 783 2165 840 ad
2196 784 2513 842 volendum
2543 787 2620 846 ab

197 857 397 930 aliquo
447 855 731 913 exteriori
782 854 1219 911 determinetur.
1253 856 1395 912 Cum
1425 856 1584 911 enim
1631 855 1850 911 bonum
1883 854 2315 924 apprehensum
2347 858 2620 914 volunta-

197 934 311 985 tem
358 927 522 984 sicut
572 926 877 997 proprium
908 925 1201 996 objectum
1232 924 1602 992 determinet,
1632 925 1971 982 intellectus
2000 931 2194 982 autem
2227 925 2466 984 divinus
2495 941 2617 985 non

198 999 275 1056 sit
299 1004 628 1055 extraneus
659 997 734 1053 ab
762 996 891 1068 ejus
920 997 1240 1064 voluntate,
1263 1010 1397 1053 cum
1430 1001 1745 1067 utrumque
1777 996 1856 1052 sit
1885 1009 1997 1052 sua
2023 997 2306 1063 essentia,
2333 996 2386 1054 si
2420 997 2625 1056 voluu-

199 1075 286 1128 tas
319 1070 423 1126 Dei
456 1068 532 1125 ad
564 1067 641 1124 ali
692 1067 790 1124 uid
829 1066 1145 1124 volendum
1183 1080 1286 1137 per
1324 1067 1418 1123 sui
1461 1067 1802 1124 intellectus
1831 1066 2237 1138 cognitionem
2265 1068 2618 1126 determine·

200 1146 309 1206 tur,
340 1152 465 1196 non
499 1139 615 1194 erit
685 1137 1056 1195 eterminatio
1083 1138 1409 1195 voluntatis
1440 1136 1653 1194 divinae
1685 1150 1787 1208 per
1816 1136 2039 1208 aliquid
2071 1142 2414 1194 extraneum
2448 1141 2622 1197 l‘acta.

202 1210 545 1267 intellectus
575 1208 735 1265 enim
766 1208 1025 1277 divinus,
1056 1208 1443 1279 apprehendit
1471 1221 1590 1264 non
1623 1209 1818 1265 solum
1850 1206 2114 1264 divinum
2146 1221 2302 1277 esse,
2334 1208 2492 1281 quod
2530 1214 2625 1268 est

198 1280 437 1340 bonitas
471 1282 627 1350 ejus,
659 1278 763 1335 sed
807 1279 986 1336 etiam
1013 1278 1133 1336 alia
1159 1280 1337 1346 bona,
1371 1284 1435 1335 ut
1463 1292 1643 1348 supra
1672 1277 1820 1349 (cap.
1856 1277 1945 1347 49)
1977 1283 2286 1335 ostensum
2318 1285 2410 1336 est
2440 1297 2454 1335 ε
2487 1293 2619 1351 quae

199 1351 439 1432 quidem
468 1349 880 1420 apprehendit,
912 1354 976 1406 ut
1004 1348 1430 1407 similitudines
1456 1347 1745 1420 quasdam
1774 1348 1987 1406 divinae
2019 1348 2307 1407 bonitatis
2334 1354 2392 1406 et
2422 1363 2623 1407 essen-

199 1427 316 1491 tiae,
346 1434 472 1478 non
503 1427 565 1477 ut
598 1421 729 1491 ejus
758 1418 1049 1491 principia
1093 1437 1107 1475 ε
1158 1425 1215 1477 et
1257 1421 1346 1477 sic
1374 1420 1648 1476 voluntas
1678 1419 1879 1476 divina
1920 1419 1980 1475 in
2035 1418 2138 1476 illa
2168 1418 2373 1488 tendit,
2406 1426 2471 1476 ut
2497 1433 2623 1478 suae

199 1492 451 1550 bonitati
481 1491 919 1558 convenientia,
951 1504 1072 1547 non
1112 1495 1177 1546 ut
1212 1490 1282 1547 ad
1336 1503 1505 1548 suam
1555 1489 1874 1546 bonitatem
1909 1489 2266 1547 necessaria.
2299 1490 2392 1548 Sic
2421 1495 2621 1548 autern

203 1563 336 1621 etin
358 1568 567 1620 nostra
582 1561 888 1618 voluntate
910 1560 1143 1628 accidit,
1167 1574 1316 1633 quae,
1342 1575 1479 1618 cum
1504 1562 1578 1617 ad
1600 1559 1824 1641 aliquid
1854 1559 2194 1628 inclinatur,
2217 1560 2387 1632 quasi
2418 1574 2623 1619 neces-

204 1633 424 1692 sarium
456 1631 811 1702 simpliciter
846 1631 921 1688 ad
966 1630 1164 1692 ssiiem.
1195 1631 1448 1703 quadam
1481 1637 1832 1688 necessitate
1861 1639 2129 1687 movetur
2157 1631 2219 1686 in
2265 1630 2440 1700 illud;
2486 1644 2622 1689 cum

209 1711 401 1762 autem
428 1702 616 1760 tendit
646 1703 710 1758 in
739 1701 964 1774 aliquid
995 1702 1191 1758 solum
1232 1708 1468 1773 propter
1494 1701 1970 1759 convenientiam
1991 1742 2006 1768 ,
2037 1714 2156 1758 non
2187 1702 2529 1759 necessario
2558 1703 2622 1759 in

213 1773 358 1832 illud
390 1774 586 1830 tendit.
623 1772 785 1829 Unde
819 1786 925 1829 nec
953 1772 1153 1829 divina
1182 1775 1456 1829 voluntas
1485 1772 1673 1828 tendit
1710 1771 1770 1828 in
1817 1785 1930 1829 sua
1973 1777 2217 1829 causata
2250 1772 2614 1831 necessario.

285 1846 399 1902 Nec
427 1845 594 1901 etiam
629 1847 864 1914 oportet
889 1849 1124 1914 propter
1150 1844 1462 1913 praemissa
1488 1841 1823 1899 innaturale
1851 1841 2075 1913 aliquid
2127 1841 2186 1898 in
2229 1844 2348 1899 Deo
2381 1857 2620 1914 ponere.

220 1913 485 1972 Voluntas
532 1927 795 1985 namque
842 1927 954 1972 sua
1001 1926 1121 1971 uno
1162 1918 1219 1969 et
1263 1913 1469 1970 eodem
1510 1919 1645 1970 actu
1676 1913 1800 1970 vult
1827 1925 1894 1970 se
1922 1919 1978 1968 et
2009 1911 2158 1980 alia3
2195 1912 2297 1970 sed
2338 1914 2623 1972 habitudo

217 1984 337 2056 ejus
361 1985 432 2042 ad
463 1998 530 2043 se
562 1989 656 2042 est
684 1984 1025 2041 necessaria
1065 1987 1122 2040 et
1165 1984 1476 2041 naturaliS.
1520 1982 1813 2041 Habitudo
1843 1988 2042 2040 autem
2083 1984 2214 2055 ejus
2252 1982 2324 2040 ad
2367 1985 2486 2041 alia
2532 1988 2626 2041 est

212 2056 533 2114 secundum
567 2055 1041 2113 convenientiam
1078 2055 1415 2125 quamdam,
1447 2066 1567 2110 non
1600 2054 1835 2125 quidem
1868 2054 2208 2112 necessaria
2234 2058 2294 2110 et
2311 2054 2623 2121 naturaliS,

202 2137 390 2200 neque
418 2126 688 2184 violenta
722 2131 822 2182 aut
862 2124 1239 2194 innaturalis,
1271 2126 1375 2182 sed
1425 2125 1779 2182 voluntaria.
1813 2124 1983 2192 Quod
2009 2125 2169 2181 enim
2216 2124 2620 2184 voluntarium

199 2202 288 2257 est
303 2210 505 2272 neque
535 2197 866 2254 violentum
897 2209 1090 2269 neque
1118 2209 1366 2254 necesse
1398 2201 1491 2252 est
1517 2208 1676 2254 esse.
1706 2195 1752 2268 (1
1775 2201 1950 2267 part„
1981 2210 2040 2268 q.
2068 2206 2196 2266 xix,
2226 2204 2338 2256 art.
2367 2193 2448 2269 3.)

1028 2475 1034 2480 .
1116 2415 1366 2482 CAPUT
1403 2393 1728 2481 Lxxxuil

371 2596 535 2654 QUOD
561 2596 710 2643 DBUS
739 2594 895 2643 vum·
915 2594 1153 2649 Auomn
1177 2595 1354 2642 mun
1393 2596 1438 2643 Δ.
1473 2596 1544 2642 SE
1577 2596 1963 2644 NECESSITATE
2000 2596 2446 2645 surrosmoms„

264 2761 478 2821 Erhis
507 2765 709 2819 autem
732 2758 939 2818 haberi
989 2763 1187 2831 potest
1212 2758 1393 2831 quod,
1419 2758 1560 2816 licet
1585 2761 1744 2817 Deus
1768 2758 1928 2818 circa
1954 2763 2198 2817 causata
2225 2759 2376 2818 nihil
2418 2774 2624 2821 neces·

196 2834 360 2893 sario
388 2832 536 2890 velit
565 2831 859 2900 absolute,
888 2830 1015 2888 vult
1041 2837 1238 2888 tamen
1269 2830 1495 2902 aliquid
1527 2830 1868 2887 necessario
1898 2844 1970 2888 ex
1993 2829 2336 2888 conditione
2367 2831 2456 2888 vel
2484 2846 2622 2902 sup-

192 2904 525 2976 positione.
559 2903 876 2959 Ostensum
901 2902 1056 2960 enim
1090 2906 1180 2958 est
1209 2900 1359 2972 (cap.
1391 2903 1482 2973 82)
1512 2900 1774 2958 divinam
1800 2901 2162 2958 voluntatem
2190 2901 2622 2959 immutabilem

195 2988 356 3033 esse.
390 2978 457 3031 ln
486 2972 750 3045 quolibet
780 2978 974 3030 autem
1003 2971 1378 3051 immutabili,
1410 2972 1463 3029 si
1493 2972 1678 3051 semel
1710 2977 1800 3030 est
1825 2972 2071 3044 aliquid.
2103 2984 2224 3031 non
2253 2978 2626 3101 potestpost-

197 3045 444 3105 modum
478 3057 600 3100 non
634 3045 852 3101 inesse.
883 3044 1004 3100 Hoc
1033 3056 1188 3100 enim
1217 3041 1435 3099 moveri
1467 3041 1744 3108 dicimus,
1776 3042 1932 3122 quod
1961 3044 2132 3100 aliter
2158 3056 2223 3102 se
2272 3044 2428 3101 labet
2459 3057 2619 3101 nunc

196 3121 256 3173 et
281 3116 476 3197 prius.
505 3115 566 3173 Si
598 3113 780 3185 igitur
807 3113 1007 3170 divina
1036 3114 1314 3192 voluntas
1360 3118 1451 3170 est
1497 3111 1910 3183 immutabiliS,
1941 3113 2141 3186 posito
2185 3114 2348 3188 quod
2398 3113 2624 3188 aliquid

194 3185 362 3255 velit,
392 3197 646 3242 necesse
672 3190 858 3241 estex
879 3190 1293 3254 suppositione
1325 3196 1461 3240 eum
1486 3183 1603 3241 boc
1631 3185 1810 3241 velle.

263 3257 422 3323 Item,
454 3268 635 3312 omne
664 3260 947 3312 aeternum
976 3260 1068 3312 est
1089 3257 1517 3333 necessarium.
1553 3254 1731 3310 Deum
1762 3258 1957 3312 autem
1986 3254 2138 3312 velle
2165 3254 2388 3328 aliquid
2408 3267 2623 3313 causa-

194 3331 329 3385 tum
377 3339 517 3383 esse
556 3329 648 3383 est
689 3332 1007 3392 aeternum;
1052 3329 1208 3381 sicut
1253 3326 1410 3380 enim
1455 3336 1591 3382 esse
1634 3337 1831 3393 suum,
1877 3324 1959 3382 ita
2004 3331 2062 3383 et
2107 3326 2257 3383 velle
2303 3326 2629 3384 aeteruitate

192 3403 604 3455 mensuratur.
636 3397 734 3453 Est
758 3409 902 3467 ergo
932 3395 1358 3458 necessarium,
1390 3395 1494 3451 sed
1527 3407 1646 3451 non
1677 3395 1949 3453 absolute
1977 3395 2449 3458 consideratum,
2479 3395 2622 3469 quia

193 3467 481 3526 voluntas
512 3466 615 3523 Dei
650 3478 771 3522 non
812 3465 989 3523 habet
1032 3466 1431 3523 necessariam
1480 3465 1886 3523 habitudinem
1935 3465 2010 3524 ad
2056 3467 2172 3524 hoc
2210 3466 2482 3523 volitum.
2526 3468 2626 3525 Est

194 3551 230 3597 e
306 3551 347 3595 o
366 3536 777 3595 necessarium
808 3550 879 3593 ex
907 3536 1342 3607 suppositione.

318 3613 560 3670 raeterea,
592 3606 872 3678 quicquid
896 3609 1064 3686 *Deus
1086 3607 1303 3733 (potuit,
1337 3610 1548 3677 potest.
1577 3605 1775 3664 Virtus
1804 3605 1962 3663 enim
1984 3606 2116 3679 ejus
2143 3619 2266 3664 non
2315 3606 2624 3677 minuitur,

198 3677 360 3738 sicut
386 3692 499 3736 nec
525 3678 658 3748 ejus
686 3684 986 3745 essentia;
1016 3690 1082 3735 se
1157 3690 1275 3733 non
1304 3683 1498 3747 potest
1524 3690 1683 3733 nunc
1716 3689 1837 3734 non
1876 3678 2023 3734 velle
2071 3676 2231 3749 quod
2279 3678 2630 3748 proponitur

195 3750 488 3812 voluisse,
523 3750 666 3820 quia
697 3761 815 3805 non
847 3754 1041 3828 potest
1069 3748 1282 3804 mutari
1313 3761 1424 3805 sua
1450 3747 1744 3805 voluntas.
1773 3749 1922 3820 Ergo
1945 3760 2245 3818 nunquam
2281 3749 2471 3819 potuit
2504 3761 2625 3807 non

196 3820 353 3877 velle
381 3818 667 3892 quicquid
700 3818 907 3876 voluit.
938 3820 1040 3876 Est
1067 3831 1210 3882 ereo
1235 3818 1638 3876 necessarium
1670 3832 1741 3873 ex
1771 3818 2183 3888 suppositione
2205 3831 2338 3875 eum
2362 3819 2626 3877 voluisse

204 3890 485 4017 (ιιιὲοᾳυίἒ
524 3890 729 4017 voluisti,
761 3890 915 3946 sicut
955 3893 1014 3946 et
1055 3888 1206 3945 velle
1252 3905 1266 3945 z
1316 3894 1589 3947 neutrum
1638 3895 1835 3945 autem
1883 3887 2292 3947 necessarium
2330 3887 2624 3961 absolute,

722 3961 859 4016 icto,

210 3972 942 4157 seaffimgffffficumgue
970 4024 1385 4109 vult-aliquid,
1429 4026 1774 4109 necessario
1813 4028 1940 4086 vult
1985 4043 2058 4086 ea
2099 4043 2233 4103 quae
2283 4030 2625 4090 necessario

201 4102 591 4173 requiruntur
615 4101 688 4158 ad
721 4102 826 4158 illu
875 4143 888 4166 ‚
919 4099 1033 4157 nisi
1065 4104 1145 4157 sit
1172 4115 1243 4156 ex
1268 4106 1426 4170 pai-te
1454 4114 1587 4171 ejus
1616 4099 1904 4167 desectus,
1935 4099 2023 4155 vel
2058 4107 2296 4180 propter
2343 4102 2624 4174 ignoran-

196 4170 366 4235 tiam,
398 4173 492 4230 vel
526 4173 670 4253 quia
696 4184 731 4229 a
759 4177 917 4227 recta
941 4171 1230 4228 electione
1259 4171 1388 4238 ejus
1417 4170 1572 4239 quod
1606 4178 1697 4228 est
1724 4170 1799 4226 ad
1829 4170 2027 4237 finem,
2058 4171 2351 4229 interdum
2371 4172 2625 4230 abduci·

194 4247 298 4299 tur
344 4256 450 4314 per
483 4242 747 4313 aliquam
834 4241 1135 4299 assionem
1169 4258 1183 4296 :
1216 4254 1346 4312 quae
1394 4239 1465 4295 de
1512 4242 1631 4297 Deo
1677 4239 1793 4297 dici
1842 4253 1962 4297 non
2011 4247 2281 4310 possunt.
2314 4242 2372 4299 Si
2423 4242 2604 4312 igitur

188 4311 459 4370 volendo
490 4325 580 4379 se,
614 4316 795 4368 vulta
822 4312 985 4384 iquid
1010 4310 1169 4368 aliud
1201 4324 1235 4368 a
1264 4324 1351 4377 se,
1380 4310 1786 4368 necessarium
1817 4316 1910 4369 est
1940 4324 2073 4369 eum
2106 4312 2253 4369 velle
2280 4325 2456 4370 omne
2477 4282 2626 4368 illud

190 4383 364 4511 fflod
392 4382 469 4441 ad
498 4382 745 4439 volitum
772 4381 844 4439 ab
887 4396 959 4439 eo
987 4396 1059 4438 ex
1101 4381 1456 4438 necessitate
1505 4383 1841 4453 requiritur,
1887 4381 2043 4439 sicut
2089 4383 2493 4441 necessarium
2535 4383 2632 4436 est

282 4466 392 4514 um
418 4451 576 4511 velle
602 4453 861 4511 animam
890 4452 1240 4510 rationalem
1265 4464 1421 4521 esse,
1447 4458 1759 4522 supposito
1785 4452 1943 4526 quod
1970 4451 2112 4510 velit
2138 4453 2441 4511 hominem
2472 4460 2626 4505 esse.
