3076 5025
1128 274 1263 333 Lm.
1302 274 1394 342 w,
1430 274 1587 329 CAP.
1623 274 1800 331 XLIV.
2565 274 2677 332 56⁹

241 394 554 468 sicigitur
598 408 721 452 non
767 396 1127 452 fuissetuna
1176 407 1428 452 numero
1473 394 1801 467 generatio,
1831 399 2038 468 utpote
2082 395 2161 456 ad
2196 396 2349 457 duas
2384 410 2675 470 personas

241 465 544 534 ordinata3
583 479 694 522 nec
725 466 940 522 suisset
966 465 1286 522 uniformis
1333 465 1664 523 secundum
1707 471 1920 536 totum,
1953 466 2110 537 quod
2141 482 2181 525 a
2205 475 2430 528 naturae
2461 469 2675 528 ordine

239 536 476 593 videtur
503 536 787 593 alienum.
819 538 947 593 Non
978 535 1163 608 igitur
1197 535 1310 593 fuit
1352 533 1719 594 conveniens
1746 537 1906 608 quod
1936 537 2189 596 Verbum
2215 539 2341 609 Dei,
2370 546 2509 612 post
2532 554 2678 602 con·

237 607 599 734 ceptionem,
644 605 966 663 humanam
1025 612 1298 663 naturam
1353 611 1710 675 assumeret,
1740 606 1848 664 sed
1895 607 2077 666 simul
2128 609 2195 666 in
2250 609 2384 681 ipsa
2420 624 2674 687 concep·

307 749 458 804 Item
505 746 623 804 hoc
650 747 881 804 videtur
908 738 1312 820 generationis
1342 746 1620 806 humanae
1669 747 1817 806 ordo
1844 747 2166 821 requirere,
2196 750 2382 824 utqui
2411 752 2672 825 concipi·

237 821 342 876 tur
385 817 516 888 ipse
564 816 718 875 idem
772 823 1071 885 nascatur,
1102 822 1159 875 et
1189 830 1311 874 non
1340 816 1548 887 alius3
1586 830 1771 890 quum
1826 819 2137 891 conceptio
2187 818 2263 879 ad
2310 823 2677 884 nativitatem

240 886 568 945 ordinetur.
624 887 807 954 Unde,
863 888 916 945 si
972 886 1154 946 Filius
1203 887 1306 945 Dei
1367 893 1546 946 natus
1591 893 1685 947 est
1734 887 2036 947 nativitate
2084 889 2385 956 humana,
2434 899 2674 965 oportet

153 955 208 1107 ὲ
239 957 431 1089 {ganuz
451 955 611 1031 quod
653 958 840 1016 Filius
871 957 978 1016 Dei
1023 957 1104 1017 sit
1145 958 1540 1045 conceptione
1573 958 1840 1017 humana
1864 962 2212 1034 conceptus,
2240 964 2303 1019 et
2327 974 2452 1021 non
2479 975 2672 1036 purus

1208 1228 1460 1296 CAPUT
1506 1231 1716 1296 XLIV.

336 1410 492 1466 QUOD
527 1410 766 1459 NATURA
803 1410 1048 1458 numam
1090 1411 1395 1458 assum’TA
1428 1411 1473 1458 Δ.
1505 1411 1701 1458 vmo
1737 1411 1801 1458 m
1836 1411 1971 1458 lrsa
2006 1412 2403 1462 concurnom
2437 1415 2575 1465 rim·

757 1500 1077 1557 murnum,
1116 1499 1397 1553 011me
1429 1501 1512 1545 An
1547 1498 1787 1547 inmun
1814 1500 1893 1549 m·
1914 1500 2155 1549 comus·

321 1661 582 1721 Ulterius
631 1666 830 1721 autem
869 1679 942 1721 ex
988 1663 1103 1721 hoc
1154 1663 1538 1721 manifestum
1585 1668 1676 1721 est
1720 1663 1903 1737 quod,
1947 1664 2012 1722 in
2057 1662 2193 1737 ipso
2257 1665 2671 1739 conceptionis

246 1731 567 1804 principio,
598 1733 797 1792 anima
821 1734 1134 1792 rationalis
1159 1733 1393 1805 corpori
1426 1734 1537 1791 suit
1566 1733 1752 1791 unita.

315 1802 571 1884 Yerhum
600 1804 760 1861 enim
790 1804 911 1867 Dei,
945 1803 1240 1862 mediante
1273 1804 1472 1862 anima
1493 1803 1793 1872 rationali,
1814 1818 2035 1878 corpus
2060 1806 2389 1879 assumpsit
2409 1824 2427 1876 ς
2447 1820 2670 1878 corpus

249 1885 405 1932 enim
437 1872 702 1931 hominis
740 1887 861 1931 non
891 1874 1085 1947 magis
1112 1873 1524 1951 assumptibile
1554 1880 1645 1933 est
1674 1888 1710 1932 a
1736 1876 1859 1934 Deo
1891 1889 2071 1950 quam
2100 1877 2218 1934 alia
2245 1889 2515 1946 corpora,
2551 1877 2673 1937 nisi

246 1947 492 2016 propter
518 1943 777 2001 animam
821 1943 1191 2002 rationalem.
1234 1945 1362 2003 Non
1408 1942 1594 2015 igitur
1631 1944 1882 2002 verbum
1928 1946 2032 2003 Dei
2076 1949 2406 2028 assumpsit
2454 1959 2674 2018 corpus

248 2012 480 2086 absque
508 2014 709 2072 anima
736 2013 1030 2073 rationali.
1066 2015 1260 2082 Quum
1288 2013 1472 2086 igitur
1509 2013 1762 2071 Verbum
1794 2015 1897 2072 Dei
1927 2021 2322 2087 assumpserit
2349 2029 2569 2087 corpus
2595 2017 2671 2078 ab

247 2083 384 2165 ipso
410 2084 822 2166 conceptionis
851 2084 1165 2167 principio,
1186 2085 1462 2166 ‚oportuit
1486 2083 1648 2156 quod
1675 2083 1903 2156 inipso
1929 2085 2340 2158 conceptionis
2378 2088 2673 2159 principio

251 2166 456 2213 anima
483 2156 794 2214 rationalis
832 2168 1067 2225 corpori
1097 2161 1383 2213 uniretur.

314 2226 471 2287 item,
502 2225 700 2295 posito
728 2238 802 2283 eo
837 2227 997 2299 quod
1036 2230 1129 2284 est
1173 2224 1474 2296 posterius
1513 2223 1578 2281 in
1661 2224 2025 2296 oneratione,
2073 2240 2323 2285 necesse
2365 2231 2458 2286 est
2507 2233 2566 2285 et
2609 2227 2674 2288 id

249 2294 412 2369 quod
441 2295 608 2366 prius
631 2300 723 2353 est
749 2295 1081 2353 secundum
1112 2293 1515 2367 generationis
1550 2307 1619 2351 or
1664 2294 1820 2353 inem
1858 2297 2022 2366 poni.
2055 2297 2361 2354 Posterius
2391 2298 2674 2357 autemin

246 2364 638 2447 generatione
666 2370 758 2422 est
783 2365 842 2422 id
873 2366 1031 2437 quod
1069 2370 1161 2422 est
1205 2363 1745 2435 perfectissimnm3
1787 2366 2286 2434 perfectissimum
2333 2373 2531 2424 autem
2579 2372 2673 2426 est

247 2447 453 2508 ipsum
484 2434 854 2493 individuum
882 2440 1250 2507 generatum,
1279 2433 1439 2507 quod
1467 2433 1531 2490 in
1575 2435 1958 2506 generatione
1982 2435 2246 2493 humana
2274 2440 2366 2493 est
2390 2435 2673 2508 hyposta-

247 2506 344 2565 sis
366 2505 460 2563 vel
491 2520 764 2575 persona.
792 2506 863 2565 ad
891 2505 1066 2588 cujus
1091 2504 1584 2563 constitutionem
1615 2504 1970 2563 ordinantur
1995 2509 2055 2564 et
2095 2506 2296 2564 anima
2345 2510 2404 2564 et
2430 2520 2670 2579 corpus.

248 2576 459 2636 Posita
475 2576 661 2650 igitur
685 2577 1107 2649 personalitate
1124 2575 1390 2634 hominis
1408 2575 1698 2649 generati,
1728 2588 1976 2634 necesse
2021 2581 2114 2635 est
2133 2577 2373 2649 quidem
2419 2578 2676 2638 existere

248 2653 316 2707 et
339 2660 561 2729 corpus
587 2653 646 2704 et
674 2650 932 2706 animam
964 2647 1333 2705 rationalem.
1364 2645 1769 2703 personalitas
1794 2651 1992 2704 autem
2022 2646 2286 2705 hominis
2314 2647 2528 2705 Christi
2550 2660 2675 2709 non

252 2722 352 2777 est
378 2717 498 2776 alia
524 2731 703 2792 quam
745 2718 1141 2791 personalitas
1166 2715 1336 2774 Verbi
1385 2715 1525 2785 Dei;
1569 2715 1816 2773 Verbum
1866 2722 2063 2774 autem
2111 2718 2214 2775 Dei
2244 2717 2307 2774 in
2354 2717 2489 2788 ipsa
2528 2730 2674 2778 con·

252 2788 532 2860 ceptione
563 2789 751 2847 univit
775 2789 891 2848 sihi
921 2801 1139 2861 corpus
1170 2787 1522 2850 humanum.
1555 2786 1683 2844 Fuit
1708 2787 1890 2860 igitur
1929 2787 2011 2845 ihi
2058 2787 2458 2859 personalitas
2503 2788 2672 2850 itlius

251 2856 561 2929 hominis3
591 2873 734 2933 ergo
762 2859 1024 2931 oportuit
1051 2858 1210 2932 quod
1241 2862 1298 2915 et
1327 2856 1526 2915 anima
1545 2857 1855 2916 rationalis
1883 2857 2140 2917 adesset.

325 2929 762 2989 inconveniens
785 2930 960 2987 etiam
986 2929 1196 2988 suisset
1225 2934 1290 2986 ut
1315 2927 1589 2998 Verbum,
1620 2927 1780 3000 quod
1804 2932 1896 2987 est
1922 2929 2060 2987 fons
2106 2933 2167 2987 et
2201 2929 2373 3003 origo
2398 2928 2670 2991 omnium

251 3000 692 3073 perfectionum
722 3005 780 3059 et
818 3001 1161 3062 formarum,
1192 2998 1370 3057 alicui
1407 2998 1493 3056 rei
1542 2999 1785 3057 informi
1832 3004 1892 3057 et
1940 2998 2206 3058 nonduin
2250 3002 2676 3072 perfectionem

254 3074 486 3129 naturae
517 3070 753 3128 habenti
783 3070 1071 3129 uniretur.
1109 3067 1407 3142 Quidquid
1437 3075 1635 3126 autem
1687 3067 1754 3126 iit
1792 3082 2167 3141 corporeum,
2198 3077 2333 3129 ante
2362 3070 2678 3129 animatio·

257 3153 420 3209 nem,
450 3145 543 3199 est
567 3141 821 3199 informe
849 3145 907 3198 ct
927 3139 1188 3198 nondum
1220 3139 1640 3211 perfectionem
1666 3143 1891 3196 naturae
1922 3139 2170 3198 liabens.
2201 3144 2332 3199 Non
2363 3140 2547 3212 igitur
2569 3140 2681 3200 suit

257 3211 626 3270 conveniens
657 3217 718 3269 ut
745 3212 998 3269 Verbum
1026 3212 1128 3268 Dei
1161 3210 1433 3289 uniretur
1450 3209 1687 3289 corpori
1737 3209 2003 3267 nondum
2049 3210 2351 3291 animato;
2386 3216 2446 3266 et
2498 3211 2610 3281 sic,
2640 3224 2680 3272 a

254 3282 555 3355 principio
591 3283 1022 3353 conceptionis.
1054 3284 1314 3350 oportuit
1338 3291 1601 3337 animam
1630 3279 1793 3337 illam
1827 3280 2060 3351 corpori
2093 3282 2267 3339 uniri.

330 3354 414 3409 Ex
443 3351 556 3410 hoc
584 3353 760 3409 etiam
791 3354 1033 3422 apparet
1056 3348 1218 3423 quod
1245 3361 1465 3430 corpus
1499 3348 1645 3406 iliud
1694 3355 2067 3421 assumptum
2114 3364 2151 3408 a
2195 3350 2489 3421 principio
2536 3365 2679 3412 con·

255 3422 556 3493 ceptionis
587 3423 695 3480 suit
722 3422 1058 3487 soi-matum,
1079 3419 1222 3492 quia
1241 3418 1389 3477 nihil
1419 3419 1676 3477 informe
1695 3420 1799 3477 Dei
1827 3420 2078 3478 Verbum
2111 3433 2418 3480 assumere
2448 3421 2673 3482 debuit.

256 3492 676 3552 simulantem
706 3492 908 3549 anima
930 3490 1179 3563 requirit
1215 3488 1513 3562 propriam
1546 3490 1874 3560 materiam,
1922 3490 2082 3550 sicut
2129 3496 2188 3548 et
2236 3491 2512 3565 quaelibet
2558 3491 2679 3552 alia

257 3562 456 3623 forma
480 3561 792 3619 naturalis.
823 3562 925 3619 Est
947 3565 1142 3619 autem
1176 3561 1411 3632 propria
1438 3561 1686 3618 materia
1713 3561 1928 3619 animae
1965 3574 2184 3634 corpus
2231 3561 2675 3635 organizatum3

255 3637 354 3692 est
383 3631 542 3689 enim
571 3632 771 3690 anima
800 3631 1131 3689 entelechia
1152 3630 1424 3702 corporis
1449 3630 1719 3703 organici
1764 3630 2017 3712 physici,
2047 3633 2314 3704 potentia
2359 3636 2537 3710 vitam
2582 3632 2681 3693 ha·

201 3737 208 3744 ·
253 3701 481 3763 hentis.
511 3703 571 3759 Si
598 3702 785 3777 igitur
821 3702 1043 3783 anima,
1090 3715 1129 3760 a
1166 3701 1460 3773 principio
1506 3703 1941 3785 conceptionis,
1991 3702 2224 3775 corpori
2276 3702 2357 3760 sit
2391 3705 2575 3769 unita,
2613 3706 2682 3762 ut

175 3777 185 3792 ⁹
255 3777 571 3833 ostensum
603 3778 713 3841 est,
742 3784 1148 3831 necessarium
1177 3771 1290 3829 fuit
1316 3776 1378 3829 ut
1416 3785 1636 3842 corpus
1681 3786 1719 3829 a
1747 3771 2039 3845 principio
2067 3773 2479 3845 conceptionis
2508 3785 2680 3845 orga-

201 3857 206 3866 ‘
256 3843 522 3904 nizatum
551 3848 610 3901 et
640 3843 953 3901 formatum
983 3847 1163 3901 esset.
1195 3843 1262 3899 Et
1287 3841 1466 3900 etiam
1495 3842 1863 3915 organizatio
1908 3845 2200 3916 corporiS,
2245 3842 2453 3901 ordine
2495 3855 2678 3913 gene·

256 3914 539 3983 rationis,
565 3913 845 3985 praecedit
868 3912 1083 3971 animae
1110 3912 1423 3994 rationalis
1461 3912 1995 3983 introductionem
2043 3913 2222 3982 unde,
2252 3914 2450 3984 posito
2480 3918 2680 3985 poste·

193 4015 200 4022 ·
254 3983 429 4054 riori,
455 3996 702 4043 necesse
735 3985 845 4042 suit
874 3996 1095 4056 ponere
1121 3988 1181 4041 et
1207 3996 1396 4054 prius.
1426 3983 1804 4042 crementum
1848 3990 2045 4042 autem
2084 3983 2434 4056 quantitatis
2487 3998 2679 4057 usque

255 4054 335 4114 ad
364 4054 623 4114 debitam
670 4066 1012 4113 mensuram
1055 4053 1207 4112 nihil
1250 4053 1525 4125 prohihet
1570 4054 1741 4124 sequi
1784 4054 2056 4125 corporis
2103 4055 2551 4113 animationem.
2583 4053 2685 4114 Sie

255 4124 446 4198 igitur
468 4125 627 4184 circa
654 4125 1103 4198 conceptionem
1127 4123 1392 4182 hominis
1410 4123 1700 4196 assumpti
1729 4123 2109 4182 sentiendum
2132 4129 2225 4181 est
2252 4125 2433 4198 quod,
2462 4127 2522 4182 in
2547 4125 2680 4196 ipso

253 4195 670 4268 conceptionis
741 4195 1015 4267 rincipio‚
1046 4193 1158 4252 fuit
1182 4207 1402 4266 corpus
1445 4195 1856 4268 organizatum
1883 4199 1944 4254 et
1968 4194 2323 4268 formatum,
2372 4195 2484 4256 sed
2532 4204 2684 4254 non·

255 4264 402 4326 dum
431 4266 664 4327 hahens
732 4265 951 4326 ebitam
973 4264 1386 4339 quantitatem.
