3076 5025
1140 365 1273 421 LIB.
1312 366 1385 434 11,
1425 364 1579 422 CAP.
1611 365 1718 421 XL.
2533 370 2634 428 149

182 493 425 548 rantur.
457 489 779 546 ostensum
801 491 1108 567 astantem
1141 501 1323 559 supra
1351 486 1424 567 (c.
1452 487 1537 560 46)
1565 487 1724 560 quod
1754 488 1947 559 prima
1990 502 2186 546 rerum
2218 488 2532 561 productio
2563 491 2629 550 in

183 572 354 629 esse,
386 571 513 616 non
560 564 656 616 est
700 572 774 615 ex
817 564 1083 615 materia.
1116 560 1180 614 In
1212 573 1283 615 ea
1310 558 1495 629 igitur
1520 571 1700 616 casus
1727 557 1927 616 locum
1977 558 2195 616 habere
2235 573 2357 617 non
2402 566 2622 630 potest.

183 632 443 702 Oportet
468 633 667 686 autem
717 628 876 700 quod
905 626 1097 698 prima
1125 642 1318 685 rerum
1347 628 1658 699 productio
1689 642 1824 685 cum
1850 629 2232 686 distinctione
2259 630 2455 699 fuerit,
2489 645 2628 691 cum

181 700 387 759 multa
438 699 820 757 inveniantur
871 698 934 755 in
963 698 1142 756 rebus
1170 698 1386 756 creatis
1425 712 1557 770 quae
1605 713 1795 770 neque
1847 713 1919 756 ex
1964 700 2215 757 invicem
2246 709 2627 780 generantur,

182 784 391 842 neque
422 783 498 826 ex
524 768 726 848 aliquo
758 781 879 826 uno
920 769 1247 836 communi,
1274 769 1417 841 quia
1441 782 1563 826 non
1591 768 1956 826 conveniunt
1982 769 2047 826 in
2071 776 2342 831 materia.
2371 774 2502 830 Non
2532 778 2630 831 est

184 841 384 914 igitur
409 838 704 911 possibile
729 839 891 911 quod
921 853 1118 897 rerum
1150 838 1456 896 distinctio
1481 840 1562 897 sit
1589 854 1625 897 a
1647 852 1813 897 casu.
2262 895 2286 924 k

223 980 236 992 .
257 912 420 980 Item,
451 923 637 968 causa
676 923 784 981 per
809 923 876 968 se
912 909 1076 981 prior
1104 914 1197 967 est
1223 924 1296 967 ea
1345 924 1477 990 quae
1506 915 1600 990 est
1636 925 1741 981 per
1786 909 2084 991 accidens.
2116 911 2176 970 Si
2205 912 2390 993 igitur
2424 919 2629 987 poste-

183 994 358 1040 riora
402 981 527 1039 sint
577 994 615 1038 a
658 993 845 1038 causa
928 994 992 1037 er
1030 994 1096 1038 se
1143 979 1552 1049 determinata,
1584 993 2014 1039 inconveniens
2060 986 2153 1041 est
2189 981 2385 1041 dicere
2429 984 2630 1055 priora

185 1065 330 1110 esse
358 1065 395 1108 a
420 1063 606 1109 causa
627 1064 735 1121 per
753 1050 877 1108 acci
922 1064 1030 1108 ens
1050 1051 1525 1108 indeterminata.
1558 1050 1872 1109 Distinctio
1900 1057 2096 1109 autem
2127 1063 2326 1110 rerum
2349 1054 2629 1124 praecedit

186 1120 549 1180 naturaliter
577 1126 777 1179 motus
805 1126 863 1178 et
890 1122 1268 1192 operationes
1297 1135 1514 1179 rerum.
1559 1121 1940 1178 Determinati
1971 1122 2131 1179 enim
2173 1129 2372 1181 motus
2402 1130 2460 1181 et
2487 1138 2629 1196 ope·

186 1193 464 1251 rationes
493 1196 638 1249 sunt
655 1205 851 1250 rerum
876 1191 1397 1250 determinatarum
1427 1196 1487 1249 et
1513 1190 1949 1249 distinctarum.
1971 1194 2165 1250 Motus
2190 1198 2387 1250 autern
2412 1199 2471 1251 et
2494 1207 2632 1265 ope·

184 1263 462 1320 rationes
494 1274 691 1319 rerum
747 1267 952 1322 sunta
978 1262 1181 1320 causis
1227 1276 1332 1335 pei·
1379 1275 1445 1319 se
1489 1267 1549 1318 et
1601 1261 2010 1319 determinatis
2061 1275 2196 1319 cum
2250 1263 2631 1322 inveniantur

188 1339 299 1392 aut
328 1346 587 1403 semper,
618 1336 721 1390 aut
748 1333 813 1389 in
849 1333 1121 1403 pluribus
1151 1347 1223 1390 ex
1256 1333 1386 1391 suis
1415 1332 1617 1389 causis
1660 1332 1869 1389 eodem
1899 1303 2078 1390 modo
2104 1333 2446 1404 procedere.
2476 1337 2629 1406 Ergo

189 1409 250 1461 et
276 1403 592 1462 distinctio
623 1416 820 1460 rerum
845 1409 938 1461 est
966 1418 1002 1461 a
1026 1417 1209 1461 causa
1253 1417 1359 1475 per
1383 1416 1448 1466 se
1480 1409 1540 1461 et
1566 1402 1975 1473 determinata,
1998 1414 2121 1461 non
2150 1417 2187 1462 a
2210 1416 2377 1474 casu,
2407 1404 2510 1478 qui
2540 1408 2633 1464 est

188 1488 383 1533 causa
399 1486 510 1546 per
537 1472 819 1530 accidens
848 1472 1327 1532 indeterminata.

264 1546 546 1616 Amplius,
578 1543 898 1615 cujuslibet
921 1545 1005 1601 rei
1036 1544 1427 1615 procedendis
1456 1544 1530 1602 ab
1562 1549 1773 1617 agente
1801 1557 1907 1616 per
1938 1543 2302 1604 intellectum
2334 1550 2393 1603 et
2417 1545 2631 1604 volun-

190 1620 379 1673 tatem
411 1616 606 1672 forma
649 1619 742 1672 est
784 1613 858 1671 ab
910 1621 1122 1687 agente
1165 1615 1412 1672 intenta.
1442 1618 1578 1685 Ipsa
1607 1619 1803 1672 autem
1835 1613 2195 1673 universitas
2222 1622 2629 1674 creaturarum

192 1687 384 1743 Deum
433 1685 612 1742 habet
658 1690 981 1748 auctorem,
1014 1685 1115 1758 qui
1146 1691 1238 1743 est
1264 1698 1451 1757 agens
1498 1699 1603 1756 per
1641 1683 2004 1743 voluntatem
2047 1690 2107 1742 et
2143 1686 2533 1755 intellectum,
2565 1691 2635 1745 ut

197 1771 273 1813 ex
300 1756 636 1827 praemissis
667 1755 739 1826 (c.
760 1754 853 1827 23)
881 1760 1057 1826 patet.
1080 1758 1199 1812 Nec
1224 1755 1283 1812 in
1313 1756 1528 1812 virtute
1560 1769 1670 1813 sua
1703 1754 1971 1813 deiectus
1999 1755 2220 1829 aliquis
2248 1770 2383 1815 esse
2412 1762 2632 1830 potest,

198 1833 264 1884 ut
314 1827 405 1884 sic
452 1825 688 1883 deficiat
738 1839 775 1882 a
821 1838 932 1883 sua
978 1825 1327 1894 intentione,
1365 1840 1502 1883 eum
1549 1839 1662 1883 sua
1698 1826 1886 1883 virtus
1924 1825 2005 1884 sit
2047 1825 2301 1895 infinita,
2334 1833 2399 1884 ut
2451 1840 2635 1898 supra

197 1901 515 1955 ostensum
544 1902 637 1952 est
666 1894 726 1967 (Ι.
749 1909 791 1965 1,
822 1910 873 1953 c.
905 1896 1016 1978 43).
1048 1898 1288 1968 Oportet
1310 1898 1493 1968 igitur
1525 1895 1684 1969 quod
1713 1895 1908 1954 forma
1934 1895 2195 1955 universi
2227 1898 2308 1955 sit
2334 1912 2370 1955 a
2396 1900 2518 1955 Deo
2547 1898 2637 1955 in·

196 1973 362 2025 tenta
392 1972 453 2024 et
476 1965 677 2023 volita.
696 1968 821 2023 Non
853 1971 947 2023 est
968 1966 1152 2040 igitur
1174 1980 1208 2024 a
1238 1980 1379 2025 casu
1405 1981 1419 2020 :
1451 1980 1593 2024 casu
1622 1966 1780 2024 enim
1811 1979 1946 2024 esse
1971 1966 2226 2025 dicimus
2264 1982 2395 2048 quae
2423 1975 2637 2039 praeter

198 2038 600 2095 intentionem
627 2036 861 2117 agentis
892 2043 1050 2094 sunt.
1085 2040 1293 2095 Forma
1335 2042 1532 2095 autem
1564 2036 1826 2094 universi
1856 2037 2135 2095 consistit
2157 2038 2220 2094 in
2249 2037 2634 2097 distinctione

200 2111 262 2165 et
282 2106 496 2165 ordine
524 2111 780 2188 partium
810 2107 961 2178 ejus.
992 2110 1121 2165 Non
1151 2113 1243 2164 est
1268 2108 1450 2179 igitur
1476 2107 1784 2164 distinctio
1804 2120 1999 2164 rerum
2032 2120 2066 2164 a
2091 2121 2259 2167 casu.

269 2179 490 2241 Adhuc,
524 2177 585 2234 ld
615 2177 775 2249 quod
804 2182 894 2234 est
919 2176 1145 2235 bonum
1173 2183 1232 2234 et
1255 2178 1544 2248 optimum
1575 2177 1636 2233 in
1667 2175 1903 2246 effectu,
1934 2182 2027 2235 est
2053 2175 2191 2237 finis
2220 2179 2633 2250 productionis

200 2247 370 2306 illius
402 2263 417 2302 t
450 2247 558 2305 sed
586 2245 812 2328 bonum
844 2253 903 2303 et
924 2247 1213 2328 optimum
1248 2248 1508 2305 universi
1535 2247 1816 2305 consistit
1841 2247 1904 2303 in
1926 2246 2134 2305 ordine
2155 2249 2406 2320 partium
2439 2250 2632 2332 ipsius

202 2319 276 2376 ad
302 2318 583 2386 invicem,
604 2330 857 2389 quisine
886 2317 1269 2376 distinctione
1297 2331 1430 2375 esse
1460 2331 1584 2375 uon
1609 2320 1824 2388 potest.
1854 2320 1963 2375 Per
1990 2317 2151 2376 hunc
2180 2320 2337 2392 enim
2360 2321 2631 2378 ordinem

202 2389 553 2447 universum
585 2387 645 2444 in
677 2400 790 2445 sua
833 2388 1121 2445 totalitate
1168 2387 1571 2457 constituitur,
1612 2402 1744 2460 quae
1774 2392 1868 2444 est
1912 2388 2203 2457 optimum
2251 2390 2464 2460 ipsius.
2498 2394 2630 2461 lpse

202 2458 387 2533 igitur
432 2458 582 2517 ordo
628 2458 882 2529 partium
916 2458 1179 2516 universi
1236 2463 1294 2515 et
1343 2458 1648 2516 distinctio
1694 2471 1896 2516 earum
1934 2456 2189 2518 estflnis
2213 2459 2628 2532 productionis

201 2530 468 2588 universi
501 2544 514 2582 :
547 2542 670 2586 non
699 2534 790 2586 est
818 2529 1001 2601 igitur
1031 2528 1335 2587 distinctio
1364 2542 1560 2587 rerum
1592 2544 1629 2587 a
1653 2543 1819 2587 casu.

275 2603 670 2673 Hancautem
704 2598 1010 2657 veritatem
1058 2612 1228 2657 sacra
1265 2600 1566 2669 Scriptura
1612 2599 1937 2670 profitetur,
1969 2605 2036 2656 ut
2062 2605 2222 2671 patet
2260 2603 2495 2669 Genes.‚
2525 2615 2567 2672 1,
2597 2606 2621 2658 l

203 2676 263 2727 ct
291 2675 347 2739 4,
383 2669 485 2727 ubi
515 2683 653 2728 cum
688 2669 879 2740 primo
903 2669 1121 2727 dicitur
1150 2687 1164 2726 ε
1210 2670 1277 2725 In
1317 2671 1597 2740 principio
1642 2672 1844 2725 creavit
1887 2672 2027 2726 Deus
2062 2671 2249 2727 coelum
2300 2676 2352 2727 et
2402 2676 2623 2735 terram,

202 2740 518 2814 subjungit
547 2758 561 2797 ε
587 2741 860 2796 Distinaeit
887 2743 1027 2796 Deus
1057 2739 1227 2795 lucem
1254 2755 1290 2795 a
1317 2740 1568 2819 tenebris,
1606 2744 1665 2797 et
1703 2738 1793 2796 sic
1838 2739 1912 2821 de
1953 2739 2113 2808 aliis,
2159 2746 2223 2797 ut
2261 2753 2383 2797 non
2431 2741 2628 2799 solum

201 2824 403 2869 rerum
434 2811 680 2877 creatio,
711 2809 816 2867 sed
842 2810 1022 2867 etiam
1051 2823 1248 2867 rerum
1278 2809 1585 2867 distinctio
1614 2823 1651 2866 a
1690 2811 1810 2866 Deo
1842 2822 1977 2867 esse
2024 2809 2392 2877 ostendatur,
2434 2823 2556 2867 non
2596 2825 2633 2868 a

203 2896 372 2950 casu,
396 2881 504 2940 sed
533 2879 707 2954 quasi
736 2879 960 2938 honum
989 2884 1049 2937 et
1076 2881 1360 2951 optimum
1409 2879 1704 2948 universi;
1739 2879 1894 2937 unde
1940 2879 2215 2937 subditur
2245 2898 2258 2937 ε
2297 2881 2453 2938 Vidit
2488 2884 2633 2937 Deus

203 2958 400 3010 cuncta
428 2967 547 3021 quar
571 2952 795 3020 fecerat,
824 2955 877 3006 et
903 2954 1063 3006 erant
1079 2951 1239 3005 valde
1267 2951 1406 3006 bona
1427 2950 1616 3021 (Gen.,
1646 2964 1689 3018 1,
1719 2950 1868 3021 31).’ι

273 3026 389 3080 Per
414 3022 530 3080 hoc
559 3027 758 3078 autem
783 3020 1118 3078 excluditur
1159 3021 1365 3092 opinio
1412 3022 1793 3092 antiquorum
1841 3019 2228 3084 naturalium,
2271 3022 2624 3093 ponentium

203 3106 453 3151 causam
489 3092 855 3149 materialem
880 3092 1074 3150 solam
1092 3096 1150 3148 et
1179 3105 1380 3161 unam,
1404 3106 1476 3148 ex
1505 3105 1624 3163 qua
1646 3090 1849 3148 omnia
1870 3090 2110 3160 fiebant,
2130 3091 2370 3150 raritate
2397 3100 2454 3149 et
2484 3093 2628 3150 den-

206 3164 380 3221 sitate
405 3181 420 3220 :
450 3162 563 3221 hos
586 3164 746 3219 enim
776 3175 1026 3220 necesse
1056 3168 1148 3219 est
1170 3161 1364 3219 dicere
1390 3161 1835 3219 distinctionem
1852 3175 2071 3228 rerum,
2089 3176 2241 3234 quas
2261 3164 2324 3219 in
2349 3163 2628 3222 universo

202 3234 502 3298 videmus,
534 3245 655 3289 non
685 3246 759 3289 ex
786 3232 1042 3305 alicujus
1071 3232 1384 3289 ordinante
1414 3232 1746 3289 intentione
1776 3232 2144 3302 provenisse,
2177 3232 2283 3290 sed
2334 3247 2407 3289 ex
2450 3239 2631 3290 mate-

203 3305 309 3362 riae
339 3302 587 3361 fortuito
616 3308 803 3360 motu.
827 3302 1111 3359 Similiter
1137 3302 1317 3359 etiam
1350 3302 1684 3359 excluditur
1713 3315 1878 3359 error
1899 3301 2217 3360 Democriti
2246 3309 2305 3359 et
2323 3303 2624 3373 Leucippi,

204 3373 564 3446 ponentium
617 3371 853 3429 infinita
943 3372 1195 3443 rincipia
1249 3372 1599 3439 materialia,
1657 3371 1887 3429 scilicet
1935 3370 2328 3430 indivisibilia
2377 3386 2631 3444 corpora

206 3443 481 3516 ejusdem
528 3448 776 3511 naturae,
807 3387 939 3500 sedp
944 3441 1278 3500 differentia
1305 3442 1538 3524 figuris,
1569 3441 1799 3510 ordine,
1831 3447 1888 3501 et
1917 3441 2240 3512 positione,
2270 3457 2342 3500 ex
2372 3455 2624 3514 quorum

204 3526 507 3572 concursu
551 3513 749 3585 (quem
775 3513 1084 3584 oportebat
1113 3525 1249 3571 esse
1291 3514 1623 3581 fortuitum,
1653 3527 1792 3569 cum
1821 3524 2066 3570 causam
2119 3519 2392 3585 agentem
2443 3526 2625 3585 nega·

203 3584 358 3655 rent)
382 3584 689 3656 ponebant
715 3596 851 3641 esse
881 3581 1282 3641 diversitatem
1330 3584 1392 3639 in
1435 3583 1636 3651 rebus,
1678 3588 1919 3654 propter
1981 3588 2103 3640 tres
2145 3582 2459 3654 praedictas
2507 3589 2629 3642 ato-

206 3667 441 3711 morum
495 3652 885 3724 differentias,
929 3652 1162 3711 scilicet
1204 3652 1431 3726 figurae,
1461 3653 1714 3721 ordinis,
1746 3657 1804 3710 et
1830 3651 2154 3724 positionis
2180 3669 2196 3720 ;
2227 3653 2382 3710 unde
2414 3667 2628 3725 seque-

204 3724 381 3782 batur
406 3722 859 3783 distinctionem
886 3735 1086 3781 rerum
1116 3736 1252 3781 esse
1281 3723 1607 3794 fortuitam,
1638 3722 1800 3799 quod
1840 3736 1916 3784 ex
1940 3721 2273 3797 praemissis
2301 3728 2463 3796 patet
2487 3735 2625 3783 esse

207 3794 450 3855 falsum.
482 3793 587 3866 (De
603 3798 747 3864 pot„
777 3807 836 3867 q.
866 3804 957 3852 111.
984 3795 1038 3859 3,
1068 3797 1178 3852 art.
1213 3792 1321 3866 16).

1206 4013 1460 4079 CAPUT
1498 4015 1626 4079 XL.

465 4197 619 4250 ouon
654 4196 920 4245 lta-ruma
953 4195 1072 4244 noa
1105 4193 1216 4242 κεί·
1246 4194 1436 4263 gram
1470 4172 1661 4242 cansa
1693 4193 2117 4243 msrmcrioms
2153 4196 2369 4247 mun.

274 4361 358 4417 Ex
381 4358 482 4417 his
509 4363 706 4417 autem
736 4357 988 4417 ulterius
1030 4362 1293 4431 apparet,
1323 4358 1482 4430 quod
1528 4371 1726 4416 rerum
1757 4358 2085 4431 distinctio,
2120 4374 2244 4422 non
2273 4368 2365 4421 est
2392 4369 2631 4436 proptor

208 4430 469 4487 materiae
500 4428 903 4487 diversitatem
951 4428 1110 4487 sicut
1152 4436 1392 4501 propter
1431 4429 1684 4501 primam
1727 4443 2014 4499 causam3
2063 4445 2138 4488 ex
2182 4435 2430 4490 materia
2470 4436 2627 4490 enim

210 4499 355 4558 niliil
386 4499 841 4559 determinatum
870 4500 1183 4572 provenke
1210 4505 1425 4573 potest,
1456 4499 1570 4557 nisi
1602 4499 1940 4573 casualiter,
1969 4514 2044 4560 eo
2072 4502 2231 4575 quod
2263 4502 2513 4560 materia
2540 4502 2614 4559 ad
