3076 5025
1650 84 1665 115 Ι

1011 249 1145 305 LIB.
1185 250 1255 316 Π,
1295 247 1448 304 CAP.
1489 246 1720 302 xcvm.
2464 248 2563 301 25¹

141 382 429 448 tempore.
459 373 805 432 Intellectus
832 376 1030 430 autem
1055 370 1408 429 substantiae
1436 371 1725 441 separatae
1750 373 1844 427 est
1871 383 2053 442 supra
2065 375 2323 445 tempus,
2352 381 2417 434 ut
2435 390 2570 448 pro·

139 448 344 506 hatum
375 450 470 505 est
496 444 570 517 (c.
602 444 716 517 96).
745 446 877 500 Non
904 447 998 500 est
1024 441 1210 515 igitur
1231 439 1589 514 quandoque
1617 437 1961 513 intelligens
1980 448 2115 502 actu
2140 449 2571 523 etquandoque

205 590 364 658 Item,
393 583 596 645 omnis
624 583 961 642 substantia
981 583 1190 640 vivens
1217 581 1397 640 habet
1422 580 1684 653 aliquam
1716 582 2120 654 operationem
2146 587 2278 647 vitae
2318 589 2382 647 in
2434 597 2570 650 actu

141 671 213 717 ex
241 671 357 717 sua
382 663 620 724 natura,
653 668 783 727 quie
811 655 972 713 inest
999 654 1054 711 ei
1084 667 1338 725 semper,
1366 652 1506 732 licet
1527 651 1661 709 aliae
1681 650 2048 733 ,quandoque
2078 657 2267 715 insint
2295 659 2349 716 ei
2376 660 2441 718 in
2469 674 2573 732 po-

140 730 360 797 tentia3
411 728 570 785 sicut
609 725 894 783 animalia
942 737 1180 794 semper
1219 727 1585 791 nutriuntur,
1652 722 1793 779 licet
1833 736 1957 781 non
1996 739 2232 798 semper
2286 731 2568 790 sentiant.

141 797 502 861 substantiae
534 800 732 854 autem
757 800 1044 867 separatae
1079 800 1220 852 sunt
1258 792 1610 873 substantiae
1640 791 1938 873 ‘viventem
1996 800 2063 853 ut
2114 811 2192 854 ex.
2241 802 2572 870 praemissis

137 874 329 943 patet,
355 881 466 926 nec
493 865 716 924 habent
738 866 916 923 aliam
945 865 1350 947 operationem
1377 863 1510 920 vitae
1537 875 1655 920 nisi
1689 863 2043 936 intelligere.
2095 868 2343 939 Oportet
2389 871 2573 944 igitur

147 939 310 1013 quod
342 952 416 997 ex
447 951 559 996 sua
587 942 800 993 natura
827 937 950 995 sint
971 935 1375 1007 intelligentes
1408 939 1545 991 actu
1575 946 1830 1005 semper.

211 1012 368 1072 Item,
401 1006 752 1067 substantiae
781 1011 1068 1078 separatae
1097 1010 1337 1062 movent
1364 1018 1469 1075 per
1495 1004 1863 1062 intellectum
1889 1019 2139 1079 corpora
2167 1010 2455 1080 coelestia,
2486 1026 2575 1072 se-

145 1080 407 1139 cundum
437 1077 936 1149 philosophorum
966 1076 1296 1134 doctrinam
1333 1075 1700 1147 (metaphys,
1725 1087 1831 1157 xit,
1861 1080 2003 1134 text.
2031 1092 2248 1139 comni.
2278 1084 2347 1138 36
2375 1088 2432 1140 et
2457 1083 2571 1155 37).

141 1153 342 1210 Motus
370 1157 570 1208 autem
600 1161 917 1219 corporum
945 1147 1281 1213 coelestium
1301 1152 1393 1228 est
1411 1159 1647 1216 semper
1665 1151 2010 1205 continuus.
2034 1149 2370 1223 Intelligere
2392 1153 2576 1233 igitur

148 1220 621 1281 substantiarum
649 1224 1052 1290 separatarum
1086 1223 1177 1274 est
1200 1222 1553 1274 continuum
1584 1220 1642 1273 et
1670 1230 1797 1275 sem
1843 1230 1925 1274 cr.
1956 1249 2026 1261 -
2049 1221 2170 1277 Hoc
2194 1226 2391 1280 antem
2412 1223 2573 1280 idem

149 1291 441 1365 seqnitur,
479 1290 592 1347 etsi
617 1302 739 1347 non
767 1293 1070 1360 ponantur
1093 1292 1403 1368 moventes
1429 1299 1684 1358 corpora
1711 1301 1799 1344 coe
1827 1288 1998 1358 estia,
2025 1304 2206 1363 quum
2251 1292 2373 1349 sint
2400 1294 2574 1351 altio-

150 1376 245 1421 res
277 1361 634 1432 corporibus
662 1359 1029 1418 coelestibuS.
1058 1356 1241 1427 Unde,
1270 1370 1324 1415 si
1367 1358 1607 1429 propria
1654 1360 1921 1428 operatio
1968 1361 2245 1432 corporis
2286 1362 2572 1432 coelestis,

151 1447 281 1506 quae
308 1438 400 1489 est
430 1435 631 1488 motus
658 1429 874 1501 ipsius,
905 1434 997 1487 est
1026 1429 1330 1497 continua,
1359 1427 1546 1486 multo
1578 1428 1771 1502 magis
1806 1431 2048 1503 propria
2085 1432 2353 1505 operatio
2398 1434 2575 1493 subs-

147 1502 471 1562 tantiarum
503 1506 928 1571 separatarum,
959 1514 1092 1573 qnae
1127 1505 1221 1556 est
1247 1498 1602 1571 intelligere.

217 1573 499 1643 Amplius,
531 1584 709 1631 omne
784 1570 900 1629 uod
925 1569 1282 1643 quandoque
1313 1574 1591 1640 operatur
1629 1574 1684 1628 et
1729 1571 2086 1644 quandoque
2131 1587 2255 1632 non
2299 1582 2578 1648 operatur

153 1649 424 1701 movetur
452 1654 556 1713 per
582 1656 650 1699 se
677 1586 775 1698 veti
799 1655 905 1712 pei·
931 1638 1426 1722 accidens;·unde
1453 1644 1512 1696 et
1541 1639 1654 1722 hoc
1683 1642 1843 1712 quod
1873 1655 1987 1700 nos
2015 1645 2371 1718 quandoque
2403 1646 2576 1704 intel-

153 1713 420 1788 ligimuS‚
453 1711 810 1785 quandoque
833 1724 979 1781 non,
1011 1716 1287 1781 provenit
1320 1725 1392 1768 ex
1422 1710 1772 1769 alteratione
1811 1727 1945 1784 quae
1992 1719 2085 1772 est
2138 1715 2296 1773 circa
2390 1723 2577 1775 artem

156 1782 527 1849 sensibilem,
560 1786 626 1840 ut
651 1780 869 1840 dicitur
891 1781 956 1838 in
996 1787 1206 1839 octavo
1234 1781 1586 1851 physicorum
1621 1782 1781 1853 (text.
1813 1796 2031 1841 comm.
2081 1784 2191 1857 51).
2224 1788 2322 1843 'Se
2403 1787 2579 1845 subs-

153 1856 354 1915 tantiae
381 1858 670 1925 separatae
697 1865 821 1910 non
847 1856 1162 1911 moventur
1188 1865 1293 1924 per
1320 1865 1406 1915 se,
1441 1852 1584 1925 quia
1605 1865 1728 1910 non
1757 1858 1899 1910 sunt
1925 1866 2205 1927 corpora;
2236 1870 2429 1930 neque
2450 1871 2577 1915 mo·

153 1931 365 1984 ventur
389 1938 499 1997 per
527 1922 827 1991 accidenS‚
941 1922 1000 1979 ia
1046 1935 1172 1979 non
1216 1926 1359 1979 sunt
1399 1922 1584 1979 unitae
1636 1924 2013 1994 corporibus.
2070 1926 2257 1998 Igitur
2311 1927 2578 1999 operatio

153 1995 416 2068 propria,
448 2008 580 2069 quae
609 1997 703 2052 est
727 1992 874 2052 intel
901 1993 1090 2066 igere,
1118 1991 1303 2050 estin
1327 1990 1416 2050 eis
1445 1992 1734 2052 continua
1768 1999 1827 2051 et
1854 2007 1978 2054 non
2007 1995 2311 2056 intercisa.

1086 2210 1339 2276 CAPUT
1377 2211 1645 2276 XCVIII.

491 2391 768 2446 QUOMODO
804 2390 927 2439 mu
960 2391 1326 2441 suns'rmm
1351 2392 1661 2440 sumu
1692 2392 2020 2440 mutuom·
2051 2394 2260 2444 uun.

225 2559 290 2619 Si
317 2562 520 2620 autem
551 2556 899 2617 substantiae
928 2561 1215 2629 separatae
1234 2555 1577 2628 intelligunt
1603 2571 1677 2615 ea
1699 2571 1831 2630 quae
1861 2562 2006 2615 sunt
2036 2571 2141 2630 per
2187 2571 2253 2616 se
2299 2557 2585 2643 intelligi-

158 2630 323 2701 bilia,
351 2635 418 2688 ut
445 2629 524 2702 (c.
546 2630 634 2700 96)
665 2634 757 2686 est
784 2634 1096 2686 ostensum
1136 2628 1263 2700 (per
1288 2640 1354 2683 se
1382 2632 1580 2683 autem
1607 2626 2008 2700 intelligibilia
2046 2633 2186 2685 sunt
2233 2629 2588 2691 substantias

161 2705 483 2775 separatae3
514 2699 861 2779 immunitas
881 2697 1040 2755 enim
1066 2712 1102 2754 a
1126 2696 1375 2753 materia
1403 2696 1545 2754 facit
1571 2696 1796 2778 aliquid
1821 2710 1955 2756 esse
1977 2712 2090 2825 Ser
2103 2697 2586 2772 seintelligibile,

160 2777 224 2832 nt
253 2786 326 2829 ex
352 2769 768 2841 superioribus
790 2769 851 2840 (l.
882 2782 926 2838 1,
958 2783 1010 2825 c.
1043 2771 1113 2825 44
1143 2771 1200 2824 et
1225 2767 1320 2839 75)
1342 2770 1521 2838 patet,
1553 2772 1827 2840 seqnitur
1852 2780 1972 2840 quo
2038 2768 2388 2826 substantiae
2414 2784 2587 2841 sepa·

161 2847 303 2900 ratze
329 2839 692 2919 intelligant,
718 2839 877 2897 sicut
902 2836 1142 2922 propria
1166 2836 1418 2909 objecta,
1447 2835 1825 2896 substantias
1844 2845 2172 2909 separatas.
2205 2841 2591 2913 Unaquaeque

164 2912 184 2969 i
232 2913 349 2971 ’tur
372 2916 434 2968 et
460 2923 721 2981 seipsam
752 2915 811 2966 et
847 2908 998 2967 alias
1027 2922 1098 2967 co
1143 2913 1372 2966 noscet.
1403 2909 1496 2964 Sei
1544 2921 1671 2965 sam
1694 2908 1932 2980 quidem
1972 2923 2344 2982 unaquaeque
2381 2924 2589 2971 earum

165 2983 338 3042 aiter
376 2981 695 3053 cognoscit
735 2994 914 3053 quam
959 2979 1102 3038 intel
1131 2983 1298 3037 ectus
1339 2978 1506 3059 possi
1552 2978 1653 3037 ilis
1699 2979 1985 3051 seipsum.
2036 2980 2379 3039 Intellectus
2426 2981 2590 3040 enim

164 3051 479 3125 possibilis
513 3056 604 3108 est
639 3056 705 3107 ut
741 3050 1008 3134 potentia
1043 3050 1307 3108 existens
1331 3063 1398 3106 in
1429 3061 1564 3106 esse
1591 3049 1976 3122 intelligibili,
2009 3048 2075 3107 fit
2110 3056 2307 3108 autem
2330 3057 2462 3110 actu
2484 3066 2592 3124 per

165 3123 431 3195 speciem
455 3121 648 3178 intelli
693 3119 891 3179 ibilem
946 3120 1105 3179 sicut
1127 3120 1375 3178 materia
1395 3121 1591 3191 prima
1615 3119 1682 3177 nt
1709 3125 1843 3178 actu
1890 3121 1953 3177 in
1983 3133 2118 3179 esse
2161 3122 2435 3179 sensibili
2486 3136 2592 3194 per

165 3193 425 3252 formam
449 3198 660 3249 natura
686 3205 801 3249 em.
830 3164 989 3249 Ni'hil
1019 3191 1218 3250 autem
1249 3191 1636 3262 cognoscitur
1659 3191 1989 3249 secundum
2019 3190 2192 3273 quod·
2210 3196 2301 3273 est
2327 3194 2593 3264 potentia

165 3269 422 3331 tantum,
449 3263 553 3320 sed
585 3261 914 3320 secundum
942 3262 1103 3334 quod
1133 3267 1225 3319 est
1251 3266 1416 3330 actu;
1438 3261 1598 3318 unde
1619 3260 1988 3319 etformaest
2001 3275 2361 3343 principium
2384 3263 2591 3336 cogni-

163 3335 357 3393 tionis
376 3333 484 3402 rei,
516 3347 648 3405 quae
678 3345 783 3404 per
811 3345 940 3389 eam
968 3331 1034 3388 fit
1062 3337 1226 3400 actu;
1258 3330 1537 3389 similiter
1564 3336 1761 3389 autem
1789 3335 2057 3402 potentia
2090 3334 2498 3404 cognoscitiva
2527 3331 2594 3391 fit

167 3410 306 3464 actu
335 3416 715 3476 cognoscens
737 3416 843 3484 per
866 3402 1126 3474 speciem
1161 3402 1441 3474 aliquam.
1476 3402 1817 3461 Intellectus
1845 3401 1863 3458 i
1911 3402 2030 3461 itur
2051 3403 2363 3475 possibilis
2388 3409 2593 3462 noster

167 3487 295 3534 non
321 3473 636 3547 cognoscit
663 3485 929 3544 seipsum
960 3472 1076 3531 nisi
1106 3487 1210 3545 per
1237 3472 1498 3544 speciem
1546 3471 1862 3545 intelligibi
1890 3486 2005 3540 em,
2052 3488 2170 3546 qua
2227 3473 2294 3530 fit
2346 3479 2481 3532 actu
2528 3473 2595 3531 in

166 3559 309 3606 esse
362 3543 750 3614 intelligibili.
812 3545 880 3599 Et
928 3549 1168 3614 propter
1210 3543 1325 3601 hoc
1376 3542 1518 3600 dicit
1563 3542 1911 3601 Aristoteles
1967 3543 2066 3615 (De
2095 3547 2300 3606 anima,
2330 3557 2418 3615 111,
2450 3548 2590 3602 text.

168 3628 393 3676 comm.
425 3613 676 3688 l5)quod
701 3617 794 3671 est
819 3612 1249 3695 cognoscibilis
1277 3614 1432 3672 sicut
1460 3618 1520 3670 et
1546 3612 1684 3680 alia,
1715 3612 1943 3671 scilicet
1969 3627 2079 3684 per
2103 3615 2334 3687 species
2350 3628 2386 3672 a
2403 3615 2594 3686 phan-

167 3685 533 3746 tasmatibus
562 3690 835 3755 acceptas
864 3689 1023 3758 sicut
1049 3697 1155 3755 per
1178 3684 1403 3741 formas
1428 3684 1721 3755 proprias.
1772 3682 2129 3742 substantiae
2182 3690 2377 3742 autem
2422 3698 2594 3754 sepa-

167 3764 320 3817 ratae
347 3761 490 3815 sunt
523 3756 854 3813 secundum
883 3767 1056 3813 suam
1083 3759 1356 3811 naturam
1384 3760 1450 3810 ut
1475 3758 1614 3812 actu
1646 3753 2007 3812 exsistentes
2045 3752 2110 3811 in
2138 3768 2273 3813 esse
2316 3753 2596 3834 intelligi·

167 3827 319 3898 bili3
352 3826 511 3885 unde
541 3838 912 3899 unaquaeque
941 3837 1145 3883 earum
1195 3824 1456 3895 seipsam
1502 3836 1610 3896 per
1660 3836 1832 3883 suam
1884 3824 2207 3883 essentiam
2261 3830 2593 3897 cognoscit,

170 3911 302 3957 non
326 3910 436 3969 per
457 3896 714 3969 aliquam
748 3896 1008 3967 speciem
1039 3894 1285 3953 alterius
1315 3895 1421 3951 rei.
1463 3895 1656 3962 Quum
1706 3899 1903 3953 autem
1951 3895 2151 3953 omnis
2205 3895 2471 3967 cognitio
2517 3895 2598 3953 sit

170 3968 513 4029 secundum
539 3965 696 4038 quod
726 3967 789 4024 in
822 3969 1223 4040 cognoscente
1245 3969 1338 4022 est
1359 3964 1691 4022 similitudo
1720 3964 1969 4037 cogniti,
2005 3979 2127 4023 una
2176 3970 2373 4022 autem
2421 3964 2596 4024 subs·

166 4039 501 4099 tantiarnm
531 4043 932 4107 separatarum
964 4037 1041 4094 sit
1069 4033 1289 4094 similis
1318 4033 1486 4094 alteri
1526 4035 1856 4092 secundnm
1903 4048 2278 4093 communem
2323 4040 2596 4095 naturam

254 4109 443 4177 neris,
475 4106 753 4165 differant
781 4111 975 4164 autem
1000 4105 1074 4164 ab
1103 4105 1356 4163 invicem
1386 4105 1717 4162 secundum
1748 4105 2031 4176 speciem,
2062 4109 2126 4162 ut
2162 4120 2235 4162 ex
2266 4108 2597 4176 praemissis
2695 4125 2708 4143 ·

196 4195 253 4239 c.
285 4180 380 4253 93)
409 4182 670 4257 apparet,
695 4175 925 4256 videtui·
951 4176 1121 4249 sequi
1148 4175 1307 4256 quod
1335 4187 1458 4232 una
1480 4188 1684 4233 earum
1714 4175 1892 4232 aliam
1920 4187 2045 4232 non
2063 4183 2389 4303 cognoscat
2416 4191 2600 4251 quan-

168 4249 421 4397 geffeifi‘ss
439 4259 748 4374 &apg-3213
770 4250 1058 4304 rationem
1087 4257 1332 4317 speciei,
1381 4243 1487 4302 sed
1534 4245 1731 4302 solum
1766 4237 2055 4318 quantum
2096 4260 2131 4303 a
2215 4260 2597 4308 communem

247 4392 471 4450 Dicunt
497 4399 643 4458 ergo
671 4385 911 4459 quidam
935 4385 1096 4460 quod
1141 4399 1263 4445 una
1304 4384 1774 4444 substantiarum
1819 4390 2223 4461 separatarum
2269 4387 2389 4448 est*
2412 4400 2601 4446 causa
