3076 5025
1199 258 1335 314 LIB.
1376 259 1474 327 111,
1515 258 1669 315 GAP.
1707 258 1852 314 XIII.
2620 262 2726 316 273

362 380 465 435 Est
485 377 669 450 igitur
687 377 1009 435 dicendum
1042 396 1059 435 ε

369 452 445 506 Ex
489 449 820 529 praemissis
860 448 1020 505 enim
1068 447 1455 506 manifestum
1498 453 1592 506 est
1620 448 1780 521 quod
1807 447 2032 506 malum
2057 448 2320 507 totaliter
2344 448 2594 513 honum,
2631 452 2728 509 cui

292 525 638 589 oppositum
665 526 780 587 est,
809 519 988 586 tollit,
1020 519 1179 577 sicut
1208 519 1446 576 caecitas
1465 519 1702 588 visum3
1738 524 1970 590 oportet
1999 525 2196 577 autem
2226 520 2385 592 quod
2426 527 2734 579 remaneat

291 588 514 648 bonum
547 588 708 662 quod
750 594 841 647 est
882 589 1024 647 mali
1055 589 1412 662 subjectum.
1458 590 1630 657 Quod
1668 590 1931 663 quidem,
1965 590 2028 646 in
2058 595 2349 663 quantum
2393 590 2730 662 subjectum

293 665 409 728 est,
455 659 634 718 habet
671 659 965 718 rationem
1010 660 1152 719 boui
1202 660 1532 718 secundum
1578 660 1740 733 quod
1785 665 1878 718 est
1917 661 2184 731 potentia
2228 661 2304 718 ad
2351 667 2550 719 actum
2583 661 2730 720 honi

290 731 457 802 quod
479 730 744 801 privatur
767 737 875 802 per
900 730 1147 790 malum.
1179 731 1414 799 Quanto
1443 731 1628 803 igitur
1659 731 1863 789 minus
1882 729 2063 788 fuerit
2090 731 2153 787 in
2181 732 2449 813 potentia
2475 732 2551 789 ad
2579 731 2733 790 illud

287 799 540 869 honum,
565 804 733 859 tanto
759 801 965 859 minus
992 801 1106 858 erit
1149 801 1396 858 honum.
1429 800 1774 872 subjectum
1806 806 2004 859 autem
2035 800 2103 858 fii
2127 814 2332 859 minus
2358 807 2629 872 potantia
2654 804 2733 861 ad

289 870 569 934 formam,
615 883 748 929 non
788 871 1028 944 quidem
1064 885 1170 943 per
1213 871 1408 929 solam
1455 872 1927 930 subtractionem
1966 871 2227 943 alicujus
2256 872 2442 943 partis
2476 872 2730 941 subiecti

286 955 401 1013 per
432 942 543 999 lioc
574 941 734 1023 quod
759 942 962 1014 aliqua
992 955 1132 1014 pars
1155 943 1438 1013 potentiae
1466 942 1877 1011 subtrahatur,
1909 941 2014 1000 sed
2052 957 2160 1014 per
2184 942 2302 1000 hoc
2330 943 2491 1014 quod
2519 949 2730 1020 peten-

287 1012 382 1070 tia
398 1011 717 1083 impeditur
737 1026 844 1084 per
862 1012 1227 1070 contrarium
1248 1018 1445 1070 actum
1465 1026 1541 1070 ne
1557 1013 1623 1069 in
1649 1017 1847 1071 actum
1884 1012 2093 1070 formai
2123 1013 2285 1070 exire
2311 1014 2504 1084 possit
2527 1031 2546 1078 ς
2571 1019 2731 1073 sicut

291 1081 630 1153 subjectum
676 1087 842 1140 tanto
882 1087 975 1141 est
1009 1084 1211 1141 minus
1263 1084 1528 1153 potentia
1580 1082 1867 1156 frigidum
1902 1088 2126 1155 quanto
2153 1083 2217 1140 in
2243 1096 2315 1141 eo
2345 1084 2538 1156 magis
2566 1085 2733 1142 calor

291 1158 567 1226 augetur.
601 1152 1018 1211 neminuituri
1068 1152 1437 1218 itui-Donum
1506 1167 1572 1211 er
1600 1154 1848 1222 malum,
1881 1153 2080 1225 magis
2109 1154 2465 1225 apponendo
2493 1162 2731 1212 contra‘

289 1223 452 1280 rium
496 1236 673 1296 quam
703 1222 776 1281 de
804 1222 967 1280 bono
1007 1239 1042 1281 a
1068 1223 1235 1296 iquid
1265 1224 1471 1281 subtra
1517 1223 1713 1293 endo;
1744 1223 1902 1297 quod
1946 1224 2126 1281 etiam
2156 1226 2435 1281 convenit
2462 1224 2560 1281 his
2596 1239 2731 1297 quae

291 1293 458 1351 dicta
502 1298 644 1351 sunt
687 1293 758 1352 de
797 1293 979 1352 malo.
1008 1294 1279 1352 Diximus
1309 1294 1469 1351 enim
1512 1294 1673 1368 quod
1704 1294 1929 1354 malum
1959 1293 2174 1352 incidit
2249 1299 2421 1352 raeter
2446 1294 2730 1354 intentio-

290 1376 432 1421 nem
476 1363 731 1436 agentis,
780 1364 941 1437 quod
991 1377 1227 1435 semper
1273 1363 1528 1422 intendit
1575 1364 1822 1437 aliquod
1873 1364 2124 1434 honuni,
2172 1378 2205 1422 a
2274 1364 2430 1437 quod
2460 1364 2732 1437 sequitur

289 1435 564 1492 exclusio
589 1433 837 1493 alterius
865 1435 1008 1492 boni
1040 1436 1200 1506 quod
1229 1439 1324 1491 est
1347 1435 1404 1490 ei
1446 1436 1812 1507 oppositum.
1846 1437 2083 1503 Quanto
2117 1435 2301 1508 igitur
2327 1434 2474 1493 illud
2503 1434 2729 1494 bonum

289 1503 371 1562 ad
399 1504 560 1576 quod
588 1510 802 1576 preter
833 1504 1228 1563 intentionem
1251 1505 1487 1578 agentis
1509 1507 1786 1578 sequitur
1805 1507 2030 1563 malum
2054 1506 2249 1579 magis
2275 1505 2728 1577 multiplicatur,

287 1579 461 1632 tanto
490 1575 757 1645 potentia
784 1574 857 1633 ad
885 1575 1107 1633 bonum
1139 1579 1507 1634 contrarium
1536 1576 1910 1634 deminuitur
1939 1578 2174 1648 magis;
2204 1582 2264 1635 et
2288 1577 2381 1633 sic
2408 1576 2604 1650 magis
2626 1591 2734 1648 per

285 1645 515 1703 malum
564 1643 784 1726 dicitur
828 1645 1094 1703 deminui
1148 1645 1395 1704 bonum.
1438 1647 1783 1720 Haecigitur
1810 1647 2143 1706 deminutio
2195 1646 2340 1705 honi
2372 1661 2477 1720 per
2504 1646 2730 1707 malum

287 1728 415 1773 non
457 1718 659 1787 potest
681 1729 746 1773 iii
776 1716 1155 1774 naturalibus
1181 1716 1247 1773 in
1289 1715 1593 1775 infinitum
1623 1717 1983 1790 procedet-03
2016 1732 2156 1776 nam
2186 1718 2393 1777 formai
2425 1718 2731 1778 naturales

288 1793 353 1844 et
391 1786 646 1843 virtutes
689 1798 902 1845 omnes
946 1787 1281 1844 terminatae
1320 1794 1483 1858 sunt,
1534 1793 1595 1845 et
1637 1789 1994 1860 perveniunt
2018 1789 2092 1847 ad
2124 1789 2382 1862 aliquem
2409 1788 2729 1847 terminum

289 1857 454 1914 ultra
492 1870 672 1929 quem
715 1856 941 1928 porrigi
989 1871 1111 1915 non
1165 1864 1459 1928 possunt;
1503 1871 1627 1916 non
1658 1859 1897 1930 potesti
1949 1859 2064 1917 'tur
2090 1873 2283 1933 neque
2312 1860 2499 1917 forma
2530 1859 2734 1932 aliqua

289 1927 597 1985 contraria
634 1940 833 2008 neque
873 1929 1067 2008 uirtus
1112 1929 1395 1985 contrarii
1447 1929 1688 2002 agentis
1739 1930 1801 1986 in
1831 1931 1891 1987 in
1940 1929 2131 1988 nitum
2160 1931 2390 2004 augeri.
2431 1930 2733 1989 utexlioc

289 2003 579 2070 sequatur
628 2010 694 2054 in
741 1996 1048 2056 inlinitum
1100 1998 1420 2056 diminutio
1465 2000 1609 2058 honi
1693 2015 1760 2058 er
1793 2001 2037 2058 malum.
2078 2002 2145 2058 In
2176 2001 2506 2059 moralibus
2533 2007 2731 2058 autem

289 2074 492 2148 potest
515 2069 634 2124 ista
654 2067 1000 2148 ,deminutio
1027 2071 1091 2125 in
1115 2067 1413 2126 infinitum
1445 2084 1625 2140 proce
1669 2085 1767 2128 ere
1794 2088 1811 2138 ,ς
1837 2085 1973 2128 nam
2007 2071 2344 2129 intellectus
2373 2077 2432 2128 et
2452 2071 2731 2130 voluntas

291 2153 360 2197 in
387 2140 522 2197 suis
545 2138 790 2196 actibus
819 2139 1114 2197 terminos
1143 2152 1267 2198 non
1298 2140 1548 2209 liabent;
1570 2148 1765 2213 potest
1792 2142 1951 2199 enim
1974 2141 2315 2200 intellectus
2343 2142 2530 2199 intelli
2575 2142 2731 2201 endo

294 2209 359 2266 in
382 2208 684 2266 infinitum
716 2209 1081 2280 procedere;
1114 2210 1272 2267 unde
1299 2212 1732 2269 mathematicae
1761 2225 2144 2270 numerorum
2174 2211 2407 2284 species
2435 2219 2493 2270 et
2562 2226 2734 2285 gura—

295 2293 426 2336 rum
460 2278 711 2336 infinitoe
738 2279 1055 2350 dicuntur3
1087 2286 1148 2337 et
1173 2280 1453 2338 similiter
1480 2283 1759 2339 voluntas
1788 2282 1849 2338 in
1882 2282 2136 2340 volendo
2163 2283 2225 2339 in
2255 2281 2558 2340 infinitum
2595 2296 2731 2354 pro-

288 2350 454 2407 cedit
471 2368 492 2419 3
511 2349 626 2422 qui
644 2348 965 2430 enimyult
992 2350 1215 2408 furtum
1245 2352 1625 2409 committere
1644 2358 1842 2423 potest
1870 2352 2085 2410 iterum
2108 2353 2264 2410 velle
2291 2358 2349 2410 et
2376 2352 2536 2411 aliud
2568 2366 2733 2411 com·

287 2421 549 2488 mittere,
581 2424 641 2477 et
667 2420 756 2477 sic
805 2434 868 2477 iii
899 2421 1222 2477 infinitum.
1255 2422 1492 2489 Quanto
1542 2429 1739 2480 autem
1770 2422 2047 2480 voluntas
2076 2423 2270 2494 magis
2299 2423 2359 2479 in
2390 2422 2543 2481 fines
2571 2423 2735 2482 inde·

290 2490 458 2551 hitos
487 2489 716 2573 tendit,
760 2494 930 2572 tanto
977 2490 1286 2550 difficilius
1327 2491 1482 2550 redit
1507 2494 1582 2551 ad
1619 2492 1922 2564 proprium
1950 2498 2007 2550 et
2036 2491 2295 2550 debitum
2329 2491 2507 2550 finem
2530 2510 2546 2563 ς
2572 2494 2732 2566 quod

289 2568 456 2634 patet
483 2575 546 2618 in
578 2561 760 2619 bisin
790 2562 1014 2634 quihus
1041 2576 1146 2633 per
1170 2563 1457 2633 peccandi
1481 2563 2012 2631 consuetudinem,
2031 2563 2153 2635 jam
2183 2570 2274 2620 est
2302 2563 2542 2622 habitus
2563 2565 2733 2623 vitio·

291 2646 430 2691 rum
467 2631 778 2689 inductus.
828 2634 895 2688 in
949 2630 1247 2689 infinitum
1297 2639 1503 2703 igitur,
1549 2649 1656 2704 per
1682 2633 1906 2691 malum
1947 2634 2156 2695 moris,
2189 2633 2411 2691 bonum
2440 2635 2732 2693 naturalis

292 2701 656 2774 aptitudinis
676 2701 943 2759 deminui
971 2707 1191 2782 potest²
1217 2714 1527 2774 nunquam
1550 2709 1750 2761 tamen
1781 2704 2042 2761 totaliter
2068 2704 2328 2772 tolletur,
2360 2715 2467 2761 sed
2498 2717 2735 2777 semper

292 2780 574 2916 ηειωὲαὶῑη
597 2777 1008 2830 remanentem
1036 2776 1375 2830 comitatur.
1404 2772 1446 2845 (l
1479 2779 1652 2844 part„
1672 2790 1732 2847 q.
1756 2785 1966 2843 xtvm,
1986 2778 2097 2831 art.
2119 2778 2186 2844 43
2211 2778 2272 2831 et
2294 2775 2419 2844 1·ll,
2445 2787 2732 2847 q.1.xxxv,

1291 3001 1550 3067 CAPUT
1586 3003 1749 3066 XIII.

818 3173 970 3229 QUOD
1005 3173 1216 3221 mun
1247 3172 1449 3220 mm
1481 3172 1701 3228 mono
1736 3175 1899 3223 MODO
1937 3176 2192 3225 (ἎΠΒΔΗ.

362 3340 447 3397 Ex
491 3336 795 3411 praedictis
838 3344 1036 3395 autem
1080 3336 1318 3395 ostendi
1347 3342 1547 3408 potest
1573 3337 1758 3410 quod,
1789 3338 1902 3396 etsi
1932 3338 2162 3397 malum
2192 3352 2315 3397 non
2345 3337 2563 3399 habeat
2588 3352 2732 3400 cau·

291 3420 425 3469 sam
442 3423 549 3481 pei:
574 3422 641 3467 se
692 3407 1014 3490 cuiuslibet
1037 3414 1238 3466 tamen
1264 3407 1408 3465 mali
1441 3414 1680 3480 oportet
1708 3422 1849 3467 esse
1868 3422 2117 3468 causam
2148 3423 2255 3481 per
2278 3411 2586 3469 accidens.

364 3449 666 3552 Quidquid
694 3493 856 3536 enim
878 3484 969 3536 est
992 3478 1056 3561 in
1071 3478 1149 3536 ali
1197 3491 1274 3536 uo
1300 3483 1366 3536 ut
1392 3478 1457 3560 in
1484 3478 1759 3561 supiecto
1781 3484 2015 3561 oportet
2042 3480 2438 3561 quod.liaheat
2462 3481 2730 3554 aliquam

291 3563 577 3618 causam;
609 3554 893 3608 causatur
915 3561 1076 3607 enim
1105 3563 1174 3606 ve
1224 3563 1299 3606 ex
1323 3549 1578 3621 subjecti
1607 3563 1923 3622 principiis
1952 3550 2141 3608 velex
2167 3549 2374 3623 aliqua
2393 3557 2731 3610 extrinseca

292 3633 498 3679 causa.
545 3620 764 3678 Malum
806 3624 1005 3677 autem
1055 3624 1149 3677 est
1195 3619 1259 3695 iii
1307 3619 1469 3678 hono
1516 3620 1678 3678 sicut
1722 3621 1783 3678 iii
1833 3620 2126 3693 subjecto,
2170 3627 2238 3679 ut
2286 3626 2600 3680 ostensum
2641 3625 2732 3680 est

294 3689 369 3764 (c.
402 3690 513 3764 ll).
546 3691 790 3762 Oportet
815 3703 959 3773 ergo
987 3689 1148 3762 quod
1171 3690 1397 3771 malum
1426 3689 1645 3748 habeat
1668 3704 1938 3759 causam,

359 3762 517 3830 Item,
547 3760 707 3834 quod
754 3765 935 3820 estin
981 3764 1249 3832 potentia
1273 3760 1349 3818 ad
1395 3766 1715 3833 utrumque
1750 3761 2165 3834 oppositorum
2194 3775 2316 3822 non
2346 3762 2731 3822 constituitur

291 3829 357 3889 in
415 3837 552 3890 actu
594 3831 851 3904 alicujus
899 3844 1110 3889 eorum
1151 3829 1272 3888 nisi
1328 3844 1433 3901 per
1459 3830 1721 3904 aliquam
1769 3845 2053 3902 causam3
2082 3831 2250 3890 nulla
2278 3833 2437 3890 enim
2465 3833 2733 3905 potentia

292 3899 438 3960 iacit
464 3914 532 3960 se
556 3915 694 3961 esse
721 3903 785 3960 in
818 3908 975 3961 actu.
1006 3900 1226 3959 Malum
1276 3905 1473 3958 autem
1503 3907 1599 3959 est
1682 3903 1893 3961 rivatio
1923 3903 2054 3976 ejus
2079 3902 2237 3975 quod
2268 3904 2405 3976 quis
2433 3908 2612 3962 natus
2639 3909 2733 3962 est

294 3977 355 4031 et
375 3971 557 4031 dehet
579 3972 794 4031 hahere
817 3990 835 4042 ;
863 3987 940 4031 ex
975 3972 1093 4030 hoc
1130 3972 1294 4029 enim
1319 3984 1592 4045 unumqu
1675 3986 1793 4045 que
1813 3972 2033 4032 dicitur
2056 3974 2278 4031 malum
2299 3986 2470 4045 esse;
2500 3980 2594 4032 est
2618 3974 2731 4047 igi-

212 4080 220 4109 ,-
293 4045 393 4100 tur
434 4041 662 4102 malum
714 4044 776 4100 in
806 4043 1076 4116 subjecto
1114 4041 1273 4115 quod
1304 4045 1399 4098 est
1437 4041 1501 4099 in
1570 4043 1796 4101 otentia
1822 4043 1897 4102 ad
1922 4044 2120 4115 ipsum
2149 4048 2209 4101 et
2233 4044 2308 4103 ad
2337 4057 2516 4104 suum
2545 4057 2731 4118 oppo-

293 4112 502 4172 situm.
535 4115 781 4185 oportet
807 4113 996 4186 igitur
1015 4113 1177 4187 quod
1204 4111 1430 4169 malum
1451 4113 1530 4170 ha
1572 4120 1669 4171 eat
1698 4113 1960 4186 aliquam
1990 4127 2256 4172 causam.

331 4184 584 4253 ,Adana
635 4183 922 4256 quidquid
971 4184 1132 4242 inest
1175 4182 1358 4241 alicui
1386 4187 1600 4254 praeter
1642 4197 1815 4243 suani
1845 4190 2142 4253 naturam,
2178 4185 2420 4244 advenit
2442 4186 2498 4245 ei
2527 4199 2602 4246 ex
2627 4184 2731 4244 ali-

203 4256 219 4289 ·‘
292 4267 416 4327 qua
463 4252 586 4311 alia
628 4266 853 4323 causa;
881 4254 1087 4313 omnia
1114 4251 1372 4311 enimin
1400 4252 1498 4311 his
1543 4267 1677 4326 quae
1708 4259 1853 4313 sunt
1889 4253 2002 4312 sibi
2034 4257 2332 4314 naturalia
2356 4261 2727 4339 permanent,

291 4323 415 4383 nisi
447 4322 679 4397 aliquid
705 4322 870 4382 aliud
892 4323 1210 4396 imoedian
1240 4322 1401 4383 unde
1443 4324 1502 4382 la
1550 4324 1560 4335 '
1626 4337 1750 4382 non
1781 4326 1969 4383 fertur
1992 4338 2232 4384 sursum
2263 4328 2384 4386 nisi
2411 4327 2487 4385 ab
2525 4326 2731 4398 aliquo

292 4393 667 4470 projiciente,
718 4407 828 4453 nec
866 4408 1022 4469 aqua
1071 4393 1269 4454 calefit
1310 4394 1429 4454 nisi
1476 4409 1513 4453 a
1596 4395 1800 4468 aliquo
1844 4394 2251 4455 calefaciente.
2281 4398 2497 4456 Malum
2526 4401 2725 4454 autem

2481 4513 2540 4560 18
