3076 5025
1035 297 1171 358 Lm.
1209 298 1312 366 111.
1343 297 1501 357 CAP.
1535 297 1734 357 CXXlX
1767 297 1930 370 (ms).
2586 301 2695 360 439

336 421 501 501 Ratet
539 425 739 479 autem
793 432 869 479 ex
919 419 1241 501 proedictis,
1300 418 1465 547 quod
1514 418 1758 480 dilectio
1809 417 2037 502 sufficit
2082 419 2159 482 ad
2216 431 2407 504 opera
2442 421 2696 504 justitiae

261 489 558 551 facienda.
587 491 751 549 Unde
779 503 984 549 omnia
1007 493 1302 561 praecepta
1349 502 1502 563 egis,
1547 504 1680 563 quie
1721 490 2075 550 ordinantur
2114 491 2511 563 adjustitiam
2534 493 2695 551 ordi·

266 566 496 620 nentur
539 561 720 619 etiam
765 561 842 618 ad
884 560 1306 632 dilectionem,
1348 565 1590 634 propter
1633 560 1796 634 quod
1842 560 2081 633 dicitur,
2124 563 2154 621 1
2196 561 2477 633 Timoth.,
2516 572 2569 634 1,
2615 566 2693 620 a:

257 632 421 691 Finis
443 633 701 712 praecepti
731 633 935 687 caritas
962 635 1061 689 est.

339 702 501 760 Facit
527 706 725 759 autem
756 700 981 774 aliquid
1008 700 1270 773 amplius
1296 697 1538 759 dilectio
1577 712 1755 774 quem
1786 700 2037 772 justitiae
2072 698 2364 771 debitum,
2406 705 2470 761 et
2554 715 2699 762 uan-

257 774 395 830 tum
427 770 503 830 ad
539 772 655 832 hoc
682 772 840 844 quod
871 771 1118 843 instigat
1140 772 1215 829 ad
1238 771 1573 844 promptius
1600 772 1990 842 operandum,
2024 776 2087 828 et
2129 779 2419 844 quantum
2470 786 2507 831 a
2574 774 2695 833 hoc

259 841 432 915 quod
460 841 687 900 inducit
715 842 790 900 ab
813 841 1288 901 subveniendum
1324 841 1448 899 illis
1477 840 1698 914 quibus
1721 853 1858 922 ‘non
1898 846 2172 922 tenemur
2214 842 2561 915 exjustitia)
2601 843 2699 903 de·

259 910 397 972 bito
418 930 435 981 ;
457 917 517 970 et
540 913 720 971 etiam
748 913 813 970 in
841 911 1062 984 quibus
1090 912 1181 971 eis
1212 924 1339 970 non
1369 915 1665 981 tenemur,
1693 912 1834 970 licet
1881 917 1963 971 sit
2000 911 2181 971 nobis
2220 913 2297 971 ad
2334 926 2442 972 eos
2488 913 2694 988 aliqua

262 982 614 1042 oon'unctio
634 1001 650 1016 ·
682 987 741 1040 et
765 983 1020 1042 ulterius
1047 983 1112 1041 in
1140 987 1427 1055 quantum
1452 981 1528 1040 ad
1558 982 1674 1040 hoc
1698 981 1862 1063 quod
1889 994 1960 1040 se
1981 982 2243 1040 extendit
2271 982 2347 1041 ad
2372 983 2516 1042 illos
2554 996 2695 1044 cum

264 1055 371 1134 qui
421 1067 492 1110 us
520 1025 689 1111 nulla
715 1058 810 1112 est
836 1051 1014 1112 nobis
1050 1052 1116 1111 in
1142 1053 1265 1111 vita
1291 1051 1678 1133 conjunctio-3
1706 1065 1832 1134 imo
1855 1052 2033 1133 etiam
2061 1051 2138 1133 ad
2160 1051 2303 1112 illos
2330 1054 2434 1128 qui
2461 1059 2694 1113 contra·

261 1137 344 1254 :il-111
375 1123 551 1205 nobis
579 1128 744 1250 sutnt,
772 1123 837 1183 in
861 1127 1153 1198 quantum
1190 1122 1481 1182 fundatur
1501 1135 1569 1182 in
1595 1122 1916 1182 dilectione
1955 1122 2177 1187 divina.
2204 1136 2342 1197 quie
2378 1123 2456 1184 ad
2482 1136 2697 1183 omnes

317 1206 551 1253 omines
578 1207 644 1253 es
675 1237 689 1251 .

337 1266 410 1322 Et
437 1264 574 1321 inde
599 1263 877 1344 estquod
905 1264 1144 1332 dicitur,
1174 1264 1370 1332 Rom..
1398 1273 1532 1332 xm,
1566 1268 1655 1331 lo,
1676 1263 1837 1337 quod
1857 1262 2148 1345 plenitudo
2173 1265 2308 1333 lepis
2334 1267 2414 1321 est
2440 1264 2695 1333 dilectio3

263 1332 557 1417 adquam
583 1334 1014 1416 plenitudinem
1031 1333 1457 1416 insinuandam
1485 1333 1703 1415 dantur
1728 1334 1907 1416 nobi-s
1933 1348 1972 1416 a
1998 1336 2120 1392 Deo
2148 1340 2444 1406 praecepta
2471 1340 2531 1392 et
2551 1348 2695 1416 con·

267 1405 418 1478 siliav
440 1404 512 1462 de
541 1404 823 1477 operibus
852 1404 1303 1475 misericordiae,
1332 1403 1406 1463 de
1443 1403 1763 1462 dilectione
1795 1417 2179 1463 inimicorum
2207 1410 2267 1462 et
2295 1404 2693 1466 subventione

266 1487 503 1546 eorum,
527 1481 586 1533 et
613 1475 685 1533 de
714 1474 853 1532 aliis
880 1474 1226 1546 hujusmodi
1255 1488 1389 1548 quae
1411 1488 1598 1545 supra
1618 1474 1913 1546 justitiam
1944 1474 2269 1534 abundant.

342 1545 496 1614 Quia
519 1558 660 1603 vero
689 1559 878 1615 praece
923 1551 982 1601 ta
1002 1545 1253 1617 justitiae
1270 1558 1403 1618 quoe
1431 1550 1575 1603 sunt
1599 1558 1782 1616 supra
1799 1545 2018 1616 posita,
2036 1544 2418 1604 dilectionem
2438 1545 2695 1618 proximi

266 1616 600 1689 requirunt.
626 1629 760 1689 quae
788 1630 862 1673 ex
917 1615 1196 1673 ilectione
1220 1615 1322 1672 Dei
1352 1614 1663 1696 dependet,
1687 1615 1819 1673 sine
1840 1628 1978 1688 qua,
2002 1616 2318 1674 recedente
2342 1615 2457 1674 tide
2484 1622 2543 1675 et
2562 1629 2694 1688 spe,

237 1698 395 1745 -non
459 1691 617 1744 otest
641 1698 814 1744 mens
842 1687 1106 1744 humana
1137 1684 1339 1744 debito
1368 1685 1639 1743 modom
1666 1687 1852 1743 Deum
1880 1685 2159 1756 tendere;
2190 1687 2575 1745 manifestum
2604 1691 2699 1746 est

266 1770 350 1829 qu
461 1757 773 1829 praemissa
799 1755 874 1813 de
908 1756 1266 1815 necessitate
1295 1756 1368 1814 ab
1398 1755 1642 1813 homine
1670 1756 2055 1829 requiruntur
2082 1757 2167 1815 ita
2207 1756 2390 1830 quod,
2430 1757 2521 1815 eis
2546 1769 2695 1828 prae·

265 1827 571 1885 termissis
616 1827 798 1884 homo
815 1826 889 1884 ab
917 1826 1127 1884 ordine
1197 1826 1257 1884 ui
1285 1831 1376 1884 est
1405 1826 1479 1883 ad
1500 1828 1685 1884 Deum
1712 1826 1976 1884 totaliter
1997 1832 2326 1897 separetur.
2344 1827 2478 1886 vita
2495 1833 2695 1885 autem

266 1895 539 1977 hominis
567 1869 786 1955 dicitur
811 1908 947 1955 esse
977 1909 1161 1955 secun
1209 1910 1307 1977 uin
1332 1896 1510 1954 tinem
1542 1895 1616 1954 ad
1645 1909 1823 1969 quein
1845 1896 2172 1955 ordinatur.
2200 1899 2346 1954 Nam
2374 1897 2479 1969 qui
2507 1896 2689 1956 finem

264 1972 408 2025 vitae
435 1981 562 2026 suin
591 1968 655 2025 in
677 1967 1083 2038 voluptatibus
1112 1971 1488 2025 constituunt
1508 1966 1788 2025 dicuntur
1811 1980 1987 2039 agere
2004 1967 2185 2024 vitam
2226 1967 2646 2038 voluptuosam
2676 1985 2693 2037 ;

265 2038 376 2110 qui
423 2042 624 2096 autem
663 2036 843 2095 finem
873 2038 1135 2096 suumin
1164 2037 1665 2107 contemplatione
1691 2037 1958 2096 veritatis
1986 2038 2385 2105 constituunt,
2415 2037 2699 2097 dicuntur

269 2108 446 2180 sequi
477 2109 654 2166 vitam
685 2108 1203 2179 contemplativam
1232 2124 1245 2164 :
1279 2107 1434 2164 unde
1464 2107 1648 2180 etqui
1676 2107 1857 2166 finem
1883 2121 2062 2167 suum
2091 2109 2155 2164 in
2186 2108 2470 2166 fruitione
2495 2107 2700 2168 divina

266 2178 665 2248 constituunt,
685 2178 807 2237 vita
838 2190 1044 2237 eorum
1066 2184 1157 2238 est
1199 2180 1321 2236 Deo
1349 2176 1671 2236 adhaerere.
1694 2179 1829 2237 llaec
1856 2184 2054 2237 autem
2082 2183 2177 2235 est
2196 2178 2552 2252 simpliciter
2574 2179 2698 2238 vita

266 2248 539 2307 hominis
589 2268 603 2306 :
654 2261 793 2307 nam
835 2248 909 2307 ad
959 2250 1119 2307 hunc
1159 2246 1339 2306 finem
1385 2246 1568 2306 homo
1610 2248 1963 2307 naturaliter
2006 2248 2351 2318 ordinatur,
2399 2253 2466 2307 ut
2513 2261 2697 2320 supra

269 2318 402 2448 gib.
448 2332 540 2378 ιιι.
591 2332 721 2390 cap.
771 2319 862 2386 37)
912 2324 1222 2377 ostensum
1263 2324 1377 2376 est.
1427 2320 1509 2376 Ex
1561 2318 1698 2376 aliis
1744 2324 1944 2377 autem
1988 2317 2214 2376 finibus
2254 2317 2550 2390 dependet
2577 2320 2700 2378 vita

317 2389 542 2447 ominis
569 2389 899 2448 secundum
930 2388 1093 2462 quid,
1125 2388 1186 2445 in
1216 2392 1505 2460 quantum
1530 2388 1633 2444 alii
1662 2387 1817 2446 fines
1845 2401 1966 2447 non
1995 2393 2135 2446 sunt
2163 2388 2393 2445 homini
2426 2388 2693 2460 impositi

267 2472 346 2520 ex
398 2466 611 2520 natura
661 2459 767 2520 sed
813 2473 885 2518 ex
935 2459 1246 2518 electione.
1297 2459 1440 2517 Gum
1488 2458 1674 2531 igitur
1725 2471 1890 2518 mors
1940 2459 2076 2518 vitae
2124 2462 2482 2531 opponatur,
2532 2472 2697 2535 mors

269 2530 546 2604 quaedam
573 2531 840 2611 hominis
867 2534 979 2600 est,
1009 2542 1146 2588 cum
1174 2529 1249 2611 ab
1276 2529 1488 2610 ordine
1515 2529 1621 2601 qui
1634 2535 1747 2609 ‘est
1768 2529 1844 2611 ad
1868 2531 2053 2587 Deum
2080 2534 2413 2600 separatur.
2445 2530 2608 2611 Unde
2637 2536 2698 2590 et

263 2598 1681 2753 effeminata..attrahentia
1719 2599 2283 2751 astisinate
2305 2598 2700 2751 estitit}

269 2741 554 2800 homines
601 2741 943 2815 obligantur
988 2742 1265 2799 dicuntur
1304 2744 1604 2811 praecepta
1635 2739 1730 2797 vel
1768 2739 2206 2812 prohibitiones
2237 2752 2428 2816 z‘quia
2453 2745 2594 2799 sunt
2623 2740 2699 2800 de

271 2812 635 2871 necessitate
662 2811 1055 2872 observanda.

343 2884 510 2941 Sicut
536 2886 734 2941 aulem
754 2882 829 2940 ad
862 2883 977 2941 hoc
1001 2881 1160 2954 quod
1190 2894 1362 2939 mens
1392 2881 1618 2939 teratur
1635 2880 1702 2938 in
1730 2882 1915 2939 Deum
1945 2880 2289 2945 necessaria
2310 2885 2406 2939 est
2422 2892 2539 2953 pax
2563 2893 2697 2956 quae

267 2956 366 3021 ast
409 2953 482 3011 ad
528 2954 834 3024 proximos
882 2964 1019 3011 cum
1048 2952 1268 3025 quihus
1293 2952 1479 3010 homo
1507 2949 1682 3009 debet
1708 2951 2029 3010 convivere
2056 2957 2118 3009 et
2142 2951 2217 3009 ab
2245 2951 2337 3010 eis
2361 2951 2580 3022 juvari,
2613 2953 2701 3013 ita

270 3024 617 3082 necessaria
654 3028 745 3083 est
789 3021 866 3081 ad
912 3022 1025 3082 hoc
1066 3036 1182 3094 pax
1223 3022 1456 3081 bomini
1501 3026 1791 3102 quantuni
1832 3022 1909 3079 ad
1950 3034 2177 3096 eaquae
2207 3026 2351 3081 sunt
2378 3021 2443 3079 in
2471 3021 2697 3094 seipso.

273 3094 439 3152 Unde
467 3107 650 3152 conse
693 3099 904 3152 uenter
940 3092 1444 3151 considerandum
1489 3092 1722 3150 videtur
1743 3092 1974 3150 homini
1995 3091 2250 3164 qualiter
2267 3092 2495 3150 mentis
2527 3094 2701 3165 quies

273 3176 387 3291 sciti
410 3165 667 3237 tranquil
693 3168 808 3222 itas
835 3163 1195 3235 impediatur
1221 3167 1279 3220 et
1303 3162 1560 3235 qualiter
1584 3161 1786 3221 divina
1814 3163 1945 3235 lege
1980 3162 2409 3235 impedimenta
2432 3174 2701 3222 remove·

199 3369 204 3374 ,
348 3307 450 3362 Est
475 3308 671 3362 autem
713 3303 1215 3363 considerandum
1244 3302 1404 3375 quod
1432 3316 1605 3361 mens
1634 3300 1956 3375 impeditur
1975 3303 2302 3376 quominus
2332 3304 2520 3362 libere
2549 3303 2701 3363 sera-

277 3379 378 3455 tur
403 3376 466 3431 in
496 3377 680 3432 Deum
705 3373 1036 3455 dupliciter.
1071 3376 1196 3431 Uno
1225 3373 1428 3443 mod0,
1460 3387 1566 3454 per
1595 3373 1710 3430 hoc
1730 3372 1889 3446 quod
1913 3373 2353 3455 aliae-potentiae
2383 3374 2703 3435 inferiores

271 3457 342 3501 in
380 3444 509 3503 suis
540 3445 772 3504 actibus
801 3443 1209 3501 intenduntur.
1241 3445 1388 3502 Cum
1420 3449 1581 3500 enim
1610 3457 1732 3501 una
1760 3449 2116 3514 potentiam
2145 3457 2258 3503 suo
2282 3448 2419 3503 actu
2454 3445 2696 3503 robore·

270 3519 393 3583 tur,
440 3516 622 3574 trahit
660 3514 734 3571 ad
784 3528 852 3573 se
892 3514 1283 3571 intentionem
1329 3513 1617 3576 hominis,
1668 3527 1800 3585 quae
1836 3525 1961 3572 non
2029 3520 2185 3572 otest
2210 3515 2393 3573 simul
2423 3515 2496 3573 ad
2531 3517 2704 3586 plura

270 3585 537 3658 dispergi
584 3604 598 3642 ε
641 3583 799 3643 unde
845 3597 1093 3665 necesse
1136 3589 1231 3642 est
1273 3583 1434 3665 quod
1471 3583 1591 3664 alia
1616 3583 1881 3654 potentia
1908 3528 2304 3643 velptotaliter
2341 3585 2700 3657 impediatur

277 3655 346 3713 in
379 3668 493 3714 suo
518 3660 676 3724 actu,
699 3654 792 3712 vel
818 3653 978 3727 quod
1006 3666 1138 3727 ejus
1160 3658 1332 3712 actus
1358 3653 1750 3711 diminuatur.
1780 3653 2100 3713 Inferiores
2128 3659 2331 3714 autem
2356 3655 2536 3722 vires,
2559 3655 2696 3714 dico

269 3727 435 3783 vires
480 3725 828 3793 sensitivaS,
865 3731 989 3782 tam
1036 3724 1521 3796 apprehensivas‚
1553 3729 1620 3783 ut
1653 3736 2065 3797 quoscumque
2093 3738 2313 3784 sensus
2372 3725 2698 3786 exteriores

271 3801 333 3853 et
380 3796 717 3865 interiores,
766 3800 832 3853 ut
873 3795 1251 3867 phantasiam
1296 3799 1356 3852 et
1399 3794 1551 3853 alias
1595 3794 1754 3851 vires
1797 3800 2260 3868 eomequentes,
2342 3807 2482 3854 uam
2522 3794 2704 3855 etiam

272 3880 349 3938 ap
394 3866 647 3934 etitivas‚
700 3869 763 3923 ut
813 3865 1177 3924 irascibilem
1224 3869 1284 3922 et
1329 3864 1885 3937 concupiscibilem.
1933 3865 2118 3933 Unde,
2136 3877 2273 3923 cum
2389 3867 2500 3924 erit
2529 3866 2704 3926 fortis

272 3880 588 3995 defectatio
618 3937 680 3993 in
711 3948 899 4016 sensu
929 3940 1032 3996 aut
1058 3935 1233 4016 inulti
1257 3940 1458 4016 motus
1486 3935 1551 3993 in
1567 3935 1919 4016 phantasia,
1945 3935 2041 3993 vel
2067 3935 2134 3992 in
2153 3935 2428 3994 venereis
2448 3936 2704 3997 inclina·

270 4006 360 4064 tio
388 4005 898 4086 concupiscibilis,
927 4011 1032 4067 aut
1059 4004 1382 4064 irascibilis
1408 4006 1474 4063 in
1502 4005 1687 4074 aliud,
1716 4018 1967 4064 necesse
1989 4009 2083 4064 est
2111 4003 2279 4078 quod
2294 4017 2470 4065 mens
2498 4007 2558 4064 in
2584 4018 2700 4067 suo

271 4080 413 4135 actu
457 4075 816 4147 impediatur
850 4076 1175 4150 quominus
1222 4076 1446 4134 feratur
1479 4075 1546 4132 in
1582 4078 1790 4145 Deum;
1821 4077 1942 4135 alio
1969 4073 2274 4155 inodo„ex
2303 4080 2472 4146 parte
2506 4077 2702 4149 ipsius

271 4146 518 4215 mentm,
546 4160 652 4217 per
678 4147 795 4205 hoc
823 4146 982 4220 quod
1010 4147 1170 4205 circa
1197 4146 1401 4218 aliqua
1427 4144 1548 4205 alia
1573 4152 1917 4218 occupetur.
1945 4148 2078 4206 Non
2103 4156 2267 4205 enim
2285 4158 2411 4206 una
2430 4148 2704 4218 potentia

270 4216 340 4274 in
407 4215 541 4274 lura
564 4215 797 4290 objecta
823 4223 1020 4288 potest
1045 4216 1225 4276 simul
1253 4216 1510 4288 perfecte
1537 4217 1785 4274 moveri.
2040 4261 2050 4273 .

389 4286 643 4359 ed,quia
682 4299 858 4345 mens
902 4287 1088 4346 utitur
1127 4285 1515 4346 inferioribus
1556 4287 1785 4346 viribus
1808 4286 1983 4360 quasi
2009 4286 2454 4358 instrumentis,
2480 4300 2617 4347 cum
2645 4288 2701 4348 ei

267 4355 564 4417 obediunt
598 4362 660 4416 et
700 4357 863 4416 circa
905 4356 1140 4438 diversa
1184 4356 1464 4429 occupari
1510 4362 1709 4429 potest
1751 4356 1817 4414 in
1867 4356 2079 4427 ordine
2102 4357 2180 4416 ad
2204 4369 2392 4416 unum
2423 4357 2498 4415 ad
2527 4361 2702 4429 cujus

273 4427 814 4503 apprehensionem
841 4440 948 4500 per
989 4428 1096 4491 illa
1112 4432 1352 4502 iuvatur
1379 4446 1397 4500 ς
1425 4426 1883 4503 intelligendum
1905 4430 2000 4490 est
2025 4431 2277 4492 eatenus
2302 4433 2567 4490 mentem
2593 4439 2703 4501 pei·
