3076 5025
1099 307 1231 365 Lm.
1273 310 1369 378 111,
1407 307 1563 367 CAP.
1602 307 1820 366 CXLIV.
2560 313 2664 373 483

240 433 620 500 charitatem,
644 445 752 502 per
776 445 955 504 quam
989 436 1082 489 est
1109 432 1369 491 societas
1421 431 1732 490 beatorum
1787 437 1848 489 et
1896 431 2267 490 tendentium
2310 434 2371 490 in
2417 434 2667 494 beatitu-

241 504 469 564 dinem,
492 503 581 628 int
605 509 889 561 aeternum
941 501 1116 559 debet
1140 503 1362 573 puniri,
1387 502 1666 577 quamvis
1712 501 1916 575 aliqua
1964 502 2128 561 brevi
2179 504 2466 575 temporis
2494 519 2668 566 mora

289 588 555 633 eccaveri
586 614 601 629 .

243 589 286 647 p
317 647 606 710 Praeterea,
632 642 788 724 apud
817 642 1084 700 divinum
1105 642 1400 724 judicium
1426 643 1706 701 voluntas
1732 656 1841 715 pro
1865 643 2023 701 facto
2061 649 2470 715 computatum
2499 647 2664 718 quia,

243 714 409 774 sicut
434 713 709 771 homines
733 714 934 771 vident
962 727 1034 770 ea
1060 728 1191 785 quae
1210 719 1471 782 exterius
1496 719 1776 786 aguntur,
1805 714 1889 771 ita
1915 713 2073 772 Deus
2095 715 2339 785 inspicit
2355 716 2666 776 hominum

246 784 452 844 corda.
485 784 594 852 Qui
617 789 814 841 autem
843 791 1085 855 propter
1103 784 1345 856 aliquod
1371 785 1694 855 temporale
1714 784 1939 842 bonum
1965 798 2211 842 aversus
2235 790 2327 843 est
2354 786 2429 844 ab
2454 788 2667 845 ultimo

243 854 390 936 fine,
419 855 521 927 qui
559 855 622 911 in
651 859 936 936 aeternum
966 853 1325 936 possidetur,
1357 867 1478 935 prae
1522 855 1686 936 osuit
1713 855 2060 936 fruitionem
2084 856 2472 926 temporalem
2498 857 2669 917 illius

244 926 393 985 boni
447 925 791 1052 temporalis
846 930 1081 983 aeternae
1113 925 1380 983 fruitioni
1433 870 1631 984 ufiimi
1678 924 1857 995 fln1s3
1888 923 2045 983 unde
2075 931 2235 997 patet
2286 927 2445 1000 quod
2474 929 2666 986 multo

246 996 449 1076 magis
489 1010 560 1054 vo
590 997 779 1053 uisset
819 995 884 1052 in
922 1001 1206 1053 aeternum
1249 996 1357 1054 illo
1405 995 1570 1054 bono
1624 996 1936 1068 temporali
1967 995 2102 1053 frui.
2131 998 2304 1070 Ergo,
2333 998 2671 1057 secundum

243 1066 518 1126 divinum
577 1066 882 1128 ‘udicium‚
906 1066 993 1123 ita
1035 1066 1234 1138 puniri
1289 1065 1461 1124 debet
1512 1081 1583 1126 ac
1637 1067 1692 1124 si
1746 1067 2103 1124 aeternaliter
2147 1073 2476 1138 peccasset.
2507 1069 2669 1128 Nulli

247 1142 448 1194 autem
498 1136 574 1193 du
620 1137 742 1194 ium
793 1142 888 1195 est
932 1136 1078 1210 quin
1130 1151 1240 1208 pro
1302 1142 1526 1195 aeterno
1575 1143 1821 1208 peccato
1862 1143 2082 1195 aeterna
2122 1150 2314 1208 -poena
2358 1137 2666 1198 debeatur.

249 1207 511 1266 Debetur
537 1208 719 1279 igitur
744 1206 799 1265 ei
827 1207 928 1288 qui
952 1207 1032 1288 ab
1064 1207 1276 1265 ultimo
1303 1207 1424 1265 fine
1452 1208 1736 1266 avertitur
1762 1219 1939 1289 poena
1964 1214 2205 1266 aeterna.

320 1278 539 1339 Adhuc,
569 1278 774 1335 eadem
819 1279 1067 1350 Justitiae
1103 1280 1333 1336 ratione
1361 1291 1538 1350 poena
1561 1284 1821 1349 peccatis
1847 1278 2113 1336 redditur
2139 1277 2403 1337 ethonis
2430 1277 2667 1339 actibus

251 1349 582 1420 praemium.
614 1348 928 1407 Praemium
954 1355 1151 1407 autem
1172 1350 1407 1406 virtutis
1430 1355 1524 1406 est
1547 1348 1873 1418 beatitudo,
1886 1361 2017 1422 quae
2044 1348 2284 1430 quidem
2305 1354 2398 1408 est
2421 1355 2666 1421 aeterna,

255 1425 531 1546 διίξομαι
556 1425 866 1545 ostensum
910 1425 1022 1477 est.
1054 1422 1207 1492 Ergo
1233 1424 1294 1477 et
1320 1433 1497 1492 poena
1520 1433 1641 1492 qua
1674 1419 1814 1493 quis
1857 1432 1896 1477 a
1932 1418 2298 1478 beatitudine
2335 1418 2672 1481 excluditur

298 1503 331 1547 e
373 1497 430 1546 et
448 1501 582 1548 esse
610 1503 659 1547 ze
688 1503 850 1547 erna.

329 1561 475 1617 Hinc
528 1566 622 1617 est
670 1560 830 1632 quod
880 1559 1097 1618 dicitur
1127 1578 1142 1617 ε
1167 1561 1330 1616 Ibunt
1356 1561 1418 1616 1ιί
1440 1562 1504 1617 in
1536 1561 1868 1633 supplicium
1914 1561 2365 1631 aeternumdum
2401 1565 2584 1618 autem
2607 1564 2671 1618 in

254 1631 428 1686 vitam
452 1635 726 1687 aetoenam.
761 1629 1000 1701 (Mamm,
1029 1641 1174 1700 xxv,
1202 1630 1317 1703 46.)

327 1703 438 1758 Per
465 1702 579 1758 hoc
611 1707 807 1758 autem
834 1700 1169 1759 excluditur
1203 1715 1371 1760 error
1393 1700 1718 1760 dicentium
1745 1713 1955 1773 poenas
1986 1702 2279 1760 malorum
2306 1702 2671 1776 quandoque

254 1784 394 1830 esse
428 1771 855 1829 terminandas.
887 1772 1032 1840 Quae
1056 1771 1294 1845 quidem
1324 1773 1546 1844 positio
1597 1778 1790 1830 ortum
1822 1772 2105 1830 habuisse
2156 1772 2389 1830 videtur
2429 1787 2467 1831 a
2510 1772 2672 1844 posi·

249 1842 420 1900 tione
447 1842 839 1914 quorumdam
861 1843 1380 1913 philosophorum,
1401 1843 1503 1915 qui
1521 1840 1796 1900 dicebant
1820 1855 2031 1902 omnes
2054 1855 2265 1914 poenas
2290 1844 2669 1914 purgatorias

252 1925 415 1982 esse,
445 1918 506 1969 et
551 1913 634 1971 ita
673 1912 1030 1985 quandoque
1057 1913 1483 1971 terminandas,
1505 1913 1824 1971 Videbatur
1869 1919 2065 1971 autem
2098 1914 2213 1972 hoo
2241 1912 2665 1983 persuasibile:

247 2010 324 2025 —
342 1990 472 2040 tum
523 1997 594 2040 ex
643 1983 905 2041 bumana
933 1984 1396 2053 consuetudine;
1426 1997 1616 2055 poenae
1645 1985 1805 2041 enim
1834 1982 2115 2042 humanis
2139 1984 2375 2057 legibus
2402 1984 2670 2042 inserun-

257 2059 354 2112 tur
395 2053 471 2112 ad
513 2054 990 2112 emendationem
1016 2054 1334 2123 vitiorum3
1366 2055 1523 2112 unde
1556 2054 1712 2116 sicut
1739 2053 2049 2111 medicinae
2086 2055 2357 2126 quaedam
2392 2060 2571 2123 sunt;
2600 2081 2671 2095 -

250 2129 384 2182 tum
413 2124 589 2181 etiam
621 2125 850 2181 ratione
872 2141 888 2192 ;
914 2124 1147 2181 sienim
1176 2138 1354 2194 poena
1379 2136 1498 2180 non
1521 2129 1759 2194 propter
1773 2123 1935 2180 aliud
1959 2123 2278 2182 inferretur
2303 2140 2340 2182 a
2364 2126 2669 2195 puniente,

258 2195 368 2253 sed
438 2200 636 2266 ropter
662 2207 729 2252 se
759 2199 1011 2264 tantum,
1029 2201 1379 2267 sequeretur
1396 2194 1556 2266 quod
1583 2194 1645 2250 in
1676 2195 1870 2265 poenis
1898 2200 2136 2265 propter
2153 2207 2219 2253 se
2248 2194 2667 2253 delectaretur·

256 2208 434 2339 quod,
452 2265 703 2322 bonitati
733 2264 946 2322 divinae
993 2277 1115 2321 non
1145 2265 1420 2336 congruit
1447 2282 1464 2332 ;
1494 2269 1727 2335 oportet
1762 2265 1948 2337 igitur
1970 2277 2180 2336 poenas
2223 2271 2464 2337 propter
2506 2265 2627 2324 aliu

257 2335 492 2404 inferri,
520 2349 631 2392 nec
673 2335 908 2392 videtur
954 2334 1111 2392 alius
1152 2335 1604 2394 convenientior
1629 2333 1772 2393 linis
1795 2348 1974 2408 quam
2002 2334 2339 2393 emendatio
2368 2336 2669 2393 vitiorum.

253 2406 499 2464 Videtur
539 2406 722 2474 igitur
755 2405 1177 2464 convenienter
1223 2405 1340 2462 dici
1384 2417 1596 2462 omnes
1637 2418 1846 2475 poenas
1890 2405 2266 2475 purgatorias
2301 2418 2458 2474 esse,
2484 2410 2544 2462 et
2566 2419 2673 2477 per

256 2489 642 2549 consequens
670 2474 1026 2550 quandoque
1057 2475 1484 2544 terminandas,
1516 2489 1700 2549 quum
1729 2475 1905 2556 etiam
1932 2473 2081 2532 illud
2107 2474 2268 2548 quod
2318 2480 2411 2533 est
2453 2488 2670 2549 purga-

254 2548 380 2608 bile
427 2547 790 2605 accidentale
834 2548 915 2606 sit
949 2547 1180 2606 ratione
1228 2552 1516 2606 creaturae
1570 2551 1631 2604 et
1677 2552 1874 2618 possit
1911 2546 2199 2603 removeri
2254 2545 2480 2619 absque
2526 2560 2670 2604 con-

255 2619 601 2689 sumptione
631 2618 1000 2676 substantiae.

327 2691 431 2747 Est
457 2695 655 2746 autem
685 2689 1130 2747 concedendum
1156 2688 1316 2762 quod
1344 2701 1535 2761 poenae
1562 2687 1899 2745 inferuntur
1915 2698 1954 2744 a
1979 2686 2121 2755 Deo,
2146 2699 2271 2745 non
2314 2692 2556 2760 propter
2581 2701 2671 2758 se,

253 2760 430 2842 qnasi
465 2763 622 2818 Deus
649 2760 716 2818 in
743 2761 894 2830 ipsis
921 2759 1261 2829 delectetur,
1285 2759 1389 2818 sed
1419 2765 1660 2831 propter
1681 2757 1864 2826 aliud,
1894 2757 2125 2816 scilicet
2145 2771 2253 2838 pro
2297 2762 2386 2816 ter
2400 2758 2673 2817 ordinem

255 2831 690 2902 imponendum
744 2832 1054 2898 creatum,
1085 2831 1145 2887 in
1196 2845 1315 2903 quo
1361 2830 1587 2887 bonum
1632 2828 1895 2886 universi
1924 2827 2223 2885 consistit.
2299 2829 2447 2901 xigjt
2474 2834 2673 2888 autem

253 2901 374 2959 boc
401 2902 550 2959 ordo
594 2913 790 2958 rerum
822 2907 887 2957 ut
926 2900 1448 2972 proportionaliter
1475 2900 1681 2958 omnia
1704 2898 1991 2957 divinitus
2020 2897 2477 2969 dispensentur3
2502 2912 2674 2972 prop-

252 2978 346 3029 ter
370 2971 530 3045 quod
580 2972 796 3029 dicitur
824 2972 886 3029 in
929 2971 1080 3029 libro
1104 2971 1437 3042 Sapientiae,
1462 2982 1547 3039 xi,
1572 2975 1665 3039 21,
1695 2968 1854 3041 quod
1899 2971 2057 3028 Deus
2085 2971 2268 3025 omnia
2294 2969 2434 3027 facit
2462 2972 2521 3024 in
2583 2984 2675 3026 on·

254 3044 403 3106 dere,
424 3057 646 3122 numero
671 3046 720 3097 et
759 3056 1032 3098 mensura.
1063 3042 1228 3099 Sicut
1254 3047 1451 3122 autem
1481 3039 1732 3121 praemia·
1764 3053 1871 3112 pro
1914 3040 2286 3121 ortionaliter
2310 2986 2675 3121 responffent

255 3113 493 3170 actibus
521 3113 827 3180 virtuosis,
858 3112 941 3169 ita
978 3125 1155 3183 poena
1197 3119 1488 3183 peccat1s;
1521 3116 1583 3168 et
1633 3110 1852 3183 quibus
1896 3124 1991 3167 am
2039 3117 2299 3182 peccatis
2337 3116 2674 3182 proportio-

257 3191 478 3240 nantur
501 3197 690 3255 poenae
719 3184 1115 3254 sempiternae,
1141 3189 1208 3240 ut
1254 3188 1564 3240 ostensum
1614 3187 1726 3239 est.
1754 3180 1972 3254 infligit
2013 3181 2198 3252 igitur
2226 3184 2381 3238 Deus
2410 3195 2517 3251 pro
2541 3181 2673 3254 qui·

258 3253 512 3311 busdam
560 3254 818 3324 peccatis
845 3267 1055 3323 poenas
1084 3259 1357 3321 aeternas,
1384 3258 1451 3310 ut
1477 3252 1714 3310 debitus
1738 3252 1887 3309 ordo
1936 3256 2204 3310 servetur
2231 3251 2294 3309 in
2337 3251 2539 3321 rebuS,
2567 3251 2674 3325 qui

259 3324 390 3396 ejus
410 3324 761 3395 sapientiam
793 3324 1184 3382 demonstrat.

334 3396 393 3452 Si
415 3396 550 3466 quis
579 3400 778 3452 tamen
797 3395 1084 3453 concedat
1103 3405 1314 3451 omnes
1336 3405 1549 3463 poenas
1576 3392 1649 3450 ad
1674 3392 2151 3450 emendationem
2168 3391 2447 3450 vitiorum
2468 3391 2677 3450 induci

259 3470 316 3521 et
363 3479 485 3522 non
531 3472 769 3535 propter
815 3465 976 3522 aliud
996 3506 1012 3532 ‚
1055 3478 1177 3521 non
1219 3469 1418 3521 tamen
1464 3469 1705 3535 propter
1749 3463 1864 3521 boo
1920 3463 2143 3534 iogitur
2227 3476 2407 3520 onere
2463 3475 2676 3521 omnes

253 3549 470 3607 poenas
490 3535 865 3607 purgatorias
896 3541 954 3591 et
981 3534 1386 3592 terminabiles
1413 3548 1570 3591 esse.
1596 3536 1738 3591 Nam
1761 3540 1819 3590 et
1837 3532 2165 3591 secundum
2210 3546 2351 3605 eges
2378 3533 2674 3593 humanas

257 3606 445 3678 aliqui
488 3612 674 3663 morte
703 3605 1033 3676 puniuntur
1070 3617 1189 3662 non
1218 3605 1458 3678 quidem
1484 3604 1555 3661 ad
1584 3604 2057 3662 emendationem
2089 3603 2204 3665 sui,
2237 3603 2342 3661 sed
2371 3605 2667 3672 aliorum3
2721 3634 2733 3647 ·

253 3674 400 3733 hinc
445 3681 535 3733 est
580 3676 738 3747 quod
768 3675 986 3733 dicitur
1011 3693 1025 3731 :
1054 3676 1343 3733 Pestilente
1380 3677 1673 3745 flaqellato,
1720 3676 1919 3730 stultus
1962 3676 2259 3745 sapientior
2295 3676 2419 3731 erit.
2465 3675 2676 3745 (From,

255 3756 383 3816 xvc,
413 3748 528 3813 25.)
556 3746 804 3814 Quidam
857 3746 1036 3803 etiam
1091 3746 1423 3803 secundum
1471 3747 1765 3804 humanas
1812 3745 1974 3817 leges
2020 3760 2055 3802 a
2099 3745 2335 3803 civitate
2389 3750 2676 3816 perpetuo

253 3817 441 3874 exilio
486 3816 899 3883 excluduntur,
941 3821 1046 3885 ut,
1095 3815 1186 3873 eis
1237 3817 1581 3887 subtractis,
1635 3816 1844 3874 civitas
1890 3815 2098 3886 purior
2147 3815 2458 3884 reddatur3
2514 3813 2676 3874 unde

255 3887 481 3945 dicitur
510 3905 523 3942 t
557 3887 709 3957 Ejice
755 3886 1064 3956 derisorem,
1111 3891 1164 3942 et
1212 3887 1383 3942 exibit
1426 3903 1549 3943 cum
1591 3901 1650 3943 eo
1682 3887 1953 3957 jurgium,
1986 3886 2368 3957 cessabuntque
2407 3901 2582 3943 causae
2625 3889 2680 3944 et

247 3959 605 4014 contumeliae.
655 3958 860 4028 (Pi-ov„
908 3968 1053 4026 xxn,
1105 3958 1215 4029 10.)
1245 3957 1405 4015 Nihil
1433 3957 1618 4029 igitur
1654 3958 1950 4029 prohibet,
1998 3957 2175 4014 etiam
2221 3958 2275 4014 si
2305 3971 2494 4028 poenae
2525 3968 2676 4014 non-

252 4028 380 4084 nisi
425 4027 497 4083 ad
554 4027 1026 4084 emendationem
1082 4040 1316 4086 morum
1363 4027 1776 4097 adhibeantur,
1832 4028 1976 4100 quin
2026 4027 2353 4085 secundum
2408 4027 2679 4087 divinum

250 4097 551 4170 judicium
596 4098 778 4178 aliqui
813 4098 1067 4156 debeant
1094 4114 1132 4157 a
1176 4100 1460 4157 societate
1505 4098 1799 4157 bonorum
1853 4104 2138 4170 perpetuo
2192 4098 2455 4169 separari
2504 4105 2563 4156 et
2613 4100 2679 4155 in

256 4172 549 4226 aeternum
579 4168 796 4237 puniri,
824 4173 889 4224 ut
914 4183 986 4227 ex
1009 4176 1306 4241 perpetuoe
1335 4182 1525 4240 poenae
1561 4170 1772 4227 timore
1798 4168 2077 4226 homines
2101 4183 2345 4239 peccare
2385 4168 2678 4226 desistant

259 4243 322 4297 et
350 4238 646 4295 bonorum
676 4238 933 4297 societas
962 4243 1166 4310 purior
1192 4255 1262 4299 ex
1292 4253 1498 4296 eorum
1520 4240 1892 4310 separatione
1918 4238 2216 4309 reddatur,
2247 4240 2403 4297 sicut
2430 4240 2674 4297 dicitur:

181 4334 196 4344 ·
253 4310 384 4368 Non
409 4310 641 4364 intrabit
687 4310 747 4363 in
774 4324 910 4373 eam,
934 4310 992 4367 id
1020 4316 1109 4369 est
1151 4312 1212 4368 in
1247 4310 1577 4368 Jerusalem
1610 4311 1929 4370 coelestem,
1958 4323 2063 4379 per
2097 4323 2274 4381 quam
2326 4310 2675 4381 designatur

253 4380 521 4439 societas
553 4379 865 4448 bonorum,
890 4381 1114 4453 aliquod
1155 4383 1585 4455 coinquinatum,
1611 4384 1711 4440 aut
1738 4380 2188 4440 abominationem
2213 4382 2425 4452 taciens
2448 4385 2501 4437 et
2524 4390 2671 4436 men—

244 4451 496 4511 dacium.
524 4449 741 4525 (Ama,
767 4462 892 4523 xxi,
924 4451 1043 4525 27.)
