3076 5025
466 309 577 366 500
861 355 874 363 .
1364 303 1497 361 Lm.
1538 303 1632 373 lv,
1670 303 1824 360 CAP.
1861 301 2005 359 vm.

467 431 641 487 Deum
664 441 853 483 verum
881 425 1124 498 (Ionam,
1146 437 1296 492 xva,
1329 423 1406 496 3),
1436 437 1560 482 non
1594 423 1684 481 sic
1707 421 2166 496 intelligendum
2196 429 2288 482 est
2316 423 2478 497 quod
2527 422 2693 483 solus
2716 427 2878 485 Pater

470 500 553 558 sit
580 510 755 555 verus
784 499 963 565 Deus,
1011 496 1185 569 quasi
1215 494 1401 552 Filius
1451 507 1576 552 non
1612 496 1692 552 sit
1730 508 1907 552 verus
1938 497 2095 552 Deus
2125 494 2305 567 (quod
2346 500 2548 552 tamen
2584 496 2883 555 manifeste

469 568 783 639 Scripturoe
809 567 1160 625 testimonio
1183 564 1513 637 probatur),
1545 564 1652 622 sed
1673 563 1832 636 quod
1862 565 1969 621 illa
2022 579 2110 623 uae
2130 571 2222 624 est
2239 579 2363 623 una
2385 565 2521 624 sola
2540 580 2677 623 vera
2698 567 2885 626 Deitas

469 640 628 697 Patri
676 638 1013 704 conveniat,
1062 637 1147 695 ita
1191 642 1392 693 tamen
1440 635 1601 708 quod
1648 647 1771 693 non
1813 635 1983 693 exclu
2027 641 2162 693 atur
2207 635 2346 693 inde
2385 642 2446 693 et
2486 635 2685 694 Filius.
2726 637 2886 695 Unde

470 710 522 769 si
569 715 780 767 nantel*
805 721 930 765 non
958 706 1109 766 dixit
1136 706 1429 765 Dominus
1456 724 1469 762 :
1523 708 1592 763 Ut
1619 710 1939 775 cognoscant
1974 711 2044 775 te,
2072 708 2244 763 solum
2281 710 2452 762 Deum
2484 723 2683 770 vet-um,
2718 708 2885 834 ‹buasi

471 794 542 839 so
570 793 641 837 us
667 779 797 850 ipse
823 778 904 837 sit
926 781 1127 846 Deus;
1160 777 1266 836 sed
1307 776 1454 834 dixit
1484 791 1498 829 ε
1535 778 1619 834 ‘Ut
1655 780 1976 846 cognoscant
2027 781 2097 845 te,
2148 783 2205 835 et
2256 777 2483 836 addidit
2527 777 2695 834 solum
2774 794 2889 834 eum

467 866 675 919 verum,
709 855 775 907 ut
800 848 1142 908 ostenderet
1171 851 1425 916 Patrem,
1453 846 1627 918 cujus
1656 860 1722 906 se
1762 848 1975 905 Filium
2004 847 2466 919 protestabatur,
2508 860 2645 905 esse
2688 849 2887 917 Deum,

470 922 535 978 in
567 933 686 993 quo
713 920 1014 977 invenitur
1035 918 1141 977 illa
1168 932 1302 992 quae
1332 918 1466 976 sola
1493 922 1585 975 est
1616 932 1751 975 vera
1792 917 2088 976 divinitas.
2121 921 2219 983 Et,
2260 918 2404 990 quia
2434 923 2665 989 oportet
2693 932 2888 976 verum

472 991 688 1049 Filium
719 990 989 1062 ejusdem
1013 994 1241 1047 naturae
1270 1002 1406 1047 esse
1450 1002 1586 1046 cum
1640 992 1827 1058 Patre,
1858 989 2053 1062 magis
2098 988 2371 1061 sequitur
2420 988 2581 1062 quod
2620 988 2720 1045 illa
2763 1003 2889 1062 quae

469 1062 608 1119 sola
635 1065 729 1118 est
753 1075 893 1118 vera
920 1059 1204 1118 divinitas
1234 1058 1382 1117 Filio
1429 1058 1746 1117 conveniat
1793 1072 1971 1131 quam
2021 1058 2094 1116 ab
2148 1073 2221 1116 ea
2262 1058 2451 1117 Filius
2507 1059 2887 1128 excludatur:

473 1131 633 1190 unde
664 1136 724 1188 et
747 1133 1011 1189 loannes
1034 1130 1208 1210 quasi
1243 1130 1371 1188 brec
1394 1129 1576 1187 verba
1623 1129 1858 1187 Domini
1907 1142 2235 1200 exponens,
2286 1135 2607 1203 utrumque
2644 1129 2887 1187 istorum

470 1215 614 1259 vero
645 1201 795 1259 Filio
825 1201 1093 1260 attribuit
1120 1214 1253 1274 quae
1268 1199 1367 1257 hic
1394 1201 1685 1258 Dominus
1705 1199 1848 1257 dicit
1877 1199 1949 1256 de
1975 1202 2166 1268 Patre,
2196 1199 2424 1257 scilieet
2444 1199 2604 1273 quod
2623 1200 2699 1258 sit
2722 1213 2886 1257 verus

473 1275 633 1330 Deus
662 1277 722 1329 et
752 1272 913 1345 quod
939 1272 1002 1328 in
1026 1283 1098 1329 eo
1127 1272 1207 1329 sit
1231 1271 1356 1328 vita
1380 1276 1621 1338 aeterna,
1651 1270 1860 1328 dicens
1892 1286 1907 1322 τ
1943 1271 2012 1326 Ut
2038 1285 2420 1339 coqnoscamus
2447 1286 2638 1326 verum
2658 1273 2823 1327 Deum
2845 1275 2889 1326 et

470 1345 642 1400 simus
663 1346 726 1399 in
750 1358 875 1398 vero
899 1343 1039 1398 Filio
1066 1342 1204 1412 ejus.
1233 1344 1336 1397 Hic
1363 1345 1443 1397 est
1466 1356 1626 1397 verus
1658 1344 1795 1396 Deus
1822 1345 1875 1396 et
1908 1343 2027 1395 vita
2052 1346 2276 1397 «τίεν-πα.
2334 1341 2387 1413 (I
2423 1342 2650 1403 Joann„
2676 1354 2739 1409 v,
2786 1341 2886 1412 20).

471 1414 535 1473 Si
563 1420 762 1471 tamen
791 1413 1109 1471 consessus
1138 1417 1301 1471 esset
1324 1412 1506 1470 Filius
1534 1411 1694 1484 quod
1738 1411 1910 1468 solus
1960 1412 2131 1468 Pater
2155 1416 2318 1468 esset
2354 1425 2533 1470 verus
2564 1414 2744 1481 DeuS,
2777 1423 2887 1468 non

472 1489 715 1556 propter
739 1483 856 1541 hoc
884 1497 923 1541 a
941 1497 1084 1541 vera
1110 1482 1417 1541 divinitate
1446 1482 1632 1541 Filius
1662 1480 1896 1538 excludi
1914 1481 2342 1562 intelligendus
2367 1489 2529 1563 esset
2549 1495 2749 1562 inam,
2837 1481 2889 1561 ia

474 1557 649 1612 Pater
676 1559 736 1610 et
761 1554 947 1612 Filius
976 1557 1119 1612 sunt
1153 1566 1312 1611 unus
1337 1554 1516 1622 Deus,
1557 1557 1622 1609 ut
1654 1558 1966 1610 ostensum
1993 1557 2105 1620 est,
2137 1552 2425 1625 quidquld
2472 1557 2704 1610 ratione
2797 1552 2886 1608 in·

474 1624 680 1682 nitatis
704 1623 776 1681 de
807 1626 975 1681 Patre
1004 1622 1386 1681 dicituridem
1417 1628 1511 1680 est
1537 1637 1609 1680 ac
1638 1622 1690 1680 si
1733 1621 1808 1679 de
1852 1621 1998 1679 Filio
2043 1621 2356 1690 diceretur,
2402 1628 2461 1679 et
2507 1637 2539 1679 e
2585 1634 2885 1679 converso.

472 1697 602 1753 Non
625 1694 780 1751 enim
805 1699 1044 1766 propter
1066 1692 1181 1752 hoc
1208 1694 1368 1767 quod
1398 1694 1691 1750 Dominus
1718 1692 1863 1749 dicit
1891 1708 1906 1745 ε
1936 1694 2102 1751 Nemo
2126 1694 2278 1749 novit
2296 1692 2518 1762 Filium,
2554 1694 2670 1748 nisi
2716 1694 2880 1754 Pater.

473 1779 648 1836 neque
672 1767 891 1821 Patrem
924 1767 1046 1835 quis
1069 1767 1222 1820 novit
1244 1766 1358 1820 nisi
1407 1766 1582 1820 Filius
1610 1763 1851 1835 (natm,
1878 1774 1962 1833 x1,
1995 1763 2111 1836 27),
2135 1762 2489 1836 intelligitur
2533 1762 2629 1820 vel
2672 1764 2886 1820 Patera

475 1837 571 1893 sui
602 1835 942 1907 cognitione
971 1834 1205 1892 excludi
1233 1834 1327 1891 vel
1354 1835 1557 1892 Filius.

547 1908 628 1961 Ex
654 1919 775 1976 quo
803 1905 980 1962 etiam
1009 1909 1170 1975 patet
1195 1905 1355 1978 quod
1384 1918 1522 1962 vera
1548 1904 1676 1962 Filii
1724 1903 1998 1962 divinitas
2028 1917 2151 1962 non
2198 1903 2536 1962 excluditur
2584 1918 2660 1962 ex
2706 1902 2887 1961 verbis

473 1975 743 2047 Apostoli
773 1975 989 2047 quibus
1021 1974 1166 2032 dicit
1192 1993 1207 2032 :
1238 1975 1404 2042 Quem
1429 1977 1545 2030 suis
1572 1980 1677 2030 tem
1717 1976 1900 2030 oribus
1928 1975 2171 2031 ostendet
2208 1975 2393 2031 beatus
2436 1979 2489 2030 et
2532 1975 2681 2030 solus
2716 1979 2890 2045 potem

473 2047 593 2102 Rem
617 2060 824 2113 repam,
856 2050 908 2100 et
932 2046 1192 2100 Dominus
1216 2045 1635 2102 dominantium.
1685 2047 1707 2101 1
1742 2047 1904 2113 Tim„
1934 2058 2022 2115 vi,
2056 2045 2164 2116 15).
2196 2047 2328 2103 Non
2357 2045 2518 2102 enim
2553 2045 2617 2102 in
2649 2045 2747 2104 his
2773 2058 2891 2102 ver·

474 2114 570 2173 bis
598 2117 769 2172 Pater
798 2115 1157 2184 nominatur,
1188 2115 1295 2172 sed
1323 2114 1382 2171 id
1411 2115 1572 2186 quod
1602 2122 1693 2172 est
1720 2129 2038 2172 commune
2067 2115 2225 2173 Patri
2268 2121 2322 2173 et
2368 2116 2533 2173 Filio.
2568 2118 2719 2173 Nam
2745 2114 2893 2196 quod

476 2189 536 2241 et
565 2185 751 2243 Filius
777 2185 857 2242 sit
879 2187 998 2242 Rex
1026 2198 1235 2257 regum
1264 2190 1324 2242 et
1359 2185 1647 2243 Dominus
1699 2184 2133 2244 dominantium
2175 2185 2492 2244 manifeste
2540 2185 2891 2254 ostenditur,

473 2255 578 2313 ubi
598 2256 845 2312 dicitur:
873 2256 1108 2313 Vestitus
1127 2259 1245 2311 erat
1264 2259 1408 2311 veste
1428 2271 1655 2326 asper-sa
1672 2259 1959 2325 sanquine,
1979 2261 2031 2312 et
2052 2262 2277 2313 vocatur
2298 2272 2491 2312 nomen
2515 2256 2895 2327 ejus,vl²:nnmt

475 2337 578 2385 nm
604 2325 881 2396 (Aput-al„
910 2337 1036 2388 xlx,
1064 2325 1174 2397 13);
1208 2330 1266 2383 et
1291 2333 1500 2395 postea
1519 2326 1824 2384 subditur:
1852 2329 1926 2383 Et
1954 2328 2112 2383 habet
2125 2328 2187 2382 in
2204 2330 2518 2384 vestimento
2543 2332 2595 2382 et
2622 2330 2685 2382 in
2701 2328 2893 2395 tmere

475 2411 572 2453 suo
593 2399 857 2466 scriptum
883 2415 901 2451 :
929 2398 1047 2453 Rea:
1063 2411 1269 2466 regum,
1301 2401 1352 2453 et
1374 2399 1638 2453 Dominus
1675 2397 2089 2453 dominantium.
2139 2396 2325 2469 (ibid,
2361 2397 2472 2471 16.)
2502 2400 2623 2455 Nec
2676 2398 2752 2456 ab
2789 2398 2894 2455 hoc

477 2467 640 2596 ffimd
673 2466 989 2525 subditur:
1026 2467 1133 2535 Qui
1159 2470 1304 2524 solus
1359 2469 1518 2524 habet
1553 2468 2013 2525 immortalitatem
2052 2469 2238 2540 (Tim,
2290 2481 2376 2533 vt,
2434 2468 2521 2542 16)
2574 2468 2895 2528 excluditur

526 2539 680 2607 'liuS,
754 2551 893 2596 uum
925 2543 985 2595 et
1011 2538 1124 2596 sibi
1153 2538 1530 2596 credentibus
1567 2539 2071 2596 immortalitatem
2106 2539 2411 2608 conferat:
2442 2539 2603 2597 unde
2636 2539 2889 2597 dicitur:

476 2609 584 2675 Qui
608 2624 695 2664 cre
737 2612 780 2664 it
804 2611 867 2664 in
892 2624 977 2664 me
1002 2624 1113 2665 non
1141 2612 1401 2665 morietur
1420 2613 1482 2665 in
1509 2614 1788 2666 aeternum.
1822 2610 2058 2681 (Joann.,
2090 2622 2174 2680 xl,
2202 2609 2318 2681 26.)
2349 2609 2461 2668 Sed
2492 2616 2552 2667 et
2578 2609 2696 2668 hoc
2743 2608 2892 2684 quod

476 2679 757 2737 subditur
787 2697 800 2735 :
831 2680 995 2745 Quem
1021 2681 1206 2735 nullus
1235 2681 1510 2735 hominum
1533 2681 1699 2748 vidit,
1724 2680 1819 2735 sed
1844 2696 1939 2735 nec
1963 2680 2148 2735 videre
2166 2679 2424 2751 potest(1
2446 2683 2610 2746 Tim„
2651 2694 2737 2748 vl,
2793 2680 2891 2751 16),

473 2756 699 2806 certum
733 2755 825 2807 est
854 2750 1001 2807 Filio
1025 2749 1361 2813 convenire,
1394 2764 1579 2823 quum
1605 2750 1893 2808 Dominus
1922 2750 2078 2807 dicat
2107 2769 2122 2806 ε
2164 2753 2329 2810 Nemo
2352 2754 2506 2806 novit
2535 2753 2764 2813 Filium,
2792 2752 2895 2808 nisi

471 2821 658 2875 Pater.
692 2819 931 2891 (Mattiu,
959 2831 1043 2887 x1,
1065 2822 1179 2892 27).
1207 2820 1312 2878 Cui
1339 2833 1462 2877 non
1489 2822 1690 2878 obstat
1719 2820 1879 2894 quod
1913 2820 2166 2900 visibilis
2213 2822 2523 2892 apparuit;
2572 2819 2692 2879 boc
2738 2822 2889 2879 enim

476 2891 808 2948 secundum
839 2903 1074 2947 carnem
1103 2891 1439 2948 estfactum
1467 2908 1482 2959 ;
1507 2896 1597 2949 est
1632 2898 1828 2948 autem
1858 2890 2173 2949 invisibilis
2213 2891 2545 2949 secundum
2596 2892 2888 2959 deitatem,

476 2960 635 3017 sicut
663 2966 722 3016 et
747 2963 952 3027 Pater:
983 2960 1140 3017 unde
1175 2961 1500 3031 Apostolus
1538 2962 1601 3018 in
1649 2961 1853 3018 eadem
1912 2961 2173 3032 Epistola
2217 2962 2357 3019 dicit
2395 2980 2409 3019 :
2450 2964 2749 3030 manifeste
2794 2979 2891 3019 ma-

471 3045 643 3099 ynum
669 3035 749 3085 est
771 3032 994 3100 pietatis
1019 3036 1433 3095 sacramentum,
1481 3032 1629 3102 quod
1652 3033 2063 3099 manifestatum
2100 3036 2179 3087 est
2203 3034 2267 3088 in
2308 3048 2490 3089 carne.
2541 3031 2595 3104 (1
2618 3036 2784 3101 Tim„
2813 3045 2887 3101 111,

474 3100 590 3172 16.)
620 3103 738 3157 Nec
763 3101 923 3173 cogit
950 3101 1110 3173 quod
1138 3100 1265 3159 haec
1311 3101 1383 3159 de
1433 3102 1567 3159 solo
1610 3104 1781 3159 Patre
1825 3102 1983 3159 dicta
2032 3102 2457 3175 intelligamus
2500 3103 2644 3176 quia
2690 3103 2890 3161 dicitur

471 3170 648 3243 quasi
673 3176 942 3240 oporteat
969 3170 1148 3228 alium
1183 3185 1317 3230 esse
1342 3172 1755 3230 ostendentem
1782 3178 1839 3229 et
1862 3173 2043 3229 alium
2075 3179 2384 3231 ostensum
2411 3192 2426 3243 ;
2458 3186 2597 3230 nam
2628 3179 2689 3231 et
2718 3175 2889 3232 Filius

473 3241 737 3311 seipsum
762 3240 1022 3299 ostendit
1044 3259 1058 3310 ;
1085 3240 1228 3299 dicit
1254 3242 1410 3299 enim
1436 3242 1565 3314 ipse
1597 3257 1613 3295 τ
1643 3244 1750 3310 Qui
1776 3243 1961 3311 diliqit
2000 3258 2083 3298 me
2110 3243 2372 3313 diligetur
2399 3261 2435 3298 a
2461 3246 2632 3300 Patre
2668 3261 2821 3312 meo3
2848 3248 2891 3300 et

467 3326 568 3380 eqo
596 3312 824 3379 diliqam
849 3327 989 3374 eum,
1018 3316 1068 3367 et
1093 3314 1455 3380 manifestabo
1482 3315 1532 3368 ei
1554 3317 1816 3383 meipsum
1840 3313 2081 3382 (Joann.,
2104 3325 2224 3383 ΧΠ,
2253 3315 2344 3385 21)
2370 3332 2385 3382 ;
2416 3314 2576 3372 unde
2597 3320 2657 3372 et
2685 3315 2739 3372 ei
2762 3314 2889 3374 dici·

471 3395 612 3439 mus
640 3396 654 3434 :
685 3382 913 3438 Ostende
933 3384 1132 3449 taciem
1159 3387 1311 3439 tuam
1328 3388 1379 3438 et
1401 3384 1545 3439 salvi
1569 3386 1789 3440 erimus.
1821 3385 2045 3451 (Psalm.
2077 3396 2289 3453 Lxxlx,
2313 3383 2427 3456 20.)

549 3452 715 3519 Quod
748 3457 943 3510 autem
975 3453 1266 3511 Dominus
1296 3452 1473 3511 dicit:
1505 3457 1669 3510 Pater
1702 3456 1881 3525 majm·
1906 3470 1989 3510 me
2015 3460 2095 3510 est
2123 3454 2359 3526 (Joann.,
2403 3467 2533 3524 ΧΠ,
2562 3456 2681 3529 28),
2709 3455 2887 3529 quali·

472 3525 563 3578 ter
609 3521 686 3579 sit
715 3521 1168 3594 intelligendum
1207 3525 1530 3595 Apostolus
1579 3524 1770 3581 docet.
1821 3525 2015 3593 Quum
2063 3525 2228 3582 enim
2269 3524 2464 3582 ma'us
2504 3528 2798 3584 referatur
2824 3524 2887 3583 ad

470 3593 714 3671 minue„
733 3596 964 3663 oportet
989 3592 1242 3667 intelligi
1273 3595 1388 3652 boc
1415 3595 1528 3652 dici
1569 3594 1641 3652 de
1672 3595 1819 3652 Filio
1863 3595 2194 3653 secundum
2223 3608 2344 3668 quo
2415 3599 2508 3653 est
2534 3597 2885 3655 minoratus

473 3664 747 3720 Ostendit
773 3668 970 3743 autem
994 3664 1315 3735 Apostolus
1339 3679 1473 3723 eum
1505 3678 1641 3724 esse
1671 3665 2031 3724 minoratum
2060 3666 2389 3725 secundum
2420 3667 2885 3738 assumptionem

472 3733 679 3791 formae
705 3733 961 3803 servilis,
991 3734 1075 3792 ita
1101 3741 1300 3793 tamen
1330 3735 1492 3809 quod
1521 3739 1641 3794 Deo
1672 3737 1823 3793 Patri
1875 3736 2125 3808 aequalis
2173 3736 2389 3795 existat
2415 3739 2748 3795 secundum
2782 3738 2887 3794 sor-

470 3817 629 3861 mam
657 3804 917 3861 divinam
943 3821 958 3873 ;
985 3804 1130 3862 dicit
1157 3805 1351 3862 enim:
1383 3806 1557 3874 Quum
1581 3809 1641 3861 in
1665 3809 1847 3876 forma
1870 3809 1972 3863 Dei
1994 3812 2147 3875 esset,
2172 3823 2281 3863 non
2304 3810 2563 3878 rapinam
2591 3809 2887 3864 arbitratus

470 3879 550 3930 est
589 3891 699 3930 esse
743 3889 800 3930 se
825 3876 1084 3944 aequalem
1126 3878 1235 3932 Deo
1247 3895 1267 3944 3
1308 3878 1403 3932 sed
1451 3880 1792 3948 semetipsum
1837 3880 2146 3934 exinanivit
2170 3880 2407 3947 formam
2430 3880 2579 3934 servi
2604 3880 2885 3950 accipiens.

472 3944 663 4024 (Plau,
693 3958 760 4014 11,
792 3950 845 4013 6,
873 3945 953 4018 7.)
984 3948 1100 4003 Nee
1129 3952 1221 4005 est
1246 3948 1461 4005 mirum
1491 3949 1543 4005 si
1593 3963 1664 4005 ex
1723 3949 1836 4006 hoc
1864 3951 2035 4006 Pater
2088 3961 2160 4006 eo
2210 3948 2403 4021 major
2429 3949 2685 4019 dicatur,
2710 3961 2885 4023 quum

463 4019 648 4073 etiam
677 4020 751 4072 ab
793 4016 1025 4088 angelis
1072 4030 1208 4074 eum
1251 4017 1612 4076 minoratum
1646 4019 1967 4089 Apostolus
1997 4018 2155 4076 dicat
2179 4037 2195 4076 :
2222 4021 2381 4083 Eum,
2413 4019 2632 4092 inquit,
2660 4022 2757 4090 qui
2781 4033 2885 4075 mo·

463 4083 592 4140 dico
618 4101 782 4155 quam
831 4088 1016 4155 angeli
1038 4090 1340 4144 minoratus
1364 4094 1458 4153 est,
1493 4090 1743 4145 videmus
1766 4092 1947 4145 Jesum
1965 4093 2194 4162 propter
2212 4092 2522 4161 passionem
2544 4094 2753 4160 mortis,
2785 4091 2885 4161 qlo-

468 4156 560 4209 ria
585 4161 636 4210 et
667 4157 864 4213 honore
898 4162 1230 4214 coronatum.
1258 4158 1462 4230 (Helm,
1493 4174 1560 4229 ιι,
1592 4160 1668 4231 9.)

542 4226 621 4281 Ex
667 4240 786 4308 quo
833 4227 1012 4307 etiam
1057 4233 1218 4302 patet
1299 4230 1416 4287 uod
1447 4232 1775 4288 secundum
1827 4231 2095 4289 eamdem
2125 4232 2419 4290 rationem
2457 4231 2677 4290 dicitur
2706 4230 2881 4288 Filius

470 4307 605 4375 esse
629 4298 782 4353 Patri
818 4298 1144 4370 subjectus,
1177 4300 1264 4359 sci
1293 4302 1408 4357 icet
1426 4302 1755 4358 secundum
1788 4302 2110 4361 humanam
2137 4307 2449 4373 naturam:
2517 4302 2635 4361 uod
2660 4317 2730 4359 ex
2758 4301 2883 4372 ipsa

470 4368 917 4424 circumstantia
961 4369 1172 4431 litterae
1201 4378 1460 4442 apparet.
1507 4374 1877 4428 Praemiserat
1909 4374 2066 4430 enim
2101 4374 2465 4445 Apostolus:
2544 4388 2604 4429 er
2629 4373 2881 4428 hominem

460 4448 630 4497 mor-s,
659 4441 711 4490 et
729 4452 831 4506 per
870 4437 1135 4497 hominem
1171 4444 1493 4498 resurrectio
1514 4448 1846 4499 mortuorum
1876 4443 1929 4517 (Ι
1951 4443 2094 4514 Gor„
2125 4456 2227 4515 xv,
2260 4443 2389 4517 21);
2421 4448 2481 4503 et
2512 4448 2721 4516 postea
2745 4441 2877 4501 sub·
