3076 5025
1072 285 1205 341 LIB.
1244 284 1317 346 11,
1357 283 1508 339 CAP.
1546 283 1775 338 XLVIII.
2523 288 2626 343 177

205 410 371 467 enim
401 409 589 467 homo
614 421 720 489 per
744 420 811 466 se
837 405 1193 486 praedicatnr
1218 405 1289 462 de
1314 403 1581 484 animali,
1617 403 1723 484 sed
1756 417 1789 462 e
1815 417 2128 465 converso.
2157 410 2225 465 Et
2260 408 2473 466 iterum
2506 424 2629 469 non

209 482 455 551 ponitur
495 479 828 551 subjectum
874 477 940 534 in
985 474 1330 555 definitione
1381 473 1702 554 praedicati,
1733 475 1901 556 sede
1943 491 2253 536 converso.
2285 482 2417 536 Non
2446 480 2629 553 igitur

205 550 510 622 praediciae
540 547 993 620 praedicationes
1018 546 1297 603 dicuntur
1321 558 1426 617 per
1453 557 1520 601 se
1549 550 1778 602 ratione
1804 545 1944 603 dicti
1975 548 2225 607 ordinis.

278 624 570 682 Praeterea.
602 621 678 677 ab
704 619 914 678 eodem
966 616 1192 689 aliquid
1222 614 1397 673 habet
1441 628 1578 672 esse
1625 621 1684 672 et
1710 616 2019 675 unitatem.
2051 621 2241 677 Unum
2288 621 2449 679 enim
2487 635 2629 680 con·

210 692 491 764 sequitur
516 690 589 747 ad
620 703 749 748 οὓς.
778 691 919 746 Cum
950 687 1135 759 igitur
1155 702 1191 743 a
1217 687 1406 743 torma
1434 697 1807 765 unaquaeque
1833 701 1929 745 res
1960 688 2171 747 habeat
2199 705 2354 755 esse,
2378 706 2413 749 a
2442 692 2633 751 forma

210 762 392 820 etiam
422 760 669 818 habebit
688 760 994 817 unitatem.
1019 758 1077 815 si
1106 757 1288 829 igitur
1319 761 1617 827 ponantur
1639 768 1701 812 in
1732 756 1973 814 bomine
2001 760 2202 829 plures
2231 762 2443 820 animai
2475 763 2631 821 sicut

211 831 471 890 diversae
501 833 730 900 l'ormae,
761 830 942 887 bomo
995 841 1114 885 non
1172 828 1509 907 erit-unum·
1554 838 1684 893 cns,
1716 827 1822 885 sed
1848 828 2063 899 .plura;
2093 844 2201 889 nec
2231 832 2301 890 ad
2344 833 2630 895 unitatem

209 902 484 961 hominis
528 901 676 959 ordo
733 900 1056 957 formarum
1100 896 1380 965 sufficiet,
1411 910 1551 975 quia
1582 908 1717 954 esse
1761 911 1945 956 unum
2003 901 2329 960 secundum
2362 903 2632 963 ordinem

211 986 340 1032 non
365 977 620 1030 estesse
651 983 837 1029 unum
866 968 1235 1041 simpliciter,
1266 980 1400 1024 cum
1424 970 1624 1024 unitas
1652 966 1882 1027 ordinis
1920 968 1999 1027 sit
2042 971 2289 1030 minima
2316 975 2631 1034 unitatum.

285 1045 442 1111 Item,
475 1041 672 1121 adhuc
698 1040 913 1098 redibit
941 1038 1286 1111 praedictum
1314 1036 1766 1119 inconveniens,
1789 1042 1855 1095 ut
1883 1038 2113 1097 scilicet
2136 1056 2208 1098 ex
2233 1043 2432 1101 anima
2459 1045 2633 1102 intel-

215 1114 434 1172 lectiva
457 1119 514 1171 et
569 1125 817 1183 corpore
864 1123 988 1166 non
1025 1108 1128 1167 fiat
1181 1122 1367 1189 unu-m
1403 1107 1773 1188 simpliciter,
1820 1109 1927 1166 sed
1973 1113 2303 1170 secundum
2356 1115 2632 1172 accidens

214 1191 474 1244 tantum.
507 1182 696 1239 Omne
725 1180 887 1239 enim
915 1179 1074 1252 quod
1104 1179 1341 1236 advenit
1369 1177 1548 1258 alicui
1581 1184 1731 1258 ,post
1756 1181 2554 1260 essecompletumadvenit
2576 1186 2633 1244 ei
2700 1240 2713 1245 i

212 1253 690 1319 accidentaliter,
719 1265 856 1310 cum
885 1252 966 1309 sit
985 1255 1150 1307 extra
1193 1253 1514 1329 essentiam
1543 1261 1692 1319 ejus.
1724 1249 2012 1317 Quaelibet
2039 1256 2235 1309 autem
2277 1254 2463 1311 forma
2493 1255 2632 1313 sub-

216 1324 525 1383 stantialis
575 1323 717 1381 facit
777 1335 888 1379 ens
942 1319 1318 1399 completum·
1352 1331 1416 1375 in
1458 1331 1677 1390 genere
1722 1319 2102 1391 substantiae3
2132 1321 2273 1381 sacit
2319 1326 2477 1383 enim
2525 1339 2634 1385 ens

217 1400 358 1453 actu
387 1400 447 1452 et
477 1393 592 1451 hoc
644 1392 890 1466 aliquid.
921 1390 1212 1463 Quicquid
1240 1390 1422 1469 igitur
1458 1396 1610 1469 post·
1624 1388 1873 1471 primam
1900 1391 2151 1450 formam
2181 1393 2634 1455 substantialem

215 1464 455 1523 advenit
484 1464 593 1530 rei,
623 1462 1067 1520 accidentaliter
1094 1460 1387 1518 adveniet.
1420 1459 1561 1539 Qum
1594 1464 1779 1531 igitur
1805 1460 2007 1520 anima
2030 1464 2310 1522 nutritiva
2336 1466 2417 1523 sit
2445 1466 2637 1526 forma

217 1533 646 1593 substantialis
671 1533 890 1604 (vivum
943 1532 1103 1589 enim
1135 1528 1628 1612 ‘substantialiter
1663 1529 1735 1587 de
1791 1531 2033 1589 homine
2062 1534 2433 1605 praedicatur,
2464 1541 2521 1593 et
2562 1537 2635 1595 de

220 1605 515 1677 animali),
547 1603 818 1677 sequitur
844 1601 1004 1676 quod
1050 1614 1250 1659 anima
1294 1606 1583 1657 sensitiva
1601 1599 1876 1660 adveniat
1902 1602 2362 1675 accidentaliter,
2388 1614 2447 1664 et
2473 1606 2638 1666 simi-

218 1678 352 1734 liter
376 1675 761 1744 intellectiva,
791 1677 851 1730 et
877 1673 966 1731 sic
991 1685 1183 1745 neque
1226 1670 1448 1728 animal
1477 1682 1670 1750 neque
1702 1671 1885 1730 homo
1907 1672 2251 1746 significant
2272 1691 2455 1735 unum
2490 1678 2635 1737 sim-

217 1747 474 1818 pliciter,
506 1758 700 1817 neque
729 1742 971 1816 aliquod
995 1754 1188 1816 genus
1216 1745 1319 1799 aut
1342 1753 1576 1821 species
1604 1754 1666 1796 in
1694 1743 2152 1813 praedicamento
2173 1745 2544 1807 substantioe.

288 1817 566 1888 Amplius,
593 1815 647 1873 si
671 1814 877 1883 homo,
903 1812 1232 1872 secundum
1266 1812 1531 1869 Platonis
1581 1814 1958 1883 sententiam,
1993 1828 2115 1873 non
2169 1822 2261 1874 est
2309 1818 2536 1891 aliquid
2563 1833 2638 1880 ex

217 1887 424 1945 anima
470 1891 526 1943 et
573 1898 677 1944 cor
717 1898 820 1942 ore
865 1883 1285 1955 compositum,
1314 1881 1419 1939 sed
1447 1884 1568 1961 ‘est
1595 1882 1796 1941 anima
1848 1890 2024 1942 utens
2076 1899 2345 1957 corpore,
2374 1892 2478 1948 aut
2520 1889 2634 1948 boc

221 1958 581 2029 intelligitur
606 1968 676 2014 so
705 1967 804 2013 um
846 1953 917 2012 de
944 1956 1142 2012 anima
1180 1951 1557 2033 intellectiva,
1581 1958 1683 2010 aut
1731 1954 1804 2011 de
1833 1955 2024 2013 tribus
2071 1958 2409 2029 animabuS‚
2434 1958 2486 2018 si
2518 1963 2645 2019 tres

220 2032 367 2087 sunt
418 2027 548 2085 sive
591 2026 663 2084 de
709 2024 942 2083 duabus
990 2038 1216 2082 earum.
1246 2025 1306 2080 Si
1360 2027 1557 2080 autem
1587 2020 1660 2080 de
1712 2022 1903 2084 tribus
1957 2025 2049 2083 vel
2089 2027 2342 2098 duabuS,
2370 2030 2643 2103 sequitur

226 2068 389 2171 quod
425 2098 610 2156 bomo
657 2109 778 2155 non
832 2096 913 2153 sit
939 2107 1160 2175 unum,
1176 2091 1282 2152 sed
1311 2091 1431 2174 duo
1479 2090 1575 2148 vel
1603 2093 1745 2175 tria.
1768 2097 1869 2154 Est
1921 2098 2079 2154 enim
2104 2103 2227 2157 tres
2278 2099 2494 2158 animae
2546 2100 2640 2161 vel

223 2170 440 2227 saltem
470 2168 623 2226 duae.
654 2167 716 2224 Si
762 2170 960 2225 autem
988 2165 1103 2224 hoc
1143 2163 1510 2236 intelligatur
1533 2159 1623 2243 ‚de
1651 2178 1852 2223 anima
1892 2166 2250 2226 intellectiva
2277 2175 2527 2239 tantum,
2557 2170 2643 2229 ita

222 2238 458 2297 scilicet
481 2236 642 2319 quod
669 2236 1039 2309 intelligatur
1087 2236 1285 2316 anima
1336 2232 1626 2293 sensitiva
1651 2249 1785 2317 esse
1814 2236 2005 2294 forma
2027 2240 2316 2310 corporis,
2347 2247 2406 2298 et
2440 2241 2641 2300 anima

221 2310 588 2367 intellectiva
642 2313 816 2365 utens
870 2319 1117 2379 corpore
1167 2308 1429 2364 animato
1476 2307 1536 2361 et
1575 2306 1918 2365 sensificato
1972 2307 2053 2365 sit
2081 2309 2282 2379 homo,
2313 2323 2380 2368 se
2423 2319 2640 2371 nentur

223 2380 425 2438 adhuc
472 2377 976 2445 inconvenientia,
1014 2376 1245 2435 scilicet
1294 2372 1456 2447 quod
1513 2373 1697 2434 homo
1745 2390 1869 2434 non
1897 2377 1979 2435 sit
2030 2380 2274 2450 animal,
2304 2393 2370 2438 se
2440 2388 2641 2440 utatur

224 2448 476 2509 animali
524 2448 682 2521 (nam
714 2462 819 2520 per
852 2447 1110 2506 animam
1141 2446 1490 2527 sensitivam
1521 2445 1748 2521 aliquid
1776 2452 1868 2507 est
1890 2449 2236 2523 animal),et
2261 2451 2418 2523 quod
2461 2452 2641 2510 liomo

222 2535 350 2580 non
376 2520 620 2589 sentiat,
649 2519 757 2579 sed
801 2525 1000 2578 utatur
1026 2533 1089 2577 re
1118 2522 1417 2597 sentiente
1431 2532 1446 2584 ;
1476 2528 1612 2589 quae
1654 2532 1789 2576 cum
1845 2518 1969 2576 sint
2001 2520 2499 2585 inconvenientia,
2533 2524 2641 2581 im-

221 2591 519 2666 possibile
550 2595 640 2648 est
693 2596 816 2648 tres
844 2590 1084 2670 animas
1120 2589 1461 2670 substantia
1502 2586 1845 2647 differentes
1875 2602 2036 2649 *esse
2062 2589 2126 2648 in
2154 2590 2353 2662 nobis,
2381 2592 2645 2652 intellec·

222 2664 434 2731 tivum,
463 2660 815 2720 sensitivam
844 2665 903 2718 et
929 2664 1292 2718 nutritivam.

299 2733 517 2795 Adhuc,
549 2746 622 2789 ex
649 2731 884 2790 duobus
914 2736 1016 2789 aut
1048 2730 1321 2801 pluribus
1351 2744 1471 2788 non
1490 2734 1686 2800 potest
1711 2728 1837 2788 fieri
1857 2730 2132 2800 unum,si
2161 2744 2283 2790 non
2312 2733 2395 2791 sit
2418 2733 2643 2805 aliquid

223 2804 470 2872 uniens,
501 2802 619 2860 nisi
649 2815 835 2861 unum
887 2815 1092 2859 eorum
1125 2814 1192 2858 se
1239 2800 1452 2858 habeat
1477 2800 1552 2860 ad
1595 2801 1846 2858 alterum
1884 2805 1949 2858 ut
1974 2807 2142 2860 actus
2194 2802 2267 2859 ad
2297 2805 2641 2875 potentiam.

221 2874 322 2933 Sic
349 2874 511 2931 enim
538 2887 610 2930 ex
638 2871 886 2931 materia
913 2875 973 2930 et
999 2871 1191 2929 forma
1232 2870 1297 2928 fit
1326 2885 1531 2941 unum,
1565 2871 1732 2928 nullo
1761 2869 2001 2929 vinculo
2029 2875 2309 2931 extraneo
2341 2888 2447 2932 eos
2476 2874 2643 2932 colli·

221 2951 424 3018 gente.
454 2943 511 3002 Si
551 2950 748 3001 autem
780 2942 844 3000 in
873 2942 1115 3002 homine
1153 2941 1275 3000 sint
1299 2941 1500 3014 plures
1530 2942 1765 3010 animae,
1797 2955 1919 2999 non
1944 2955 2010 3000 se
2036 2942 2256 3001 habent
2282 2944 2358 3002 ad
2385 2944 2639 3003 invicem

222 3021 298 3073 ut
322 3013 573 3072 materia
598 3020 658 3071 et
707 3014 918 3083 forma,
948 3012 1054 3071 sed
1083 3024 1294 3071 omnes
1326 3017 1632 3084 ponuntur
1663 3017 1729 3069 ut
1773 3017 1943 3071 actus
1968 3012 2207 3085 quidam
2265 3021 2324 3072 et
2349 3016 2642 3088 principia

224 3086 572 3154 actionum;
602 3089 836 3156 oportet
858 3083 1063 3156 igitur,
1093 3082 1147 3141 si
1199 3082 1484 3142 uniantur
1510 3082 1586 3141 ad
1639 3081 1976 3141 faciendum
2008 3083 2234 3156 aliquid
2265 3099 2470 3155 unum,
2498 3092 2640 3158 puta

228 3155 537 3214 bominem
593 3155 684 3213 vel
739 3153 981 3223 animal,
1009 3152 1170 3226 quod
1222 3154 1301 3211 sit
1336 3154 1562 3228 aliquid
1606 3154 1846 3212 uniens.
1879 3155 2002 3212 Hoc
2053 3160 2251 3213 autem
2298 3169 2419 3214 non
2449 3161 2645 3228 potest

227 3239 369 3284 esse
399 3239 639 3307 corpus,
671 3239 809 3283 cum
855 3224 1049 3297 magis
1077 3237 1293 3294 corpus
1323 3226 1565 3283 uniatur
1619 3238 1723 3295 per
1779 3223 2061 3293 animam,
2085 3225 2257 3297 cujus
2283 3227 2523 3298 signum
2553 3230 2647 3284 est

226 3296 417 3370 quod,
464 3294 803 3354 discedente
857 3295 1077 3363 anima,
1135 3308 1353 3366 corpus
1405 3294 1771 3354 dissolvitur.
1800 3295 2205 3375 ‘Relinquitur
2256 3296 2439 3368 igitur
2485 3297 2643 3369 quod

229 3371 470 3439 oportet
493 3365 719 3439 aliquid
748 3365 1062 3423 formalius
1087 3378 1241 3431 esse,
1273 3366 1432 3437 quod
1458 3366 1601 3423 iacit
1627 3378 1701 3422 ex
1728 3364 1850 3422 illis
1875 3364 2149 3436 pluribus
2195 3380 2411 3435 unum;
2446 3372 2504 3423 et
2532 3367 2646 3425 boc

229 3437 430 3510 magis
467 3439 576 3494 erit
603 3437 806 3495 anima
831 3450 1010 3508 quam
1038 3436 1145 3516 illa
1184 3435 1357 3507 plura
1378 3450 1508 3508 quae
1544 3447 1649 3507 per
1677 3435 1872 3505 ipsum
1905 3435 2210 3494 uniuntur.
2234 3438 2290 3494 Si
2322 3437 2505 3509 igitur
2533 3437 2647 3495 boc

229 3509 450 3567 iterum
477 3513 569 3566 est
598 3507 823 3565 liabens
851 3512 1047 3578 partes
1085 3505 1352 3565 diversas
1401 3513 1460 3564 et
1497 3518 1618 3563 non
1646 3510 1737 3563 est
1767 3518 1950 3563 unum
2004 3506 2332 3564 secundum
2361 3520 2448 3573 se,
2478 3519 2649 3577 opor-

230 3583 322 3637 tet
347 3578 541 3636 adhuc
570 3590 706 3635 esse
756 3575 983 3704 aliguid
1031 3576 1268 3656 uniens.
1296 3578 1438 3634 Cum
1498 3576 1680 3649 igitur
1728 3588 1850 3632 non
1879 3575 1961 3634 sit
2003 3576 2165 3634 abiro
2214 3577 2277 3633 in
2325 3577 2646 3647 inlinitum,

231 3653 466 3721 oportet
495 3647 771 3705 devenire
801 3660 836 3703 a
905 3646 1130 3718 aliquid
1159 3648 1316 3718 quod
1347 3649 1425 3705 sit
1453 3646 1785 3705 secundum
1817 3659 1884 3705 se
1910 3658 2134 3715 unum;
2164 3651 2222 3703 et
2248 3646 2362 3705 hoc
2390 3647 2647 3705 maxime

230 3725 329 3778 est
368 3719 589 3777 anima.
619 3719 861 3790 Oportet
897 3716 1081 3791 igitur
1119 3716 1182 3774 in
1213 3730 1333 3775 uno
1358 3718 1622 3787 bomine,
1652 3716 1747 3775 vel
1774 3716 2019 3775 animali
2049 3729 2229 3775 unam
2258 3722 2487 3775 tantum
2518 3717 2648 3774 ani-

303 3862 453 3925 1tem,
483 3861 534 3918 si
558 3858 619 3917 id
636 3858 795 3933 quod
823 3863 1013 3918 estex
1038 3862 1205 3931 parte
1231 3859 1445 3917 animae
1471 3859 1535 3917 in
1556 3857 1799 3917 homine
1819 3862 1912 3916 est
1938 3871 2013 3916 ex
2035 3857 2309 3930 pluribus
2321 3871 2650 3933 congrega-

231 3935 382 4000 tum,
406 3936 640 4003 oportet
684 3929 1045 4003 quod,sicut
1081 3934 1271 3988 totum
1313 3937 1735 4003 congregatum
1769 3942 1837 3986 se
1880 3928 2058 3986 habet
2084 3929 2158 3987 ad
2189 3935 2371 3988 totum
2405 3942 2643 4001 corpus,

232 4001 319 4059 ita
346 4001 591 4074 singula
618 4000 694 4058 ad
725 4000 999 4073 singulas
1025 4005 1223 4071 partes
1253 4001 1522 4071 corporis
1554 4017 1569 4057 ε
1599 3999 1760 4080 quod
1786 3998 1963 4079 etiam
1990 4012 2028 4056 a
2053 3999 2353 4071 positione
2385 4001 2652 4059 Platonis

231 4083 356 4130 non
384 4071 708 4130 discordat.
731 4070 994 4128 Ponebat
1019 4072 1179 4128 enim
1208 4071 1466 4128 animam
1502 4070 1852 4128 rationalem
1902 4083 1964 4126 in
2010 4070 2275 4141 cerebro,
2306 4072 2647 4129 nutritivam

229 4142 298 4201 in
350 4143 587 4225 hepate,
627 4141 1152 4213 concupiscibilem
1201 4141 1265 4198 in
1314 4140 1513 4199 corde.
1544 4142 1665 4199 Hoc
1712 4146 1910 4198 autem
1955 4146 2198 4211 apparet
2248 4154 2382 4200 esse
2432 4142 2649 4199 salsum

231 4209 805 4285 dupliciterzprimo
843 4211 1107 4293 quidem,
1136 4212 1280 4294 quia
1324 4212 1525 4285 aliqua
1568 4223 1709 4283 pars
1748 4214 1841 4268 est
1884 4210 2099 4269 animoe
2127 4225 2260 4284 quae
2307 4226 2426 4270 non
2497 4215 2654 4270 otest

230 4284 474 4343 attribui
502 4283 684 4342 alicui
732 4287 882 4354 parti
931 4294 1222 4353 corporis,
1273 4284 1506 4341 scilicet
1545 4280 1906 4349 imellectuS,
1953 4280 2026 4339 de
2073 4295 2193 4354 quo
2243 4297 2426 4356 supra
2476 4298 2528 4340 c.
2561 4280 2650 4352 56)

233 4358 549 4414 ostensum
580 4352 856 4426 estquod
884 4365 1006 4411 non
1035 4359 1125 4410 est
1150 4354 1407 4426 alicujus
1427 4352 1611 4424 pariis
1640 4352 1949 4422 corporis;
1978 4352 2265 4422 secundo,
2296 4355 2440 4426 quia
2469 4349 2653 4409 mani·

233 4425 453 4487 festum
480 4428 577 4486 est
604 4423 789 4498 quod,
809 4422 876 4482 in
913 4421 1124 4482 eadem
1172 4430 1338 4496 parte
1375 4423 1670 4497 corporis,
1688 4427 1973 4497 apparent
1997 4421 2365 4485 diversarum
2396 4422 2650 4494 pai-tium

2322 4540 2385 4587 ¹2
