3076 5025
1118 307 1255 364 LlB.
1293 308 1368 376 ΙΙ,
1408 308 1562 364 CAP.
1601 309 1778 364 XLIV.
2566 313 2666 367 155

210 434 438 504 agente
468 445 575 501 per
601 436 828 489 motum
856 434 1087 488 tantum
1119 447 1134 487 ε
1167 430 1367 489 omnis
1393 429 1555 488 enim
1585 433 1786 489 motus
1816 428 1890 489 ad
1934 431 2185 489 sormam
2229 435 2320 490 est
2350 446 2424 489 ex
2467 430 2663 493 forma

215 501 691 561 indeterminata
716 502 781 558 in
808 501 1060 558 formam
1089 500 1540 558 determinatam
1576 518 1592 571 ;
1640 501 1779 574 quia
1814 502 2062 559 materia
2107 515 2234 559 non
2277 507 2473 573 potest
2523 518 2661 562 esse

216 571 454 645 absque
482 572 647 630 omni
681 571 889 639 forma,
913 576 968 628 et
1001 571 1090 629 sic
1118 573 1600 643 praesupponitur
1637 571 1838 644 aliqua
1884 573 2077 630 forma
2121 572 2183 629 in
2230 573 2497 630 materia.
2547 575 2661 632 Sed

215 655 406 702 omne
438 655 628 714 agens
652 643 723 700 ad
771 643 1021 700 sormam
1063 642 1251 700 solam
1299 642 1665 700 materialem
1714 647 1948 714 oportet
1998 642 2157 715 quod
2202 643 2282 700 sit
2324 656 2515 713 agens
2555 659 2664 716 per

214 718 457 771 motum
487 730 502 779 ;
535 727 670 770 cum
702 712 861 770 enim
894 713 1098 771 sormae
1121 714 1459 770 materiales
1490 726 1613 770 non
1653 713 1775 770 sint
1818 727 1923 785 per
1967 727 2033 771 se
2078 713 2501 784 subsistentes,
2550 716 2660 774 sed

216 797 429 843 earum
461 797 600 841 esse
630 783 799 841 sitin
829 797 967 841 esse
993 784 1276 863 materiae,
1324 797 1446 841 non
1488 787 1744 855 possunt
1792 784 2037 854 produci
2086 784 2151 841 in
2197 799 2353 856 esse,
2395 787 2516 844 n.si
2564 787 2663 843 vel

214 868 328 927 per
355 853 721 912 creationem
760 854 948 912 totius
992 868 1123 911 com
1171 853 1333 923 ositi,
1385 853 1478 910 vel
1516 869 1623 926 per
1668 855 2224 913 transmutationem
2271 858 2534 915 materiae
2583 857 2663 916 ad

215 924 403 982 talem
434 923 526 982 vel
576 926 753 982 tatem
802 924 1075 982 formam.
1152 938 1208 981 m
1254 924 1502 983 ossibile
1554 929 1645 982 est
1695 924 1712 980 i
1761 924 1900 993 itur,
1941 925 2101 997 quod
2147 927 2341 998 prima
2386 926 2658 985 inductio

218 994 554 1053 formarum
588 995 650 1052 in
679 996 928 1075 materia
955 995 1034 1053 sit
1062 995 1135 1053 ab
1181 1010 1213 1052 a
1243 996 1382 1077 iquo
1427 1000 1665 1053 creante
1741 1008 1970 1053 ormam
2009 1001 2263 1068 tantum,
2313 996 2421 1055 sed
2466 997 2541 1055 ab
2585 1011 2658 1055 eo

216 1066 326 1140 qui
361 1070 451 1123 est
483 1071 714 1123 creator
740 1070 926 1124 totius
951 1066 1290 1136 compositi.

290 1136 514 1198 Adhuc,
561 1143 761 1194 motus
808 1136 881 1194 ad
940 1136 1190 1194 sormam
1229 1140 1322 1195 est
1367 1135 1668 1208 posterior
1705 1136 2058 1194 naturaliter
2103 1141 2269 1194 motu
2324 1138 2657 1197 secundum

218 1207 448 1269 locum.
463 1220 602 1264 cum
623 1208 701 1265 sit
721 1212 891 1265 actus
909 1207 1103 1279 magis
1119 1207 1466 1278 imperfecti,
1485 1213 1551 1265 ut
1569 1206 1776 1277 probat
1799 1207 2201 1278 Philosophus
2225 1207 2505 1281 (physic,
2523 1222 2655 1278 vm,

218 1282 367 1335 text.
398 1289 618 1336 comm.
649 1276 761 1349 57).
791 1278 1132 1336 Posteriora
1159 1284 1355 1335 autem
1386 1278 1449 1334 in
1488 1278 1728 1335 entibus
1772 1278 2026 1336 naturali
2070 1278 2280 1335 ordine
2329 1285 2657 1337 causantur

220 1362 262 1405 a
281 1347 609 1419 prioribus.
639 1350 830 1406 Motus
862 1349 1048 1420 igitur
1073 1348 1148 1406 ad
1176 1349 1429 1406 formam
1455 1354 1739 1406 causatur
1764 1363 1799 1405 a
1827 1356 1993 1406 motu
2034 1349 2366 1405 secundum
2416 1348 2640 1406 locum.

216 1418 464 1477 Primus
494 1425 693 1476 autem
719 1422 919 1477 motus
970 1418 1298 1477 secundum
1333 1420 1529 1476 locum
1567 1424 1657 1476 est
1677 1425 1877 1477 motus
1902 1418 2186 1477 coelestis.
2220 1418 2428 1478 Omnis
2449 1426 2651 1477 motus

220 1488 245 1546 i
290 1488 413 1546 itur
440 1488 517 1546 ad
548 1489 798 1547 sormam
824 1487 889 1545 fit
916 1488 1212 1547 mediante
1242 1494 1407 1548 motu
1439 1489 1686 1547 coelesti.
1721 1492 1798 1546 Ea
1828 1490 1844 1546 i
1891 1489 2010 1546 itur
2050 1504 2183 1563 quae
2228 1503 2350 1547 non
2394 1494 2656 1561 possunt

269 1559 379 1627 eri,
408 1559 709 1617 mediante
734 1565 903 1618 motu
930 1560 1182 1631 coetesti,
1212 1573 1333 1618 non
1362 1567 1618 1631 possunt
1647 1558 1772 1618 fieri
1805 1574 1840 1618 a
1909 1559 2110 1633 aliquo
2140 1567 2372 1634 agente,
2396 1560 2497 1633 qui
2531 1575 2656 1619 non

224 1634 429 1710 potest
456 1644 631 1710 agere
659 1630 777 1687 nisi
804 1644 909 1702 per
934 1637 1184 1698 motum,
1215 1631 1448 1704 qualem
1480 1635 1711 1702 oportet
1740 1644 1876 1688 esse
1905 1637 2177 1704 agentem
2227 1631 2327 1704 qui
2377 1644 2500 1688 non
2545 1645 2655 1759 Βο-

221 1704 346 1758 test
366 1713 488 1758 nist
520 1700 803 1758 inducere
858 1700 1111 1758 formam
1140 1702 1205 1757 in
1259 1701 1527 1770 materia,
1561 1705 1623 1758 ut
1648 1706 1959 1759 ostensum
2011 1706 2103 1759 est
2124 1700 2197 1774 (c.
2219 1705 2291 1759 20
2316 1706 2374 1759 et
2395 1700 2508 1774 21).
2592 1716 2656 1760 er

228 1776 461 1829 motum
486 1776 685 1829 autem
705 1770 1006 1829 coelestem
1030 1784 1151 1829 non
1181 1778 1437 1841 possunt
1453 1772 1699 1844 produci
1722 1773 1922 1830 multae
1941 1771 2147 1830 formae
2163 1772 2510 1842 sensibileS,
2531 1773 2652 1830 nisi

224 1841 633 1899 mediantibus
662 1841 1071 1900 determinatis
1119 1842 1431 1913 principiis
1461 1843 1814 1913 suppositis,
1847 1843 2005 1901 sicut
2037 1843 2322 1901 animalia
2375 1842 2648 1916 quaedam

225 1923 348 1970 non
367 1910 522 1968 fiunt
544 1912 660 1970 nisi
683 1927 755 1969 ex
775 1912 1026 1970 semine.
1050 1913 1248 1969 Prima
1268 1913 1452 1983 igitur
1484 1913 1781 1970 institutio
1806 1914 2014 1971 harum
2048 1914 2390 1982 formarum,
2419 1913 2490 1969 ad
2514 1928 2655 1994 qua-

222 1995 357 2041 rum
380 1981 835 2052 productionem
855 1996 973 2040 non
997 1982 1221 2041 suflicit
1241 1989 1440 2041 motus
1459 1984 1723 2041 coelestis
1744 1984 1875 2042 sine
1895 1984 2337 2055 praeexistentia
2362 1983 2654 2042 similium

226 2051 558 2110 formarum
589 2052 653 2110 in
681 2052 901 2124 specie,
933 2058 1166 2125 oportet
1192 2053 1352 2125 quod
1381 2054 1462 2111 sit
1489 2068 1525 2110 a
1556 2054 1690 2112 solo
1719 2059 1979 2111 creante.

292 2124 448 2185 Item.
479 2124 640 2182 sicut
668 2123 950 2204 (Physicv
978 2136 1069 2192 111,
1100 2128 1240 2181 text.
1271 2137 1488 2182 comm.
1512 2123 1601 2197 48)
1632 2124 1868 2193 dicitur,
1895 2125 2051 2182 idem
2084 2130 2176 2184 est
2201 2131 2402 2184 motus
2439 2124 2655 2184 localis

226 2193 414 2265 partis
433 2198 493 2250 et
518 2194 727 2263 totius,
751 2200 816 2252 ut
836 2199 1020 2252 totius
1040 2199 1210 2252 terrae
1230 2200 1286 2251 et
1309 2195 1489 2252 unius
1506 2195 1694 2266 glebae
1715 2214 1729 2266 ;
1761 2195 1844 2252 ita
1869 2197 2118 2253 mutatio
2137 2197 2545 2269 generationis
2566 2201 2661 2254 est

226 2264 435 2322 eadem
464 2264 652 2322 totius
681 2269 740 2322 et
765 2264 972 2337 partis.
1002 2267 1207 2323 Partes
1236 2272 1433 2322 autem
1466 2265 1678 2322 horum
1710 2265 2143 2338 generabilium
2190 2273 2250 2324 et
2296 2267 2651 2340 corruptibi-

227 2331 374 2391 lium
400 2340 785 2407 generantur,
802 2333 1179 2408 acquirentes
1199 2335 1424 2393 sormas
1445 2335 1505 2391 in
1530 2340 1666 2392 actu
1684 2349 1721 2393 a
1746 2335 1955 2394 formis
1977 2351 2109 2409 quae
2139 2337 2355 2394 suntin
2381 2338 2653 2406 materia,

226 2416 351 2462 non
381 2410 581 2463 autem
613 2420 649 2464 a
673 2405 883 2464 formis
909 2411 1074 2463 extra
1101 2405 1408 2464 materiam
1434 2405 1830 2464 existentibus
1856 2424 1871 2475 ;
1900 2420 2037 2463 cum
2066 2413 2337 2478 oporteat
2354 2421 2653 2480 generans

224 2488 362 2533 esse
390 2475 592 2535 simile
611 2481 916 2550 generate,
938 2481 1004 2534 ut
1024 2474 1491 2602 probathiloso
1537 2476 1652 2535 bus
1669 2477 1732 2534 in
1752 2475 1962 2549 quinto
1983 2477 2220 2548 metaph.
2241 2477 2402 2550 (text.
2429 2491 2649 2537 comm.

220 2546 431 2618 21—28).
463 2550 665 2619 Neque
692 2548 873 2619 igitur
900 2551 1021 2605 tota
1050 2547 1102 2604 is
1131 2547 1451 2618 acquisitio
1524 2560 1827 2605 ormarum
1873 2548 1936 2603 in
1984 2549 2233 2605 materia
2283 2553 2477 2618 potest
2519 2548 2653 2606 fleri

223 2630 332 2688 per
360 2623 591 2675 motum
616 2618 689 2676 ab
725 2618 927 2691 aliqua
953 2617 1290 2676 substantia
1312 2623 1606 2688 separata,
1635 2616 1972 2688 cuiusmodi
1997 2623 2090 2675 est
2119 2619 2407 2689 angetus;
2432 2619 2535 2676 sed
2559 2619 2654 2675 vel

224 2690 463 2768 oportet
496 2689 658 2814 quod
698 2687 815 2746 hoc
854 2687 959 2747 flat
986 2687 1282 2745 mediante
1327 2693 1541 2760 agente
1583 2700 1893 2759 corporee,
1944 2688 2035 2745 vel
2076 2693 2333 2752 creante,
2380 2690 2484 2760 qui
2527 2690 2654 2761 agit

222 2770 361 2816 sine
390 2770 493 2815 mo
524 2773 582 2815 u.

297 2828 518 2891 Adhuc,
551 2827 710 2886 sicut
731 2841 866 2886 esse
897 2832 989 2886 est
1013 2829 1272 2900 primum
1302 2828 1367 2886 in
1388 2826 1721 2898 effectibus,
1753 2827 1838 2887 ita
1860 2829 2183 2901 respondet
2206 2828 2411 2900 primae
2432 2842 2652 2900 causae,

225 2903 291 2956 nt
320 2899 602 2971 proprius
625 2897 892 2956 effectus
926 2902 1072 2957 Esse
1100 2905 1297 2957 autem
1327 2903 1420 2957 est
1462 2913 1567 2970 per
1608 2899 1861 2957 sormam
1904 2904 1963 2956 et
2003 2912 2126 2957 non
2176 2914 2281 2971 per
2321 2900 2652 2959 materiam.

224 2969 427 3028 Prima
454 2969 638 3053 igitur
662 2969 986 3028 causalitas
1032 2970 1360 3028 formarum
1396 2969 1656 3027 maxime
1684 2975 1776 3029 est
1802 2970 2008 3041 primae
2029 2984 2226 3029 causae
2249 2970 2644 3029 attribuenda.

292 3039 575 3110 Ampium,
595 3053 732 3098 cum
759 3053 938 3098 omne
965 3053 1154 3113 agens
1182 3046 1322 3114 agat
1347 3039 1462 3099 sibi
1494 3040 1714 3110 simile,
1744 3040 1819 3099 ab
1848 3041 1953 3100 illo
1983 3041 2237 3114 acquirit
2263 3039 2511 3100 effectus
2535 3042 2650 3099 for·

224 3122 386 3170 mam
416 3110 517 3168 cui
548 3124 653 3181 per
682 3110 932 3168 formam
967 3111 1323 3184 acquisitam
1357 3111 1656 3169 similatur
1690 3130 1705 3182 ;
1737 3112 1894 3169 sicut
1923 3111 2137 3171 domus
2182 3112 2247 3170 in
2279 3113 2547 3181 materia,
2579 3112 2654 3169 ab

226 3185 353 3239 arte
382 3194 516 3252 quae
537 3185 631 3238 est
659 3181 893 3251 species
922 3180 1138 3240 domus
1166 3182 1227 3239 in
1258 3182 1479 3241 anima.
1512 3181 1629 3240 Sed
1660 3181 1865 3241 omnia
1890 3183 2235 3242 similantur
2264 3185 2407 3251 Deo,
2438 3183 2540 3255 qui
2563 3186 2656 3239 est

224 3255 397 3308 actus
415 3263 622 3321 purus,
638 3251 698 3307 in
720 3256 1009 3323 quantum
1032 3252 1209 3310 habet
1226 3253 1447 3311 formas
1460 3266 1565 3323 per
1584 3266 1733 3325 quas
1753 3251 1905 3310 fiunt
1924 3254 1987 3311 in
2007 3260 2142 3312 actu
2165 3270 2180 3323 3
2202 3259 2261 3310 et
2279 3254 2341 3310 in
2362 3258 2654 3324 quantum

224 3320 455 3402 {ormas
486 3326 790 3394 appetunt,
822 3321 1086 3381 divinam
1134 3324 1590 3381 similitudinem
1641 3338 1675 3380 a
1721 3328 1914 3394 petere
1966 3324 2267 3382 dicuntur.
2314 3323 2651 3381 Absurdum

224 3391 412 3464 igitur
453 3398 546 3450 est
585 3392 781 3473 dicere
809 3392 971 3465 quod
1000 3406 1194 3451 rerum
1229 3394 1507 3452 formatio
1534 3392 1610 3452 ad
1639 3407 1675 3452 a
1703 3394 1826 3452 ium
1855 3395 2146 3466 pertineat
2169 3407 2349 3466 quam
2379 3392 2452 3451 ad
2488 3407 2653 3450 crea-

224 3465 419 3520 torem
448 3476 721 3522 ommum
758 3464 966 3521 Deum.
995 3465 1063 3521 Et
1089 3464 1228 3522 inde
1257 3463 1538 3537 estquod
1565 3463 1638 3521 ad
1677 3465 2108 3523 excludendum
2139 3464 2321 3522 istum
2365 3477 2651 3533 errorem,

227 3532 466 3603 senes„
495 3547 539 3601 1,
563 3535 822 3606 moysee,
850 3547 962 3604 pos
1033 3548 1168 3592 uam
1201 3534 1431 3594 dixerat
1458 3537 1644 3593 Deum
1670 3535 1734 3591 in
1761 3534 2057 3607 principio
2085 3535 2305 3594 coelum
2333 3538 2392 3590 et
2433 3539 2653 3614 terram

224 3614 487 3666 creasse.
519 3602 723 3661 subdit
766 3617 989 3676 quomo
1036 3618 1073 3663 o
1102 3606 1308 3664 omnia
1358 3606 1425 3663 in
1470 3619 1580 3676 pro
1625 3606 1746 3664 rias
1789 3606 2024 3677 species
2072 3604 2387 3664 formando
2435 3603 2650 3661 distin-

225 3673 396 3731 xerit.
430 3676 499 3731 Et
532 3674 857 3744 Apostolus
884 3675 1028 3732 dicit
1073 3676 1219 3744 Col„
1252 3689 1297 3746 1,
1327 3679 1416 3744 16,
1448 3690 1569 3749 quo
1637 3676 1699 3733 in
1731 3676 1964 3734 Christo
1995 3675 2237 3734 condita
2275 3678 2417 3733 sunt
2445 3674 2655 3755 omnia

225 3743 527 3874 uniyerslfi,
558 3745 687 3805 sive
710 3757 846 3819 quae
872 3745 939 3804 in
964 3745 1136 3806 coelis
1163 3752 1326 3816 sunt,
1369 3747 1499 3806 sive
1526 3759 1660 3820 quae
1689 3746 1754 3805 in
1794 3747 1994 3820 terris,
2030 3747 2164 3809 sive
2203 3745 2489 3818 visibilia,
2518 3756 2651 3803 sive

1192 3973 1447 4040 cAPu‘r
1472 3936 1694 4041 'xum

226 4143 381 4200 QUOD
421 4145 628 4192 mm
675 4144 1006 4194 marmeno
1044 4146 1169 4192 nott
1210 4147 1526 4195 noussen·
1557 4148 1641 4194 Ex
1682 4149 2026 4195 nmmum
2073 4149 2193 4195 ΠΙ.
2231 4150 2653 4201 nmmomm

1232 4234 1650 4282 mvmtsnu'z.

294 4380 468 4438 Nunc
489 4381 762 4451 superest
791 4377 1104 4437 ostendere
1129 4378 1291 4452 quod
1318 4391 1516 4437 rerum
1546 4377 1854 4438 distinctio
1879 4391 2007 4441 non
2032 4384 2329 4455 processit
2352 4400 2425 4443 ex
2468 4353 2655 4443 diver-

228 4446 316 4510 sis
331 4450 605 4511 motibus
633 4448 805 4510 liberi
835 4448 1062 4509 arbitrii
1109 4448 1495 4510 rationalium
1531 4455 1971 4526 creaturarum,
2016 4459 2083 4514 ut
2119 4456 2320 4527 posuit
2364 4456 2654 4526 origenes
