3076 5025
0 2572 94 2589 nnn—-
111 2566 116 2569 '

369 298 480 355 318
1233 289 1368 350 LIB.
1406 293 1507 360 111,
1548 291 1700 348 CAP.
1740 291 1968 347 xtvm.

371 423 591 502 potest.
617 420 777 475 Tunc
807 421 1027 485 autem,
1061 420 1124 473 ut
1144 414 1490 487 plurimum,
1522 413 1827 471 modicum
1855 417 2040 471 restat
2068 412 2345 472 humanae
2366 414 2526 473 vitae.
2561 416 2694 473 Non
2717 419 2816 474 est

374 491 560 564 igitur
585 487 875 560 possibile
906 488 967 544 in
1001 488 1114 544 hac
1140 486 1260 543 vita
1291 486 1561 543 ultimam
1592 484 1858 542 hominis
1885 484 2230 542 felicitatem
2259 498 2415 543 esse.

446 564 731 622 Praeterea,
773 558 1114 615 felicitatem
1165 556 1485 628 perfectam
1535 554 1836 627 quoddam
1885 554 2112 613 bonum
2158 568 2372 613 omnes
2430 554 2815 614 confitentur.

374 632 536 690 Alias
558 629 880 757 appetitum
912 641 1031 685 non
1062 627 1370 707 quietaret.
1397 626 1727 682 Perfectum
1756 630 1955 684 autem
1983 625 2206 683 bonum
2239 631 2330 682 est
2361 626 2523 699 quod
2559 627 2813 685 omnino

380 707 543 761 caret
586 716 621 758 a
668 700 951 757 mixtione
999 698 1164 766 mali,
1218 698 1376 755 sicut
1423 696 1749 768 perfectum
1795 696 1996 753 album
2045 702 2137 753 est
2181 695 2342 768 quod
2409 703 2501 755 est
2566 698 2820 755 omnino

378 772 821 844 impermixtum
852 770 1045 840 nigro.
1074 770 1204 825 Non
1234 773 1327 825 est
1354 771 1552 825 autem
1580 767 1867 837 possibile
1898 766 2057 838 quod
2094 767 2274 825 bomo
2301 767 2362 823 in
2419 773 2579 825 statu
2632 769 2818 826 istius

377 844 514 900 vitae
543 842 791 900 omnino
836 839 915 896 sit
961 838 1248 896 immunis
1295 853 1333 908 a
1377 838 1555 895 malis
1603 851 1726 895 non
1773 839 1970 896 solum
2023 837 2460 908 corporalibuS‚
2490 853 2624 910 quae
2674 845 2823 896 sunt

379 914 589 976 fames,
624 911 779 980 sitiS,
810 915 993 966 aestus
1023 915 1080 965 et
1113 908 1302 980 frigus
1333 913 1391 964 et
1415 907 1536 965 alia
1565 908 1931 979 hujusmodi,
1956 908 2059 965 sed
2092 908 2271 965 etiam
2302 922 2337 965 a
2366 908 2544 965 malis
2573 909 2813 966 animae.

377 983 593 1041 Nullus
623 982 782 1038 enim
813 979 1112 1037 invenitur
1140 980 1241 1050 qui
1270 993 1390 1036 nou
1421 979 1747 1050 aliquando
1779 978 2138 1036 inordinatis
2163 979 2555 1050 passionibus
2588 980 2821 1051 inquie-

379 1059 556 1119 tetur,
589 1052 688 1124 qui
719 1063 839 1108 non
871 1050 1194 1122 aliquando
1220 1055 1531 1121 praetereat
1558 1049 1820 1106 medium
1870 1050 1934 1106 in
1982 1063 2102 1121 quo
2148 1050 2341 1106 virtus
2391 1049 2694 1116 consistit,
2721 1048 2815 1106 vel

379 1124 443 1181 in
471 1123 628 1194 plus,
659 1120 749 1177 vel
781 1121 841 1178 in
872 1120 1096 1188 minus,
1170 1120 1227 1177 ui
1262 1134 1381 1178 non
1408 1120 1588 1177 etiam
1616 1120 1678 1176 iu
1709 1119 2010 1192 aliquibus
2065 1118 2414 1191 decipiatur,
2448 1120 2540 1176 vel
2599 1119 2815 1177 saltem

380 1195 618 1267 ignoret
646 1206 777 1265 quae
806 1191 961 1248 scire
992 1135 1306 1254 desideret,
1340 1191 1647 1249 autetiam
1701 1190 1883 1248 debili
1929 1189 2224 1271 opinione·
2265 1190 2566 1270 concipiat
2620 1203 2693 1248 ea
2737 1190 2817 1270 de

424 1264 602 1392 tiibus
653 1262 1066 1320 certitudinem
1110 1262 1329 1319 habere
1373 1260 1570 1318 vellet.
1602 1263 1730 1318 Non
1776 1266 1871 1319 est
1916 1261 2101 1333 igitur
2147 1261 2368 1333 aliquis
2415 1274 2478 1317 in
2530 1260 2647 1319 bac
2697 1266 2823 1319 vita

406 1348 438 1393 e
464 1348 544 1390 ix.

451 1405 669 1465 Adhuc,
719 1403 902 1460 homo
954 1400 1304 1459 naturaliter
1348 1400 1571 1473 refugit
1617 1406 1891 1471 mortem,
1939 1406 2000 1457 et
2046 1401 2316 1459 tristatur
2361 1400 2435 1459 de
2486 1399 2641 1472 ipsa,
2692 1414 2819 1458 non

377 1476 579 1534 solum
612 1478 678 1530 ut
713 1485 876 1530 nunc
903 1485 1040 1529 cum
1071 1485 1203 1530 eam
1235 1472 1416 1529 sentit
1437 1485 1572 1528 eam
1598 1472 1843 1544 refugit,
1874 1470 1980 1529 sed
2008 1471 2187 1530 etiam
2215 1486 2350 1530 cum
2403 1484 2534 1529 eam
2584 1471 2822 1544 recog-i-

381 1551 485 1603 tat.
517 1548 641 1602 Hoc
669 1549 866 1602 autem
893 1542 1056 1615 quod
1084 1555 1206 1600 non
1235 1542 1527 1600 moriatur
1563 1543 1745 1599 homo
1782 1555 1902 1599 non
1931 1547 2127 1613 potest
2155 1543 2400 1615 assequi
2431 1543 2493 1600 in
2528 1541 2642 1601 bac
2671 1543 2819 1601 vita.

381 1619 515 1674 Non
545 1620 637 1673 est
671 1614 856 1687 igitur
883 1612 1177 1684 possibile
1206 1613 1367 1686 quod
1393 1613 1576 1670 homo
1608 1612 1667 1668 in
1698 1613 1810 1670 hac
1838 1613 1960 1669 vita
1983 1613 2063 1670 sit
2086 1612 2246 1670 felix.

455 1688 727 1756 Amplius,
762 1683 1015 1741 felicitas
1046 1684 1256 1741 ultima
1290 1697 1414 1741 non
1461 1683 1745 1740 consistit
1798 1683 1859 1739 in
1909 1681 2139 1752 habitu,
2171 1683 2278 1741 sed
2328 1684 2388 1741 in
2442 1684 2820 1756 operatione.

385 1757 634 1815 Habitus
657 1755 819 1812 enim
850 1759 1090 1825 propter
1117 1760 1287 1812 actus
1315 1759 1475 1811 sunt.
1505 1753 1616 1810 Sed
1642 1754 1723 1810 im
1767 1752 2017 1811 ossibile
2046 1760 2140 1811 est
2167 1755 2229 1811 in
2250 1754 2363 1812 bac
2386 1754 2509 1811 vita
2530 1755 2823 1813 continue

381 1842 562 1900 agere
593 1838 1031 1899 quamcumque
1062 1825 1381 1884 actionem.
1408 1822 1728 1895 Impossibi
1754 1839 1787 1882 e
1817 1829 1907 1882 est
1937 1825 2120 1897 igitur
2146 1824 2210 1881 in
2230 1825 2343 1883 hac
2364 1825 2488 1882 vita
2510 1825 2821 1883 hominem

383 1898 645 1957 totaliter
673 1910 809 1954 esse
837 1895 1091 1952 felicem.

454 1972 607 2030 Item,
640 1972 865 2039 quanto
912 1965 1140 2038 aliquid
1190 1972 1283 2023 est
1330 1965 1526 2037 magis
1573 1965 1974 2023 desideratum
2023 1970 2083 2022 et
2131 1964 2435 2035 dilectum,
2469 1972 2635 2026 tanto
2679 1968 2815 2039 ejus

373 2039 636 2097 amissio
666 2037 947 2108 majorem
977 2036 1245 2094 dolorem
1298 2042 1357 2093 et
1406 2035 1710 2093 tristitiam
1760 2034 1948 2093 affert.
1980 2035 2256 2094 Felicitas
2302 2041 2500 2094 autem
2556 2040 2816 2097 maxime

375 2109 757 2168 desideratur
783 2111 841 2163 et
869 2112 1118 2164 amatur.
1150 2107 1399 2163 Maxime
1428 2106 1615 2179 igitur
1641 2107 1772 2178 ejus
1800 2107 2052 2164 amissio
2103 2107 2405 2165 tristitiam
2450 2109 2648 2167 habet.
2680 2110 2818 2180 Sed,

381 2181 439 2238 si
469 2180 548 2236 sit
571 2180 632 2234 in
665 2178 775 2234 hac
803 2177 924 2234 vita
949 2177 1159 2234 ultima
1188 2177 1463 2245 felicitaS‚
1491 2184 1719 2234 certum
1749 2183 1842 2234 est
1870 2176 2028 2250 quod
2057 2178 2428 2235 amitteretur
2452 2179 2663 2237 saltem
2713 2195 2822 2250 per

383 2256 659 2315 mortem,
691 2254 749 2304 et
779 2260 900 2306 non
924 2250 1017 2305 est
1044 2253 1271 2304 certum
1302 2253 1499 2305 utrum
1546 2246 1831 2305 duratura
1877 2248 1958 2308 sit
2005 2260 2196 2320 usque
2249 2247 2323 2305 ad
2372 2257 2645 2319 mortem,
2674 2264 2818 2307 cum

385 2320 634 2378 cuilibet
661 2318 892 2377 homini
921 2316 1213 2389 possibile
1244 2317 1324 2375 sit
1350 2318 1412 2374 in
1443 2318 1557 2375 hac
1580 2318 1701 2376 vita
1729 2317 1997 2376 accidere
2030 2317 2274 2376 morbos
2305 2319 2527 2398 quibus
2560 2320 2821 2378 totaliter

373 2391 460 2449 ab
508 2390 854 2461 operatione
903 2388 1139 2445 virtutis
1183 2388 1522 2460 impeditur,
1555 2388 1712 2446 sicut
1762 2388 2124 2460 phrenesim,
2150 2394 2213 2445 et
2253 2388 2373 2446 alta
2440 2389 2817 2460 huiusmodi,

377 2462 607 2545 ¹quibus
637 2460 957 2533 impeditur
981 2459 1233 2518 rationis
1265 2472 1433 2518 usne.
1465 2461 1707 2531 Semper
1734 2459 1919 2532 igitur
1948 2459 2085 2517 talis
2117 2458 2373 2518 felicitas
2403 2459 2645 2519 babebit
2678 2463 2818 2521 tris-

386 2534 576 2591 titiam
605 2531 953 2590 naturaliter
979 2544 1292 2587 annexam.
1325 2533 1455 2587 Non
1485 2531 1596 2588 erit
1626 2531 1809 2603 igitur
1832 2530 2094 2602 perfecta
2119 2530 2396 2588 felicitas.

457 2607 659 2663 Potest
686 2608 881 2660 autem
916 2600 1136 2673 aliquis
1166 2601 1360 2659 dicere
1390 2601 1571 2673 quod,
1599 2616 1735 2659 cum
1768 2601 2021 2659 felicitas
2051 2602 2127 2659 sit
2158 2601 2383 2658 bonum
2438 2602 2818 2660 intellectua—

384 2674 462 2732 lis
493 2680 739 2742 naturae,
766 2672 1025 2744 perfecta
1054 2678 1111 2728 et
1138 2686 1274 2730 vera
1305 2672 1559 2730 felicitas
1589 2678 1681 2729 est
1705 2673 1968 2739 illorum,
2000 2673 2063 2728 in
2108 2672 2331 2744 quibus
2382 2677 2595 2728 natura
2643 2673 2816 2730 intel-

385 2745 660 2802 lectualis
692 2744 953 2815 perfecta
979 2741 1298 2809 invenitur,
1331 2741 1390 2799 id
1421 2748 1513 2801 est
1544 2743 1605 2799 in
1641 2742 1996 2800 substantiis
2022 2742 2337 2813 separatis.
2366 2745 2434 2798 In
2466 2742 2816 2801 hominibus
2918 2780 2937 2803 κ

377 2821 585 2873 autem
631 2814 932 2871 invenitur
984 2812 1329 2882 imperfecta
1371 2827 1478 2883 per
1524 2813 1767 2871 modum
1822 2813 2297 2884 participationis
2344 2812 2677 2884 cuiusdam.
2708 2813 2793 2871 Ad

383 2886 691 2942 veritatem
721 2884 880 2941 enim
910 2882 1359 2954 intelligendam
1411 2884 1605 2953 plene,
1637 2884 1881 2941 nonnisi
1910 2898 2015 2953 per
2048 2883 2364 2956 quemdam
2393 2883 2814 2957 inquisitionis

384 2956 630 3013 modum
689 2955 1025 3035 pertingere
1072 2960 1346 3024 possunt,
1406 2958 1462 3010 et
1512 2955 1587 3011 ad
1635 2968 1706 3011 ea
1748 2969 1880 3026 quae
1936 2960 2076 3011 suut
2128 2953 2455 3011 secundum
2533 2961 2811 3013 naturam

321 3031 342 3053 ⁹
383 3026 642 3083 maxime
696 3022 1098 3096 intelligibilia
1143 3024 1396 3082 omnino
1442 3024 1746 3092 deficiunt,
1801 3024 1957 3082 sicut
2004 3039 2076 3081 ex
2127 3023 2301 3082 dictis
2334 3023 2486 3096 (cap.
2516 3026 2606 3097 45)
2632 3029 2813 3096 patet.

387 3094 550 3153 Unde
581 3108 691 3150 nec
721 3093 976 3152 felicitas
1005 3094 1334 3151 secundum
1366 3108 1537 3152 suam
1571 3096 1888 3165 perfectam
1942 3094 2231 3152 rationem
2287 3100 2485 3166 potest
2526 3096 2811 3155 omnibus

385 3164 733 3224 hominibus
762 3163 996 3234 adesse,
1027 3163 1132 3244 sed
1162 3165 1386 3237 aliquid
1419 3166 1613 3236 ipsius
1641 3166 1995 3237 participant
2020 3166 2199 3222 etiam
2226 3165 2287 3221 in
2320 3165 2432 3223 hac
2454 3166 2592 3223 vita.

457 3239 520 3293 Et
551 3235 678 3292 haec
704 3235 937 3292 videtur
965 3235 1152 3292 fuisse
1178 3237 1475 3293 sententia
1495 3236 1834 3293 Aristotelis
1862 3237 1934 3293 de
1966 3236 2267 3304 felicitate,
2297 3236 2455 3293 unde
2502 3237 2566 3293 in
2614 3236 2812 3307 primo

383 3308 564 3365 Ethic.
595 3305 745 3377 (cap.
781 3305 867 3376 14)
898 3304 996 3363 ubi
1029 3305 1275 3377 inquirit
1306 3313 1501 3363 utrum
1531 3307 1860 3363 infortunia
1906 3306 2119 3363 tollant
2166 3305 2530 3375 felicitatem,
2563 3311 2812 3365 ostenso

376 3377 546 3451 -quod
577 3376 830 3433 felicitas
855 3376 935 3433 sit
964 3376 1026 3432 in
1061 3377 1512 3447 operationibus
1543 3377 1776 3434 virtutis
1805 3391 1938 3449 quae
1983 3377 2238 3434 maxime
2285 3384 2704 3448 permanentes
2748 3378 2812 3435 in

384 3448 499 3506 bac
525 3447 648 3504 vita
672 3460 809 3505 esse
835 3446 1129 3515 videntur,
1155 3448 1461 3505 concludit
1490 3447 1631 3504 illos
1657 3446 1876 3520 quibus
1904 3447 2040 3504 talis
2082 3448 2368 3527 perfectio
2420 3448 2483 3504 in
2535 3449 2646 3507 hac
2693 3448 2815 3507 vita

379 3518 623 3592 quidem
653 3517 824 3575 adest
849 3530 986 3575 esse
1013 3517 1240 3587 beatoS,
1271 3523 1333 3575 ut
1363 3519 1661 3588 homineS,
1694 3518 1866 3590 quasi
1897 3531 2019 3576 non
2048 3516 2404 3588 simpliciter
2442 3518 2517 3576 ad
2560 3518 2811 3577 felicita-

381 3595 499 3648 tem
533 3589 956 3660 pertingenteS‚
985 3588 1090 3645 sed
1115 3589 1293 3646 modo
1324 3589 1609 3647 humano.

454 3659 622 3729 Quod
645 3665 840 3716 autem
874 3659 1152 3729 praedicta
1171 3661 1488 3731 responsio
1510 3660 1774 3717 rationes
1802 3659 2147 3731 praemissas
2175 3672 2297 3716 non
2319 3666 2586 3728 evacuet,
2612 3664 2813 3718 osten-

383 3730 643 3790 dendum
674 3735 783 3786 est.
809 3731 997 3786 Homo
1022 3730 1204 3799 enim,
1231 3730 1343 3787 etsi
1379 3736 1602 3787 naturae
1632 3731 1839 3788 ordine
1859 3729 2216 3788 substantiis
2247 3730 2541 3799 separatis
2563 3730 2645 3787 sit
2664 3729 2808 3786 infe-

381 3802 525 3869 rior,
548 3799 837 3859 creaturis
867 3807 1065 3857 tamen
1087 3800 1596 3858 irrationabilibus
1617 3801 1890 3872 superior
1914 3806 2023 3858 est.
2057 3799 2396 3857 perfectiori
2428 3801 2443 3856 i
2493 3800 2612 3857 itur
2629 3798 2809 3858 modo

381 3884 560 3929 suum
605 3871 785 3928 finem
835 3871 1108 3929 ultimum
1136 3877 1538 3943 consequetur
1565 3886 1742 3943 quam
1774 3872 1894 3929 illa.
1924 3872 2033 3928 Illa
2056 3884 2197 3927 vero
2225 3871 2315 3928 sic
2342 3884 2450 3941 per
2475 3877 2602 3929 ecte
2632 3883 2809 3928 suum

380 3940 560 3998 finem
591 3942 868 3999 ultimum
897 3947 1369 4014 consequuntur,
1392 3941 1551 4013 quod
1575 3942 1724 3998 nihil
1756 3941 1916 3999 aliud
1949 3947 2242 4013 quaerunt.
2272 3942 2459 3998 Grave
2490 3942 2649 3998 enim
2673 3954 2809 3998 cum

380 4009 563 4069 fuerit
589 4011 651 4068 in
679 4026 792 4070 suo
833 4011 958 4080 ubi,
989 4012 1262 4085 quiescit.
1298 4011 1593 4069 Animalia
1621 4013 1797 4069 etiam
1840 4026 1974 4069 cum
2008 4012 2285 4068 fruuntur
2312 4012 2812 4069 delectationibus

379 4082 712 4139 secundum
737 4096 1005 4150 sensum,
1031 4095 1238 4139 eorum
1288 4083 1559 4140 naturale
1588 4081 1949 4141 desiderium
1993 4082 2312 4153 quietatur.
2345 4085 2584 4154 Oportet
2628 4081 2813 4154 igitur

378 4151 573 4210 multo
605 4153 817 4212 fortius
846 4153 1027 4226 quod,
1057 4166 1192 4211 cum
1224 4152 1406 4210 bomo
1436 4153 1768 4224 pervenerit
1795 4154 1867 4210 ad
1900 4167 2075 4209 suum
2106 4151 2285 4210 finem
2318 4153 2617 4222 ultimum,
2645 4158 2815 4209 natu-

379 4220 506 4280 rale
537 4221 665 4292 ejus
695 4223 1055 4282 desiderium
1085 4224 1402 4297 quietatur.
1435 4224 1547 4281 Sed
1580 4221 1696 4281 hoc
1722 4236 1843 4280 non
1874 4228 2070 4293 potest
2091 4222 2220 4280 fieri
2251 4224 2315 4279 in
2343 4223 2462 4280 vita
2492 4224 2628 4280 ista.
2658 4224 2811 4303 Ergo

379 4290 567 4351 homo
596 4305 714 4349 non
743 4295 1132 4365 consequitur
1151 4295 1488 4352 felicitatem
1563 4300 1697 4351 rout
1723 4299 1811 4350 est
1841 4291 1980 4350 finis
2003 4293 2281 4365 proprius
2310 4293 2441 4365 ejus
2465 4293 2527 4349 in
2558 4293 2673 4350 bac
2693 4299 2815 4353 vita

379 4366 447 4421 ut
475 4367 787 4442 ostensum
817 4371 926 4422 est.
951 4366 1192 4447 Oportet
1220 4378 1364 4439 ergo
1383 4380 1463 4437 qu
1573 4370 1979 4436 consequatur
2000 4371 2138 4436 post
2168 4364 2322 4421 banc
2352 4365 2555 4421 vitam.

447 4432 665 4503 Adhuc,
705 4434 1077 4504 impossibile
1122 4440 1213 4494 est
1244 4436 1513 4507 naturale
1556 4433 1922 4494 desiderium
1966 4448 2105 4494 esse
2145 4434 2344 4494 inane.
2374 4436 2598 4493 Natura
2643 4433 2810 4492 enim
