3076 5025
1179 234 1312 294 LIB.
1352 237 1426 306 11,
1464 236 1617 295 CAP.
1658 236 1918 294 LXXXIV.
2647 239 2757 301 229

327 360 492 430 solo;
522 358 788 433 alioquin
820 363 878 416 et
918 356 1197 417 homines
1228 359 1428 430 specie
1457 359 1782 418 differrent.
1814 358 2161 419 Differentia
2187 364 2384 420 autem
2412 363 2749 426 secundum

328 441 644 488 numerum
685 431 846 488 inest
873 430 1205 487 secundum
1235 430 1527 503 principia
1556 432 1906 489 materialia.
1931 431 2175 503 Oportet
2209 432 2392 503 igitur
2436 433 2751 493 diversita-

326 506 446 559 tem
476 501 810 559 animarum
834 500 1228 559 humanarum
1253 501 1586 559 secundum
1610 502 1834 574 aliquid
1863 502 2167 560 materiale
2188 502 2347 560 sumi
2367 521 2381 572 ;
2405 516 2527 562 non
2549 510 2750 564 autem

327 571 413 629 ita
480 570 598 629 uod
627 571 821 642 ipsius
849 571 1065 629 animae
1095 572 1176 629 sit
1203 571 1450 652 materia
1486 586 1660 644 pars3
1692 578 2004 631 ostensum
2034 578 2127 631 est
2154 573 2314 630 enim
2344 587 2522 645 supra
2557 574 2630 647 (c.
2656 575 2750 648 50)

326 655 447 715 quo
517 647 610 700 est
627 641 965 700 substantia
990 642 1434 711 intellectualis,
1456 649 1515 700 et
1536 643 1696 715 quod
1724 642 1890 700 nulla
1915 642 2054 701 talis
2074 642 2411 702 substantia
2437 646 2751 705 materiam

327 712 526 771 habet.
555 712 933 785 Relinquitur
966 725 1110 785 ergo
1157 712 1342 786 quod,
1370 713 1703 771 secundum
1742 714 2012 772 ordinem
2041 714 2116 772 ad
2162 714 2431 774 diversas
2467 716 2753 775 materias

326 783 548 855 quibus
587 783 803 842 animae
846 782 1156 852 uniuntur,
1185 783 1501 843 diversitas
1545 789 1603 840 et
1641 785 1952 855 pluralitas
2000 784 2336 842 animarum
2375 791 2649 843 sumatur
2676 798 2753 846 eo

326 853 508 913 modo
556 867 676 927 quo
723 867 906 925 supra
952 853 1178 911 dictum
1225 858 1337 912 est.
1393 855 1452 912 Si
1495 854 1681 925 igitur
1733 860 1874 913 sunt
1922 854 2157 914 diversa
2196 870 2450 928 corpora
2501 870 2751 916 necesse

327 925 621 1051 esttquod
663 924 921 982 habeant
952 923 1222 984 diversas
1246 923 1480 983 animas
1519 924 1636 983 sibi
1665 925 1894 995 unitas;
1923 938 2049 984 non
2089 925 2276 999 igitur
2319 939 2440 985 una
2476 927 2752 999 pluribus

327 1008 432 1055 um
460 1009 553 1052 ur.

395 1064 617 1129 Adhuc,
649 1070 958 1123 ostensum
1004 1068 1100 1123 est
1146 1079 1329 1138 supra
1355 1064 1430 1138 (c.
1457 1065 1551 1137 57)
1580 1066 1840 1125 animam
1883 1065 2044 1124 uniri
2096 1066 2331 1138 corpori
2362 1072 2427 1124 ut
2473 1067 2751 1127 formam.

329 1137 577 1195 Formas
622 1142 818 1194 autem
865 1139 1098 1207 oportet
1147 1149 1282 1196 esse
1327 1137 1588 1208 propriis
1616 1136 1883 1195 materiis
1933 1137 2439 1208 proportionatae.
2468 1151 2652 1210 quum
2684 1152 2757 1199 se

330 1206 589 1265 habeant
642 1207 716 1264 ad
779 1206 1034 1265 invicem
1087 1205 1246 1266 sicut
1298 1208 1567 1279 potentia
1618 1212 1676 1265 et
1721 1212 1891 1266 actus
1921 1224 1936 1275 ;
1985 1207 2263 1277 proprius
2306 1213 2506 1265 autem
2571 1214 2749 1269 actus

326 1290 435 1359 pro
479 1277 584 1335 riae
620 1276 899 1349 potentiae
952 1276 1294 1348 respondet.
1322 1280 1454 1336 Non
1491 1290 1637 1350 ergo
1680 1291 1800 1337 una
1838 1277 2043 1335 anima
2084 1276 2360 1349 pluribus
2398 1279 2755 1350 corporibus

327 1360 433 1407 um
462 1360 555 1406 ur.

397 1418 673 1489 Amplius,
703 1418 981 1476 virtutem
1022 1417 1277 1476 motoris
1323 1422 1557 1489 oportet
1611 1431 1748 1476 esse
1794 1430 1908 1475 suo
1948 1416 2158 1477 mobili
2205 1419 2752 1491 proportionatam3

329 1502 453 1547 non
484 1488 643 1546 enim
685 1502 1075 1561 quaecumque
1103 1487 1293 1546 virtus
1327 1492 1527 1547 movet
1555 1488 1973 1561 quodcumque
2013 1487 2256 1547 mobile.
2292 1490 2505 1547 Anima
2529 1496 2753 1560 autem,

328 1559 441 1618 etsi
473 1572 595 1617 non
643 1559 721 1616 sit
750 1560 943 1617 forma
996 1558 1288 1630 corporiS,
1318 1564 1665 1617 nontamen
1714 1564 1910 1630 potest
1938 1558 2055 1617 dici
2111 1559 2270 1631 quod
2301 1572 2420 1618 non
2451 1560 2531 1618 sit
2558 1566 2756 1619 motor

328 1629 556 1702 ipsius;
586 1630 916 1687 animatum
937 1633 1136 1687 autem
1159 1628 1234 1686 ab
1259 1628 1590 1687 inanimato
1608 1629 2038 1702 distinguimus
2059 1642 2244 1688 sensu
2273 1636 2329 1689 et
2351 1636 2539 1689 motu.
2564 1633 2752 1702 Opor-

326 1705 411 1759 tet
430 1701 617 1773 igitur
645 1700 977 1758 secundum
997 1698 1395 1758 diversitatem
1436 1712 1754 1771 corporum
1785 1714 1921 1759 esse
1950 1701 2352 1759 diversitatem
2393 1701 2751 1761 animarum.

395 1772 549 1834 Item,
582 1770 646 1827 in
685 1771 779 1828 his
805 1784 937 1842 quae
967 1774 1330 1853 generantur
1369 1773 1430 1828 et
1464 1777 1951 1842 corrumpuntur,
1983 1771 2359 1842 impossibile
2400 1776 2493 1831 est
2521 1786 2626 1844 per
2646 1786 2751 1846 ge·

328 1842 703 1900 nerationem
725 1842 992 1899 reiterari
1022 1841 1180 1898 idem
1201 1852 1452 1899 numero
1471 1859 1485 1911 ;
1516 1855 1702 1913 quum
1740 1842 1901 1899 enim
1924 1842 2230 1915 generatio
2258 1846 2317 1900 et
2342 1843 2648 1914 corruptio
2671 1843 2752 1901 sit

326 1918 531 1971 motus
559 1911 623 1969 in
671 1912 1068 1970 substantiam
1114 1912 1180 1969 in
1209 1911 1306 1969 his
1332 1926 1465 1984 quae
1491 1918 1854 1985 generantur
1879 1917 1938 1970 et
1964 1919 2447 1984 corrumpuntur,
2479 1927 2601 1972 non
2633 1927 2755 1971 ma-

326 1988 429 2041 net
456 1982 797 2042 substantia
823 1981 1053 2052 eadem,
1084 1982 1242 2062 sicut
1269 1985 1473 2039 manet
1525 1982 1586 2039 in
1616 1983 1714 2041 his
1741 1997 1873 2055 quae
1919 1984 2251 2041 secundum
2282 1984 2481 2041 locum
2509 1997 2750 2042 moven-

325 2058 442 2112 tur.
472 2053 586 2112 Sed
632 2053 683 2111 si
717 2066 838 2111 una
873 2053 1075 2110 anima
1106 2052 1361 2112 diversis
1411 2053 1765 2124 corporibus
1815 2053 2118 2126 generatis
2148 2054 2353 2112 unitur
2382 2055 2749 2125 successive,

325 2122 546 2183 redibit
593 2122 750 2182 idem
793 2135 1045 2181 numero
1093 2122 1277 2182 homo
1313 2135 1421 2195 per
1464 2125 1944 2196 generationem;
1974 2124 2137 2197 quod
2177 2125 2510 2184 secundum
2555 2126 2754 2184 Plato-

326 2206 464 2252 nem
493 2193 570 2252 de
596 2194 954 2252 necessitate
1000 2193 1293 2266 sequitur,
1324 2194 1427 2267 qui
1477 2193 1625 2252 dixit
1672 2194 1976 2253 hominem
2022 2208 2159 2253 esse
2202 2195 2461 2253 animam
2505 2210 2755 2267 corpore

324 2264 619 2323 indutam.
646 2264 921 2337 Sequitur
971 2264 1150 2323 etiarn
1201 2264 1349 2322 etin
1401 2264 1538 2323 aliis
1583 2265 2092 2338 quibuscumque3
2123 2265 2284 2338 quia,
2317 2280 2499 2339 quum
2553 2267 2754 2326 unitas

325 2335 413 2394 rei
443 2340 730 2409 sequatur
759 2335 1012 2392 formam
1059 2335 1219 2393 sicut
1258 2338 1318 2392 et
1344 2347 1500 2403 esse,
1526 2340 1760 2407 oportet
1788 2335 1949 2409 quod
1992 2335 2101 2393 illa
2132 2336 2255 2393 sint
2304 2336 2462 2393 idem
2493 2350 2748 2396 numero

325 2418 585 2536 auorum
618 2411 711 2464 est
743 2406 936 2463 forma
965 2418 1217 2463 numero
1265 2417 1406 2464 una.
1434 2407 1564 2462 Non
1595 2405 1780 2487 igitur
1822 2412 1914 2464 est
1941 2405 2230 2477 possibile
2255 2418 2439 2465 unam
2489 2407 2753 2465 animam

367 2477 582 2536 iversis
637 2476 993 2549 corporibus
1039 2474 1240 2546 uniri;
1287 2487 1359 2534 ex
1402 2487 1523 2550 quo
1571 2482 1751 2536 enam
1817 2476 2088 2550 sequitur
2153 2475 2315 2550 quod
2368 2489 2481 2534 nec
2534 2477 2750 2538 animae

326 2547 569 2607 fuerunt
587 2554 724 2605 ante
752 2560 1025 2619 corpora.

397 2619 550 2676 Huic
577 2623 776 2676 autem
804 2616 1037 2676 veritati
1062 2616 1373 2676 catholicae
1407 2615 1546 2675 fidei
1576 2618 1876 2676 sententia
1900 2615 2254 2697 concordat3
2284 2615 2504 2674 dicitur
2532 2618 2693 2677 enim
2725 2636 2742 2676 z

324 2688 433 2759 Qui
453 2692 620 2759 finxit
659 2689 985 2758 sinqillatim
1011 2688 1179 2744 corda
1205 2703 1386 2744 eorum
1414 2686 1594 2760 (Psal.
1626 2699 1814 2756 xxxii,
1839 2686 1950 2759 15),
1984 2687 2127 2760 quia
2162 2686 2393 2745 scilicet
2421 2688 2748 2761 unicuique

325 2771 604 2819 seorsum
633 2759 869 2840 proprie
899 2761 1057 2840 Deus
1077 2757 1340 2816 animam
1365 2758 1535 2839 fecit3
1563 2771 1684 2815 non
1705 2761 1907 2816 autem
1926 2756 2109 2816 simul
2137 2769 2350 2815 omnes
2374 2759 2613 2828 creavit,
2639 2772 2753 2818 nec

323 2842 507 2890 unam
539 2831 794 2888 diversis
821 2843 927 2887 cor
969 2827 1178 2887 oribus
1209 2828 1498 2901 adjunxit.

395 2901 547 2959 Hinc
597 2900 777 2959 etiam
821 2899 886 2958 in
948 2899 1079 2958 ibro
1105 2901 1185 2958 De
1227 2900 1600 2956 ecclesiasticis
1627 2897 1971 2968 doqmatibus
1998 2896 2076 2971 (c.
2109 2897 2198 2972 14)
2226 2897 2444 2958 dicitur
2470 2916 2486 2956 :
2515 2900 2753 2962 Animae

324 2969 602 3029 hominum
648 2969 992 3043 (credimus)
1021 2985 1132 3027 non
1172 2984 1285 3027 esse
1325 2969 1397 3026 ab
1435 2971 1599 3026 initio
1637 2971 1784 3026 inter
1803 2975 2025 3027 caeteras
2067 2969 2453 3028 intellectuales
2489 2973 2744 3036 naturas,

321 3056 419 3102 mc
444 3043 614 3102 simul
633 3045 866 3111 ονοαεαε,
893 3042 1036 3100 sicut
1061 3040 1316 3112 onoma
1340 3039 1477 3115 (nupt
1494 3040 1671 3113 ἀρχῶν,
1688 3053 1734 3113 1,
1758 3039 1817 3114 7)
1835 3041 2017 3113 finale.

1225 3259 1482 3328 CAPUT
1534 3258 1852 3326 LXXXIV.

670 3438 913 3490 sonmo
946 3439 1251 3488 unum
1285 3436 1518 3488 comm
1551 3437 1921 3486 sm’nmom
1949 3437 2406 3488 conctusmumt.

394 3603 680 3664 Rationes
724 3608 925 3662 antem
971 3602 1193 3676 quibus
1221 3602 1509 3675 probatur
1547 3602 1784 3662 animas
1811 3601 1887 3660 ab
1933 3606 2156 3662 aeterno
2180 3603 2376 3662 fuisse
2416 3602 2511 3662 vel
2536 3601 2750 3664 saltem

322 3674 681 3748 corporibus
712 3675 1167 3754 praeexstitisse,
1191 3673 1368 3732 facile
1396 3679 1490 3732 est
1517 3674 1774 3733 solvere.

394 3746 566 3815 Quod
614 3744 776 3802 enim
813 3745 1009 3816 primo
1053 3743 1293 3814 dicitur,
1342 3743 1607 3803 animam
1658 3744 1876 3802 habere
1925 3744 2202 3805 virtutem
2249 3748 2317 3802 ut
2368 3744 2450 3803 sit
2494 3757 2752 3817 semper,

322 3815 578 3877 concedi
607 3820 860 3888 oportet.
891 3813 1006 3873 Sed
1036 3814 1347 3873 sciendum
1408 3813 1527 3874 uod
1549 3814 1741 3873 virtus
1754 3820 1815 3872 et
1840 3815 2107 3887 potentia
2133 3814 2221 3874 rei
2251 3827 2373 3873 non
2398 3828 2465 3874 se
2489 3815 2753 3875 extendit

325 3885 403 3946 ad
452 3886 514 3945 id
587 3887 706 3944 uod
735 3886 868 3954 fuit,
889 3885 998 3944 sed
1025 3884 1100 3943 ad
1153 3884 1216 3943 id
1244 3898 1366 3957 quo
1431 3890 1526 3944 est
1547 3885 1640 3943 vel
1669 3886 1812 3953 erit;
1843 3885 2001 3944 unde
2029 3885 2177 3943 etin
2205 3885 2524 3957 praeteritis
2553 3886 2752 3956 possi·

323 3955 530 4017 bilitas
578 3969 753 4014 ocum
780 3969 903 4014 non
949 3955 1146 4014 habet.
1172 3958 1302 4014 Non
1331 3955 1541 4028 igitur,
1567 3970 1641 4014 ex
1684 3956 1801 4014 hoc
1828 3956 1991 4028 quod
2036 3956 2236 4014 anima
2266 3956 2445 4014 habet
2472 3957 2752 4017 virtutem

325 4033 395 4086 ut
421 4028 504 4086 sit
533 4039 789 4099 semper,
820 4030 1014 4098 potest
1036 4025 1313 4085 concludi
1340 4026 1499 4106 quod
1529 4039 1656 4085 sem
1705 4040 1768 4084 er
1804 4025 2002 4096 suerit,
2036 4026 2143 4085 sed
2162 4026 2323 4098 quod
2351 4040 2589 4099 semper
2619 4028 2753 4087 erit.

395 4099 688 4161 Frater-ea,
715 4111 788 4155 ex
813 4097 1031 4155 virtute
1055 4109 1179 4156 non
1208 4101 1480 4169 sequitur
1514 4096 1577 4155 id
1614 4111 1652 4155 a
1718 4096 1880 4170 quod
1909 4101 2003 4155 est
2027 4096 2239 4167 virtus,
2261 4097 2379 4155 nisi
2410 4111 2756 4170 praesuppo-

323 4165 447 4228 sita
482 4168 721 4226 virtute.
750 4168 1036 4238 Quamvis
1080 4167 1267 4241 igitur
1313 4166 1515 4225 anima
1543 4167 1754 4226 habeat
1792 4168 2067 4225 virtutem
2109 4172 2177 4226 ut
2222 4166 2303 4226 sit
2343 4181 2599 4241 semper,
2629 4181 2755 4228 non

325 4242 532 4297 tamen
561 4242 759 4320 potest
797 4237 1075 4297 concludi
1123 4237 1284 4311 quod
1313 4237 1516 4296 anima
1552 4237 1634 4296 sit
1660 4251 1916 4319 semper,
1948 4237 2065 4296 nisi
2113 4242 2430 4310 postquam
2456 4241 2610 4298 hanc
2638 4239 2753 4320 vir·

328 4313 518 4369 tutem
550 4313 796 4379 accepit.
827 4309 885 4369 Si
915 4314 1114 4366 autem
1144 4312 1417 4368 sumatur
1483 4308 1601 4366 uod
1631 4309 1785 4368 hanc
1809 4313 2081 4367 virtutem
2103 4309 2178 4367 ab
2206 4315 2429 4370 aeterno
2458 4312 2751 4381 habuerit,

332 4380 449 4441 erit
473 4377 728 4456 petitum
752 4377 815 4438 id
840 4379 1002 4454 quod
1031 4378 1330 4453 oportebit
1352 4390 1462 4451 pro
1505 4377 1617 4450 ari,
1645 4379 1880 4441 scilicet
1912 4379 2075 4454 quod
2100 4379 2280 4441 fuerit
2298 4380 2373 4441 ab
2402 4387 2667 4451 aeterum„
