3076 5025
375 260 481 314 492
1319 253 1452 308 ΗΒ.
1492 253 1583 320 w,
1624 253 1774 307 CAP.
1814 251 1878 307 V.

375 392 494 436 vox
517 376 706 434 Patris
734 375 993 434 intonuit
1020 374 1080 432 in
1110 373 1409 446 baptismo
1439 391 1454 429 ε
1483 375 1586 429 Hic
1611 377 1691 428 est
1714 374 1887 428 Filius
1916 387 2063 428 meus
2111 372 2360 442 dilectus,
2403 374 2467 429 in
2511 386 2619 443 quo
2665 370 2808 428 aiibi

377 450 680 576 W‘tfss‘i
701 447 915 572 tm·
929 458 1054 571 Ηυξ
1087 442 2811 586 'wiwdsssiv32292⁵52¹1³22⁰‹¹3²003222mi1¹¹³{¹i553:5¹3&

378 535 574 646 rutum:²
596 533 918 656 Ungqenitus
945 531 1129 642 fviti'ug
1147 588 1245 655 qui
1269 530 1451 640 estqgi
1483 586 1613 664 sinu
1636 529 1843 664 ιὲαίνίε,
1882 586 2000 654 ipse
2037 555 2542 665 enarravii’ffbid„
2567 556 2721 664 ,⁹¹93
2752 582 2809 641 si

375 663 573 718 autem
610 657 915 715 communi
945 655 1145 724 mod0,
1176 655 1330 712 sicut
1359 658 1417 711 et
1440 655 1560 722 alii,
1596 653 1756 712 filius
1788 654 2100 723 diceretur,
2132 661 2477 727 unigenitus
2522 653 2639 711 dici
2678 664 2807 711 non

375 735 585 801 posset
612 746 626 796 ;
659 726 1017 800 quandoque
1047 726 1224 783 etiam
1256 729 1315 782 et
1337 724 1771 797 primogenitus
1799 724 2159 793 nominatur,
2189 732 2258 781 ut
2322 723 2548 783 uaedam
2587 723 2810 781 deriva-

373 800 465 857 tio
493 797 798 855 filiationis
827 796 901 854 ab
929 808 1002 854 eo
1030 796 1090 852 in
1117 796 1250 853 aliis
1279 794 1648 863 ostendatur,
1683 795 2014 853 secundum
2040 794 2189 852 illud
2222 813 2237 851 :
2315 810 2409 851 uos
2449 796 2728 866 praescivit
2754 799 2809 850 et

368 870 787 941 praedestinavi't
811 868 1110 934 conformes
1133 869 1254 937 fieri
1275 868 1536 935 imaqinis
1562 867 1695 921 Filii
1713 868 1823 934 sui,
1850 870 1914 921 ut
1937 868 2011 921 sit
2036 868 2153 935 ipse
2164 867 2562 935 primoyenitus
2585 867 2647 920 iii
2668 864 2810 920 nual-

376 942 450 995 tis
477 939 751 1007 tratribus
780 937 976 1009 (Rom.,
1013 950 1144 1004 vni,
1173 936 1286 1007 29),
1315 941 1376 994 et
1403 936 1656 994 dicitur:
1689 938 1841 993 Misit
1867 938 2009 992 Deus
2035 937 2237 992 Filium
2262 951 2511 999 siturum,
2540 939 2605 991 ut
2632 935 2810 1005 adop-

376 1012 577 1065 tionem
619 1010 858 1078 filiorum
910 1010 1284 1077 reciperemus.
1339 1007 1567 1078 (Galat,
1597 1019 1683 1075 iv,
1725 1011 1780 1073 4,
1819 1006 1895 1079 5).
1943 1006 2075 1063 Alia
2116 1020 2259 1078 ergo
2296 1007 2529 1064 ratione
2556 1007 2685 1077 ipse
2712 1009 2811 1062 est

376 1079 461 1137 fili
473 1092 542 1136 us
572 1093 678 1149 per
704 1078 879 1150 cuius
908 1076 1217 1136 filiationis
1249 1076 1705 1135 similitudinem
1734 1076 1836 1133 alii
1867 1076 1974 1133 tilii
1999 1076 2295 1135 dicuntur.

443 1150 722 1219 Amplius,
753 1147 1024 1220 quaedam
1043 1161 1225 1219 opera
1249 1148 1313 1205 in
1335 1147 1659 1219 scripturis
1685 1147 1876 1204 sacris
1903 1147 1988 1204 ita
2004 1149 2124 1205 Deo
2142 1146 2379 1218 proprie
2399 1145 2808 1225 attribuuntur

373 1220 536 1292 quod
562 1219 729 1275 alteri
761 1219 1082 1275 convenire
1113 1231 1232 1276 non
1259 1223 1537 1289 possunt,
1563 1218 1722 1275 sicut
1739 1217 2136 1276 sanctificatio
2164 1219 2500 1275 animarum
2529 1221 2590 1273 et
2602 1228 2811 1273 remis·

374 1291 473 1418 3⁰.
496 1294 918 1429 sititet&
936 1288 1486 1429 ἒυξὲξξξξξέἐέξυυυυΗ
1387 1291 1545 1414 ῑΗξξ
1565 1289 2239 1429 memmi?
2251 1285 2812 1428 misissit}

374 1443 492 1503 que
522 1435 718 1486 autem
769 1429 983 1486 horum
1011 1429 1245 1487 Christo
1296 1429 1595 1500 Scriptura
1627 1428 1928 1497 attribuit3
1959 1428 2177 1486 dicitur
2203 1429 2361 1486 enim
2389 1400 2545 1496 z'Qui
2569 1429 2811 1496 smictifi·

369 1504 482 1563 cat,
511 1506 561 1555 et
589 1503 687 1570 qui
712 1501 1101 1570 sanctificatur,
1128 1515 1198 1555 eae
1237 1514 1346 1554 urio
1372 1514 1552 1554 omnes
1581 1499 1755 1569 (Heb.‚
1785 1512 1850 1563 11,
1884 1499 1970 1572 1¹)
2000 1517 2015 1567 ;
2040 1505 2100 1556 et
2121 1500 2330 1568 t‘Jesus,
2356 1503 2420 1554 ut
2442 1499 2813 1569 sanctificaret

367 1586 473 1641 per
499 1587 656 1625 suum
681 1573 1002 1639 sanquinem
1027 1570 1310 1641 populum,
1341 1575 1501 1625 eaetra
1535 1575 1754 1639 portam
1905 1584 1998 1626 sus
2031 1574 2129 1625 est.
2161 1569 2341 1640 (Heb.,
2368 1580 2497 1631 xm,
2535 1568 2642 1648 ¹2).
2671 1570 2811 1638 lpse

374 1641 553 1698 etiam
584 1640 876 1720 Dominus
900 1639 974 1697 de
1002 1654 1068 1698 se
1098 1645 1459 1722 protestatus
1487 1639 1762 1711 estquod
1835 1640 2036 1696 aberet
2084 1644 2435 1710 potestatem
2465 1635 2807 1718 remittendi

373 1716 638 1781 peccata,
665 1716 723 1767 et
776 1710 1066 1768 miraculo
1099 1710 1491 1779 confirmavit,
1533 1715 1599 1767 ut
1640 1709 1890 1768 babetur
1917 1710 2115 1767 Matth.
2145 1722 2230 1777 ix,
2260 1713 2314 1780 6,
2339 1715 2400 1766 et
2457 1708 2574 1766 hoc
2628 1712 2809 1767 etiam

374 1781 629 1852 angelus
653 1780 726 1837 de
752 1780 886 1851 ipso
907 1781 1361 1851 praenuntiavit:
1384 1782 1526 1851 Ipse,
1551 1781 1855 1853 inquienS,
1874 1781 2087 1837 salvum
2102 1781 2271 1848 saciet
2296 1780 2561 1851 populum
2587 1793 2749 1835 suum
2774 1793 2813 1835 a

366 1853 606 1921 peccatis
622 1866 824 1906 eorum.
839 1851 1083 1922 (natm,
1105 1865 1149 1919 i,
1166 1851 1281 1923 2¹.)
1305 1853 1434 1908 Non
1457 1852 1474 1906 i
1521 1852 1642 1908 itur
1666 1851 1958 1920 cbristuS,
1979 1855 2038 1908 et
2064 1849 2450 1908 sanctificans
2478 1855 2539 1908 et
2565 1853 2811 1921 peccata

372 1921 706 1988 remittens,
735 1922 825 1978 sic
847 1920 1066 1977 dicitur
1091 1924 1249 1978 Deus
1278 1921 1439 1978 sicut
1507 1922 1744 1978 icuntur
1764 1920 1845 1977 dii
1869 1921 1930 1978 hi
1959 1920 2061 1993 qui
2097 1920 2549 1980 sanctificantur
2571 1926 2633 1977 et
2664 1932 2809 1994 quo-

372 2004 503 2048 rum
528 1996 767 2061 peccata
788 1991 1188 2058 remittuntur,
1207 1990 1311 2048 sed
1343 1991 1502 2049 sicut
1518 1992 1792 2048 virtutem
1817 1997 1876 2047 et
1900 1998 2171 2049 naturam
2189 1990 2522 2049 divinitatis
2551 1990 2799 2049 babens.

443 2060 554 2117 llla
583 2073 723 2117 vero
753 2060 1069 2131 Scripturae
1098 2061 1444 2119 testimonia
1470 2062 1690 2133 quibus
1719 2060 2035 2119 ostendere
2062 2060 2406 2119 nitebantur
2443 2060 2606 2133 quod
2636 2060 2801 2119 Chri·

376 2135 509 2188 stus
554 2144 675 2187 non
705 2138 886 2193 ,esset
913 2133 1071 2188 Deus
1103 2145 1207 2201 per
1237 2138 1532 2196 naturam,
1564 2130 1829 2189 efficacia
1867 2144 1989 2190 non
2021 2138 2162 2192 sunt
2190 2131 2261 2189 ad
2288 2144 2500 2190 eorum
2530 2130 2805 2211 proposi·

373 2207 501 2257 tuni
540 2200 999 2258 ostendendum.
1043 2201 1405 2259 confitemur
1446 2202 1605 2259 enim
1646 2203 1710 2259 in
1749 2203 1985 2260 cbristo
2028 2203 2132 2260 Dei
2181 2201 2330 2260 Filio
2360 2208 2497 2273 post
2533 2213 2805 2260 incarna-

374 2270 561 2328 tionis
583 2271 932 2343 mysterium
963 2270 1114 2329 duas
1132 2278 1398 2340 naturas,
1423 2272 1744 2329 humanam
1775 2273 2008 2330 scilicet
2030 2279 2091 2331 et
2116 2272 2378 2330 divinam
2401 2290 2418 2341 ;
2452 2271 2611 2329 unde
2639 2271 2712 2329 de
2729 2284 2805 2329 eo

378 2340 658 2398 dicuntur
686 2346 746 2398 et
772 2355 903 2413 quae
924 2343 1026 2399 Dei
1053 2346 1196 2400 sunt
1213 2343 1471 2414 propria,
1501 2343 1733 2400 ratione
1760 2343 1974 2400 divinae
2000 2347 2248 2409 naturae,
2272 2350 2331 2400 et
2350 2357 2486 2415 quie
2513 2341 2591 2400 ad
2618 2341 2807 2400 deseo-

375 2417 503 2468 tum
535 2411 829 2482 pertinere
861 2412 1155 2475 videntur.
1184 2413 1415 2471 ratione
1447 2413 1724 2472 humanae
1769 2418 2018 2482 naturae,
2068 2418 2136 2471 ut
2158 2413 2316 2471 infra
2344 2413 2421 2484 (c.
2448 2417 2517 2470 27
2566 2417 2627 2469 et
2654 2426 2717 2470 se
2760 2410 2805 2484 .)

376 2481 618 2552 plenius
645 2481 1079 2553 explanabitur.
1110 2485 1279 2541 Nunc
1307 2489 1527 2551 autem,
1560 2482 1631 2541 ad
1664 2490 2012 2555 praesentem
2044 2483 2596 2543 considerationem
2626 2482 2698 2541 de
2754 2481 2803 2539 i-

373 2553 514 2610 vina
555 2554 964 2633 generatione,
1011 2554 1129 2611 hoc
1177 2552 1439 2611 sufficiat
1479 2561 1875 2611 monstratum
1903 2568 2060 2625 esse,
2091 2554 2422 2613 secundum
2450 2554 2802 2626 Scripturas,

377 2623 538 2694 quod
583 2623 855 2682 Christus
905 2624 1008 2680 Dei
1056 2623 1244 2681 Filius
1272 2630 1331 2681 et
1362 2626 1520 2681 Deus
1562 2624 1800 2694 dicitur,
1843 2638 1967 2682 non
1996 2624 2195 2683 solum
2222 2626 2382 2685 sicut
2406 2637 2600 2697 purus
2627 2625 2807 2684 bomo

375 2706 484 2762 per
511 2694 765 2766 gratiam
795 2693 1160 2766 adoptioniS,
1195 2693 1300 2752 sed
1322 2699 1562 2766 propter
1589 2694 1917 2753 divinitatis
1946 2700 2240 2785 naturam.

1413 2912 1668 2977 CAPUT
1706 2914 1781 2976 V.

801 3090 998 3137 OPINIO
1027 3091 1294 3137 sumti
1316 3093 1395 3138 DE
1419 3093 1575 3138 nuo
1603 3094 1724 3150 nm,
1747 3094 1826 3140 ΕΤ
1848 3093 1986 3141 Esus
2012 3095 2390 3143 nantolium.

449 3254 603 3335 Quia
644 3268 787 3312 vero
821 3255 1112 3336 omnium·
1138 3255 1211 3313 de
1237 3259 1359 3316 Deo
1409 3262 1568 3315 recte
1598 3259 1961 3317 sententium
1988 3260 2118 3319 haec
2145 3267 2238 3319 est
2264 3259 2383 3319 fixa
2413 3261 2639 3319 mentis
2664 3271 2803 3318 con·

379 3332 576 3404 ceptio
607 3326 917 3406 quod-non
945 3331 1142 3399 possit
1161 3340 1297 3386 esse
1327 3327 1446 3386 nisi
1477 3342 1638 3387 unus
1666 3330 2017 3388 naturaliter
2039 3333 2218 3397 Deus,
2238 3330 2504 3403 quidam,
2527 3347 2600 3389 ex
2621 3330 2806 3401 Scrip-

374 3400 528 3452 turis
556 3402 966 3466 concipientes
986 3395 1145 3470 quod
1163 3398 1434 3479 Christus
1464 3399 1545 3457 sit
1571 3413 1707 3456 vere
1735 3405 1795 3457 et
1822 3401 2171 3459 naturaliter
2191 3405 2350 3459 Deus
2375 3417 2446 3460 ac
2473 3403 2577 3459 Dei
2601 3401 2803 3476 FiliuS‚

375 3478 561 3522 unum
599 3467 784 3523 Deum
834 3479 970 3525 esse
1016 3467 1280 3525 confessi
1326 3476 1470 3527 sunt
1509 3470 1810 3528 Christum
1852 3472 1957 3529 Dei
2004 3471 2218 3529 Filium
2248 3478 2305 3529 et
2334 3474 2521 3529 Deum
2552 3475 2802 3545 Patrem,

374 3547 487 3592 nec
533 3543 732 3592 tamen
786 3536 947 3608 quod
995 3538 1155 3595 Deus
1200 3540 1349 3609 tilius
1384 3539 1618 3599 dicatur
1660 3540 1991 3599 secundum
2038 3555 2213 3600 suam
2254 3547 2531 3600 naturam
2578 3548 2681 3600 aut
2727 3544 2801 3603 ab
2826 3568 2841 3613 1

374 3610 618 3669 aeterno,
664 3605 769 3664 sed
816 3621 892 3687 ex
934 3606 1434 3690 tunc-filiationis
1481 3625 1700 3668 nomen
1731 3613 1960 3684 accepit
2002 3626 2076 3669 ex
2102 3626 2225 3687 quo
2253 3613 2325 3671 de
2350 3614 2536 3670 Baria
2563 3614 2803 3687 Virgine
2825 3642 2839 3649 -

377 3681 556 3733 natus
583 3683 670 3733 est
698 3690 804 3747 pei·
822 3683 1255 3737 incarnationis
1273 3693 1334 3737 m
1375 3682 1622 3739 sterium
1652 3700 1667 3749 ;
1697 3688 1756 3738 et
1784 3683 1873 3739 sic
1906 3683 2111 3740 omnia
2138 3698 2271 3757 quae
2296 3684 2571 3742 Christus
2599 3696 2803 3745 secun·

374 3743 515 3801 dum
562 3760 803 3804 carnem
850 3748 1140 3807 sustinuit
1188 3752 1308 3809 Deo
1334 3695 1489 3833 {atri
1521 3751 1943 3823 attribuebant,
1974 3759 2118 3825 puta
2142 3768 2279 3813 esse
2306 3753 2497 3812 filium
2528 3755 2797 3828 virginis,

373 3824 730 3897 conceptum
775 3822 836 3875 et
856 3824 1063 3876 natum
1093 3832 1229 3879 esse
1257 3835 1333 3878 ex
1358 3835 1511 3893 ipsa,
1555 3835 1821 3893 passum,
1851 3829 2176 3895 mortuum,
2202 3831 2267 3883 et
2289 3826 2715 3898 resurrexisse,
2739 3830 2799 3886 et

374 3885 496 3941 alia
524 3900 730 3944 omnia
757 3902 889 3958 quae
914 3890 1228 3970 Scripturas
1256 3891 1329 3949 de
1359 3893 1594 3950 Christo
1624 3894 1957 3951 secundum
1988 3908 2230 3953 carnem
2262 3895 2611 3968 loquuntur.

448 3957 625 4037 Hanc
656 3964 854 4038 autem
891 3966 1252 4039 positionem
1293 3962 1649 4020 confirmare
1701 3965 2042 4023 nitebantur
2084 3967 2403 4038 Scripturae
2437 3966 2798 4027 auctoritati·

371 4023 512 4082 bus.
562 4029 787 4086 Dicitur
833 4043 1035 4087 enim:
1072 4031 1247 4094 Audi,
1279 4034 1470 4096 Israel,
1518 4036 1779 4092 Dominus
1820 4038 1961 4092 Deus
2000 4040 2200 4099 noster,
2243 4038 2507 4093 Dominus
2548 4052 2688 4095 muts
2722 4040 2802 4094 ed

397 4096 576 4156 Dent„
601 4109 687 4165 vl,
718 4098 811 4169 4);
839 4105 933 4157 et:
961 4100 1151 4157 Videte
1176 4102 1323 4173 quod
1347 4119 1441 4172 eqo
1466 4107 1572 4159 sim
1596 4105 1758 4169 solus,
1788 4111 1842 4162 et
1866 4121 1978 4162 non
1999 4108 2076 4163 sit
2124 4107 2427 4164 atmnem
2460 4113 2665 4180 praeter
2696 4122 2793 4166 me.

400 4166 580 4232 Dent„
610 4177 805 4250 ltxxn,
834 4169 964 4242 39);
996 4176 1096 4228 et:
1128 4173 1235 4240 Qui
1275 4173 1527 4230 videtme
1562 4177 1709 4232 videt
1750 4179 2139 4246 etPati-em3...
2166 4179 2333 4234 Pater
2365 4180 2428 4234 in
2455 4194 2542 4235 me
2581 4190 2795 4236 mattas

372 4247 492 4303 ipse
523 4235 669 4302 tacit
710 4252 875 4307 opera
908 4259 998 4308 ς...
1029 4256 1125 4310 eqo
1145 4245 1207 4298 in
1231 4244 1415 4308 Patre,
1445 4250 1497 4300 et
1525 4248 1771 4303 Pater-in
1796 4262 1881 4303 me
1905 4251 2005 4304 est.
2048 4248 2289 4378 gomm⁰
2333 4260 2458 4312 xiv,
2504 4250 2680 4322 94¹.)
2718 4250 2794 4306 Ex

375 4302 913 4437 {lnugffnsafliffiinibus‘
939 4311 1354 4385 concipiebant
1374 4318 1561 4375 Deum
1584 4320 1814 4376 Patrem
1842 4317 2040 4391 ipsum
2106 4318 2278 4378 ilium
2305 4318 2447 4391 (lici,
2476 4333 2548 4378 ex
2572 4320 2794 4394 virgine
