3076 5025
1181 322 1316 386 LIB.
1355 327 1400 396 1,
1440 328 1593 384 CAP.
1629 327 1770 385 xm.
2618 333 2683 390 13

1250 564 1504 628 CAPUT
1542 564 1709 630 XIII.

900 755 1183 808 nummis
1211 759 1293 804 An
1330 758 1689 807 Pnomfflmm
1735 759 1896 808 mum
1920 759 2080 808 ESSE.

316 948 587 1008 ostenso
613 946 811 1020 igitur
837 946 996 1020 quod
1027 961 1151 1006 non
1178 953 1270 1005 est
1295 961 1514 1005 vanum
1545 948 1653 1005 niti
1676 947 1748 1005 ad
1762 948 2288 1009 demonstrandum
2306 954 2489 1010 Deum
2510 950 2668 1024 esse}

243 1019 760 1098 procedamus-ad
792 1018 1132 1088 ponendum
1159 1019 1442 1085 rationeS,
1475 1018 1693 1091 quibus
1723 1027 1842 1077 tam
1872 1021 2213 1093 philosophi
2247 1037 2426 1095 quam
2470 1025 2674 1084 docto-

252 1103 349 1149 res
379 1090 675 1148 catholici
710 1091 896 1146 Deum
923 1102 1056 1147 esse
1087 1088 1503 1160 probaverunt.

322 1161 525 1217 Primo
554 1166 758 1216 autem
784 1173 1077 1230 ponemus
1107 1160 1368 1217 rationes
1393 1159 1613 1231 quibus
1643 1160 1993 1219 Aristoteles
2022 1162 2286 1233 procedit
2309 1163 2382 1221 ad
2410 1164 2675 1234 proban·-

253 1231 392 1289 dum
426 1233 618 1289 Deum
652 1243 812 1310 esse,
843 1230 949 1310 qui·
970 1230 1084 1287 hoc
1113 1230 1361 1301 probare
1392 1229 1647 1286 intendit
1671 1245 1742 1287 ex
1773 1236 1933 1301 parte
1955 1238 2175 1301 motus,
2210 1233 2440 1290 duabus
2465 1235 2598 1291 viis.

324 1303 593 1383 Quarum
630 1313 824 1371 prima
850 1300 989 1357 talis
1018 1306 1108 1357 est
1138 1318 1153 1356 ε
1200 1303 1387 1357 Omne
1419 1299 1579 1371 quod
1609 1305 1896 1369 movetur,
1926 1302 2001 1358 ab
2050 1302 2169 1359 alio
2203 1308 2487 1360 movetur.
2522 1307 2685 1362 Patet

254 1378 453 1429 autem
482 1384 675 1428 sensu
709 1370 933 1442 aliquid
964 1369 1208 1436 moveri,
1241 1374 1448 1440 utputa
1472 1370 1691 1438 solem3
1724 1385 1887 1441 ergo,
1919 1372 2038 1428 alio
2067 1377 2359 1440 movente,
2392 1381 2681 1433 movetur.

256 1447 369 1501 Aut
394 1455 545 1512 crgo
574 1440 726 1499 illud
758 1453 1007 1498 movens
1036 1446 1326 1502 movetur,
1362 1444 1463 1497 aut
1490 1453 1632 1496 non.
1664 1440 1722 1498 Si
1748 1454 1867 1498 non
1901 1448 2189 1511 movetur,
2222 1457 2366 1524 ergo
2393 1442 2682 1503 habemus

240 1512 662 1593 propositum,
698 1511 857 1582 quod
888 1524 1138 1568 necesse
1163 1517 1253 1567 cst
1281 1524 1499 1580 ponere
1525 1509 1766 1581 aliquod
1795 1524 2044 1569 movens
2074 1512 2401 1582 immobile,
2453 1519 2511 1570 et
2566 1515 2680 1572 hoc

262 1582 519 1640 dicimus
548 1585 744 1637 Deum.
775 1581 835 1638 Si
863 1587 1056 1637 autem
1089 1587 1376 1647 movetur,
1399 1592 1541 1652 ergo
1562 1580 1634 1637 ab
1659 1581 1778 1639 alio
1801 1589 2070 1639 movente
2096 1590 2384 1641 movetur.
2406 1589 2521 1641 Aut
2538 1598 2685 1658 ergo

263 1659 359 1711 est
382 1653 708 1723 procedere
732 1652 792 1708 in
822 1651 1141 1719 infinitum,
1172 1658 1272 1708 aut
1299 1656 1390 1708 est
1419 1650 1696 1708 devenire
1724 1651 1797 1708 ad
1826 1652 2066 1725 aliquod
2083 1667 2327 1711 movens
2346 1654 2683 1725 immobile3

264 1723 375 1780 sed
406 1736 524 1780 non
553 1727 651 1779 est
678 1722 996 1792 procedere
1027 1722 1089 1778 in
1126 1720 1426 1778 infinitum
1450 1739 1466 1790 ;
1488 1734 1632 1793 ergo
1662 1735 1910 1781 necesse
1937 1730 2029 1780 est
2054 1737 2275 1796 ponere
2304 1724 2546 1796 aliquod
2566 1724 2683 1797 pri-

278 1806 440 1850 mum
468 1805 715 1850 movens
746 1790 1070 1849 immobile.
2627 1792 2637 1811 ³

345 1866 406 1919 In
461 1863 568 1919 hac
598 1869 798 1919 autem
828 1861 1180 1933 probatione
1207 1866 1347 1918 sunt
1390 1860 1521 1919 duae
1563 1861 2009 1932 propositiones
2032 1864 2372 1933 probandae,
2427 1864 2684 1923 scillicet

279 1932 426 2014 quod
457 1947 639 1992 omne
671 1938 897 2013 motum
930 1938 1199 2013 movetur
1224 1932 1298 1990 ab
1321 1931 1462 2001 alio,
1492 1937 1548 1988 et
1579 1933 1738 2006 quod
1766 1934 1831 1988 in
1862 1933 2238 1993 moventibus
2265 1941 2325 1992 et
2342 1934 2523 1993 motis
2552 1948 2678 1995 non

270 2008 351 2061 sit
376 2003 699 2075 procedere
730 2017 789 2059 in
818 2001 1136 2059 infinitum.

340 2076 606 2143 Quorum
640 2073 895 2143 primum
924 2073 1136 2144 probat
1162 2072 1567 2144 Philosophus
1595 2073 1786 2131 tribus
1810 2073 2026 2131 modis,
2449 2128 2456 2133 ,

340 2146 544 2202 Primo
571 2143 662 2201 sic
694 2162 708 2198 z
739 2143 795 2223 Si
828 2143 1051 2223 aliquid
1079 2149 1271 2201 movet
1302 2145 1590 2213 seipsum,
1622 2148 1853 2213 oportet
1880 2144 2038 2215 quod
2059 2143 2120 2200 in
2138 2157 2205 2202 se
2233 2143 2449 2203 habeat
2464 2144 2684 2216 princi-

266 2215 439 2286 pium
468 2222 672 2271 motus
701 2228 828 2282 sui;
862 2213 1033 2270 aliter
1052 2214 1365 2270 manifeste
1394 2214 1466 2270 ab
1497 2214 1617 2270 alio
1647 2220 2000 2271 moveretur.
2035 2216 2274 2285 Oportet
2311 2217 2488 2273 etiam
2518 2215 2679 2288 quod

272 2286 354 2343 sit
381 2286 829 2357 primomotum‚
862 2284 1091 2340 scilicet
1116 2283 1272 2355 quod
1359 2289 1605 2342 oveatur
1633 2286 1862 2341 ratione
1891 2285 2201 2355 suiipsius
2230 2291 2289 2340 et
2314 2299 2432 2342 non
2448 2288 2680 2344 ratione
2784 2295 2789 2300 “

260 2369 394 2414 suae
424 2356 632 2426 partis,
669 2355 823 2412 sicut
864 2358 1134 2412 movetur
1160 2355 1357 2411 anima
1430 2369 1530 2425 per
1560 2361 1783 2411 motum
1814 2354 2004 2424 pedis.
2034 2354 2130 2411 Sic
2160 2354 2319 2411 enim
2344 2360 2532 2413 totum
2557 2369 2681 2424 non

269 2432 614 2484 moveretur
640 2440 674 2481 a
699 2437 785 2491 se,
816 2424 920 2482 sed
950 2439 984 2482 a
1010 2438 1120 2482 sua
1141 2431 1326 2505 parte,
1367 2429 1425 2481 et
1462 2438 1582 2482 una
1665 2438 1762 2481 ars
1790 2424 1864 2481 ab
1905 2425 2022 2481 alia
2051 2424 2335 2497 (Physic.‚
2358 2438 2466 2492 vii,
2502 2425 2679 2496 init.).

268 2498 517 2568 Oportet
546 2496 723 2553 etiam
755 2495 949 2576 ipsum
982 2495 1277 2553 divisibile
1308 2508 1441 2553 esse
1471 2500 1530 2552 et
1561 2495 1636 2552 ha
1678 2509 1775 2551 ere
1806 2500 2025 2565 partes,
2055 2508 2240 2567 quum
2290 2508 2468 2553 omne
2521 2495 2682 2567 quod

264 2573 543 2626 movetur
569 2567 646 2624 sit
685 2566 1003 2630 divisibile,
1034 2572 1097 2623 ut
1136 2566 1419 2636 probatur
1445 2565 1509 2621 in
1533 2570 1701 2623 sexto
1720 2566 2073 2634 physicorum
2101 2565 2261 2639 (text.
2288 2579 2507 2624 comm.
2528 2571 2597 2624 32
2625 2572 2684 2625 et

264 2641 382 2706 88).
416 2639 521 2695 llis
550 2636 901 2707 suppositiS,
933 2637 1021 2693 sic
1051 2637 1247 2715 arguit
1278 2654 1292 2692 :

340 2711 462 2766 Hoc
491 2708 651 2779 quod
700 2721 733 2762 a
758 2707 960 2776 seipso
989 2712 1233 2776 ponitur
1260 2705 1505 2767 moveri,
1538 2710 1630 2760 est
1657 2704 2116 2774 primomotum:
2147 2719 2289 2776 ergo
2318 2707 2390 2764 ad
2419 2708 2681 2778 quietem

266 2779 453 2837 unius
484 2778 671 2848 pariis
701 2776 829 2847 eius
861 2790 978 2833 non
1004 2777 1275 2848 sequitur
1302 2775 1475 2846 quies
1504 2775 1710 2830 totiuS.
1741 2774 1800 2830 Si
1827 2775 2008 2842 enim,
2040 2773 2381 2845 quiescente
2410 2790 2531 2832 una
2553 2790 2683 2846 par-

266 2856 348 2918 te,
373 2849 494 2906 alia
524 2861 663 2919 pars
691 2847 820 2918 eJus
849 2852 1203 2908 moveretur,
1235 2850 1377 2901 tunc
1408 2845 1603 2914 ipsum
1633 2849 1816 2900 totum
1860 2857 1980 2901 non
2029 2850 2189 2902 esset
2232 2845 2678 2916 primomotum,

267 2920 373 2979 sed
406 2933 547 2991 pars
573 2918 703 2989 eJus
733 2932 864 2989 quae
891 2921 1178 2984 movetur,
1220 2916 1340 2972 alia
1366 2915 1734 2995 quies-cente..
1761 2913 1918 2971 Nihil
1958 2920 2153 2971 autem
2191 2916 2349 2995 quod
2400 2917 2676 2989 quiescit,

266 2991 618 3063 quiescente
649 2988 789 3048 alio.
821 2992 1087 3045 movetur
1114 3001 1150 3043 a
1177 2986 1399 3057 seipso.
1438 2987 1616 3055 Cujus
1642 2998 1799 3041 enim
1829 2985 2002 3056 quies
2021 2985 2094 3041 ad
2123 2992 2379 3057 quietem
2410 2987 2681 3059 sequitur

266 3061 542 3122 alterius,
569 3063 802 3138 oportet
829 3059 984 3129 quod
1018 3061 1216 3114 motus
1237 3057 1307 3114 ad
1339 3062 1563 3113 motum
1596 3055 1840 3135 alterius
1866 3061 2181 3128 sequatur3
2213 3063 2272 3113 et
2299 3058 2388 3114 sic
2405 3071 2523 3114 non
2556 3070 2682 3115 mo-

266 3136 439 3189 vetur
468 3146 504 3187 a
533 3142 756 3199 seips0.
786 3130 937 3200 Ergo
957 3129 1072 3185 hoc
1100 3126 1255 3199 quod
1278 3127 1609 3198 ponebatur
1637 3141 1672 3183 a
1702 3138 1902 3195 seipso
1931 3125 2175 3193 moveri,
2208 3140 2332 3185 non
2358 3133 2629 3185 movetur
2648 3141 2687 3185 a

269 3202 477 3272 seipso
503 3218 518 3266 3
551 3213 799 3255 necesse
826 3204 917 3255 est
944 3211 1087 3270 ergo
1118 3211 1293 3255 omne
1323 3198 1478 3268 quod
1511 3202 1780 3253 movetur
1809 3196 1882 3252 ab
1911 3196 2031 3253 alio
2058 3197 2303 3253 moveri.

340 3274 462 3328 Nec
490 3269 693 3328 obviat
719 3269 857 3326 huic
877 3268 1093 3325 rationi
1124 3267 1279 3340 quod
1312 3267 1460 3324 forte
1490 3267 1709 3338 aliquis
1724 3271 1926 3346 posset
1951 3266 2145 3323 dicere
2169 3266 2328 3337 quod
2349 3266 2500 3337 eJ'uS,
2522 3266 2684 3338 quod

267 3341 516 3414 ponitur
547 3354 783 3397 movere
805 3339 1093 3410 seipsum,
1119 3351 1256 3408 pars
1280 3343 1627 3417 nonpotest
1647 3350 1951 3416 quiescere
1976 3354 1991 3404 3
2023 3336 2335 3404 etiterum,
2365 3336 2523 3408 quod
2559 3351 2687 3406 par-

268 3413 351 3470 tis
380 3425 505 3469 non
542 3414 636 3469 est
663 3411 970 3482 quiescere
998 3409 1090 3465 vel
1116 3408 1336 3465 moveri
1369 3408 1485 3465 nisi
1507 3421 1612 3477 pei·
1638 3406 1936 3473 accidenS‚
1955 3410 2021 3462 ut
2045 3406 2342 3463 Avicenna
2364 3407 2688 3464 calumnia-

271 3488 403 3551 tur3
431 3482 578 3554 quia
601 3480 695 3538 vis
725 3480 977 3537 rationis
1006 3479 1066 3535 in
1096 3477 1209 3536 hoc
1238 3477 1536 3544 consistit,
1568 3476 1747 3548 quod,
1779 3477 1830 3533 si
1864 3476 2090 3548 aliquid
2124 3477 2391 3546 seipsum
2453 3480 2687 3534 moveat

270 3553 467 3625 primo
500 3558 558 3608 et
587 3565 693 3622 per
721 3564 807 3614 se,
838 3563 960 3607 non
988 3549 1219 3606 ratione
1265 3548 1541 3619 partium,
1594 3551 1824 3617 oportet
1909 3546 2025 3603 uod
2070 3560 2245 3604 suum
2293 3547 2513 3604 moveri
2562 3560 2685 3604 non

274 3622 612 3694 dependeat
640 3620 714 3679 ab
733 3620 938 3692 aliquo
965 3637 981 3689 3
1008 3618 1232 3676 moveri
1261 3625 1457 3676 autem
1490 3616 1683 3688 ipsius
1713 3616 1882 3674 divisi
1933 3617 2051 3685 iliS,
2083 3616 2240 3674 sicut
2267 3621 2325 3672 et
2372 3616 2500 3686 ejus
2528 3630 2684 3689 esse,

274 3693 571 3764 dependet
599 3705 636 3748 a
655 3691 922 3762 partibus
946 3708 960 3759 ;
987 3696 1048 3746 et
1074 3690 1162 3747 sic
1194 3702 1313 3745 non
1354 3694 1548 3758 potest
1575 3688 1838 3758 seipsum
1878 3700 2114 3743 movere
2142 3686 2334 3758 primo
2363 3692 2422 3743 et
2451 3700 2557 3756 pei·
2583 3700 2675 3744 se.

272 3765 405 3821 Non
434 3763 763 3835 requiritur
790 3774 953 3833 ergo,
984 3758 1060 3817 ad
1094 3759 1401 3817 veritatem
1430 3757 1855 3837 conditionalis
1884 3756 2160 3826 inductae,
2204 3756 2363 3829 quod
2392 3761 2687 3828 supponat

272 3839 499 3905 partem
534 3831 831 3889 moventis
859 3833 1122 3901 seipsum
1156 3842 1487 3900 quiescere,
1518 3840 1689 3900 quasi
1717 3826 2012 3898 quoddam
2036 3840 2237 3884 verum
2268 3827 2558 3894 absolute,
2582 3827 2687 3885 sed

278 3909 514 3975 oportet
541 3903 694 3960 hanc
725 3900 1189 3959 conditionalem
1219 3912 1352 3958 esse
1379 3911 1600 3964 veram,
1623 3897 1802 3969 quod,
1833 3900 1884 3953 si·
1910 3900 2198 3968 quiesceret
2215 3913 2370 3968 pars,
2401 3899 2692 3967 quiesceret

274 3979 479 4040 totum3
512 3986 647 4045 quae
675 3972 912 4044 quidem
946 3976 1140 4042 potest
1169 3983 1302 4026 esse
1330 3983 1488 4036 vera,
1515 3968 1746 4025 etiamsi
1776 3967 2131 4025 antecedens
2159 3968 2237 4025 sit
2266 3966 2635 4037 impossibile
2668 3986 2684 4026 z

278 4045 436 4103 sicut
465 4048 583 4101 ista
612 4041 1039 4101 conditionalis
1070 4044 1164 4098 est
1190 4053 1325 4096 vera
1349 4057 1363 4095 z
1391 4040 1453 4096 Si
1479 4039 1631 4094 homo
1659 4043 1738 4093 est
1763 4040 1971 4105 asinus,
2001 4040 2079 4092 est
2095 4039 2452 4094 irrationalis.

349 4115 627 4174 Secundo
657 4112 867 4183 probat
894 4111 1176 4182 (Pin-sic„
1205 4121 1336 4170 vin,
1368 4113 1507 4189 text.
1541 4121 1754 4166 comm.
1785 4113 1851 4163 27
1883 4114 1941 4163 et
1975 4107 2125 4179 seq.)
2150 4122 2254 4187 per
2284 4107 2686 4166 inductionem

278 4183 373 4243 sic
403 4204 417 4240 :
450 4186 639 4242 Omne
671 4181 828 4255 quod
860 4187 1129 4239 movetur
1166 4194 1272 4250 per
1299 4178 1596 4240 accidens,
1631 4191 1749 4235 non
1790 4182 2059 4235 movetur
2080 4191 2117 4234 a
2144 4191 2344 4248 seipso
2378 4196 2392 4244 ;
2423 4184 2693 4237 movetur

281 4255 440 4311 enim
473 4255 545 4312 ad
580 4261 808 4311 motum
831 4252 1097 4310 alterius.
1134 4249 1419 4308 Similiter
1443 4261 1636 4320 neque
1665 4246 1822 4320 quod
1873 4252 2141 4304 movetur
2159 4262 2270 4319 per
2317 4246 2682 4313 violentiam,

282 4329 349 4383 ut
374 4325 762 4382 manifestum
793 4326 886 4380 est
909 4341 925 4391 ;
959 4334 1152 4394 neque
1179 4335 1312 4392 quae
1340 4327 1651 4376 moventur
1675 4332 1780 4398 per
1808 4323 2097 4398 naturam,
2125 4324 2191 4376 ut
2214 4332 2286 4375 ex
2311 4330 2376 4375 se
2402 4323 2579 4384 mota,
2602 4316 2686 4375 si-

279 4401 386 4453 cut
415 4395 703 4453 animalia
731 4405 865 4465 quae
890 4397 1126 4450 constat
1144 4391 1219 4448 ab
1243 4392 1443 4449 anima
1466 4400 1844 4455 mover13nec
1862 4391 2072 4444 iterum
2102 4402 2232 4460 quae
2259 4393 2568 4444 moventur
2585 4396 2686 4455 per

281 4470 582 4539 naturam,
614 4468 681 4524 ut
706 4462 914 4538 gravia
938 4469 997 4521 et
1023 4461 1198 4533 levia,
1228 4460 1372 4535 quia
1397 4459 1524 4518 haec
1549 4461 1906 4519 moventura
1921 4462 2238 4534 generante
2267 4462 2326 4515 et
2351 4458 2687 4516 removente
