3076 5025
1029 331 1162 389 Lin.
1203 333 1249 402 1,
1289 332 1442 389 CAP.
1476 332 1734 389 Lxxxix.
2403 377 2410 382 .
2516 337 2583 392 aa

1063 603 1315 668 CAPUT
1372 603 1690 666 LXXXIX.

631 785 784 838 QUOD
814 784 877 830 IN
908 784 1023 830 Ill-:o
1057 783 1178 829 NON
1228 784 1374 830 SUNT
1413 783 1727 829 PASSioNEs
1763 783 2126 832 Arri-:crumi-

224 951 306 1007 Ex
337 947 689 1020 praemissis
719 951 916 1005 autem
944 945 1085 1004 sciri
1116 950 1333 1018 potest,
1362 946 1522 1020 quod
1551 946 1868 1018 passiones
1897 946 2215 1006 affectuum
2244 947 2307 1006 in
2323 952 2442 1008 Deo
2464 962 2587 1011 non

166 1027 321 1079 sunt.
352 1019 711 1076 Secundum
741 1017 899 1074 enim
930 1017 1349 1074 intellectivam
1396 1016 1771 1075 affectionem
1804 1031 1923 1075 non
1972 1025 2062 1076 est
2112 1019 2313 1090 aliqua
2345 1021 2545 1091 passio
2568 1041 2583 1055 ·

166 1091 262 1149 sed
282 1090 484 1147 solum
510 1088 849 1169 secundum
872 1088 1242 1155 sensitivam,
1267 1094 1330 1145 ut
1347 1088 1698 1158 probaturin
1715 1093 1883 1146 sexto
1899 1089 2064 1157 Phys.
2086 1088 2246 1160 (text.
2260 1103 2476 1149 comm.
2497 1065 2585 1166 58}

166 1161 327 1219 nulla
350 1160 562 1218 autem·
589 1159 731 1216 talis
759 1157 994 1216 affectio
1024 1159 1085 1215 in
1117 1162 1235 1216 Deo
1265 1172 1400 1216 esso
1429 1164 1644 1229 potest,
1675 1171 1810 1215 cum
1840 1158 1995 1216 desit
2022 1159 2135 1215 sibi
2172 1162 2459 1218 sensitiva
2494 1175 2589 1221 co-

166 1231 377 1305 gnitio,
412 1237 475 1287 ut
504 1244 615 1301 per
643 1230 984 1301 supradicta
1005 1228 1156 1301 (cap.
1176 1233 1246 1287 44
1265 1236 1322 1286 et
1344 1230 1432 1302 65)
1453 1235 1547 1287 est
1574 1230 1979 1287 manifestum.
2012 1230 2383 1303 Relinquitur
2408 1232 2589 1304 igitur

168 1302 323 1376 quod
355 1302 417 1357 in
449 1302 579 1358 Deo
611 1314 732 1357 non
762 1303 841 1358 sit
867 1299 1141 1357 affectiva
1167 1300 1394 1371 passio.

228 1374 523 1434 Praeterea,
554 1371 759 1429 omnis
787 1369 1058 1429 affectiva
1089 1372 1290 1442 passio
1344 1369 1672 1427 secundum
1720 1370 1978 1442 aliquam
2024 1371 2584 1431 transmutationem

168 1444 538 1514 corporalem
569 1443 657 1510 fit,
689 1449 833 1512 puta
848 1441 1176 1499 secundum
1199 1441 1685 1498 constrictionem
1704 1441 1796 1497 vel
1822 1440 2226 1500 dilatationem
2242 1442 2462 1509 cordis,
2489 1448 2591 1501 aut

169 1514 500 1572 secundum
532 1512 764 1584 aliquid
794 1512 1176 1582 huiusmodi:
1223 1525 1473 1584 quorum
1523 1512 1752 1568 nullum
1783 1511 1844 1568 in
1875 1514 1995 1570 Deo
2043 1512 2332 1582 possibile
2371 1518 2462 1570 est
2489 1527 2587 1572 ac·

170 1585 387 1650 cidere,
419 1598 492 1640 eo
518 1584 680 1656 quod
716 1596 834 1640 non
866 1583 945 1640 sit
970 1596 1209 1653 corpus,
1241 1596 1431 1654 neque
1461 1581 1647 1640 virtus
1685 1583 1750 1638 in
1794 1595 2064 1653 corpore,
2110 1589 2175 1642 ut
2223 1597 2405 1655 supra
2435 1582 2585 1657 (cap.

172 1656 261 1726 2⁰)
290 1661 603 1712 ostensum
634 1658 746 1710 est.
780 1656 908 1710 Non
936 1660 1029 1711 est
1053 1653 1235 1724 igitur
1264 1654 1326 1709 in
1359 1654 1488 1724 ipso
1520 1651 1790 1710 affectiva
1818 1654 2044 1734 passio.

247 1727 399 1787 Item,
428 1727 486 1782 in
514 1724 687 1781 omni
718 1722 989 1781 affectiva
1014 1724 1295 1794 passione
1324 1724 1558 1794 patiens
1586 1724 1923 1796 aliqualiter
1950 1723 2205 1781 trahitur
2227 1727 2391 1782 extra
2416 1738 2587 1784 suam

187 1795 574 1852 conditionem
611 1794 993 1852 essentialem
1025 1795 1113 1851 vel
1142 1795 1585 1851 connaturalem
1618 1794 2095 1865 dispositionem,
2126 1794 2298 1866 cujus
2343 1797 2586 1867 signum

191 1872 300 1933 est,
327 1865 471 1938 quod
504 1865 850 1937 liuJ’usmodi
882 1865 1216 1937 passiones,
1248 1865 1299 1922 si
1326 1864 1730 1932 intendantur,
1759 1865 2120 1923 animalibus
2151 1866 2414 1923 inferunt
2435 1879 2590 1924 mor-

190 1939 322 1993 tem.
349 1936 453 1993 Sed
485 1950 607 1993 non
642 1941 733 1993 est
762 1936 1048 2006 possibile
1081 1939 1262 1993 Deum
1292 1941 1456 1992 extra
1483 1950 1656 1993 suam
1688 1936 2013 1993 naturalem
2052 1936 2454 1994 conditionem
2484 1937 2591 1995 ali-

183 2006 426 2079 qualiter
449 2006 632 2073 trahi,
664 2021 800 2063 cum
829 2007 909 2063 sit
932 2007 1178 2063 omnino
1209 2006 1618 2070 immutabilis,
1652 2011 1716 2063 ut
1743 2020 1924 2076 snpra
1977 2005 2125 2077 (cap.
2162 2007 2245 2078 ¹3)
2278 2014 2590 2068 ostensum

181 2083 282 2135 est.
313 2080 481 2134 Patet
510 2077 695 2150 igitur
725 2076 884 2149 quod
914 2077 974 2134 in
1006 2080 1127 2135 Deo
1158 2076 1494 2148 hujusmodi
1530 2078 1844 2147 passiones
1865 2090 1998 2135 esse
2025 2091 2144 2135 non
2176 2085 2450 2149 possunt.

237 2149 520 2218 Amplius,
552 2147 753 2205 omnis
784 2147 1019 2206 affectio
1048 2161 1179 2219 quae
1222 2154 1314 2205 est
1353 2149 1684 2205 secundum
1723 2149 2064 2218 passionem
2109 2147 2493 2207 determinate
2528 2150 2592 2208 in

172 2231 355 2276 unum
390 2221 579 2275 fertur
608 2218 934 2276 secundum
969 2219 1207 2276 modum
1240 2224 1296 2275 et
1322 2232 1661 2276 mensuram
1694 2219 2016 2288 passionis,
2045 2221 2256 2276 Passio
2299 2222 2457 2277 enim
2487 2220 2593 2278 im·

173 2294 372 2360 petum
416 2289 599 2346 hahet
650 2289 724 2346 ad
770 2288 993 2360 aliquid
1044 2303 1251 2357 unum,
1281 2289 1437 2346 sicut
1465 2293 1522 2346 et
1570 2296 1799 2351 natura,
1850 2296 1925 2357 et,
1957 2296 2193 2360 propter
2224 2290 2334 2347 lioc
2364 2292 2594 2348 ratione

172 2365 407 2431 oportet
431 2374 564 2416 eam
595 2360 836 2429 reprimi
858 2366 916 2417 et
938 2360 1194 2431 regulari
1220 2377 1235 2427 ;
1265 2359 1467 2417 divina
1492 2365 1689 2417 autem
1713 2361 1988 2417 voluntas
2017 2373 2134 2416 non
2167 2359 2595 2418 determinatur

172 2430 504 2488 secundum
540 2444 607 2488 se
634 2429 707 2488 ad
736 2430 999 2488 nnumin
1034 2430 1128 2488 iiis
1158 2444 1290 2501 quae
1316 2436 1514 2489 creata
1541 2436 1702 2499 sunt,
1734 2430 1852 2488 nisi
1875 2445 1948 2487 ex
1967 2430 2175 2487 ordine
2204 2443 2328 2488 suae
2359 2432 2593 2501 sapien-

170 2501 287 2631 ξω,
312 2508 580 2629 utsulpra
609 2506 919 2560 ostensum
948 2506 1059 2560 est.
1086 2504 1217 2560 Non
1241 2506 1331 2560 est
1357 2501 1543 2574 igitur
1567 2502 1631 2559 in
1660 2502 1794 2573 ipso
1824 2501 2028 2573 passio
2054 2500 2383 2560 secundum
2417 2500 2593 2561 atrec-

217 2586 393 2632 onem
426 2587 502 2630 ai
552 2585 711 2630 uam.

236 2645 463 2709 Adhuc,
495 2588 697 2700 guinis
725 2642 927 2714 passio
967 2647 1061 2700 est
1104 2642 1359 2715 alicuius
1402 2642 1466 2700 in
1511 2642 1779 2713 potentia
1821 2641 2179 2700 existentis:
2211 2646 2369 2701 Deus
2396 2649 2593 2702 autem

174 2720 265 2772 est
290 2715 547 2771 omnino
578 2714 728 2770 liber
754 2728 789 2770 a
817 2713 1099 2785 potentia,
1126 2727 1258 2770 cum
1292 2714 1372 2771 sit
1415 2726 1603 2783 purus
1650 2720 1838 2769 actus.
1886 2715 1983 2769 Est
2024 2712 2207 2785 igitur
2255 2727 2442 2785 agens
2466 2721 2596 2773 tan-

171 2788 320 2855 tum,
350 2790 418 2841 ut
449 2785 619 2842 nullo
645 2783 822 2841 inodo
847 2784 1048 2856 aliqua
1075 2784 1280 2855 passio
1307 2783 1367 2839 in
1398 2783 1531 2853 ipso
1562 2784 1757 2840 locum
1804 2781 2035 2839 habeat.

241 2857 341 2913 Sic
371 2855 561 2926 igitur
587 2856 787 2911 omnis
817 2855 1018 2925 passio
1030 2856 1259 2911 ratione
1280 2854 1517 2926 generis
1533 2867 1567 2910 a
1588 2856 1709 2910 Deo
1730 2858 2080 2910 removetur.
2101 2852 2379 2922 Quaedam
2401 2859 2598 2913 autem

169 2927 497 2998 passiones
529 2931 903 2982 removentur
930 2941 965 2982 a
996 2927 1269 2993 nen,non
1293 2926 1489 2982 solum
1522 2925 1749 2981 ratione
1766 2925 1859 2981 sui
1883 2924 2144 2995 generis,
2175 2924 2276 2982 sed
2309 2926 2484 2982 etiain
2510 2940 2598 2984 ra-

172 2997 337 3055 tione
366 2996 617 3067 speciei.
648 2995 855 3053 Omnis
884 2997 1041 3052 enim
1078 3009 1281 3066 passio
1302 3010 1371 3052 ex
1393 2995 1625 3066 objecto
1655 2995 1914 3065 speciem
1945 2996 2178 3067 recipit:
2213 2995 2385 3067 cujus
2417 2997 2599 3069 igitur

177 3068 471 3139 objectum
500 3067 749 3124 omnino
766 3072 856 3124 est
879 3068 997 3123 Deo
1016 3067 1447 3137 incompetens,
1474 3066 1611 3123 talis
1639 3066 1841 3136 passio
1862 3080 1897 3122 a
1918 3068 2057 3146 Deo·
2076 3075 2408 3124 removetur
2425 3074 2483 3125 et
2509 3081 2600 3126 se-

175 3138 438 3196 cundum
470 3139 760 3194 rationem
796 3138 1043 3209 propriae
1066 3138 1307 3208 speciei.
1338 3137 1495 3194 Talis
1526 3144 1722 3193 aulem
1753 3142 1844 3193 est
1862 3137 2100 3194 tristitia
2128 3144 2185 3194 et
2209 3137 2381 3195 dolor
2407 3155 2420 3194 ε
2455 3151 2589 3195 nani

172 3208 621 3280 ejnsobjectum
651 3214 744 3265 est
766 3210 987 3266 malum
1004 3207 1126 3278 jam
1158 3209 1477 3275 inhaerenS,
1511 3208 1668 3264 sicut
1695 3207 1898 3278 gaudii
1926 3207 2221 3280 objectum
2252 3208 2616 3273 est-bonum

170 3292 444 3351 praesens
475 3285 533 3336 et
571 3279 857 3405 habitum.
888 3278 1149 3336 Tristitia
1190 3278 1375 3350 igitur
1418 3283 1477 3334 et
1524 3277 1699 3335 dolor
1724 3292 1797 3336 ex
1843 3278 1976 3350 ipsa
1998 3279 2095 3337 sui
2124 3279 2355 3337 ratione
2383 3278 2443 3335 in
2474 3281 2595 3336 Deo

168 3362 311 3409 esse
347 3363 469 3406 non
542 3362 729 3407 ossun
762 3391 776 3405 .

239 3420 462 3479 Adhuc.
497 3363 648 3477 ipatio
675 3419 888 3491 objecti
918 3417 1174 3489 alicuius
1201 3417 1506 3488 passionis
1533 3431 1656 3476 non
1704 3419 1900 3478 solum
1947 3418 2204 3478 sumitur
2234 3432 2306 3475 ex
2347 3419 2507 3476 bono
2537 3424 2595 3477 et

170 3492 358 3559 mam,
386 3490 491 3549 sed
526 3494 704 3547 etiam
731 3504 803 3547 ex
830 3490 941 3548 hoc
969 3490 1127 3560 quod
1159 3490 1494 3561 aliqualiter
1521 3490 1657 3561 quis
1686 3502 1752 3548 se
1785 3490 1959 3548 habet
1984 3491 2056 3547 ad
2085 3490 2332 3547 alterum
2353 3490 2593 3546 horum:

172 3562 263 3621 sic
292 3562 455 3618 enim
487 3574 627 3632 spes
657 3567 716 3618 et
738 3561 1019 3633 gaudium
1053 3557 1352 3617 differunt.
1384 3560 1442 3616 Si
1488 3560 1505 3615 i
1554 3561 1674 3617 itur
1721 3560 1933 3618 modus
1976 3561 2105 3630 ipse
2135 3573 2200 3616 se
2238 3559 2488 3616 habendi
2524 3559 2600 3617 ad

175 3632 496 3704 objectum.
528 3632 631 3702 qui
659 3631 720 3687 in
748 3632 975 3689 rationo
1008 3631 1308 3700 passionis
1338 3630 1496 3687 inclu
1546 3632 1681 3700 itur,
1711 3632 1829 3687 Deo
1855 3644 1975 3688 non
2004 3631 2303 3699 competit,
2329 3644 2436 3687 nec
2466 3631 2597 3701 ipsa

175 3704 381 3773 passio
411 3705 534 3760 Deo
563 3702 882 3759 convenire
907 3706 1122 3772 potest,
1152 3702 1328 3758 eliam
1358 3715 1430 3758 ex
1462 3701 1687 3758 ratione
1736 3700 1986 3772 propriae
2032 3699 2287 3770 speciei3
2327 3714 2466 3771 spes
2494 3714 2599 3758 au-

177 3778 317 3839 tem,
348 3773 624 3844 quamvis
656 3773 869 3829 habeat
895 3771 1189 3842 objectum
1218 3772 1461 3841 bonum,
1495 3779 1833 3828 nontamen
1868 3771 2091 3828 honum
2120 3772 2446 3839 obtentum,
2492 3770 2598 3829 sed

178 3843 591 3907 obtinendum,
624 3843 784 3915 quod
814 3842 1049 3914 quidem
1084 3843 1146 3898 in
1177 3845 1293 3900 Deo
1316 3855 1435 3899 non
1465 3848 1658 3912 potest
1689 3841 2290 3913 competere,ratione
2319 3855 2443 3899 suae
2467 3855 2598 3913 per-

182 3912 476 3983 fectionis,
506 3927 641 3986 quae
663 3917 823 3970 tanta
847 3919 959 3980 est,
989 3913 1149 3984 quod
1181 3913 1232 3969 ei
1263 3912 1488 3970 additio
1520 3912 1646 3969 fieri
1681 3925 1801 3969 non
1852 3919 2050 3983 potest
2078 3929 2092 3967 :
2125 3924 2264 3983 spes
2308 3912 2490 3983 igitur
2535 3913 2598 3969 in

176 3983 310 4062 Deo
332 3998 460 4043 esse
494 3997 617 4040 non
648 3990 863 4054 potest,
894 3983 1073 4040 etiam
1099 3983 1332 4041 ratione
1360 3996 1486 4041 suae
1515 3983 1760 4054 speciei,
1791 3987 1851 4040 et
1893 3981 2172 4042 similiter
2222 3995 2331 4040 nec
2362 3981 2594 4041 deside-

178 4065 338 4112 rium
362 4054 623 4126 alicujus
653 4067 772 4111 non
807 4053 1013 4111 habiti.

244 4124 519 4197 Amplius,
567 4124 725 4181 sicut
754 4124 955 4182 divina
980 4124 1261 4195 perfectio
1297 4123 1543 4194 impedit
1589 4123 1916 4195 potentiam
1964 4121 2290 4181 additionis
2342 4123 2595 4195 alicujus

172 4194 316 4253 boni
340 4195 654 4255 obtinendi
689 4209 725 4251 a
752 4197 891 4257 Deo,
925 4195 1009 4251 ita
1032 4196 1208 4252 etiam
1234 4196 1424 4251 multo
1448 4197 1707 4265 amplius
1737 4192 1999 4250 excludit
2026 4194 2346 4264 potentiam
2378 4194 2451 4251 ad
2482 4208 2593 4252 ina·

169 4264 319 4323 lum.
349 4269 556 4323 'rimor
579 4269 775 4321 autem
808 4265 1047 4335 respicit
1075 4267 1295 4322 malum
1327 4265 1487 4337 quod
1520 4271 1712 4334 potest
1761 4264 2091 4332 imminere,
2135 4263 2291 4323 sicut
2330 4278 2468 4335 spes
2497 4267 2591 4321 bo·

168 4347 313 4394 num
342 4336 766 4395 obtinendum.
798 4335 1030 4415 Duplici
1055 4335 1239 4403 igitur
1268 4336 1495 4392 ratione
1526 4349 1651 4393 suae
1682 4334 1904 4407 speciei
1935 4336 2111 4392 timor
2139 4350 2174 4391 a
2200 4337 2319 4393 Deo
2348 4333 2603 4391 excludi-

169 4409 264 4465 tur
315 4414 379 4466 et
398 4407 550 4481 quia
578 4419 699 4462 non
730 4411 821 4463 est
848 4406 969 4464 nisi
1011 4406 1323 4465 existentis
1348 4406 1414 4463 in
1456 4405 1743 4477 potentia,
1788 4411 1850 4464 et
1895 4404 2039 4478 quia
2082 4405 2262 4465 habet
2304 4404 2599 4475 objectum

167 4450 397 4538 malum
427 4475 596 4552 quod
611 4480 811 4553 potest
834 4476 1061 4536 inesse.
