3076 5025
445 279 550 334 594
1347 274 1482 328 Lis.
1525 274 1613 341 iv,
1658 274 1809 328 car.
1853 274 1981 327 ux.

450 397 718 457 secundo
763 394 920 468 quod
938 408 1047 465 per
1065 400 1448 465 augmentum
1473 392 1547 450 ad
1568 393 1825 449 debitam
1853 392 2241 472 quantitatem
2263 396 2321 448 et
2344 390 2532 449 robur
2553 396 2851 463 pervent

446 468 639 535 tertie,
671 439 743 524 ad
770 465 1288 525 conservationem
1321 465 1453 544 vitae
1483 477 1589 534 per
1614 469 2063 543 generationem
2100 463 2337 542 adeptae·
2362 468 2420 518 et
2461 462 2537 519 ad
2586 474 2849 534 augin-,-

447 545 570 597 tum
603 537 917 608 perductae,
950 540 1039 593 est
1070 548 1477 592 necessarium
1509 539 1961 591 nutrimentum.
1992 536 2057 589 Et
2082 533 2207 589 haec
2238 533 2479 604 quidem
2513 539 2657 589 sunt
2683 546 2851 603 pern

448 608 792 667 necessaria
821 605 1078 663 naturali
1108 605 1264 670 vitae,
1290 606 1432 676 quia
1461 605 1593 661 sine
1626 605 1723 661 his
1745 605 1867 659 vita
1894 605 2228 674 corporalis
2252 602 2455 673 perfici
2488 616 2611 659 non
2644 608 2853 673 potet:

448 680 603 736 unde
653 683 710 735 et
754 678 967 734 animae
1008 677 1372 748 vegetativae‚
1403 689 1537 746 quae
1566 679 1657 731 est
1684 674 1919 731 vivendi
1966 674 2343 744 principium,
2373 678 2497 731 tres
2525 674 2683 730 vires
2712 680 2859 732 uzu·

447 749 604 807 rales
634 748 1042 820 assignantur,
1073 746 1302 803 scilicet
1324 746 1688 818 generativa,
1719 746 2161 816 augmentativa
2182 750 2241 800 et
2264 744 2570 800 nutritiva.
2600 745 2718 801 Sed
2748 745 2862 817 mia

445 820 744 889 contingit
769 817 1014 888 aliquod
1042 816 1121 872 im
1203 816 1528 874 dimentum
1558 815 1715 872 circa
1739 816 1919 872 vitam
1945 815 2339 885 corporalem,
2368 829 2445 871 ex
2472 828 2595 886 quo
2622 828 2726 871 res
2764 816 2865 875 *iva

445 890 801 957 infirmatur,
836 902 942 957 per
977 887 1102 946 acc‘
1147 900 1257 945 ens
1294 886 1701 945 necessarium
1746 892 1836 944 est
1878 891 2177 958 quartum,
2204 884 2368 957 quod
2410 892 2504 942 est
2528 886 2865 943 sanaticrei

446 960 701 1016 viventis
819 963 985 1015 rotae.

518 1031 612 1086 Sic
640 972 817 1102 igiiffi
845 1034 903 1086 et
931 1029 993 1085 in
1017 1028 1142 1087 vita
1166 1026 1463 1099 spirituali
1535 1026 1751 1083 rimum
1782 1032 1874 1084 est
1906 1026 2231 1097 spiritualis
2259 1026 2568 1099 generatio
2595 1040 2706 1097 per
2737 1030 2870 1097 Bap-

445 1101 690 1157 tismum
719 1118 733 1167 ;
767 1098 1095 1156 secundum
1126 1104 1218 1156 est
1247 1098 1496 1168 spiritua
1521 1112 1552 1152 e
1583 1102 1969 1168 augmentum
1996 1097 2326 1177 perducens
2347 1096 2422 1153 ad
2452 1097 2637 1153 robur
2660 1098 2873 1167 perfec-

449 1176 574 1228 tum
601 1185 706 1240 per
725 1174 1161 1227 sacramentum
1187 1167 1666 1225 confirmationis
1689 1186 1704 1236 ;
1737 1168 1970 1225 tertium
1998 1175 2089 1225 est
2113 1168 2420 1237 spirituale
2450 1169 2869 1224 nutrimentum

449 1256 554 1313 per
595 1240 973 1297 Eucharistiae
1011 1244 1448 1297 sacramentum
1481 1256 1496 1306 ;
1544 1242 1728 1294 restat
1774 1244 2073 1309 quartum,
2105 1237 2263 1310 quod
2294 1241 2387 1295 est
2426 1237 2757 1307 spiritualis
2782 1251 2873 1295 sa·

450 1311 635 1380 natio,
664 1325 795 1382 quae
823 1310 888 1366 fit
911 1308 1004 1366 vel
1032 1310 1095 1366 in
1124 1309 1326 1366 anima
1363 1314 1616 1375 tantum,
1662 1322 1769 1380 per
1799 1309 2161 1365 Poenitentiae
2190 1313 2655 1375 sacramentum,
2685 1308 2776 1365 vel
2806 1322 2877 1366 ex

450 1382 650 1440 anima
687 1380 984 1437 derivatur
1019 1380 1092 1437 ad
1136 1392 1378 1451 corpuS,
1422 1378 1662 1451 quando
1706 1378 1884 1436 suerit
1923 1383 2345 1450 opportunum,
2436 1392 2501 1435 er
2544 1381 2875 1435 Extremam

451 1451 818 1510 Unctionem.
853 1454 986 1507 Haec
1013 1449 1194 1522 igitur
1222 1450 1521 1521 pertinent
1548 1448 1622 1506 ad
1647 1462 1751 1507 eos
1784 1449 1884 1521 qui
1912 1450 1973 1506 iii
1999 1449 2121 1507 vita
2149 1449 2357 1520 spiritu
2422 1449 2440 1504 i
2470 1456 2879 1521 propagantur

447 1528 507 1580 et
534 1527 984 1583 conservantur.

519 1594 953 1664 propagatores
1001 1595 1199 1649 autem
1248 1595 1308 1648 et
1363 1589 1738 1648 ordinatores
1793 1588 2125 1660 corporalis
2172 1589 2307 1648 vitae
2361 1590 2700 1648 secundum
2754 1589 2879 1648 duo

450 1663 857 1730 attenduntur,
888 1662 1118 1719 scilicet
1169 1661 1498 1720 secundum
1551 1660 1849 1741 originem
1899 1659 2253 1727 naturalem,
2282 1659 2446 1731 quod
2474 1660 2551 1716 ad
2599 1665 2877 1731 parentes

450 1733 722 1805 pertinet,
753 1737 813 1789 et
841 1733 1173 1790 secundum
1202 1732 1471 1803 regimen
1499 1731 1833 1802 politicum,
1863 1744 1978 1810 per·
1998 1729 2156 1801 quod
2186 1729 2305 1810 vita
2331 1730 2600 1788 hominis
2628 1729 2879 1802 pacifica

449 1809 873 1870 conservatur;
899 1809 959 1860 et
983 1803 1097 1860 hoc
1124 1803 1379 1873 pertinet
1403 1801 1480 1859 ad
1507 1814 1681 1873 reges
1706 1806 1764 1857 et
1792 1813 2111 1871 principes,
2145 1800 2243 1857 Sic
2270 1801 2456 1873 igitur
2482 1805 2579 1859 est
2606 1801 2671 1858 in
2704 1801 2876 1873 spiri·

449 1873 594 1930 tuali
641 1873 782 1929 vita.
835 1873 985 1929 Sunt
1029 1873 1190 1931 enim
1265 1872 1462 1930 uidam
1511 1878 1939 1943 propagatores
1970 1875 2033 1927 et
2057 1877 2511 1929 conservatores
2538 1871 2876 1942 spiritualis

447 1943 581 1999 vitae
623 1942 952 2000 secundum
983 1888 1290 2014 spiritua‘fe
1318 1942 1713 1999 ministerium
1745 1947 1973 1999 tantum
1998 1984 2012 2004 ,
2040 1941 2114 1998 ad
2149 1941 2309 2013 quod
2334 1941 2610 2022 ‘pertinet
2637 1942 2877 2001 Ordinis

451 2018 888 2071 sacramentum
917 2031 929 2079 ;
961 2013 1202 2084 quidam
1244 2026 1385 2069 vero
1415 2012 1748 2069 secundum
1775 2011 2145 2081 corporalem
2175 2017 2233 2069 et
2257 2012 2632 2091 spiritualem
2677 2013 2875 2079 simul.

453 2083 610 2155 quod
641 2082 704 2138 fit
731 2097 836 2153 per
879 2087 1314 2139 sacramentum
1355 2082 1736 2150 Matrimonii,
1826 2095 1904 2139 uo
1932 2082 2025 2137 vir
2068 2086 2127 2139 et
2164 2082 2384 2139 mulier
2404 2083 2779 2141 conveniunt
2804 2083 2875 2140 ad

449 2152 675 2224 prolem
707 2152 1111 2225 generandam
1142 2157 1199 2209 et
1225 2152 1597 2210 educandam
1627 2152 1702 2210 ad
1731 2167 1804 2210 cu
1834 2157 1959 2210 tum
1988 2151 2279 2211 divinum.
2304 2152 2407 2224 (ΙΙΙ
2425 2157 2606 2226 part„
2635 2168 2696 2226 q.
2736 2165 2873 2221 m,

449 2227 555 2281 art
587 2223 662 2295 ι.)

1434 2387 1687 2453 CAPUT
1724 2387 1859 2453 LIX

1432 2560 1511 2606 DE
1566 2561 1878 2609 BAPTlsuo.

516 2714 852 2774 Secundum
893 2715 1011 2773 hoc
1060 2714 1240 2786 igitur
1281 2727 1567 2786 apparere
1613 2721 1831 2787 potest,
1879 2717 2037 2775 circa
2080 2722 2461 2776 sacramenta
2506 2718 2771 2792 singula,
2816 2723 2874 2776 et

446 2783 1000 2866 effectus-proprius
1032 2785 1501 2866 uniuscujusque
1538 2792 1597 2842 et
1625 2787 1872 2844 materia
1896 2787 2300 2858 conveniens;
2332 2794 2392 2846 et
2415 2789 2615 2860 primo
2635 2788 2871 2862 quidem

447 2856 603 2913 circa
633 2855 997 2926 spiritualem
1023 2861 1496 2927 generationem,
1527 2871 1660 2928 quae
1686 2871 1793 2928 per
1820 2858 2181 2928 Baptismum
2212 2858 2299 2915 fit.

517 2926 1023 2983 Considerandum
1051 2932 1140 2984 est
1172 2926 1351 2998 igitur
1377 2927 1538 2998 quod
1565 2928 1871 2999 generatio
1900 2929 1983 2985 rei
2011 2929 2267 2987 viventis
2312 2935 2405 2987 est
2429 2930 2686 2988 mutatio
2716 2943 2869 3003 quae·

444 2995 580 3053 dam
611 2996 682 3052 de
713 3010 833 3052 non
858 2997 1090 3053 vivente
1119 2996 1195 3054 ad
1219 2998 1421 3054 vitam.
1453 2998 1583 3054 Vita
1611 3005 1809 3056 autem
1840 2998 2133 3069 spirituali
2156 3000 2422 3070 privatus
2467 3006 2562 3058 est
2597 3001 2783 3058 homo
2810 3001 2868 3057 in

445 3080 556 3124 sua
608 3066 840 3136 origine
883 3080 988 3137 per
1018 3072 1324 3137 peccatum
1352 3067 1670 3139 originale,
1720 3074 1990 3139 utsupra
2016 3068 2090 3141 (c.
2124 3070 2213 3142 5⁰)
2242 3069 2466 3127 dictum
2519 3076 2653 3140 est3
2700 3077 2759 3128 et
2798 3070 2868 3128 ad

443 3135 559 3194 hoc
588 3149 974 3208 quaecumque
997 3143 1240 3208 peccata
1267 3143 1410 3195 sunt
1438 3139 1635 3195 addita
1656 3138 1963 3196 abducunt
1986 3153 2023 3197 a
2048 3140 2185 3198 vita.
2213 3141 2491 3210 oportuit
2514 3141 2700 3213 igitur
2722 3144 2864 3211 Bap-

441 3207 710 3274 tismum,
741 3206 864 3287 qui·
898 3212 990 3264 est
1015 3208 1346 3278 spiritualis
1375 3210 1702 3280 generatio,
1742 3210 1921 3267 talem
1948 3209 2225 3268 virtutem
2252 3210 2473 3269 habere
2500 3212 2663 3284 quod
2695 3211 2865 3270 etiam

390 3293 394 3297 ·
439 3282 748 3348 peccatum
778 3276 1070 3348 originale
1097 3282 1154 3335 et
1183 3279 1383 3335 omnia
1425 3280 1681 3336 actualia
1722 3284 1964 3351 peccata
2006 3282 2333 3340 commissa
2372 3281 2561 3340 tollat.
2614 3285 2701 3350 Et,
2771 3282 2866 3340 uia

443 3348 682 3428 signum
713 3348 1068 3404 sacramenti
1109 3349 1393 3429 sensibile
1434 3363 1546 3406 con
1596 3364 1764 3407 ruum
1815 3350 1987 3409 debet
2022 3364 2156 3409 esse
2205 3351 2277 3409 ad
2321 3359 2722 3423 repraesentan
2771 3364 2858 3409 iim

442 3431 471 3474 s
516 3418 812 3474 iritualem
841 3423 1195 3476 sacramenti
1227 3418 1520 3482 effectum,
1574 3420 1827 3478 oeditatis
1849 3427 2045 3478 autem
2068 3421 2292 3480 ablutio
2320 3424 2383 3479 in
2404 3423 2585 3481 rebus
2598 3436 2861 3495 corpora·

439 3432 599 3568 ligus
635 3488 869 3568 facilius
909 3494 968 3546 et
1005 3490 1457 3547 convenientius
1499 3490 1565 3547 fit
1606 3505 1712 3562 per
1749 3505 1984 3573 aquam,
2022 3491 2249 3572 idcirco
2280 3494 2622 3564 Baptismus
2651 3507 2860 3572 conve-

441 3563 670 3639 nienter
698 3573 759 3614 in
790 3572 942 3640 aqua
972 3559 1273 3617 confertur
1302 3573 1404 3630 per
1428 3561 1682 3619 Verbum
1716 3563 1817 3619 Dei
1846 3562 2232 3621 sanctificata.
2270 3566 2358 3634 Et,
2387 3565 2531 3636 quia
2558 3570 2860 3637 generatio

440 3635 738 3709 uniusest
763 3630 1006 3686 alterius
1040 3631 1342 3702 corruptio
1374 3637 1432 3689 et
1457 3632 1614 3704 quod
1648 3640 1966 3704 generatur
1992 3634 2254 3705 priorem
2284 3635 2536 3692 formam
2568 3636 2785 3691 amittit
2808 3638 2861 3690 et

437 3700 1058 3780 proprietatesjpsam
1096 3705 1557 3774 consequentes,
1604 3716 1853 3761 necesse
1892 3707 1985 3761 est
2012 3703 2172 3775 quod
2204 3717 2313 3774 per
2340 3705 2734 3775 Baptismum‚
2763 3703 2858 3776 qui

439 3774 532 3826 est
567 3770 894 3851 spiritualis
941 3772 1270 3850 generatio,
1317 3785 1440 3852 non
1484 3772 1680 3830 solum
1724 3780 1967 3845 peccata
2007 3774 2315 3844 tollantur,
2352 3790 2484 3849 quae
2513 3781 2660 3833 sunt
2694 3775 2853 3846 spiri·

437 3839 600 3920 tuali·
616 3845 746 3897 vitae
782 3845 1096 3909 contraria,
1131 3841 1235 3898 sed
1268 3846 1449 3900 etiam
1485 3857 1701 3901 omnes
1725 3848 2101 3916 peccatorum
2128 3851 2329 3904 reatus
2353 3863 2369 3913 ;
2395 3852 2451 3903 et
2480 3851 2727 3917 propter
2748 3845 2857 3902 hoc

439 3909 520 3966 Ba
564 3916 776 3989 tismus
806 3924 928 3968 non
954 3911 1151 3993 solum
1177 3925 1214 3970 a
1239 3913 1416 3993 culpa
1437 3913 1646 3984 abluit,
1687 3916 1792 3973 sed
1818 3916 2001 3973 etiam
2047 3914 2120 3974 ab
2148 3916 2315 3974 omni
2342 3920 2506 3974 reatu
2540 3929 2737 3988 poenae
2764 3914 2855 3974 ab·

440 3990 508 4035 so
536 3985 614 4035 vit
637 4000 651 4049 ;
685 3981 841 4038 unde
870 3981 1180 4052 baptizatis
1205 3985 1538 4042 satisfactio
1569 3998 1690 4042 non
1718 3985 2051 4058 injungitur
2077 4000 2186 4057 pro
2213 3987 2496 4058 peccatis.

505 4049 659 4130 Item,
703 4066 885 4122 quum
922 4066 1028 4123 per
1067 4053 1513 4126 generationem
1559 4069 1656 4113 res
1700 4056 1950 4114 formam
1992 4057 2277 4129 acquirat,
2316 4057 2497 4115 simul
2529 4057 2859 4138 acquiritet

438 4127 842 4186 operationem
862 4129 1324 4196 consequentem
1354 4125 1604 4183 formam
1631 4131 1691 4184 et
1714 4127 1913 4185 locum
1936 4127 1989 4184 ei
2021 4132 2482 4200 congruenteim
2514 4127 2680 4201 ignis
2701 4128 2850 4186 enim

435 4199 935 4274 mox-generatus
968 4195 1159 4275 tendit
1195 4208 1437 4253 sursum
1475 4197 1629 4254 sicut
1669 4197 1733 4254 in
1770 4198 2077 4278 proprium
2120 4199 2341 4257 locum.
2387 4201 2454 4256 Et
2480 4198 2643 4268 ideo,
2676 4210 2849 4271 quum

436 4257 771 4341 Baptismus
821 4270 902 4320 sit
929 4265 1258 4345 spiritualis
1286 4268 1614 4338 generatio,
1645 4272 1843 4325 statim
1868 4267 2144 4339 baptizati
2174 4269 2379 4328 idonei
2407 4269 2657 4328 suntad
2685 4268 2847 4342 spiri-

434 4326 628 4408 tuales
654 4334 941 4411 actiones,
974 4342 1131 4394 sicut
1165 4337 1241 4395 ad
1270 4337 1712 4408 susceptionem
1742 4338 1993 4396 aliorum
2019 4345 2530 4398 sacramentorum
2554 4345 2613 4397 et
2638 4339 2714 4398 ad
2741 4338 2849 4398 alia

437 4395 822 4472 huiusmod13
865 4409 926 4462 et
949 4406 1151 4469 statim
1186 4407 1276 4468 eis
1319 4406 1564 4470 debetur
1592 4408 1765 4471 locus
1788 4422 2097 4484 congruus
2124 4411 2422 4485 spirituali
2449 4411 2606 4484 vitae,
2634 4410 2740 4485 qui
2762 4411 2849 4468 est
