3076 5025
467 327 580 385 244
1374 322 1511 380 LIB.
1552 324 1626 389 ΙΙ,
1665 321 1817 380 GAP.
1846 322 2015 380 XCII.

472 446 805 523 perfectum
853 442 1080 518 aliquid
1132 444 1200 502 in
1233 458 1451 517 genere
1480 444 1609 513 illo,
1641 448 1876 514 oportet
1918 443 2099 517 quod,
2129 449 2268 501 ante
2317 443 2552 502 animas
2578 444 2903 516 humanam,

474 532 612 593 quae
640 515 987 588 intelligunt
1036 514 1387 587 accipiendo
1425 528 1463 573 a
1486 514 2030 586 phantasmatibu8‚
2054 514 2180 572 sint
2226 513 2443 595 aliquae
2465 514 2906 576 intellectuales

473 586 831 648 substantiae
884 585 1285 667 intelligentes
1334 599 1406 644 ea
1448 599 1581 658 quae
1632 590 1775 644 sunt
1819 585 2152 643 secundum
2197 598 2265 643 se
2314 583 2741 657 intelligibilia,
2784 599 2908 645 non

474 658 841 730 accipientes
880 656 1289 728 cognitionem
1340 670 1378 715 a
1423 655 1838 726 sensibilibus,
1872 670 1942 715 ac
1968 670 2075 728 per
2104 655 2220 714 hoc
2269 655 2519 715 omnino
2547 655 2908 727 corporibus

463 727 704 789 secund
716 741 812 785 um
843 739 1016 785 suam
1037 732 1310 785 naturam
1339 732 1649 797 separatae.

547 802 834 866 Praeterea,
867 797 1217 856 Aristoteles
1247 797 1616 925 Suetaphys„
1642 809 1748 866 xii,
1774 802 1915 854 text.
1938 809 2160 856 comm.
2182 797 2274 878 4⁸3)
2299 810 2367 854 ar
2429 801 2749 878 ‚mentatur
2773 798 2908 857 sic:

474 872 698 930 Motum
720 867 1075 926 continuum
1100 882 1246 941 regu
1274 881 1435 925 arem
1463 873 1521 925 et
1560 872 1847 940 quantum
1878 868 1942 924 in
1981 880 2049 926 se
2077 871 2170 925 est
2205 866 2344 925 inde
2390 872 2644 925 cientem
2679 874 2912 938 oportet

476 953 617 999 esse
646 954 682 997 a
717 945 947 998 motore
1037 938 1095 997 ui
1147 952 1271 997 non
1328 943 1599 997 movetur
1655 952 1845 1010 neque
1875 951 1980 1008 per
2024 951 2092 995 se
2119 950 2314 1010 neque
2354 952 2460 1009 per
2507 937 2809 1008 accidens,
2838 943 2908 996 ut

473 1024 666 1083 supra
694 1009 755 1082 (l.
786 1023 830 1079 ι,
860 1014 1009 1067 c.13
1062 1015 1152 1066 est
1197 1008 1546 1081 probatum
1618 1008 1780 1066 lures
1828 1009 2006 1066 etiam
2035 1013 2237 1066 motus
2280 1012 2514 1080 oportet
2539 1021 2678 1066 esse
2724 1008 2911 1080 aplu-

475 1081 648 1141 ribus
680 1079 1035 1138 motoribus.
1057 1081 1250 1138 Motus
1271 1085 1468 1139 autem
1490 1092 1581 1136 coe
1607 1079 1624 1135 i
1647 1084 1737 1137 est
1753 1079 2099 1146 continuu8‚
2122 1077 2416 1150 regularis
2437 1083 2515 1149 et,
2537 1080 2910 1151 quantumin

479 1166 572 1223 se,
621 1151 796 1209 etiam
825 1149 1176 1209 indeficiens
1226 1155 1357 1219 est;
1405 1155 1465 1208 et
1549 1156 1720 1207 raeter
1770 1149 2027 1221 primum
2075 1154 2305 1207 motum
2350 1154 2492 1207 sunt
2542 1149 2721 1207 multi
2763 1148 2913 1208 tales

475 1227 682 1282 motus
707 1221 771 1279 in
797 1220 974 1289 coelo,
1002 1220 1161 1279 sicut
1177 1234 1284 1292 per
1315 1220 1486 1279 consi
1533 1220 1832 1279 crationes
1861 1220 2303 1292 astrologorum
2330 1218 2635 1290 probatur.
2670 1221 2919 1290 oportet

480 1293 668 1366 igitur
695 1306 831 1350 esse
859 1292 1062 1362 plures
1107 1298 1371 1350 motores
1416 1291 1518 1363 qui
1568 1304 1689 1349 non
1736 1296 2085 1348 moveantur
2124 1304 2318 1362 neque
2355 1304 2462 1361 per
2488 1304 2553 1347 se
2583 1303 2783 1365 neque
2810 1303 2920 1362 per

480 1363 781 1422 accidens
840 1361 1080 1420 Nullum
1125 1369 1323 1420 autem
1376 1375 1597 1432 corpus
1646 1366 1842 1419 movet
1889 1360 2009 1419 nisi
2053 1365 2305 1430 motum,
2333 1366 2401 1418 ut
2453 1359 2772 1432 probatum
2826 1365 2922 1419 est

475 1434 547 1563 gl.
574 1447 616 1501 ι,
639 1449 692 1490 c.
727 1433 848 1504 13);
880 1438 1077 1490 motor
1101 1438 1299 1490 autem
1329 1432 1744 1504 incorporeus,
1791 1432 1998 1489 unitus
2026 1431 2283 1502 corpori,
2323 1435 2594 1489 movetur
2622 1445 2730 1502 pei·
2758 1431 2920 1489 acci·

522 1517 632 1561 ens
660 1503 734 1560 ad
763 1508 991 1561 motum
1019 1503 1314 1574 corporis,
1346 1503 1503 1561 sicut
1527 1508 1687 1573 patet
1706 1502 1777 1560 de
1805 1503 2026 1560 anima.
2059 1503 2301 1572 Oportet
2326 1501 2513 1574 igitur
2539 1515 2677 1559 esse
2709 1500 2921 1574 plures

477 1578 748 1632 motores
777 1572 880 1646 qui
931 1586 1124 1645 neque
1152 1573 1280 1630 sint
1323 1586 1427 1630 cor
1469 1586 1577 1631 ora
1620 1587 1814 1646 neque
1859 1587 1965 1631 cor
2007 1572 2213 1631 oribus
2256 1572 2430 1631 uniti.
2470 1573 2666 1630 Motus
2714 1577 2920 1631 autem

475 1643 759 1725 coelestes
788 1642 1027 1702 suntab
1052 1642 1256 1724 aliquo
1286 1587 1613 1725 intelfectm
1649 1642 1962 1715 utsupra(
1990 1683 2005 1725 ι
2034 1656 2077 1713 ι,
2105 1657 2159 1702 c.
2181 1642 2274 1715 20)
2291 1642 2605 1724 probatum
2626 1648 2742 1700 est.
2766 1642 2925 1701 Sunt

476 1719 669 1787 igitur
692 1713 897 1786 plures
925 1713 1278 1772 substantlae
1306 1713 1744 1772 intellectuales
1771 1713 2126 1785 corporibus
2152 1726 2279 1771 non
2307 1718 2509 1772 unitae.

557 1784 662 1842 His
692 1790 891 1843 autem
920 1783 1247 1842 concordat
1270 1784 1570 1843 sententia
1585 1784 1855 1857 Dionysii
1884 1786 1986 1855 (De
2006 1783 2183 1840 divin.
2213 1785 2440 1853 nomin„
2470 1798 2523 1841 c.
2546 1784 2626 1855 4),
2656 1782 2920 1842 dicentis

480 1854 555 1913 de
581 1855 818 1927 angelis
846 1854 1007 1927 quod
1034 1857 1176 1911 sicut
1197 1856 1582 1911 immateriales
1610 1859 1662 1911 et
1705 1855 2010 1925 incorporei
2045 1855 2451 1924 inteniquntur.
3015 1920 3021 1929 ,

557 1926 670 1982 Per
697 1925 813 1983 hoc
841 1930 1039 1983 autem
1084 1925 1421 1984 excluditur
1459 1924 2134 1990 error·Sadducaeorum,
2224 1926 2286 1983 ui
2313 1924 2591 1983 dicebant
2634 1923 2919 1995 spiritum

480 2008 608 2053 non
637 2009 812 2076 esse3
841 2001 903 2053 et
928 1995 1152 2068 positio
1198 1996 1582 2077 antiquorum
1627 1996 2009 2077 naturalium,
2035 1996 2137 2076 qni
2180 1939 2219 2053 3
2319 2066 2330 2077 ·
2379 2066 2391 2077 ·

473 2069 763 2125 stantiam
786 2078 1132 2138 corpoream
1155 2080 1292 2126 esse
1320 2083 1336 2136 ;
1365 2071 1590 2137 positio
1619 2071 1798 2123 etiam
1820 2067 2117 2138 origenis,
2147 2081 2251 2139 qui
2273 2066 2423 2124 dixit
2446 2066 2581 2137 (Περὶ
2597 2066 2840 2138 aaroni,
2861 2069 2896 2124 6

471 2135 849 2264 taisel&-
878 2136 1266 2267 {ibffiiffa
1283 2136 2923 2281 Pssfizfflifflfflmffinfflknssss'⁵3220532⁹⁰1331l³82¹052

836 2248 853 2276 ἱ

471 2277 703 2348 malos,
729 2275 948 2338 habere
971 2291 1227 2351 corpora
1249 2278 1601 2337 naturaliter
1621 2277 1737 2335 sibi
1770 2278 1957 2336 unita.
2549 2250 2567 2278 '

2225 1995 2460 2055 icebant
2481 2008 2727 2054 omnem
2776 1995 2917 2054 sub·

1467 2496 1723 2564 CAPUT
1771 2497 1953 2563 xcn.

957 2676 1038 2726 DE
1061 2675 1455 2726 mummii
1481 2678 1961 2725 sunsrmmuu
1988 2675 2436 2726 surmunml.

557 2842 875 2902 Sciendum
902 2847 997 2902 est
1041 2848 1239 2902 autem
1318 2842 1437 2901 uod
1482 2840 1831 2900 Aristoteles
1857 2840 2109 2914 probare
2137 2839 2366 2910 nititur,
2395 2852 2519 2898 non
2549 2839 2754 2901 solum
2782 2855 2924 2904 esse

467 2914 719 2995 aliquas
748 2913 1117 2995 substantias
1146 2914 1283 2994 *inte
1310 2913 1594 2971 lectuales
1637 2911 1863 3039 absque
1908 2925 2177 2994 corpore,
2207 2910 2315 2969 sed
2338 2910 2518 2970 etiam
2561 2912 2729 2985 quod
2775 2920 2925 2973 sunt

477 2983 750 3055 ejusdem
777 2997 1011 3065 numeri
1065 2997 1239 3057 cujus
1294 2989 1437 3041 sunt
1489 2987 1691 3041 motus
1785 2982 2099 3053 eprehensi
2127 2995 2194 3038 in
2231 2981 2408 3051 coe10,
2455 2995 2657 3055 neque
2710 2983 2924 3055 plures

482 3067 1347 3207 fessffibffiffiffieffimphys„
1371 3134 1480 3193 xii,
1499 3128 1644 3205 text.
1664 3123 1988 3203 comm248)
2007 3121 2167 3196 quod
2186 3136 2308 3182 non
2336 3127 2482 3182 sunt
2502 3122 2690 3205 aliqui
2712 3132 2926 3188 motus

483 3208 549 3253 ιιι
579 3194 729 3252 coelo
758 3208 862 3268 qui
891 3208 927 3252 a
952 3194 1132 3253 nobis
1160 3193 1521 3265 deprehendi
1553 3207 1674 3252 non
1724 3200 1981 3265 possint,
2021 3207 2127 3265 per
2154 3194 2269 3253 hoc
2297 3193 2458 3266 quod
2482 3206 2683 3253 omnis
2712 3202 2925 3259 motus

377 3285 383 3292 ·
469 3265 586 3337 -qui
615 3264 798 3323 estin
835 3264 990 3323 coelo
1030 3271 1123 3324 est
1147 3270 1388 3338 propter
1428 3269 1658 3323 motum
1705 3262 1962 3335 alicujus
2006 3263 2196 3323 stellae
2243 3278 2377 3338 quae
2420 3264 2737 3324 sensibilis
2783 3273 2921 3338 est;

477 3334 661 3463 3¹³¹?ss
688 3335 850 3393 enim
875 3334 1149 3394 deferunt
1195 3334 1443 3404 stellas;
1472 3341 1675 3393 motus
1705 3339 1903 3392 autem
1942 3332 2263 3393 deserentis
2295 3339 2387 3393 est
2411 3340 2654 3407 propter
2681 3343 2923 3398 motum

524 3420 554 3463 e
582 3420 682 3463 ai.

554 3479 698 3534 ltem
726 3475 937 3547 probat
962 3474 1086 3549 (uhi
1118 3476 1322 3605 supra?
1370 3475 1531 3549 quod
1561 3488 1681 3533 non
1720 3480 1863 3534 sunt
1904 3474 2122 3549 aliquae
2168 3475 2521 3535 substantiae
2556 3484 2854 3549 separatae
2880 3492 2928 3538 a

481 3547 701 3620 quibus
730 3560 854 3604 non
879 3546 1235 3618 proveniant
1254 3562 1291 3605 a
1316 3547 1440 3620 iqui
1473 3551 1675 3605 motus
1695 3546 1757 3602 in
1786 3545 1978 3615 coelo;
2007 3546 2170 3619 quia,
2200 3560 2384 3619 quum
2410 3553 2614 3606 motus
2632 3547 2924 3610 coelestes

477 3617 833 3676 ordinentur
857 3617 932 3676 ad
960 3617 1330 3676 substantias
1352 3623 1661 3689 separatas
1682 3616 1839 3675 sicut
1874 3615 1949 3675 ad
1974 3614 2148 3698 flneS,
2173 3617 2227 3675 si
2258 3622 2462 3675 essent
2482 3617 2613 3675 aliae
2637 3618 2926 3677 substan-

478 3688 894 3769 tiaeoseparatae
927 3701 1106 3761 quam
1142 3688 1274 3768 istae
1323 3702 1473 3761 quas
1507 3691 1802 3768 numerat2
1833 3692 2038 3745 essent
2065 3687 2250 3768 aliqui
2284 3691 2486 3746 motus
2512 3688 2574 3745 in
2611 3702 2719 3748 eas
2748 3689 2918 3749 ordi·

482 3763 606 3816 nati
637 3763 796 3816 sicut
821 3772 882 3816 in
904 3757 1090 3829 fines;
1121 3759 1293 3817 aliter
1318 3764 1521 3817 essent
1552 3764 1752 3816 motus
1782 3758 2135 3830 imperfecti.

552 3830 716 3887 Unde
745 3843 819 3886 ex
845 3828 944 3887 his
970 3829 1277 3888 concludit
1297 3829 1457 3911 quod
1480 3842 1600 3886 non
1623 3834 1765 3887 sunt
1789 3828 1993 3899 plures
2020 3827 2373 3888 substantiae
2409 3835 2701 3900 separatae
2731 3843 2919 3905 quam

477 3904 681 3957 motus
710 3899 1106 3972 dephrehensi
1134 3905 1194 3958 et
1234 3915 1336 3975 qui
1369 3905 1629 3971 possunt
1669 3897 2028 3970 deprehendi
2058 3899 2122 3957 in
2146 3899 2299 3958 coelo
2320 3918 2338 3971 ;
2360 3901 2700 3980 praesertiin
2725 3914 2918 3975 quum

479 3980 603 4025 non
632 3970 753 4028 sint
806 3971 979 4043 plura
1011 3983 1264 4043 corpora
1315 3971 1586 4029 coelestia
1634 3968 1903 4041 ejusdem
1928 3969 2178 4041 speciei,
2204 3974 2273 4029 ut
2318 3983 2412 4029 sic
2457 3970 2640 4030 etiam
2667 3972 2916 4046 possint

469 4051 616 4097 ‘esse
643 4041 845 4111 plures
873 4046 1074 4100 motus
1102 4041 1280 4100 nobis
1308 4041 1447 4100 inco
1494 4041 1626 4099 niti.
2413 4051 2428 4066 ·

553 4110 689 4168 Haec
712 4117 910 4169 autem
938 4112 1208 4184 probatio
1238 4125 1358 4170 non
1390 4112 1430 4171 h
1509 4117 1569 4170 et
1596 4110 2033 4170 necessitatem.
2063 4112 2132 4170 In
2173 4110 2273 4170 liis
2298 4112 2459 4171 enim
2489 4126 2624 4186 quae
2662 4119 2819 4174 sunt
2842 4114 2921 4176 ad

475 4176 680 4247 finem,
711 4183 970 4241 sumitur
995 4183 1326 4242 necessitas
1353 4196 1427 4241 ex
1480 4183 1620 4252 fine,
1652 4182 1808 4240 sicut
1835 4182 2087 4262 ipsemet
2140 4180 2315 4241 docet
2340 4182 2582 4257 (Pysic.‚
2640 4198 2711 4255 ιι,
2765 4192 2916 4245 text.

470 4251 829 4331 commaa),
877 4265 1001 4312 non
1028 4259 1225 4313 autem
1254 4268 1288 4311 e
1317 4267 1627 4312 converso.
1676 4251 1857 4314 unde,
1888 4265 1943 4311 si
1984 4256 2186 4311 motus
2232 4253 2509 4313 coelestes
2549 4255 2920 4317 ordinantur

478 4331 545 4376 in
573 4319 940 4402 snbstantias
969 4330 1272 4398 separatas
1318 4324 1479 4384 sicut
1503 4326 1566 4382 in
1596 4323 1769 4393 fines,
1800 4327 1865 4380 ut
1908 4322 2164 4394 ipsemet
2187 4321 2353 4395 dicit,
2382 4337 2506 4383 non
2534 4331 2737 4397 potest
2766 4341 2918 4387 con-

477 4389 638 4448 cludi
668 4393 1010 4452 necessario
1055 4408 1341 4455 numerus
1394 4394 1859 4455 substantiarum
1912 4393 2327 4465 praedictarum
2370 4410 2442 4453 ex
2489 4408 2749 4457 numero
2780 4411 2915 4456 mo·

473 4464 665 4521 tuum.
699 4464 899 4522 Potest
925 4464 1086 4524 enim
1132 4466 1248 4524 dici
1304 4468 1462 4542 quod
1492 4473 1634 4525 sunt
1689 4466 1902 4537 aliquae
1929 4463 2280 4525 substantiae
2328 4471 2617 4538 separatae
2667 4466 2914 4528 altioris
