3076 5025
1135 277 1267 333 LIB.
1307 277 1399 342 IV,
1444 276 1597 334 CAP.
1636 279 1699 334 Χ.
2522 283 2628 337 505

260 400 408 456 Nam
439 395 601 469 quod
631 398 915 457 Dominus
935 403 1076 469 post
1100 400 1594 458 resurrectionem
1617 399 1754 458 dicit
1783 418 1797 457 :
1829 403 1973 457 Data
1989 405 2068 457 est
2094 401 2235 458 mihi
2254 404 2426 457 omnis
2446 406 2622 472 potes·

190 469 368 524 tasin
395 469 522 523 coelo
551 473 600 523 et
632 470 691 524 in
733 474 879 524 terra
921 469 1162 539 (Mamm,
1193 482 1406 538 xxviii,
1440 472 1548 542 ¹8),
1594 484 1718 528 non
1759 471 1891 529 ideo
1930 471 2140 529 dicitur
2227 472 2356 529 uasi
2384 478 2526 529 tunc
2554 472 2626 530 de

188 550 350 595 novo
397 535 554 595 hanc
599 544 948 607 potestatem
998 541 1307 610 acceperit,
1334 540 1438 598 sed
1486 541 1625 612 quia
1669 545 1954 612 potestas,
1986 555 2164 613 quam
2236 543 2389 599 'ilius
2418 542 2519 598 Dei
2552 541 2625 599 ab

188 616 414 666 aeterno
446 614 770 679 acceperat,
792 609 854 666 in
883 610 1089 666 eodem
1121 610 1361 668 homine
1380 611 1535 668 facto
1564 625 1845 683 apparere
1870 611 2171 683 inceperat
2196 625 2302 683 per
2323 611 2627 670 victoriam

187 693 370 752 quam
398 678 473 736 de
503 684 692 737 morte
725 679 1013 737 habuerat
1041 681 1430 753 resurgendo.

263 748 437 817 Quod
466 762 608 806 vero
637 750 962 820 Apostolus
991 751 1148 815 dicit,
1182 751 1253 809 de
1285 752 1426 808 Filio
1457 751 1711 824 loquens
1740 770 1753 808 ε
1784 753 1893 822 Qui
1913 753 2098 820 tactus
2144 757 2225 809 est
2257 755 2309 808 ei
2332 769 2404 809 eae
2428 755 2628 810 semine

186 820 378 877 David
404 818 602 890 (Rom,
634 833 677 888 1,
707 820 784 892 3),
823 821 1133 878 manifeste
1175 821 1525 890 ostenditur,
1557 822 1811 895 qualiter
1837 823 1918 881 sit
1961 822 2408 894 intelligendum
2453 839 2527 882 ex
2554 838 2627 883 eo
2672 883 2677 892 ,

190 889 351 962 quod
386 888 638 958 additur,
663 892 957 946 secundum
998 907 1232 948 carnem.
1261 894 1391 948 Non
1421 905 1577 949 emm
1608 893 1751 949 dixit
1768 892 1923 963 quod
1956 891 2139 951 Filius
2168 893 2269 950 Dei
2302 897 2462 951 esset
2485 894 2627 952 sim-

144 991 152 1006 ·
186 960 420 1031 pliciter
451 960 661 1040 factus,
690 962 796 1018 sed
828 961 987 1033 quod
1017 962 1209 1020 factus
1238 969 1400 1019 essct
1427 977 1498 1019 ex
1523 964 1752 1020 semine
1779 963 1958 1022 David
1986 964 2316 1021 secundum
2363 975 2624 1033 carnem,
2658 975 2663 980 ’

185 1043 295 1102 per
323 1036 795 1101 assumptionem
826 1031 1099 1090 humanae
1128 1038 1385 1102 naturae3
1418 1033 1573 1090 sicut
1619 1037 1676 1091 et
1711 1033 1923 1092 dicitur
1953 1051 1968 1090 ε
2000 1035 2232 1090 Verbum
2270 1049 2396 1090 caro
2420 1036 2628 1101 sactum

186 1105 285 1157 est.
321 1099 562 1170 (Iocum,
595 1114 636 1162 1,
672 1103 783 1168 14.)
813 1102 976 1160 Unde
997 1103 1169 1160 etiam
1202 1107 1360 1174 patet
1387 1103 1548 1176 quod
1584 1104 1697 1161 hoc
1782 1104 1898 1162 uod
1925 1104 2193 1175 sequitur
2221 1123 2236 1161 :
2265 1104 2370 1170 Qui
2385 1105 2625 1174 praedes·

187 1172 400 1251 tinctus
430 1176 508 1226 est
523 1172 697 1252 Filius
724 1174 824 1228 Dei
845 1175 907 1229 in
931 1175 1133 1229 virtute
1162 1172 1355 1245 (Rom,
1387 1187 1430 1242 1,
1460 1174 1513 1244 4)
1545 1119 1874 1254 secungum
1903 1173 2226 1231 humanam
2251 1179 2520 1231 naturam
2550 1174 2625 1233 ad

186 1240 399 1298 Filium
427 1245 698 1322 pertinet.
730 1242 898 1311 Quod
926 1244 1081 1301 enim
1115 1244 1376 1301 humana
1405 1250 1617 1302 natura
1646 1244 1788 1303 Flllo
1820 1245 1924 1302 Dei
1942 1245 2228 1308 uniretur.
2252 1247 2319 1301 ut
2335 1246 2422 1302 sic
2444 1244 2625 1303 homo

187 1315 396 1441 gostsiet
425 1311 538 1439 dittin
570 1311 750 1370 Filius
779 1313 904 1380 Dei,
933 1327 1055 1371 non
1082 1313 1194 1372 fuit
1220 1329 1293 1372 ex
1320 1314 1599 1373 humanis
1626 1315 1870 1383 meritis,
1900 1314 2004 1373 sed
2033 1329 2105 1373 ex
2133 1315 2323 1388 gratia
2347 1314 2448 1372 Dei
2476 1327 2624 1386 prae·

229 1395 296 1438 es
344 1394 462 1438 nan
516 1395 566 1440 s.

259 1451 544 1510 Similiter
566 1454 763 1524 etiam,
794 1452 951 1526 quod
982 1453 1135 1511 idem
1165 1455 1486 1525 Apostolus
1515 1455 1676 1524 dixit,
1737 1455 1855 1514 uod
1885 1458 2042 1513 Deus
2062 1453 2354 1514 Christum
2386 1458 2625 1526 propter

188 1522 491 1594 passionis
513 1524 782 1581 meritum
816 1525 1091 1582 exaltavit
1120 1524 1311 1596 (Phil.,
1340 1539 1407 1593 11,
1435 1529 1488 1593 8,
1512 1527 1588 1597 9),
1620 1525 1694 1583 ad
1766 1539 2041 1584 umanam
2065 1530 2333 1582 naturam
2364 1527 2625 1583 reseren-

200 1592 341 1651 dum
371 1598 481 1658 est,
512 1593 574 1650 in
615 1608 734 1666 qua
760 1594 953 1652 fuerat
997 1595 1300 1654 humilitas
1343 1596 1681 1668 passionis3
1714 1596 1870 1654 unde
1900 1602 1958 1653 et
2028 1596 2144 1653 uod
2175 1596 2445 1654 subditur
2479 1613 2493 1652 z
2524 1598 2626 1652 Do·

190 1665 348 1719 navit
371 1664 458 1718 illi
479 1680 671 1719 nomen
698 1666 846 1736 quod
881 1668 959 1720 est
997 1679 1158 1736 super
1205 1682 1355 1722 omne
1397 1682 1608 1734 nomen,
1639 1666 1711 1724 ad
1759 1665 1874 1724 hoc
1915 1681 1978 1724 re
2007 1665 2290 1724 erendum
2330 1670 2423 1723 est
2463 1664 2620 1738 quod

192 1745 412 1791 nomen
446 1735 808 1792 conveniens
842 1735 983 1793 Filio
1013 1741 1086 1792 cx
1116 1737 1412 1794 nativitate
1446 1742 1666 1794 aeterna
1685 1736 2186 1795 manifestandum
2216 1743 2398 1807 esset,
2420 1736 2485 1794 in
2508 1735 2624 1794 fido

184 1803 571 1876 populorum,
599 1806 714 1864 hoc
739 1805 1054 1864 convenire
1076 1806 1220 1864 Filio
1248 1809 1577 1865 incarnato.

261 1876 375 1956 Per
401 1875 562 1948 quod
592 1882 648 1933 et
679 1876 1057 1934 manifestum
1081 1880 1174 1933 est
1199 1879 1357 1948 quod
1385 1878 1443 1935 id
1464 1877 1624 1950 quod
1646 1877 1786 1935 dicit
1808 1880 2040 1946 PetruS,
2059 1875 2219 1949 quod
2243 1878 2401 1942 Deus
2422 1878 2624 1935 Iesum

188 1943 487 2003 Christum
514 1950 573 2003 et
600 1948 914 2004 Dominum
932 1947 1086 2014 fecit,
1110 1946 1184 2005 ad
1205 1948 1412 2005 Filium
1440 1947 1814 2014 referendum
1833 1952 1925 2006 est
1945 1947 2274 2006 secundum
2302 1948 2625 2005 humanam

186 2016 738 2144 gahuramssintqua
763 2017 981 2088 incepit
1022 2017 1082 2076 id
1114 2017 1331 2076 habere
1360 2033 1433 2078 ex
1474 2023 1741 2090 tempore
1777 2017 1940 2091 quod
1975 2018 2039 2076 in
2066 2022 2280 2076 natura
2306 2016 2626 2076 divinitatis

232 2101 268 2144 a
312 2101 374 2143 ut
429 2101 463 2144 a
530 2101 578 2144 ae
607 2101 771 2145 erno.

260 2156 434 2224 Quod
461 2157 632 2214 etiam
661 2157 954 2215 Sabellius
982 2158 1300 2218 introducit
1348 2160 1420 2219 de
1444 2160 1666 2217 unitate
1694 2159 1925 2217 deitatis
1956 2176 1970 2213 ε
2004 2158 2178 2229 Audi,
2203 2159 2377 2214 Israel
2397 2177 2414 2212 =
2442 2160 2626 2215 Domi-

185 2243 293 2283 nus
322 2229 468 2283 Deus
509 2232 709 2296 noster,
738 2231 998 2284 Dominus
1043 2245 1183 2286 unus
1228 2236 1306 2286 est
1352 2230 1553 2302 went„
1585 2242 1669 2293 vr,
1700 2229 1776 2301 4),
1809 2236 1910 2287 et:
1946 2230 2134 2285 Videte
2186 2229 2333 2299 quod
2380 2244 2474 2298 09⁰
2521 2231 2628 2284 sim

183 2298 353 2361 solus,
376 2305 429 2353 et
453 2313 563 2354 non
587 2301 661 2353 sit
689 2300 830 2354 alius
858 2302 1000 2355 Deus
1032 2305 1232 2369 praeter
1258 2316 1342 2356 me
1388 2301 1587 2368 went„
1621 2312 1811 2367 xxxn,
1843 2298 1953 2370 39),
1985 2300 2293 2356 sententiae
2322 2297 2629 2357 catholicae

187 2366 328 2425 fidei
358 2381 481 2426 non
512 2375 821 2441 repugnat,
851 2383 984 2440 quae
1014 2372 1242 2426 Patrem
1264 2375 1323 2428 et
1350 2371 1558 2428 Filium
1577 2384 1701 2427 non
1727 2369 1883 2426 duos
1911 2368 2078 2438 deos,
2101 2368 2208 2426 scd
2239 2381 2422 2425 unum
2443 2370 2625 2426 Deum

185 2451 328 2496 esse
359 2438 693 2508 confitetur,
725 2443 791 2496 ut
816 2438 1033 2497 dictum
1072 2445 1179 2496 est.

258 2509 538 2567 Similiter
565 2509 762 2579 etiam,
802 2509 960 2582 quod
992 2509 1203 2568 dicitur
1234 2527 1247 2566 :
1279 2511 1443 2566 Pater
1469 2511 1530 2564 in
1557 2524 1640 2565 me
1665 2524 1887 2567 manens
1913 2511 1938 2564 i
1976 2524 2030 2565 se
2064 2510 2204 2576 tacit
2233 2524 2416 2579 opera,
2447 2511 2499 2564 et
2530 2522 2625 2579 eqo

184 2582 250 2635 in
275 2581 446 2636 Patre
470 2585 523 2635 et
549 2583 713 2636 Pater
739 2583 800 2635 in
825 2595 909 2636 me
926 2584 1004 2637 est
1023 2580 1262 2650 (Joann.,
1286 2593 1411 2648 xiv,
1443 2582 1553 2651 to),
1587 2593 1705 2637 non
1753 2586 1923 2637 osten
1967 2579 2012 2635 it
2038 2579 2323 2636 unitatem
2351 2591 2625 2649 personae

186 2654 256 2708 ut
278 2649 516 2708 volebat
540 2650 853 2719 sabellius,
887 2651 991 2708 sed
1023 2651 1309 2708 unitatem
1337 2651 1632 2718 essentne,
1663 2663 1841 2723 quam
1867 2650 2044 2706 Arius
2074 2650 2346 2723 negabat.
2378 2649 2436 2706 Si
2463 2649 2626 2707 enim

191 2726 361 2779 esset
407 2735 527 2778 una
567 2734 826 2792 persona
872 2720 1062 2780 Patn's
1109 2727 1166 2778 et
1219 2721 1366 2788 Filii,
1422 2732 1546 2777 non
1594 2733 1858 2794 congrue
1908 2719 2203 2777 diceretur
2255 2722 2426 2776 Pater
2488 2731 2625 2778 esse

189 2790 254 2872 in
310 2790 459 2872 Filio
514 2797 573 2847 et
608 2790 799 2871 ‚Filius
845 2791 908 2847 in
955 2793 1164 2862 Patre,
1217 2804 1397 2918 quum
1464 2803 1586 2873 non
1628 2790 1858 2871 dicatur
1912 2802 2020 2861 pro
2063 2789 2148 2871 rie
2201 2789 2358 2870 idem
2405 2801 2624 2861 suppo-

188 2866 373 2918 situm
418 2873 480 2918 tn
535 2874 738 2933 seipso
791 2874 949 2928 esse,
1000 2861 1103 2919 sed
1163 2874 1233 2920 so
1262 2875 1358 2918 um
1404 2865 1630 2919 ratione
1673 2866 1947 2933 partium.
2056 2874 2154 2917 uia
2216 2873 2373 2918 emm
2428 2863 2625 2930 partes

187 2931 252 2988 in
308 2934 436 2990 toto
485 2936 629 2989 sunt
683 2935 741 2989 et
788 2931 948 3004 quod
1000 2932 1277 2990 convenit
1320 2931 1585 3003 partibus
1628 2933 1785 2990 solet
1823 2928 2062 2989 attribui
2106 2930 2233 2998 toti,
2269 2930 2626 3003 quandoque

189 3000 405 3059 dicitur
445 3001 684 3074 aliquod
727 3006 916 3059 totum
967 3016 1102 3061 esse
1152 3002 1215 3059 in
1267 3002 1486 3073 seipso.
1519 3003 1623 3060 Hic
1673 3007 1871 3061 autem
1918 3001 2136 3059 modus
2181 2999 2461 3072 loquendi
2501 3011 2627 3059 non

192 3083 331 3129 com
374 3072 479 3129 etit
523 3073 585 3129 in
642 3072 874 3135 divinis,
923 3071 983 3128 in
1037 3072 1253 3145 quihus
1292 3080 1488 3144 partes
1536 3086 1672 3131 esse
1720 3086 1844 3131 non
1932 3076 2167 3139 ossunt,
2200 3077 2265 3128 ut
2313 3074 2623 3129 ostensum

191 3145 289 3200 est
359 3142 398 3198 l.
427 3155 470 3209 1,
498 3157 552 3200 c.
581 3142 692 3214 20).
725 3141 1141 3214 Relinquituri
1187 3144 1320 3211 itur,
1352 3156 1534 3215 quum
1563 3146 1733 3202 Pater
1778 3144 1837 3201 in
1924 3142 2026 3201 ilio
2053 3147 2115 3199 et
2156 3141 2337 3200 Filius
2368 3142 2429 3198 in
2456 3144 2627 3199 Patre

189 3224 329 3269 esse
356 3211 603 3293 dicatur,
636 3211 792 3283 quod
826 3215 998 3294 Pater
1038 3218 1096 3270 et
1143 3156 1324 3272 gilius
1353 3227 1477 3272 non
1533 3215 1655 3272 sint
1699 3213 1855 3271 idem
1905 3212 2237 3294 supposito.
2268 3211 2380 3269 Sed
2408 3226 2481 3292 ως
2512 3212 2626 3271 hoc

189 3281 524 3341 ostenditur
548 3283 706 3354 quod
739 3286 929 3341 Patris
958 3286 1016 3339 et
1044 3283 1168 3341 Filii
1189 3284 1264 3341 sit
1293 3285 1555 3342 essentia
1582 3298 1720 3342 una.
1742 3287 1863 3341 Hoc
1892 3296 2049 3341 cmm
2077 3288 2292 3354 posito,
2312 3281 2626 3340 mamfeste

188 3356 436 3423 apparet
461 3353 713 3425 qualiter
744 3356 914 3411 Pater
933 3353 1112 3410 estin
1146 3354 1288 3412 Filio
1317 3359 1376 3411 et
1417 3354 1599 3413 Filius
1626 3355 1687 3411 in
1719 3358 1907 3413 Patre.
1939 3356 2105 3422 Nam,
2175 3366 2316 3410 uum
2356 3354 2526 3410 Pater
2549 3351 2630 3410 sit

187 3434 304 3481 sua
331 3423 611 3490 essentia,
637 3423 774 3496 quia
806 3424 867 3480 in
894 3425 1016 3481 Deo
1045 3437 1166 3481 non
1198 3428 1289 3483 est
1315 3423 1474 3483 aliud
1523 3438 1659 3483 esse
1689 3428 1747 3483 ct
1793 3424 2116 3482 essentiam
2206 3422 2411 3493 abenS,
2443 3429 2508 3479 ut
2535 3425 2630 3503 est

188 3498 506 3552 ostensum
536 3493 600 3564 (l.
630 3507 673 3563 1,
703 3509 754 3551 c.
785 3494 901 3566 22),
927 3492 1278 3566 relinquitur
1304 3494 1461 3568 quod
1514 3494 1578 3552 in
1622 3508 1999 3568 quocumque
2038 3495 2118 3553 sit
2150 3493 2411 3551 essentia
2437 3494 2628 3552 Patris

188 3564 270 3622 sit
294 3565 504 3632 Pater3
536 3569 614 3633 et,
642 3563 848 3621 eadem
896 3564 1145 3634 ratione,
1175 3565 1235 3622 in
1283 3578 1663 3638 quocumque
1705 3571 1797 3624 est
1842 3565 2102 3622 essentia
2132 3563 2255 3621 Filii
2287 3569 2377 3621 est
2422 3563 2625 3621 Filius.

155 3658 160 3675 2
188 3633 378 3703 Unde,
420 3648 603 3707 quum
633 3634 898 3691 essentia
927 3635 1114 3693 Patris
1135 3635 1212 3693 sit
1243 3636 1304 3692 in
1326 3636 1470 3694 Filio
1500 3641 1560 3692 et
1604 3634 1866 3694 essentia
1894 3634 2019 3693 Filii
2054 3634 2117 3691 in
2147 3637 2337 3702 Patre,
2368 3645 2440 3691 eo
2458 3631 2629 3714 cuod

121 3708 124 3715 “
187 3716 314 3763 una
344 3709 439 3762 est
480 3704 741 3762 essentia
784 3704 1114 3777 utriusque,
1144 3710 1209 3763 ut
1241 3705 1391 3764 fides
1441 3706 1731 3764 catholica
1776 3705 1969 3773 docet,
2000 3704 2269 3778 sequitur
2314 3704 2629 3762 manifeste

186 3774 351 3904 qtucxl
374 3777 556 3857 ⁸lfater
584 3775 662 3832 sit
685 3773 919 3901 ianilai?
944 3781 1004 3831 et
1032 3775 1214 3834 Filius
1238 3775 1402 3834 sitin
1429 3778 1622 3834 Patre.
1654 3778 1720 3833 Et
1744 3776 1833 3834 sic
1859 3775 2071 3835 eodem
2103 3774 2283 3833 verbo
2302 3779 2364 3832 et
2387 3772 2627 3834 sabellii

188 3859 221 3904 e
336 3860 411 3904 ru
437 3858 605 3904 error
631 3857 742 3902 con
775 3858 810 3902 u
901 3856 988 3901 ur.

1227 4004 1481 4071 CAPUT
1529 4006 1607 4069 X.

438 4183 725 4231 RATIONES
763 4182 994 4230 CONTRA
1024 4178 1480 4228 Gmwaxnotmu
1512 4178 1591 4225 ΕΤ
1624 4175 2064 4226 Pnocssssmm
2096 4176 2369 4225 mvltvm.

258 4337 554 4399 Omnibus
588 4336 607 4393 i
653 4336 766 4393 ‘tur
790 4335 1105 4409 diligenter
1130 4332 1543 4401 consideratis,
1570 4332 1886 4390 manifeste
1914 4337 2157 4404 apparet
2180 4332 2296 4391 hoc
2348 4333 2524 4391 nohis
2553 4333 2627 4392 do

189 4407 578 4483 generatione
644 4406 802 4464 ivina
827 4406 893 4463 iu
919 4404 1109 4465 sacris
1136 4402 1451 4477 scripturis
1478 4403 1733 4475 proponi
1773 4401 2136 4461 credendum
2183 4401 2344 4475 quod
2373 4406 2545 4460 Pater
2568 4405 2629 4458 et
