3076 5025
491 269 564 325 ⁶4
1416 261 1553 318 LIB.
1590 261 1638 329 Ι,
1676 259 1830 318 CAP.
1871 259 1976 319 Lx.

491 387 556 445 in
607 383 913 444 intellectu
953 382 1174 442 veritas
1227 380 1501 454 pertinet,
1606 380 1720 439 uod
1763 379 2108 439 intellectus
2161 379 2349 451 dicit,
2400 392 2525 439 non
2586 378 2662 439 ad
2705 392 2913 453 opera·

494 458 741 525 tionem,
763 468 882 528 qua
909 452 969 512 id
999 452 1161 512 dicit.
1191 454 1320 510 Non
1350 452 1506 509 enim
1579 521 1591 532 .
1631 449 2305 532 veritatemintellectus
2334 450 2595 532 exigitur
2619 455 2683 508 iit
2710 450 2913 523 ipsum

496 526 832 599 intelligere
859 525 946 582 rei
976 538 1025 582 ae
1070 528 1262 593 uetur,
1287 535 1421 579 cum
1447 535 1547 580 res
1574 521 1872 579 laterclum
1900 526 1979 579 sit
2008 521 2360 603 materialis²
2407 521 2748 593 intelligere
2774 536 2913 581 vero

494 595 924 666 immateriale;
959 608 1024 676 se
1093 591 1242 651 illud
1282 590 1442 665 quod
1482 591 1822 673 intellectus
1862 591 2254 673 intelligendo
2300 590 2445 672 dicit
2485 597 2546 648 et
2574 593 2912 674 cognoscit,

499 672 894 796 32322212‘533?
912 678 1024 795 {322
1039 662 2139 815 militantem&⁸313„ae
2171 661 2911 815 {23030553‘523‘33032319322

496 808 612 878 sio,
642 806 957 881 cognoscit
976 818 1105 864 non
1135 804 1333 863 solum
1362 816 1561 861 rerum
1592 801 1977 876 quidditates,
2005 802 2112 863 sed
2140 808 2320 862 etiam
2346 808 2824 874 enuntiationes,
2844 807 2911 863 nt

494 885 806 938 ostensum
831 881 924 936 est
958 882 1111 948 (cap.
1143 879 1208 932 57
1238 874 1432 955 e158).
1460 876 1529 931 Et
1551 873 1647 955 sie·
1667 874 1816 955 illud
1893 873 2013 932 uod
2062 874 2404 932 intellectus
2432 873 2707 955 ‘divinus’
2740 873 2916 932 intel-

498 949 743 1022 ligendo
772 947 937 1016 dicit,
969 953 1062 1005 est
1087 945 1446 1016 composino
1490 948 1551 1025 et
1591 946 1840 1026 mineio..
1911 958 1991 1003 on
2025 957 2169 1019 ergo
2210 944 2550 1004 excluditur
2585 947 2813 1004 veritas
2838 943 2912 1003 ab

497 1019 805 1080 intellectu
835 1017 1038 1076 divino
1068 1016 1297 1074 ratione
1324 1028 1451 1074 snae
1478 1015 1899 1086 simplicitatis.

568 1089 845 1160 Amplius,
877 1101 1008 1146 cum
1053 1085 1296 1160 aliquod
1328 1085 1770 1157 incomplexam
1794 1085 1886 1143 vel
1925 1084 2143 1144 dicitur
2177 1084 2269 1143 vel
2299 1083 2674 1157 intelligitur,
2711 1083 2912 1156 ipsum

495 1159 733 1242 quidem
762 1157 1224 1239 incomplexam,
1250 1161 1538 1238 quantum
1569 1161 1661 1214 est
1688 1155 1762 1239 de
1790 1169 1877 1226 se,
1906 1168 2018 1213 nec
2062 1160 2155 1214 est
2197 1154 2285 1213 rei
2315 1159 2639 1235 aequatum,
2685 1166 2812 1237 nec·
2826 1154 2913 1215 rei

498 1225 2722 1379 {litltffissiafflltgtffl2²55&ss&kitiiffi‘lfflssffnttfttit3:¹3
2750 1224 2914 1355 3252:

495 1371 887 1442 parationem,
917 1367 1009 1426 vel
1038 1368 1493 1439 applicationem
1520 1367 1595 1425 ad
1642 1381 1787 1430 rem,
1818 1366 1977 1425 unde
2005 1366 2077 1424 de
2107 1379 2174 1425 se
2211 1380 2322 1424 nec
2358 1379 2589 1436 verum,
2637 1379 2752 1424 nec
2799 1366 2913 1424 fal·

495 1454 632 1500 sum
661 1440 776 1497 dici
802 1443 1018 1511 potest,
1046 1439 1152 1496 sed
1180 1443 1408 1496 tantum
1450 1437 1846 1509 complexum,
1876 1437 1938 1494 in
1980 1449 2100 1509 quo
2147 1436 2497 1517 designatur
2540 1436 2916 1507 comparatio

495 1509 854 1581 incomplexi
886 1508 960 1566 ad
990 1521 1114 1565 rem
1165 1523 1271 1590 per
1307 1514 1507 1565 notam
1555 1507 2013 1579 compositionis
2057 1513 2160 1565 aut
2201 1506 2535 1566 divisionis.
2564 1506 2913 1566 Intellectus

499 1586 694 1638 tamen
718 1578 1132 1650 incomplexus
1161 1577 1551 1650 intelligendo
1579 1579 1726 1648 quod
1765 1578 1902 1648 quid
1938 1581 2035 1642 est,
2088 1577 2477 1658 apprehendit
2521 1575 2916 1658 quidditatem

496 1652 581 1708 rei
607 1651 667 1707 in
698 1649 951 1722 quadam
982 1648 1424 1720 comparatione
1453 1648 1523 1706 ad
1559 1662 1705 1717 rem,
1736 1648 1877 1721 quia
1905 1647 2296 1720 apprehendit
2321 1661 2451 1706 eam
2477 1652 2543 1704 ut
2563 1647 2914 1728 hujusmodi

496 1720 581 1778 rei
611 1720 1022 1793 quidditatem.
1054 1721 1218 1777 Unde
1246 1719 1383 1776 licet
1427 1719 1624 1790 ipsum
1674 1718 2135 1789 incomplexam,
2166 1724 2225 1775 et
2252 1718 2430 1776 etiam
2469 1716 2761 1788 definitio,
2788 1730 2910 1776 non

492 1791 579 1918 ἓέἒ
605 1789 1149 1919 Ρέἶοῗῶἔθᾞῗὲεῖἕι
1184 1787 2566 1918 ῗέἒῗὲεὲᾞὲὶεὲἓῑὲἓξὲἒὶἱιψὲἶᾶἳῗὲὲῗέῗο
2591 1787 2916 1915 ῗεἪέῗ

497 1902 658 1997 (test.
690 1876 1027 2011 comm‘ffae)
1076 1874 1190 1988 etsi}
1232 1944 1337 2002 per
1374 1931 1495 1987 acci
1544 1943 1655 2010 ens
1700 1930 1895 2000 possit
1932 1901 2068 1988 esse
2137 1929 2329 2011 alsus,
2373 1929 2774 2010 inquantum
2816 1929 2911 2010 γει

495 2000 764 2060 definitio
794 2001 1043 2059 includit
1077 2000 1336 2072 aliquam
1367 2000 1837 2071 complexionem
1866 2000 1960 2057 vel
2001 1998 2664 2080 partium‘deilnitionis
2709 1999 2789 2058 ad
2825 2011 2914 2058 in·

495 2072 709 2142 vicem,
739 2072 830 2129 vel
864 2071 1048 2130 totius
1077 2070 1443 2129 definitionis
1471 2070 1545 2128 ad
1589 2069 1895 2127 definitum
1947 2088 1960 2127 ε
2012 2070 2167 2128 unde
2213 2069 2482 2128 definitio
2528 2069 2760 2128 dicetur
2788 2069 2913 2142 (se-

496 2142 759 2202 cundum
791 2141 951 2215 quod
988 2140 1342 2214 intelligitur
1371 2147 1434 2198 ut
1463 2140 1643 2198 hu'us
1669 2141 1760 2198 vel
1791 2141 1956 2200 illius
1985 2141 2069 2198 rei
2099 2139 2389 2207 definitio,
2419 2139 2707 2199 secudum
2745 2139 2911 2213 quod

495 2212 574 2271 ab
602 2213 906 2293 intelle-ctu
935 2211 1242 2294 accipitur)
1271 2210 1360 2293 vel
1392 2156 1743 2293 simpliciter
1770 2211 1942 2293 falsa,
1965 2210 2017 2269 si
2048 2216 2245 2292 partes
2273 2210 2640 2270 definitionis
2661 2222 2785 2268 non
2814 2222 2916 2269 co-

497 2282 761 2341 haereant
798 2297 858 2340 in
887 2295 1138 2340 invicem
1193 2287 1258 2339 ut
1285 2295 1335 2340 si
1359 2283 1591 2339 dicatur
1618 2281 1837 2339 animal
1870 2281 2243 2350 insensibile,
2272 2282 2366 2340 vel
2396 2281 2550 2339 falsa
2575 2279 2911 2340 secundum

498 2353 656 2434 hane
688 2367 831 2435 rem.
861 2357 1036 2424 prout
1062 2324 1328 2433 definitio
1375 2351 1583 2410 circuli
1625 2352 1913 2434 accipitur
1952 2357 2017 2409 ut
2062 2351 2368 2433 trianguli.
2400 2353 2548 2410 Dato
2594 2351 2781 2422 igitur
2804 2364 2911 2423 per

498 2424 894 2495 impossibile,
923 2423 1081 2497 quod
1106 2436 1195 2480 sic
1224 2422 1562 2480 intellectus
1591 2422 1830 2480 divinus
1864 2421 2058 2480 solum
2092 2422 2467 2495 incomplexe
2491 2427 2908 2495 cognosceret,

466 2494 690 2559 ,adhuc
716 2499 877 2553 esset
899 2507 1096 2563 verus,
1120 2506 1191 2552 co
1237 2492 1543 2552 noscendo
1572 2506 1741 2551 suam
1769 2491 2177 2566 quidditatem‚
2206 2498 2270 2550 ut
2298 2505 2491 2552 suam.

565 2566 785 2647 Adbuc,
815 2565 1016 2623 divina
1044 2507 1399 2646 simpficitas
1427 2560 1849 2645 perfectionem
1876 2577 1999 2646 non
2029 2564 2309 2633 excludit,
2336 2564 2478 2637 quia
2515 2562 2580 2621 in
2607 2576 2726 2622 suo
2775 2576 2909 2623 esse

495 2634 755 2707 simplici
785 2636 963 2694 habet
991 2635 1273 2708 quicquid
1299 2635 1683 2706 persecllonls
1711 2648 1775 2692 in
1814 2635 1949 2693 aliis
1982 2634 2184 2705 rebuS,
2214 2648 2320 2705 per
2345 2633 2665 2707 quamdam
2698 2646 2909 2707 aggre-

537 2706 799 2764 ationem
828 2706 1257 2778 perfectionum
1284 2719 1392 2763 sen
1422 2706 1769 2775 soi-marum,
1798 2705 2098 2763 invenitur
2150 2710 2215 2763 ut
2242 2717 2423 2778 supra
2451 2711 2767 2763 ostensum
2819 2709 2913 2763 est

517 2791 645 2848 cap.
676 2777 789 2849 28).
822 2776 1160 2835 intellectus
1187 2781 1381 2834 autem
1414 2782 1638 2857 noster,
1669 2775 2084 2847 apprehenden
2128 2788 2165 2833 o
2208 2775 2603 2857 incomplexe,
2640 2773 2910 2834 nondum

490 2847 777 2919 pertingit
801 2848 873 2905 ad
899 2847 1166 2904 ultimam
1197 2859 1367 2905 suam
1396 2847 1841 2927 perfectionem,
1873 2847 2015 2920 quia
2050 2845 2246 2904 adhuc
2267 2850 2360 2905 est
2397 2859 2460 2902 in
2508 2847 2777 2917 potentia
2806 2858 2911 2903 re-

492 2922 702 2998 spectu
731 2916 1187 2997 compositionis
1213 2930 1320 2997 seu
1350 2916 1689 2986 divisionis,
1722 2917 1880 2975 sicut
1904 2918 1964 2974 in
2005 2916 2375 2998 naturalibus
2417 2915 2742 2996 simplicia,
2767 2919 2917 2996 sunt

488 2991 2515 3139 issciffiiiiasiiiiiefflpfftiii'fiffiii1ie‘effiiifiiiiiiissss‘riossss‘issi„
2528 2989 2920 3127 2333&ss

489 3124 689 3194 habet,
715 3140 894 3200 quam
928 3126 1268 3184 intellectus
1297 3131 1500 3184 noster
1531 3127 1607 3184 lia
1648 3133 1705 3183 et
1735 3141 1839 3198 per
1869 3133 2176 3199 utramque
2200 3134 2604 3199 cognitionem
2629 3129 2689 3183 et
2733 3137 2916 3183 com-

486 3195 796 3277 plexorum
822 3195 1405 3269 etincomplexorum
1429 3215 1443 3250 ε
1467 3198 1572 3255 sed
1586 3198 1804 3256 veritas
1825 3211 2008 3257 conse
2053 3198 2214 3256 uitur
2233 3197 2597 3255 intellectum
2625 3199 2916 3255 nostrum

489 3280 554 3324 in
575 3268 668 3325 sui
691 3266 946 3338 perfecta
966 3266 1332 3347 cognitione,
1362 3267 1602 3348 quando
1618 3267 1741 3340 jam
1769 3282 1961 3342 usque
1982 3282 2019 3326 a
2080 3267 2580 3341 compositionem
2613 3264 2915 3339 pervenit.

488 3338 566 3396 Er
607 3350 645 3395 o
672 3337 819 3396 etin
849 3338 981 3409 ipsa
1008 3336 1266 3409 simplici
1291 3340 1394 3395 Dei
1422 3337 1821 3410 intelligentia
1847 3344 1940 3398 est
1963 3337 2201 3397 veritas.

588 3412 711 3470 tem,
743 3422 875 3466 cum
908 3410 1067 3466 Deus
1095 3408 1295 3466 omnis
1322 3406 1461 3466 boni
1493 3407 1714 3467 bonum
1747 3410 1846 3476 sit,
1894 3414 2097 3480 utpote
2124 3421 2335 3468 omnes
2376 3406 2676 3467 bonitates
2722 3406 2792 3465 in
2839 3418 2918 3469 se

486 3477 740 3545 habens,
772 3484 1049 3550 utsupra
1083 3482 1394 3536 ostensum
1434 3483 1526 3536 est
1574 3478 1726 3551 (cap.
1772 3477 1887 3552 40),
1928 3477 2169 3538 bonitas
2213 3477 2556 3537 intellectus
2594 3476 2651 3535 ei
2696 3476 2921 3537 deesse

487 3560 612 3605 non
641 3553 854 3619 potest.
885 3549 997 3608 Sed
1027 3561 1231 3606 verum
1259 3555 1353 3606 est
1372 3546 1599 3606 bonum
1627 3549 1986 3612 intellectus.
2016 3553 2083 3607 ut
2106 3553 2268 3622 patet
2320 3562 2426 3622 per
2469 3547 2919 3621 Philosophum

487 3617 554 3676 in
580 3624 750 3676 sexto
777 3618 907 3676 Etis.
941 3618 1093 3692 (cap.
1124 3618 1183 3747 33
1210 3636 1228 3689 ;
1257 3632 1402 3691 ergo
1432 3619 1650 3678 veritas
1676 3620 1737 3677 in
1764 3620 1886 3677 Deo
1916 3622 2029 3677 est.

411 3749 417 3764 ι
558 3689 623 3745 Et
663 3689 781 3748 hoc
818 3702 895 3748 ex
935 3687 1098 3755 duod
1188 3687 1368 3749 icitur
1404 3688 1484 3782 in·
1512 3687 1669 3772 Psalu.
1713 3688 1862 3747 (imo
1889 3690 2084 3760 Rom„
2112 3699 2207 3760 111,
2244 3685 2307 3815 4)
2341 3704 2364 3748 z
2400 3687 2505 3749 Est
2543 3690 2730 3747 uidem
2767 3689 2922 3749 Dm

400 3836 405 3841 =
489 3765 681 3810 veram
716 3758 760 3824 (ι
789 3759 965 3821 part„
999 3764 1058 3825 q.
1088 3760 1216 3820 ΧΠ,
1241 3760 1353 3807 art.
1386 3759 1487 3820 14,
1517 3759 1578 3808 et
1604 3764 1663 3821 q.
1693 3760 1910 3820 xxxv,
1938 3761 2051 3810 art.
2079 3760 2138 3823 5,
2160 3766 2200 3812 a
2300 3757 2347 3828 .)

1492 3932 1747 3998 CAPUT
1795 3935 1921 3998 LX.

1320 4102 1472 4157 QUOD
1502 4101 1652 4149 DBUS
1685 4104 1793 4150 1331·
1825 4103 2099 4152 vnaius·

563 4241 643 4296 Ex
671 4239 1221 4322 praimissisautem
1250 4242 1495 4365 apparet
1519 4239 1681 4320 quod
1723 4239 1856 4321 ipse
1904 4242 2066 4299 Deus
2096 4245 2193 4323 est
2216 4241 2457 4302 veritae.
2484 4244 2721 4306 veritas
2761 4251 2938 4311 enim

495 4309 764 4383 quaedam
783 4309 1322 4393 pei-iectioestintel
1350 4323 1366 4364 ι
1408 4314 1612 4390 entiae,
1629 4309 2190 4392 siveintellectualis
2210 4314 2597 4385 operationis,
2614 4324 2682 4374 ut
2697 4317 2941 4380 dictum

492 4385 588 4440 est
607 4379 758 4454 (cap.
788 4384 858 4438 59
881 4393 945 4438 in
971 4379 1178 4453 calce).
1228 4378 1377 4439 lntel
1404 4391 1567 4451 igere
1610 4384 1811 4441 autem
1855 4381 1962 4440 Dei
2005 4386 2104 4443 est
2147 4395 2263 4444 sua
2308 4384 2669 4447 substantia.
2718 4392 2940 4463 ipsum
