3076 5025
331 3375 344 3393 *
444 3365 743 3432 possunt;
770 3362 928 3419 unde
977 3360 1170 3419 adhuc
1208 3362 1272 3418 in
1304 3360 1648 3420 hominibus
1686 3360 1945 3419 tenebrae
1985 3367 2315 3434 remanent,
2344 3377 2413 3421 ve

454 154 562 209 516
627 151 634 156 “
1355 146 1487 201 LiB.
1529 145 1619 213 w,
1659 145 1813 201 GAP.
1851 146 1994 201 xlll.

499 268 873 329 roductionis
901 268 1189 340 ipsarum,
1220 266 1377 326 sicut
1403 266 1608 325 omnia
1632 266 1999 339 perverbum
2029 265 2186 324 sacta
2202 271 2366 335 sunt,
2394 266 2480 324 ita
2506 278 2611 339 per
2631 266 2730 324 Dei
2748 268 2862 324 Ver-

499 354 601 400 um
630 345 1061 398 conservantur
1085 339 1151 395 in
1179 351 1314 396 esse
1334 355 1349 406 3
1372 337 1530 395 unde
1552 334 1873 394 Psalmista
1891 336 2071 393 dicit:
2103 336 2276 393 Vei-bo
2298 338 2523 393 Domini
2547 338 2664 392 coeli
2678 340 2864 407 {innati

371 437 384 470 ι.
450 416 607 471 sunt.
638 410 863 483 (Psalm.
895 421 1080 473 xxxii,
1116 408 1170 480 6)
1195 426 1211 477 ;
1242 414 1302 466 et
1324 406 1651 478 Apostolus
1689 407 1833 464 dicit
1860 406 1934 463 de
1952 406 2097 465 Filio
2125 405 2286 479 quod
2304 411 2496 477 portat
2521 409 2705 463 omnia
2726 408 2865 464 verbo

373 484 412 498 ”
451 484 680 539 virtutis
705 496 816 537 suae
844 479 1050 552 (Helm,
1079 492 1122 549 i,
1153 478 1246 552 3);
1293 477 1453 551 quod
1476 476 1719 550 quidem
1747 476 2004 552 qualiter
2021 476 2213 549 accipi
2230 481 2502 548 oporteat
2517 478 2644 548 jam
2662 476 2865 535 dictum

371 544 386 602 ι’
453 557 569 612 est.

524 620 845 680 Sciendum
861 624 1063 678 tamen
1130 618 1248 677 uod
1277 619 1531 677 Verbum
1561 618 1666 676 Dei
1697 616 1760 675 in
1801 617 1919 676 hoc
1945 615 2144 675 differt
2171 631 2208 675 a
2235 618 2465 675 ratione
2510 632 2645 691 quae
2683 624 2773 676 est
2814 620 2868 677 iii

367 689 380 760 ζ
413 755 417 762 ,
451 697 657 752 mente
677 690 1098 772 artifici8,quia
1156 688 1365 747 erbum
1381 690 1485 747 Dei
1507 691 1667 747 Deus
1696 687 2037 746 subsistens
2066 692 2176 757 est,
2205 688 2360 746 ratio
2375 692 2574 746 autem
2594 688 2869 748 artificiati

370 785 406 838 ¹„-
451 763 522 821 in
550 767 749 820 mente
794 759 1040 819 artificis
1065 772 1186 818 non
1234 764 1326 840 est
1370 773 1469 818 res
1512 759 1873 840 subsistens,
1905 758 2012 817 sed
2034 758 2233 839 solum
2259 758 2649 831 intelligibilis
2676 759 2869 818 forma„

365 841 380 860 ··
452 835 686 891 Formae
713 836 912 890 autem
939 843 1062 888 non
1092 829 1444 888 subsistenti
1474 843 1594 888 non
1622 832 1905 901 competit
1932 843 2171 901 proprie
2200 833 2265 887 ut
2298 833 2457 902 agat,
2500 843 2679 902 agere
2729 831 2870 888 enim

453 903 545 961 rei
574 902 851 974 perfectae
883 904 942 958 et
969 900 1358 959 subsistentis
1386 904 1501 970 est,
1530 900 1639 959 sed
1667 905 1760 958 est
1784 898 1914 971 ejus
1944 903 2010 957 ut
2036 913 2110 956 ea
2128 904 2360 972 agatur,
2392 904 2483 958 est
2507 899 2670 957 enim
2700 899 2873 959 forma

450 972 818 1047 principium
845 971 1099 1029 actionis
1126 983 1246 1098 3⁰⁰
1275 985 1306 1051 a
1353 984 1463 1028 ens
1489 970 1633 1043 agit.
1664 970 1832 1028 Ratio
1861 969 2048 1043 igitur
2069 969 2285 1049 domus
2312 969 2379 1026 in
2412 976 2612 1027 mente
2640 969 2870 1051 artificis

453 1056 583 1102 non
608 1042 735 1115 agit
759 1042 1026 1111 domum,
1057 1055 1122 1100 se
1196 1045 1306 1098 arti
1336 1055 1408 1098 ex
1438 1054 1545 1112 per
1574 1053 1707 1097 eam
1735 1040 1979 1098 domum
2009 1038 2178 1108 facit3
2217 1039 2470 1097 verbum
2518 1043 2719 1098 autem
2762 1043 2870 1112 Dei,

453 1112 620 1188 quod
649 1116 742 1171 est
769 1112 921 1169 ratio
963 1125 1161 1170 rerum
1187 1111 1474 1168 factarum
1504 1125 1541 1168 a
1568 1114 1708 1180 Deo,
1739 1124 1923 1183 quum
1952 1109 2034 1168 sit
2062 1109 2424 1178 subsistens,
2454 1110 2601 1184 agit,
2632 1123 2753 1168 non
2778 1123 2868 1169 so-

452 1183 584 1241 lum
607 1197 713 1254 per
739 1183 933 1254 ipsum
966 1182 1043 1240 ali
1090 1181 1191 1238 uid
1222 1181 1454 1254 agitur3
1482 1186 1540 1237 et
1564 1181 1699 1239 ideo
1727 1180 1828 1237 Dei
1851 1180 2155 1252 Sapientia
2180 1180 2443 1253 loquitur
2469 1198 2483 1237 ε
2506 1180 2642 1237 Cum
2660 1195 2719 1237 eo
2743 1196 2873 1238 erant

454 1258 653 1310 cuncta
678 1268 1011 1324 componens,
1083 1254 1265 1313 Proin,
1312 1263 1447 1318 vm,
1490 1251 1617 1325 3o);
1663 1256 1719 1309 et
1760 1251 2053 1309 Dominus
2089 1250 2275 1309 dicit:
2320 1253 2489 1307 Pater
2533 1265 2685 1306 meus
2726 1267 2871 1323 usque

447 1324 612 1382 modo
639 1327 896 1394 operatur·
922 1327 973 1379 et
999 1338 1095 1393 eqo
1124 1337 1333 1393 operor.
1367 1321 1608 1395 (Ionum,
1637 1335 1702 1391 v,
1733 1320 1845 1393 ¹7.)

529 1393 1039 1468 Considerandum
1068 1398 1160 1450 est
1187 1393 1367 1450 etiam
1394 1392 1556 1465 quod
1584 1405 1680 1450 res
1709 1391 1865 1449 facta
1905 1404 2012 1464 per
2063 1390 2431 1450 intellectum
2475 1391 2792 1464 praeexistit
2813 1392 2867 1449 in

451 1464 689 1523 ratione
720 1464 1079 1532 intellectuS,
1110 1469 1246 1521 ante
1275 1462 1451 1521 etiam
1481 1476 1662 1535 quam
1688 1463 1771 1520 sit
1794 1462 1854 1518 in
1886 1461 1973 1520 sei
2012 1473 2085 1521 sa
2108 1478 2122 1493 ·
2153 1461 2319 1533 prius
2349 1462 2513 1519 enim
2553 1462 2769 1521 domus
2791 1466 2871 1520 est

451 1536 522 1593 in
551 1534 780 1592 ratione
801 1533 1047 1592 artificis
1075 1547 1252 1606 quam
1282 1534 1640 1604 perducatur
1664 1532 1726 1590 in
1749 1537 1969 1591 actum.
2038 1505 2245 1590 erbum
2270 1537 2470 1591 autem
2497 1533 2605 1613 Dei
2628 1537 2720 1591 est
2737 1532 2865 1613 ratio

454 1604 730 1664 omnium
760 1617 967 1663 eorum
995 1617 1126 1676 quae
1159 1618 1193 1662 a
1238 1605 1359 1662 Deo
1408 1606 1552 1662 sunt
1591 1603 1767 1672 facta,
1798 1607 1864 1662 ut
1913 1607 2225 1661 ostensum
2275 1606 2388 1661 est.
2419 1604 2665 1675 Oportet
2711 1604 2869 1676 igitur

450 1675 619 1749 quod
648 1675 850 1734 omnia
876 1689 1009 1747 quae
1033 1678 1175 1732 sunt
1201 1673 1356 1732 facta
1404 1688 1441 1732 a
1468 1676 1591 1732 Deo
1613 1673 2068 1755 praeexstiterint
2106 1672 2169 1755 in
2195 1673 2387 1732 Verbo
2413 1675 2540 1754 Dei,
2571 1676 2863 1746 antequam

452 1747 583 1804 sint
607 1746 780 1803 etiam
811 1746 872 1801 in
901 1745 1140 1816 propria
1167 1750 1399 1803 natura.
1431 1744 1600 1813 Quod
1632 1748 1829 1802 autem
1857 1748 1951 1801 est
1983 1757 2046 1800 in
2076 1743 2153 1801 ali
2195 1757 2276 1801 uo
2317 1747 2499 1802 estin
2529 1757 2605 1803 eo
2633 1758 2738 1816 per
2756 1756 2857 1801 mo-

453 1815 598 1875 dum
629 1816 759 1896 ejus
787 1816 852 1872 in
915 1829 993 1873 uo
1021 1820 1133 1884 est,
1161 1818 1219 1872 et
1237 1828 1360 1873 non
1386 1829 1493 1886 per
1520 1814 1824 1886 proprium
1858 1814 2138 1884 modum;
2210 1826 2387 1873 omus
2415 1814 2665 1872 enimin
2693 1818 2861 1872 menoe

449 1884 699 1944 artificis
750 1886 895 1943 intel
925 1885 1204 2012 igibiliter
1236 1892 1294 1943 et
1340 1885 1812 1943 immaterialiter
1854 1884 2072 1943 existit.
2108 1886 2226 1943 Res
2272 1884 2454 1958 igitur
2489 1884 2864 1958 intelligendis

452 1955 686 2014 suntin
714 1956 905 2013 Verbo
984 1956 1038 2012 ei
1065 1955 1489 2027 praeexstitisse
1516 1955 1849 2013 secundum
1866 1954 2109 2013 modum
2133 1954 2305 2013 Verbi
2330 1955 2542 2027 ipsius.
2574 1958 2679 2014 Est
2691 1961 2860 2012 autem

449 2025 673 2084 modus
700 2025 871 2083 verbi
908 2025 1099 2096 ipsius
1138 2025 1298 2099 quod
1327 2025 1406 2083 sit
1449 2039 1659 2093 unum,
1688 2024 1963 2097 simplex,
1988 2024 2396 2097 immateriale,
2428 2030 2488 2083 et
2526 2039 2650 2084 non
2691 2026 2863 2084 solum

449 2095 683 2165 vivens,
715 2096 821 2153 sed
849 2096 1025 2153 etiam
1052 2095 1193 2160 vita,
1220 2109 1406 2168 quum
1434 2096 1512 2153 sit
1535 2108 1714 2154 suum
1743 2108 1899 2153 esse.
1931 2096 2174 2167 Oportet
2198 2095 2218 2152 i
2260 2095 2379 2154 itur
2405 2096 2564 2169 quod
2595 2110 2693 2154 res
2718 2095 2863 2153 factae

451 2180 491 2224 a
516 2168 637 2224 Deo
662 2166 1111 2237 praeexstiterint
1131 2165 1194 2222 iu
1218 2165 1407 2224 Verbo
1424 2166 1529 2223 Dei
1544 2165 1618 2223 ab
1647 2168 1869 2224 aeterno
1895 2165 2229 2224 immateria
2253 2166 2364 2225 iter
2389 2171 2448 2224 et
2465 2167 2695 2240 absque
2722 2164 2864 2223 omni

450 2236 997 2364 gi'ffisssf‘iiffiir‘
1023 2235 1183 2365 ‘¹333
1198 2235 1652 2374 dissffssr³3¹ffl¹
1674 2235 2144 2374 fffltissff‘effiimf
2172 2236 2384 2363 23⁸3&
2404 2234 2865 2364 ’ἑξὲἳᾞέηὲωῗ

449 2380 509 2446 3,
536 2377 614 2450 4),
639 2321 822 2435 ἰᾶόἓῑ
848 2322 910 2434 ἱῗῑ
928 2378 1041 2434 Ver
1082 2390 1141 2434 o.
1162 2377 1326 2459 Sicut
1351 2350 1549 2435 autem
1575 2390 1831 2457 operans
1857 2390 1964 2458 per
1988 2322 2354 2460 intelfectum
2374 2384 2431 2460 et
2457 2308 2861 2450 per(rgtioii‘‹{iii

447 2460 634 2521 quam
662 2447 819 2520 apud
849 2460 914 2506 se
942 2446 1121 2506 habet
1147 2461 1244 2506 res
1288 2462 1347 2505 in
1395 2461 1531 2505 esse
1564 2447 1855 2521 producit,
1883 2452 1968 2505 ita
1997 2451 2171 2505 etiarn
2203 2463 2306 2522 qui
2350 2448 2535 2507 alium
2583 2449 2757 2507 docet
2807 2459 2867 2504 er

447 2518 746 2600 rationem
775 2533 953 2591 quam
979 2519 1135 2591 apud
1165 2532 1231 2576 se
1258 2518 1436 2577 habet
1458 2519 1785 2601 scientiam·
1797 2522 2007 2600 causat
2030 2518 2090 2576 in
2116 2518 2243 2588 illo,
2270 2534 2452 2592 quum
2483 2520 2731 2578 scientia
2757 2462 2861 2576 efis-

448 2588 632 2660 cipuli
660 2595 739 2647 sit
765 2589 1020 2647 deducta
1043 2604 1081 2648 a
1126 2589 1376 2648 scientia
1416 2589 1708 2659 docentiS,
1735 2592 1891 2648 sicut
1927 2601 2125 2662 imago
2160 2589 2430 2662 quaedam
2475 2589 2691 2662 ipsius.
2721 2592 2859 2647 Deus

448 2662 652 2718 autem
686 2672 808 2717 non
850 2659 1048 2717 solum
1097 2664 1187 2717 est
1214 2673 1397 2718 causa
1425 2672 1530 2732 per
1559 2658 1925 2716 intellectum
1957 2672 2136 2717 suum
2166 2660 2436 2718 omnium
2466 2674 2602 2733 quae
2642 2664 2857 2718 natura-

446 2727 585 2787 liter
612 2729 966 2798 subsistunt,
994 2729 1100 2787 sed
1130 2730 1305 2787 etiam
1344 2729 1545 2787 omnis
1576 2729 1995 2787 intellectualis
2037 2742 2109 2787 co
2155 2730 2301 2788 nitio
2342 2730 2415 2788 ab
2453 2730 2759 2789 intellectu
2785 2728 2857 2787 di-

445 2798 590 2856 vino
635 2799 951 2870 derivatur,
983 2800 1140 2857 sicut
1181 2814 1255 2858 ex
1297 2799 1704 2870 superioribus
1753 2798 1815 2881 (1.
1843 2812 1930 2863 111,
1963 2813 2016 2856 c.
2050 2804 2122 2857 76
2190 2803 2369 2872 patet.
2420 2801 2664 2872 Oportet
2702 2799 2857 2874 igitur

445 2868 613 2941 quod
651 2883 758 2941 per
782 2869 1036 2927 Verbum
1066 2869 1188 2939 Dei,
1214 2869 1374 2943 quod
1422 2874 1513 2928 est
1558 2869 1706 2927 ratio
1752 2870 2093 2928 intellectus
2121 2869 2322 2939 divini,
2352 2874 2636 2931 causetur
2684 2869 2857 2928 omnis

445 2938 872 2998 intellectualis
925 2940 1188 3013 cognitio
1212 2959 1227 3009 ;
1268 2945 1508 3012 propter
1604 2940 1722 2998 uod
1778 2939 1989 2997 dicitur
2036 2956 2052 2997 ι
2100 2941 2233 2999 Vita
2288 2945 2409 2997 erat
2451 2944 2552 2998 lucc
2606 2943 2855 2999 hominm

448 3008 691 3089 (inania,
717 3023 761 3079 1,
789 3009 871 3082 4),
900 3010 1037 3082 quia
1083 3010 1309 3068 scilicet
1343 3010 1543 3082 ipsum
1617 3009 1845 3079 erbum,
1876 3008 2037 3091 quod
2080 3010 2201 3069 vita
2239 3015 2352 3081 est,
2392 3011 2455 3070 iu
2506 3025 2629 3092 quo
2676 3010 2855 3070 omnia

443 3083 568 3137 vita
599 3083 761 3150 sunt,
791 3080 1151 3150 manifestat,
1182 3084 1247 3138 ut
1273 3080 1377 3138 lux
1413 3080 1704 3152 quaedam,
1735 3080 2033 3138 ment1bus
2060 3079 2374 3139 hominum
2408 3086 2730 3141 veritatem.
2756 3084 2853 3138 Nec

449 3154 546 3207 est
573 3163 649 3207 ex
674 3150 907 3208 defectu
931 3150 1104 3209 Verbi
1131 3150 1292 3233 quod
1327 3163 1451 3208 non
1489 3163 1703 3209 omnes
1729 3149 2005 3208 homines
2052 3149 2127 3209 ad
2168 3152 2426 3211 veritatis
2473 3153 2853 3227 cognitionem

488 3219 818 3291 erveniunt,
847 3220 953 3279 sed
981 3221 1166 3294 aliqui
1209 3220 1511 3279 tenebrosi
1561 3220 1842 3278 existunt.
1874 3221 2150 3279 provenit
2175 3226 2374 3281 autem
2405 3223 2524 3281 hoc
2545 3238 2619 3281 ex
2646 3223 2853 3282 defectu

442 3232 759 3348 Rominum
820 3291 921 3364 qui
977 3292 1052 3349 ad
1114 3290 1366 3349 verbum
1415 3304 1536 3349 non
1598 3294 2023 3349 convertuntur
2077 3304 2192 3351 nec
2244 3306 2380 3351 eum
2416 3294 2643 3423 lplginqo
2668 3303 2852 3423 cgpcffi

443 3429 734 3500 minoreS‚
762 3431 1095 3489 secundum
1140 3431 1299 3504 quod
1327 3431 1524 3505 magis
1549 3435 1607 3488 et
1645 3431 1845 3489 minus
1874 3435 2298 3491 convertuntur
2325 3433 2398 3491 ad
2427 3378 2683 3493 Vei-glum
2701 3437 2756 3492 et
2770 3445 2853 3491 oa·

443 3499 619 3571 piunt
634 3500 854 3572 ipsum.
888 3501 1051 3559 Unde
1093 3503 1377 3572 loannes,
1422 3507 1487 3560 ut
1535 3514 1775 3560 omnem
1821 3501 2115 3561 defectum
2156 3515 2194 3560 a
2242 3504 2683 3564 manifestativa
2702 3500 2851 3561 verbi

439 3569 656 3629 virtute
681 3571 973 3643 excludat,
994 3586 1180 3644 quum
1206 3572 1453 3630 dixisset
1481 3572 1640 3645 quod
1668 3574 1787 3628 vita
1806 3576 1886 3628 est
1913 3573 2011 3628 lua:
2042 3573 2341 3644 hominum,
2370 3575 2679 3649 suh·ungit
2711 3569 2851 3647 quod

443 3641 589 3698 lucet
605 3642 669 3698 in
695 3642 948 3711 tenebris,
969 3647 1021 3698 et
1046 3644 1274 3699 tenebrae
1291 3658 1408 3699 eam
1432 3658 1543 3699 non
1570 3642 2086 3713 comprehenderunt
2112 3642 2355 3716 (Iouam,
2377 3659 2421 3720 1,
2450 3592 2507 3719 85
2531 3664 2547 3716 ;
2574 3659 2693 3704 non
2711 3643 2847 3720 enim

438 3709 704 3769 tenebrae
732 3719 874 3770 sunt
900 3726 973 3769 ex
998 3712 1115 3770 hoc
1143 3712 1305 3786 quod
1326 3711 1583 3770 Verbum
1629 3725 1751 3770 non
1802 3712 2019 3776 luceat,
2071 3713 2179 3772 sed
2209 3730 2282 3773 ex
2325 3716 2442 3775 hoc
2489 3717 2646 3789 quod
2687 3714 2849 3784 aliqui

364 3799 377 3821 ·-
441 3780 642 3841 lucem
664 3781 836 3840 Verbi
866 3784 1304 3865 noncapiunt3
1341 3783 1518 3851 sicut,
1549 3782 1683 3841 luce
1735 3783 2006 3855 corporei
2041 3783 2191 3843 solis
2246 3799 2354 3858 per
2396 3785 2602 3845 orbem
2631 3783 2847 3848 diffusa,

352 3874 386 3926 :x
437 3851 702 3910 tenebrae
730 3865 854 3911 non
884 3859 1027 3911 sunt
1054 3853 1172 3911 nisi
1199 3854 1254 3911 ei
1283 3853 1385 3927 qui
1415 3851 1629 3911 oculos
1658 3852 1899 3911 clausos
1925 3852 2018 3911 vel
2043 3853 2270 3914 debiles
2295 3856 2493 3914 habet„
2815 3919 2843 3931 ‚‚

512 3923 647 3980 Haec
672 3922 855 3996 igitur
882 3928 1024 3982 sunt
1045 3938 1176 3996 qiiae
1205 3924 1277 3981 de
1347 3923 1690 3981 enei-atione
1722 3922 1923 3982 divina
1952 3926 2011 3981 et
2055 3923 2128 3983 de
2168 3926 2380 3984 virtute
2420 3925 2710 4003 Unigeniti
2736 3920 2845 3982 Filn

439 3992 567 4063 Dei,
598 4007 673 4051 ex
698 3993 889 4052 sacris
919 3994 1234 4067 scripturis
1257 4009 1290 4053 e
1333 3995 1475 4065 octi,
1498 3998 1822 4069 utcumque
1849 3993 2164 4068 concipere
2187 4009 2536 4069 possumus,
