3076 5025
1180 317 1312 375 LIB.
1352 319 1396 386 1,
1438 319 1591 375 CAP.
1629 320 1801 382 XCIX.
2584 316 2687 382 {03

1187 562 1441 626 CAPUT
1499 561 1762 628 xcvlu.

1067 732 1219 787 QUOD
1257 733 1405 778 DEUS
1437 732 1534 778 SIT
1569 734 1684 780 SUA
1716 732 1882 781 VITA.

326 900 407 955 Ex
425 897 544 955 hoc
565 901 773 955 autem
801 896 1051 954 ulterius
1091 901 1251 967 patet
1273 896 1431 970 quod
1462 899 1621 955 Deus
1648 896 1728 955 sit
1755 909 1867 956 sua
1889 897 2032 956 vita.
2079 898 2209 957 vita
2230 899 2390 958 enim
2427 900 2685 963 viventis

237 973 349 1027 ‚est
374 967 575 1039 ipsum
607 968 810 1025 vivere
840 967 903 1024 in
932 966 1187 1047 quadam
1216 965 1617 1025 abstractione
1656 967 2082 1039 significatum,
2129 970 2287 1028 sicut
2313 985 2530 1030 cursus
2559 987 2683 1031 non

237 1044 350 1097 -est
373 1037 714 1095 secundum
738 1050 861 1094 rem
891 1037 1052 1095 aliud
1079 1051 1259 1109 quam
1289 1038 1484 1108 ipsum
1533 1051 1792 1094 currere.
1838 1040 2042 1097 Vivere
2100 1046 2297 1097 autem
2338 1042 2685 1113 viventium,

170 1151 173 1152 ν
254 1115 348 1168 est
372 1110 573 1179 ipsum
608 1121 746 1167 esse
777 1121 1003 1178 eorum,
1022 1113 1085 1165 ut
1144 1113 1379 1187 atetper
1400 1108 1833 1179 Philosophum
1861 1109 1923 1165 in
1945 1109 2210 1167 secundo
2233 1114 2505 1168 Deanima
2525 1113 2688 1185 (text.

256 1177 624 1249 comm.73);
655 1191 797 1236 cum
818 1178 979 1235 enim
1010 1192 1084 1236 ex
1152 1192 1225 1236 oc
1254 1178 1479 1236 animal
1497 1178 1731 1236 dicatur
1753 1179 1982 1247 vivens,
2008 1180 2169 1251 quod
2193 1181 2370 1238 habet
2401 1183 2685 1255 animam,

253 1249 594 1309 secundum
626 1262 807 1320 quam
843 1249 1022 1307 habet
1046 1261 1205 1318 esse,
1235 1253 1439 1320 utpote
1472 1248 1807 1306 secundum
1860 1250 2159 1320 propriam
2209 1250 2482 1321 formam,
2511 1266 2689 1325 opor-

253 1325 345 1378 tet
371 1319 534 1391 quod
562 1318 762 1377 vivere
792 1318 943 1377 nihil
974 1320 1054 1378 sit
1080 1318 1244 1378 aliud
1283 1332 1463 1391 quam
1510 1318 1629 1376 tale
1659 1332 1794 1377 esse
1840 1334 1914 1377 ex
1958 1319 2062 1377 tali
2090 1320 2282 1378 forma
2305 1324 2687 1392 proveniens.

252 1391 327 1449 1n
352 1391 481 1449 Deo
508 1394 713 1470 autem
742 1395 836 1448 est
860 1402 1041 1470 suum
1073 1401 1231 1459 esse,
1260 1395 1328 1447 ut
1365 1402 1550 1461 supra
1597 1388 1751 1461 (cap.
1779 1391 1871 1462 28)
1919 1390 2232 1461 probatum
2260 1398 2371 1449 est.
2401 1395 2506 1451 Est
2545 1399 2691 1466 ergo

240 1473 441 1521 suum
464 1473 667 1518 vivere
699 1466 759 1517 et
782 1473 897 1518 sua
920 1466 1061 1518 vita.

328 1532 485 1600 um,
516 1531 717 1602 ipsum
748 1530 1083 1603 intelligere
1105 1535 1197 1589 est
1228 1530 1525 1603 quoddam
1563 1529 1783 1601 vivere,
1827 1535 1894 1589 ut
1925 1535 2084 1601 patet
2123 1544 2230 1602 per
2258 1531 2691 1605 Philosophum

257 1601 322 1660 in
352 1601 625 1661 secundo
647 1604 728 1658 De
752 1603 940 1657 anima
986 1599 1147 1673 (text.
1192 1613 1409 1659 comm.
1458 1601 1569 1674 ¹3).
1614 1604 1761 1659 Nam
1811 1601 2008 1659 vivere
2057 1608 2151 1659 est
2193 1608 2366 1661 actus
2408 1604 2688 1664 viventis.

244 1673 422 1731 ⁸Deus
440 1679 648 1731 autem
678 1678 773 1730 est
799 1684 978 1730 suum
998 1670 1353 1753 intelligere,
1380 1671 1545 1731 sicut
1567 1685 1753 1743 supra
1781 1670 1933 1745 (cap.
1971 1671 2064 1745 45)
2093 1678 2406 1733 ostensum
2446 1682 2560 1734 est.
2592 1678 2694 1735 Est

251 1742 451 1816 'igitur
474 1756 659 1801 suum
686 1742 903 1811 vivere,
931 1748 994 1799 et
1020 1755 1134 1800 sua
1158 1747 1299 1801 vita.
1436 1812 1448 1824 ⁶
1789 1812 1800 1824 .
1917 1813 1929 1823 ⁵

342 1813 616 1885 Amplius,
644 1813 701 1872 si
730 1815 888 1871 Deus
916 1825 1037 1870 non
1069 1820 1230 1872 esset
1253 1826 1366 1872 sua
1393 1818 1535 1884 vita,
1566 1824 1703 1871 cum
1750 1817 1832 1871 sit
1874 1826 2102 1894 vivens²
2152 1819 2219 1872 ut
2254 1819 2389 1874 oste
2436 1829 2569 1874 sum
2598 1822 2692 1876 est

258 1882 419 1956 neap.
446 1883 563 1956 ⁹⁶1),
592 1888 946 1956 sequeretur
971 1884 1137 1964 quod·
1160 1889 1321 1965 esset
1365 1883 1572 1941 vivens
1621 1896 1725 1963 per
1769 1884 2282 1965 participationem
2316 1886 2371 1943 vi
2455 1930 2469 1944 .
2500 1888 2690 1946 Omne

269 1961 460 2012 autem
488 1954 663 2035 quod·
680 1959 775 2035 est
795 1967 898 2025 per
890 1960 1467 2081 θἑκιπιιοιρειιιοηθῐι),
1505 1953 1811 2034 reducitur
1851 1954 1931 2012 ad
1966 1954 2026 2012 id
2114 1955 2232 2013 uod
2269 1963 2361 2014 est
2390 1971 2494 2029 per
2532 1959 2692 2030 seip-

264 2037 422 2082 sum.
449 2025 618 2083 Deus
648 2029 832 2098 igitur
858 2037 888 2081 r
966 2030 1238 2083 uceretur
1263 2025 1326 2082 in
1347 2024 1594 2097 aliquod
1619 2036 1928 2097 prius,per
1952 2039 2033 2098 qu
2139 2027 2382 2098 viveret,
2407 2027 2571 2102 quod
2597 2033 2692 2087 est

246 2095 342 2153 ‘im
499 2095 667 2164 ihile‚
700 2100 767 2153 ut
790 2108 864 2152 ex
882 2095 1059 2153 dictis
1081 2094 1233 2167 (cap.
1266 2094 1354 2166 ¹3)
1384 2100 1563 2167 patet.
2586 2127 2594 2135 -

385 2166 551 2229 dm,
580 2165 637 2225 si
660 2166 744 2223 sit
758 2165 963 2223 vivens
995 2167 1176 2236 Deus,
1205 2170 1272 2224 ut
1290 2171 1601 2225 ostensum
1629 2170 1724 2224 est
1747 2164 1903 2238 (cap.
1934 2163 2047 2238 97),
2069 2171 2303 2238 oportet
2319 2168 2384 2226 in
2407 2169 2692 2241 ipsoesse

256 2235 465 2295 vitam.
500 2236 778 2317 Sijgitur
808 2248 931 2294 non
962 2236 1199 2317 sitjpse
1227 2249 1341 2296 sua
1365 2236 1505 2304 vita,
1545 2235 1661 2315 eri-t
1697 2235 1924 2309 aliquid
1966 2237 2033 2293 in
2075 2238 2209 2309 ipso
2236 2239 2395 2311 quod
2438 2251 2561 2297 non
2598 2243 2692 2298 est

255 2307 416 2379 ipse,
440 2313 628 2436 ptam)
651 2311 768 2365 erit
792 2312 1184 2378 compositus,
1218 2306 1383 2379 quod
1409 2320 1596 2379 supra
1620 2306 2018 2379 improbatum
2057 2313 2169 2367 est.
2195 2310 2298 2367 Est
2324 2309 2506 2383 igitur
2531 2312 2691 2369 Deus

260 2390 458 2437 suavi

254 2448 568 2581 nrfftthafi
587 2452 683 2591 {s}
720 2446 887 2522 quod
910 2445 1150 2519 dicitur,
1188 2449 1384 2520 ioan„
1421 2459 1551 2520 m,
1577 2451 1614 2508 6
1651 2465 1672 2507 ε
1699 2449 1816 2522 Eoo
1838 2461 1963 2507 um
1988 2448 2125 2506 uua.
2153 2446 2200 2522 (l
2226 2453 2403 2522 part..
2425 2464 2486 2524 q.
2516 2461 2689 2521 xvm,

445 2561 462 2591 2
634 2559 648 2577 0

1230 2711 1481 2777 CAPUT
1519 2709 1729 2777 XCIX.

964 2882 1122 2939 ouon
1155 2881 1302 2930 vm
1335 2881 1438 2930 nn
1464 2881 1576 2932 ssa·
1610 2880 2001 2932 smum»

334 3052 424 3110 Ex
447 3049 568 3108 hoc
594 3052 794 3108 autem
821 3051 1065 3121 apparet
1084 3046 1247 3121 quod
1272 3045 1394 3104 vita
1423 3045 1555 3120 ejus
1583 3045 1665 3105 sit
1708 3045 2091 3120 sempiterna.
2133 3041 2297 3106 Nihil
2334 3047 2495 3107 enim
2534 3047 2693 3109 desi·

260 3121 357 3183 nit
406 3119 631 3188 vivere,
686 3117 807 3178 nisi
854 3131 961 3190 per
1004 3116 1443 3191 separationem
1492 3117 1648 3176 vitae.
1678 3117 1841 3176 Nihil
1887 3123 2085 3176 autem
2113 3132 2152 3176 a
2181 3118 2384 3190 seipso
2426 3120 2693 3194 separari

262 3196 502 3320 ffitesn
560 3190 761 3248 omnis
814 3188 973 3247 enim
1028 3188 1329 3259 separatio
1382 3186 1451 3245 fit
1506 3202 1613 3260 per
1664 3187 2020 3247 divisionem
2078 3188 2334 3261 alicujus
2391 3189 2468 3249 ab
2547 3190 2692 3249 alio.

358 3259 658 3336 possibile
704 3263 799 3317 est
850 3259 1035 3332 igitur
1113 3258 1232 3316 uod
1268 3260 1429 3317 Deus
1473 3257 1713 3318 desinat
1740 3259 1955 3330 vivere,
1981 3272 2116 3319 cum
2144 3260 2275 3332 ipse
2298 3259 2383 3319 sit
2411 3273 2527 3321 sua
2551 3260 2694 3331 vita,

262 3337 339 3392 ut
363 3335 682 3392 ostensum
708 3333 801 3411 est
827 3327 978 3402 (cap.
1009 3274 1123 3402 983.

339 3404 493 3466 Item,
524 3413 705 3460 omne
732 3398 882 3457 illud
910 3399 1073 3481 quod
1114 3398 1471 3482 quandoque
1508 3404 1603 3457 est
1636 3403 1696 3458 et
1737 3397 2095 3473 quandoque
2146 3413 2270 3460 non
2308 3404 2424 3469 est,
2469 3403 2565 3459 est
2588 3412 2694 3471 per

268 3472 536 3546 aliquam
564 3483 809 3529 causam
834 3488 850 3540 ς
879 3469 1032 3528 nihil
1062 3483 1221 3529 enim
1250 3470 1516 3550 seipsum
1548 3469 1621 3527 de
1649 3482 1772 3528 non
1804 3483 1941 3530 esse
1968 3469 2033 3528 in
2061 3483 2196 3530 esse
2241 3468 2504 3538 adducit,
2546 3470 2692 3543 quia

266 3542 435 3616 quod
462 3541 733 3600 nondum
762 3544 858 3599 est
884 3553 1010 3598 non
1050 3540 1193 3613 agit.
1240 3540 1453 3599 Divina
1499 3546 1699 3599 autem
1722 3540 1845 3599 vita
1888 3553 2011 3600 non
2049 3539 2230 3599 habet
2270 3541 2528 3615 aliquam
2557 3554 2694 3602 cau-

268 3625 425 3682 sam,
454 3613 619 3673 sicut
645 3624 757 3669 nec
785 3611 1053 3669 divinum
1082 3624 1237 3669 esse.
1266 3613 1394 3669 Non
1425 3610 1608 3690 igitur
1634 3610 1993 3684 quandoque
2020 3617 2112 3670 est
2136 3612 2361 3680 vivens,
2400 3617 2461 3669 et
2496 3623 2687 3684 quan-

266 3683 309 3742 d
390 3697 467 3741 ue
502 3696 631 3742 non
675 3682 902 3751 vivens,
932 3681 1035 3740 sed
1084 3694 1321 3753 semper
1344 3682 1508 3738 vivit.
1544 3683 1642 3739 Est
1671 3681 1856 3753 igitur
1882 3682 2004 3740 vita
2030 3681 2160 3755 ejus
2201 3681 2584 3753 sempiterna.

397 3755 563 3823 dieue,
593 3753 658 3812 in
684 3752 946 3825 qualibet
974 3752 1318 3824 operatione
1342 3764 1599 3825 operans
1628 3757 1849 3824 manet,
1893 3750 2036 3810 licet
2083 3752 2380 3811 interdum
2425 3749 2694 3823 operatio

271 3828 542 3883 transeat
579 3823 911 3882 secundum
944 3822 1391 3880 successionem
1423 3840 1437 3879 :
1474 3822 1630 3879 unde
1656 3829 1714 3879 et
1740 3823 1804 3880 in
1849 3828 2016 3881 motu
2045 3823 2264 3880 mobile
2295 3829 2495 3881 manet
2535 3822 2695 3882 idem

276 3894 547 3968 subjecto
582 3894 642 3951 in
671 3899 798 3951 toto
824 3898 1011 3962 motu,
1040 3893 1180 3950 licet
1206 3905 1328 3950 non
1353 3893 1685 3951 secundum
1727 3892 2041 3951 rationem.
2069 3893 2175 3951 Ubi
2207 3893 2390 3966 igitur
2415 3894 2573 3952 actio
2602 3896 2695 3953 est

278 3962 470 4038 ipsum
501 3977 715 4037 agens,
742 3968 976 4034 oportet
1001 3962 1162 4036 quod
1189 3962 1339 4020 nihil
1374 3964 1455 4020 ihi
1501 3977 1607 4035 per
1653 3963 2100 4023 successionem
2141 3969 2428 4035 transeat,
2475 3965 2582 4024 sed
2611 3968 2701 4024 to*

279 4036 397 4094 tum
429 4035 616 4095 simul
647 4039 906 4092 maneat.
937 4034 1273 4108 Intelligere
1303 4038 1499 4090 antem
1549 4038 1608 4091 et
1657 4034 1852 4092 vivere
1882 4035 1985 4091 Dei
2021 4040 2109 4094 est
2139 4035 2269 4106 ipse
2299 4037 2477 4103 Deus.
2510 4041 2575 4092 ut
2599 4046 2698 4094 os-

270 4106 511 4166 tensum
543 4110 638 4163 est
668 4104 820 4176 (cap.
850 4109 926 4185 45·
948 4110 1007 4185 et
1032 4104 1146 4178 98).
1180 4106 1330 4185 Ergo
1360 4104 1489 4176 ejus
1527 4105 1650 4163 vita
1696 4118 1822 4164 non
1860 4104 2042 4165 hahet
2081 4106 2557 4176 successionem,
2587 4103 2698 4166 sed

268 4182 362 4237 ost
389 4183 517 4236 tota
544 4175 752 4235 simul.
784 4177 883 4232 Est
908 4180 1094 4247 igitur
1117 4180 1500 4245 sempiterna.

334 4248 619 4320 Amplius,
655 4248 813 4303 Deus
842 4246 1088 4303 omnino
1114 4245 1440 4303 immobilis
1469 4248 1581 4313 est,
1613 4250 1678 4302 ut
1704 4258 1889 4317 supra
1914 4243 2006 4317 (ca
2049 4288 2065 4304 .
2099 4244 2185 4319 la)
2230 4252 2541 4305 ostensum
2580 4250 2696 4305 est.

266 4316 443 4400 Quod
477 4322 679 4375 autem
709 4315 939 4387 incipit,
962 4321 1060 4373 aut
1091 4314 1309 4373 desinit
1338 4315 1552 4393 vivere,
1581 4314 1669 4372 vel
1715 4316 1781 4373 in
1817 4315 1989 4374 viven
2033 4329 2071 4374 o
2116 4319 2561 4377 successionem
2590 4329 2697 4395 pa·

258 4391 429 4460 titur,
456 4385 752 4447 mutabile
781 4392 891 4443 est.
924 4388 1069 4443 Nam
1096 4386 1218 4444 vita
1263 4386 1520 4455 alicujus
1563 4385 1774 4458 incipit
1816 4399 1922 4456 per
1969 4388 2434 4461 generationem,
2477 4382 2700 4443 desinit

256 4466 467 4522 autem
492 4471 609 4533 per
634 4456 1451 4530 corruptionem..successio
1489 4462 1687 4515 autem
1730 4461 1972 4531 propter
2020 4463 2249 4519 motum
2296 4458 2556 4530 aliquem
2581 4454 2693 4513 est.
