3076 5025
464 339 570 392 470
1358 331 1492 389 un.
1533 331 1633 393 111,
1673 331 1825 388 CAP.
1867 331 1996 388 CLI.

359 455 364 458 ’
457 463 585 516 tum
614 455 842 512 faciens
884 454 1087 526 aliqua
1116 452 1308 511 forma
1334 457 1394 509 et
1433 453 1719 525 perfectio
1770 454 1836 512 in
1863 453 2107 513 homine
2132 466 2406 525 manenS,
2436 452 2621 512 etiam
2652 455 2881 527 quando

460 541 583 586 non
604 539 641 582 o
686 531 904 582 eratur.

527 540 745 664 Ααὴῖιο,
771 595 1010 652 dilectio
1039 594 1144 652 Dei
1171 599 1265 653 est
1308 594 1616 652 causativa
1650 593 1794 651 boni
1824 594 1986 667 quod
2013 595 2076 652 in
2100 594 2278 652 nobis
2308 598 2399 652 est
2455 595 2617 652 sicut
2647 594 2879 655 dilectio

464 667 731 725 hominis
764 671 1115 737 provocatur
1168 670 1223 722 et
1252 670 1532 745 causatur
1561 679 1634 721 ex
1656 665 1859 738 aliquo
1883 666 2043 723 hono
2087 664 2247 738 quod
2293 665 2354 722 in
2381 637 2602 723 dilecto
2636 671 2751 722 est.
2782 665 2880 723 Sed

464 738 647 796 homo
700 741 1054 806 provocatur
1101 734 1176 793 ad
1227 736 1567 806 specialiter
1616 735 1875 807 aliquem
1923 735 2289 808 diligendum
2350 742 2591 807 propter
2651 735 2881 816 aliquod

461 807 718 879 speciale
738 807 962 864 bonum
993 806 1056 862 in
1085 804 1302 864 dilecto
1339 806 1748 876 praeexistens.
1779 809 1952 879 Erg0‚
1976 807 2075 865 ubi
2133 806 2375 878 ponitur
2403 805 2695 876 specialis
2719 807 2881 864 dilec-

461 881 545 935 tio
576 877 675 934 Dei
713 878 784 933 ad
809 876 1136 945 hominem,
1158 880 1392 946 oportet
1416 876 1575 948 quod
1600 884 2036 948 consequenter
2063 882 2320 948 ponatur
2347 876 2589 948 aliquod
2631 877 2879 947 speciale

460 951 685 1004 honum
717 947 946 1004 homini
975 961 1013 1004 a
1039 948 1160 1004 Deo
1211 946 1516 1004 collatum.
1551 948 1743 1015 Quum
1775 947 1977 1019 igitur,
2007 947 2336 1005 secundum
2368 947 2675 1017 praedicta,
2704 948 2881 1019 gratia

460 1024 692 1087 gratum
725 1018 952 1074 faciens
978 1016 1252 1088 designet
1291 1017 1610 1088 specialem
1653 1017 2031 1075 dilectionem
2058 1018 2159 1074 Dei
2189 1017 2265 1074 ad
2295 1018 2627 1085 hominem,
2661 1023 2883 1087 oportet

466 1089 623 1159 quod
645 1087 845 1159 aliqua
865 1087 1144 1158 specialis
1159 1087 1397 1145 bonitas
1414 1093 1471 1144 et
1492 1088 1775 1158 perfectio
1797 1103 1901 1158 per
1916 1089 2030 1146 hoc
2053 1088 2280 1146 homini
2300 1088 2498 1145 inesse
2517 1088 2878 1159 designetur.

529 1158 818 1227 Amplius,
852 1158 1318 1230 unumquodque
1346 1157 1658 1215 ordinatur
1692 1159 1754 1214 in
1801 1158 1981 1216 finem
2020 1160 2135 1217 sibi
2189 1159 2645 1228 convenientem
2684 1172 2885 1216 secun·

463 1227 602 1284 dum
652 1229 945 1285 rationem
1002 1242 1127 1286 suae
1182 1228 1415 1297 formae3
1459 1229 1827 1286 diversarum
1880 1230 2037 1286 enim
2095 1243 2124 1287 s
2168 1229 2425 1286 ecierum
2482 1229 2713 1286 diversi
2762 1235 2884 1286 sant

460 1297 634 1355 fines.
667 1299 780 1355 Sed
834 1297 975 1355 finis
1012 1298 1072 1354 in
1103 1312 1280 1370 quem
1310 1299 1492 1356 homo
1549 1299 1827 1369 dirigitur
1858 1314 1962 1371 per
1989 1300 2123 1357 auxi
2156 1301 2275 1356 ium
2318 1299 2535 1356 divinae
2564 1299 2781 1371 gratiae
2809 1303 2885 1356 est

465 1381 648 1438 supra
675 1375 948 1425 naturam
967 1368 1313 1427 humanam.
1348 1372 1497 1442 Ergo
1528 1374 1762 1441 oportet
1790 1370 1948 1442 quod
1985 1370 2215 1427 homini
2237 1369 2681 1450 superaddatur
2706 1369 2885 1450 aliqua

462 1439 935 1566 {upernatuibalis
977 1439 1171 1497 forma
1220 1444 1278 1497 et
1330 1441 1638 1510 perfectio,
1669 1454 1775 1510 per
1819 1454 1997 1512 quam
2035 1440 2459 1498 convenienter
2486 1441 2807 1497 ordinetur
2832 1453 2883 1497 in

508 1521 643 1565 nem
716 1523 793 1566 rae
840 1510 1042 1566 ictum.
1932 1563 1937 1569 .

531 1524 710 1648 Item,p
716 1584 946 1650 oportet
979 1579 1137 1651 quod
1183 1580 1365 1637 homo
1393 1580 1467 1638 ad
1512 1579 1788 1637 ultimum
1812 1579 1992 1638 finem
2043 1594 2147 1651 per
2184 1581 2452 1652 proprias
2507 1579 2881 1651 operationes

461 1650 787 1720 perveniat.
821 1649 1292 1721 Unumquodque
1346 1655 1545 1707 autem
1589 1656 1869 1721 operatur
1909 1651 2237 1708 secundum
2275 1650 2573 1721 propriam
2619 1651 2882 1708 sormam.

465 1721 708 1789 Oportet
735 1720 936 1791 igitur,
969 1720 1044 1777 ad
1095 1720 1209 1777 hoc
1261 1721 1418 1793 quod
1476 1721 1657 1778 homo
1711 1722 2067 1791 perducatur
2119 1722 2178 1777 in
2240 1722 2516 1777 ultimum
2578 1720 2771 1778 finem
2798 1733 2883 1791 per

462 1789 738 1861 proprias
790 1791 1188 1860 operationeS,
1259 1790 1379 1848 uod
1432 1790 1864 1863 superaddatur
1907 1792 1960 1848 ei
2009 1791 2211 1864 aliqua
2257 1792 2468 1860 forma,
2499 1805 2573 1847 ex
2617 1806 2748 1863 qua
2774 1792 2882 1862 ejus

466 1865 846 1930 operationes
872 1860 1133 1931 aliquam
1160 1875 1191 1916 e
1262 1861 1486 1918 caciam
1522 1862 1646 1918 acci
1695 1862 1818 1919 iant
1845 1861 2221 1933 promerendi
2262 1862 2536 1918 ultimum
2564 1860 2778 1919 finem.

533 1931 821 1997 Praeterea,
853 1930 1053 1987 divina
1089 1931 1462 2008 providentia
1490 1876 1773 1988 omnissus
1818 1932 2085 2002 providet
2131 1932 2459 1990 secundum
2491 1933 2748 1989 modum
2772 1944 2877 1989 suae

464 2004 713 2078 naturae,
744 2004 809 2055 ut
860 2014 932 2055 ex
983 2000 1344 2070 supradictis
1375 2001 1446 2072 (c.
1478 2002 1571 2072 73)
1603 2007 1779 2071 patet.
1809 2005 1906 2060 Est
1951 2009 2148 2059 autem
2204 2002 2302 2060 hic
2354 2002 2568 2059 modus
2617 2002 2882 2074 proprius

466 2068 817 2127 hominibus
840 2070 998 2140 quod
1028 2069 1100 2126 ad
1131 2071 1559 2140 perfectionem
1590 2086 1830 2128 suarum
1855 2073 2265 2142 operationum
2298 2078 2525 2143 oportet
2544 2073 2638 2129 eis
2676 2073 2880 2138 inesse,

467 2152 649 2208 super
679 2140 981 2218 naturales
1004 2141 1323 2210 potentiaS,
1357 2141 1645 2212 quasdam
1680 2143 2079 2211 perfectiones
2102 2149 2161 2199 et
2180 2143 2438 2211 habituS,
2464 2143 2696 2214 quibus
2729 2141 2880 2216 quasi

467 2209 955 2278 connaturaliter,
987 2215 1044 2266 et
1069 2210 1343 2277 faciliter,
1366 2217 1423 2267 et
1453 2211 1882 2268 delectabiliter
1909 2212 2132 2270 bonum
2162 2219 2219 2269 et
2245 2214 2397 2270 bene
2420 2221 2769 2283 operentur.
2787 2213 2885 2284 lgi-

466 2278 876 2359 turauxilium
921 2280 1147 2351 gratiae,
1178 2281 1338 2352 quod
1379 2281 1563 2338 homo
1593 2296 1627 2338 a
1655 2285 1775 2340 Deo
1803 2284 2191 2355 consequitur
2222 2284 2296 2340 ad
2336 2285 2805 2355 perveniendum
2832 2284 2882 2339 in

465 2349 740 2406 ultimum
768 2348 969 2417 finem,
1000 2351 1260 2422 aliquam
1293 2351 1542 2409 sormam
1566 2357 1624 2408 et
1647 2353 2068 2422 perfectionem
2106 2354 2333 2411 homini
2364 2355 2565 2411 inesse
2595 2354 2879 2426 designat.

511 2421 683 2498 ‘Hinc
720 2425 829 2499 ‚est
877 2420 1034 2491 quod
1065 2421 1256 2491 gratia
1281 2422 1382 2478 Dei
1433 2423 1494 2478 in
1527 2423 1649 2479 Scri
1696 2430 1828 2480 tura
1896 2424 2026 2481 uasi
2070 2423 2172 2481 lux
2201 2424 2467 2496 quaedam
2502 2423 2878 2497 designatum

464 2488 610 2546 dicit
636 2502 794 2546 enim
824 2495 866 2546 Α
912 2491 1141 2549 ostolus
1166 2495 1386 2549 :Eratis
1413 2494 1640 2563 aliquan
1683 2510 1712 2549 0
1742 2498 1859 2550 tene
1894 2511 1997 2563 rae3
2028 2511 2170 2551 nunc
2210 2499 2387 2551 autem
2416 2497 2515 2551 lucc
2545 2497 2608 2551 in
2646 2497 2877 2552 Domine.

463 2559 709 2631 (Ephes.,
738 2575 791 2622 ν,
817 2565 868 2618 8.
923 2563 1209 2618 Decenter
1257 2570 1454 2620 autem
1503 2565 1786 2634 perfectio
1832 2580 1936 2636 per
2015 2580 2146 2623 uam
2194 2567 2375 2624 homo
2411 2574 2801 2637 promovetur
2826 2566 2878 2622 iu

463 2630 744 2757 nitimur-ici¹
772 2630 972 2758 finiam,
1004 2646 1135 2704 quae
1165 2632 1226 2689 in
1264 2634 1367 2691 Dei
1395 2635 1630 2692 visione
1659 2635 1958 2705 consistit,
2028 2636 2202 2694 icitur
2228 2637 2350 2707 lux,
2380 2650 2514 2709 quae
2543 2642 2640 2694 est
2673 2636 2877 2708 princi·

504 2714 628 2758 ium
650 2716 702 2756 vi
751 2716 824 2757 en
869 2717 907 2759 1.

461 2713 501 2771 p
537 2774 649 2851 IJer
687 2771 801 2850 lioc
843 2778 1040 2828 autem
1079 2773 1413 2831 excluditur
1441 2774 1647 2845 opinio
1703 2776 2095 2855 quorumdam
2136 2777 2459 2834 dicentium
2508 2777 2677 2849 quod
2708 2775 2882 2850 gratia

462 2843 566 2898 Dei
594 2841 743 2897 nihil
767 2843 826 2898 in
861 2842 1102 2899 homine
1131 2845 1319 2913 ponit,
1352 2844 1509 2901 sicut
1537 2845 1689 2901 nihil
1712 2860 1775 2902 in
1804 2847 2004 2917 aliquo
2034 2848 2277 2918 ponitur
2303 2862 2374 2905 ex
2406 2849 2519 2905 hoc
2553 2848 2724 2919 quod
2753 2846 2879 2905 dici·

459 2914 559 2992 tur
586 2912 837 2982 gratiam
890 2913 1048 2984 regis
1090 2913 1329 2982 habere,
1363 2915 1465 2972 sed
1516 2916 1710 2973 solum
1766 2916 1829 2971 in
1857 2931 1997 2989 rege
2035 2917 2338 2988 diligente.
2374 2920 2536 2975 Patet
2592 2932 2744 2999 ergo
2789 2928 2879 2975 eos

462 2980 961 3062 fuissedeceptos
1000 2998 1072 3040 ex
1116 2984 1231 3041 hoc
1264 2985 1423 3056 quod
1454 2999 1574 3043 non
1610 2986 1989 3044 attenderunt
2016 2987 2409 3045 differentiam
2440 2988 2598 3044 inter
2626 2988 2880 3046 dilectio-

461 3064 596 3130 nem
616 3052 882 3131 ,divinam
913 3058 971 3110 et
1000 3053 1358 3124 humanam;
1391 3055 1593 3113 divina
1620 3057 1780 3113 enim
1812 3056 2053 3116 dilectio
2081 3063 2175 3117 est
2200 3058 2506 3117 causativa
2532 3058 2686 3117 boni
2729 3055 2875 3132 quod

462 3135 528 3179 in
550 3121 751 3194 aliquo
781 3122 997 3195 diligit,
1028 3137 1153 3181 non
1181 3138 1418 3196 semper
1444 3133 1642 3184 autem
1673 3126 1954 3186 humana.

1451 3341 1706 3407 CAPUT
1756 3345 1898 3409 CLI.

602 3517 755 3572 QUOD
791 3518 1012 3566 altam
1056 3519 1296 3567 GRATUM
1338 3519 1551 3568 FAGOEN
1554 3523 1583 3567 S
1618 3523 1848 3570 GAUSAT
1890 3524 1956 3571 m
1988 3523 2161 3572 nonis
2195 3523 2588 3574 nmzd'rlom
2622 3525 2747 3575 nn.

525 3682 608 3738 Ex
633 3682 965 3762 praemissis
1003 3688 1199 3742 autem
1247 3684 1633 3742 manifestum
1679 3685 1746 3743 fit
1769 3687 1949 3760 quod,
1982 3678 2400 3760 per‘auxilium
2430 3688 2641 3761 gratiae
2669 3689 2869 3748 divinae

453 3757 688 3824 gratum
722 3753 1016 3823 facientis,
1046 3754 1161 3812 hoc
1191 3755 1373 3812 homo
1398 3758 1790 3829 consequitur
1817 3758 1975 3830 quod
2003 3761 2187 3815 Deum
2218 3759 2443 3830 diligat.

525 3823 722 3880 Gratia
770 3824 926 3880 enim
963 3831 1197 3896 gratum
1246 3826 1472 3883 faciens
1511 3828 1693 3884 estin
1725 3829 1967 3886 homine
1995 3830 2210 3887 divinae
2240 3826 2579 3887 dilectionis
2609 3829 2867 3889 effectus.

423 3893 735 3963 :Proprius
766 3899 964 3952 autem
995 3895 1210 3954 divinae
1259 3896 1602 3954 dilectionis
1645 3896 1894 3957 effectus
1923 3900 1986 3956 in
2019 3900 2260 3956 homine
2301 3913 2435 3958 esse
2459 3901 2694 3958 videtur
2720 3898 2868 3974 quod

452 3963 641 4041 Deum
689 3964 793 4021 dili
840 3971 940 4034 at3
972 3966 1084 4024 hoc
1127 3966 1288 4024 enim
1339 3972 1431 4025 est
1478 3968 1837 4038 principium
1880 3970 1944 4026 in
1990 3970 2321 4027 intentione
2376 3971 2685 4050 diligentis
2738 3978 2865 4030 uta

451 4031 669 4114 dilecto
727 3979 1095 4117 regamini-3
1127 4037 1201 4094 ad
1231 4036 1345 4094 hoc
1391 4039 1551 4094 enim
1594 4040 1890 4121 praecipue
1941 4040 2206 4098 studium
2249 4041 2555 4113 diligentis
2601 4042 2869 4122 tenditut

450 4101 525 4159 ad
566 4117 657 4161 sui
691 4119 956 4164 amorem
987 4107 1266 4164 dilectum
1315 4108 1590 4177 attrahat,
1621 4115 1700 4178 ct,
1732 4123 1849 4168 nisi
1882 4110 1997 4168 hoc
2043 4111 2273 4169 accidat
2325 4117 2558 4183 oportet
2606 4113 2861 4170 dilectio·

449 4184 588 4301 {¹31¹
622 4173 1122 4304 ἒὲὲεῧιέῑὶὲςᾶςῖῃ·
1149 4191 1221 4305 etx
1250 4178 1445 4250 gratia
1487 4184 1724 4252 gratum
1756 4181 2009 4239 faciente
2039 4181 2157 4240 hoc
2186 4182 2247 4239 in
2277 4155 2523 4240 homine
2558 4180 2863 4256 consequi·

859 4262 891 4304 u
1029 4262 1045 4303 1
1076 4263 1091 4303 1
1202 4290 1216 4304 .

460 4380 473 4392 ι
525 4313 578 4368 Α
622 4313 746 4376 huc,
778 4329 986 4397 eorum
1031 4262 1288 4390 qugossnm
1338 4324 1430 4377 est
1457 4334 1619 4379 unus
1658 4320 1799 4380 finis
1844 4327 2079 4403 oportet
2105 4323 2367 4397 aliquam
2396 4325 2682 4383 unionem
2713 4337 2856 4392 esse,

454 4395 518 4440 in
547 4391 832 4454 quantum
861 4386 1214 4465 ordinantur
1238 4389 1311 4447 ad
1351 4390 1564 4461 finem;
1595 4393 1754 4450 unde
1782 4397 1843 4450 et
1874 4406 1938 4450 in
1969 4393 2206 4452 civitate
2232 4396 2507 4454 homines
2576 4411 2642 4453 er
2667 4407 2858 4468 quam·

453 4451 593 4511 dam
625 4455 1008 4515 concordiam
1065 4458 1424 4531 adunantur,
1453 4468 1522 4521 ut
1555 4464 1796 4535 possint
1839 4466 2128 4538 consequi
2158 4466 2500 4539 reipublicae
2536 4411 2777 4535 Bonum,
2807 4466 2859 4521 et
