3076 5025
428 327 529 382 ¹46
1283 321 1415 375 Lm.
1457 321 1526 382 11,
1569 320 1723 375 CAP.
1762 319 2004 373 XXXVH.

424 460 547 519 qua
572 444 763 516 prima
789 442 944 500 ratio
975 440 1353 514 procedebat,
1383 440 1689 497 veritatem
1739 439 1917 497 habet
1957 438 2290 498 secundum
2327 438 2477 497 illud
2523 438 2653 497 fieri
2698 443 2858 513 quod

426 516 542 587 ipsi
568 513 1048 572 considerabant.
1082 511 1235 580 Quia
1259 511 1418 568 enim
1449 510 1648 568 omnis
1675 515 1879 568 nostra
1908 510 2173 590 cognitio
2202 524 2239 567 a
2261 522 2447 567 sensu
2491 509 2726 582 incipit,
2758 513 2857 583 qui

429 585 826 658 singularium
857 586 967 653 est,
990 598 1034 650 ,a
1058 581 1517 653 particularibus
1547 580 2132 638 considerationibus
2162 579 2237 638 ad
2270 580 2639 638 universales
2666 584 2859 639 consi-

424 656 655 715 deratio
685 655 947 712 humana
974 652 1244 725 profecit,
1276 652 1453 722 unde,
1494 651 1854 732 principium
1895 664 2093 732 rerum
2138 651 2569 733 perquirentes,
2600 652 2854 732 particu-

404 727 584 784 lares
614 724 900 783 factiones
925 725 1151 781 entium
1190 728 1418 780 tantum
1467 722 2013 788 consideraverunt,
2052 725 2426 794 inquirentes
2464 722 2724 792 qualiter
2766 724 2853 780 vel

430 797 527 854 hic
557 796 719 867 ignis
746 795 837 852 vel
861 795 960 853 hic
986 794 1042 851 la
1087 793 1140 852 is
1171 793 1289 851 fiat.
1323 796 1392 849 Et
1418 792 1553 850 ideo
1581 792 1778 865 primi,
1810 792 2005 864 magis
2034 792 2365 849 extrinsece
2436 805 2573 849 uam
2623 797 2851 864 oporte·

426 873 519 924 ret
544 865 673 923 fieri
698 880 821 923 rem
852 866 1021 923 consi
1069 870 1326 934 erantes,
1352 869 1688 935 posuerunt
1714 877 1835 919 rem
1860 862 1986 919 fieri
2004 862 2399 920 solumsecun
2450 876 2548 919 um
2568 863 2854 936 quasdam

429 937 828 995 accidentales
858 934 1306 1017 dispositiones,
1342 938 1409 991 ut
1436 948 1658 1000 rarum,
1689 932 1938 990 densum
1967 939 2025 989 et
2053 932 2417 1004 hujusmodi,
2445 932 2718 991 dicentes
2758 949 2858 1005 per

424 1019 809 1080 consequens
834 1005 965 1064 fieri
996 1006 1149 1062 nihil
1170 1018 1309 1063 esse
1338 1004 1458 1062 nisi
1488 1004 1747 1072 alterari,
1779 1010 2017 1075 propter
2047 1003 2161 1061 hoc
2189 1003 2349 1076 quod
2378 1017 2450 1061 ex
2470 1009 2605 1061 ente
2635 1004 2696 1061 in
2726 1012 2860 1062 actu

428 1077 899 1149 unumquodque
922 1075 1051 1133 fieri
1080 1075 1510 1148 intelligebant.
1532 1075 1904 1132 Posteriores
1927 1087 2089 1144 vero,
2108 1087 2202 1130 ma
2251 1073 2639 1156 isintrinsece
2663 1089 2858 1133 rerum

431 1148 751 1206 factionem
774 1146 1248 1215 considerantes,
1279 1144 1354 1203 ad
1383 1145 1509 1203 fieri
1540 1160 1735 1202 rerum
1770 1144 2098 1202 secundum
2129 1158 2200 1202 su
2245 1149 2524 1202 stantiam
2557 1158 2862 1215 processe·

429 1223 590 1286 runt,
612 1223 904 1288 ponentes
929 1218 1086 1290 quod
1114 1227 1232 1274 non
1260 1221 1491 1288 oportet
1522 1216 1748 1289 aliquid
1769 1214 1898 1272 fieri
1927 1229 2000 1272 ex
2024 1219 2157 1272 ente
2184 1215 2248 1272 in
2272 1220 2407 1272 actu
2439 1215 2556 1273 nisi
2589 1231 2695 1287 per
2715 1216 2863 1275 acci-

431 1289 600 1350 dens,
633 1288 739 1345 sed
769 1302 874 1359 per
901 1301 967 1345 se
997 1302 1067 1345 ex
1094 1292 1230 1344 ente
1260 1287 1320 1344 in
1359 1286 1641 1357 potentia.
1680 1289 1802 1343 Hoc
1843 1290 2040 1343 autem
2083 1284 2240 1353 fieri,·
2264 1285 2423 1365 quod
2465 1291 2559 1344 est
2604 1288 2762 1347 entis
2793 1303 2865 1345 ex
2910 1325 2922 1335 ·

432 1359 853 1432 qualicumque
884 1364 1039 1426 ente,
1070 1363 1161 1415 est
1189 1358 1367 1414 factio
1394 1357 1768 1428 particularis
1799 1357 1973 1426 entis,
2008 1356 2166 1437 quod
2196 1356 2437 1427 quidem
2466 1355 2532 1414 nt
2559 1357 2620 1414 in
2673 1372 2862 1431 quan-

432 1434 558 1486 tum
589 1434 680 1487 est
704 1442 814 1486 ens
844 1428 978 1496 hoc,
1008 1434 1073 1484 ut
1106 1428 1287 1484 homo
1309 1429 1396 1483 vei
1427 1427 1611 1500 ignis,
1641 1441 1764 1484 non
1794 1432 1991 1485 autem
2023 1440 2084 1483 in
2112 1432 2399 1499 quantum
2437 1432 2528 1485 est
2569 1441 2678 1486 ens
2730 1429 2863 1486 uni-

431 1500 743 1557 versaliter
767 1517 782 1567 3
815 1512 924 1555 ens
950 1499 1111 1554 enim
1138 1499 1307 1569 prius
1329 1503 1455 1554 erat
1481 1498 1639 1569 quod
1671 1497 1732 1554 in
1762 1498 1876 1554 hoc
1893 1511 2002 1555 ens
2029 1502 2477 1555 transmutatur.
2497 1499 2864 1557 profundius

430 1576 630 1628 autem
661 1569 733 1626 ad
750 1582 948 1632 rerum
976 1569 1269 1640 originem
1294 1568 1717 1640 ingredientes,
1736 1568 2265 1625 consideraverunt
2288 1568 2360 1626 ad
2375 1568 2643 1626 ultimum
2671 1570 2866 1627 totius

432 1640 591 1697 entis
620 1639 800 1696 creati
821 1637 896 1696 ab
928 1652 1046 1695 una
1066 1639 1258 1719 prima
1280 1652 1464 1696 causa
1488 1638 1961 1709 processionem,
1984 1644 2049 1695 ut
2077 1653 2147 1694 ex
2169 1638 2504 1698 rationibus
2531 1638 2642 1696 hoc
2662 1645 2867 1697 osteu-

434 1708 715 1767 dentibus
744 1722 925 1779 supra
950 1709 1165 1779 positis
1190 1714 1352 1779 patet
1372 1708 1445 1780 (c.
1481 1712 1546 1765 15
1573 1715 1634 1766 et
1664 1708 1772 1779 16).
1802 1711 1871 1765 In
1901 1709 2013 1766 hac
2041 1714 2238 1765 autem
2270 1709 2651 1780 processione
2669 1710 2866 1768 totius

430 1780 593 1837 entis
617 1793 654 1836 a
684 1777 824 1845 Deo,
856 1792 979 1836 non
1009 1785 1100 1837 est
1130 1779 1419 1860 possibile
1448 1777 1575 1836 fieri
1607 1779 1833 1852 aliquid
1862 1793 1931 1836 ex
1958 1778 2036 1835 ali
2083 1793 2160 1836 uo
2182 1779 2300 1836 alio
2331 1780 2680 1850 praejacente
2700 1798 2715 1848 ;
2739 1794 2870 1838 non

434 1850 595 1906 enim
622 1856 785 1907 esset
818 1850 1006 1907 totius
1030 1855 1189 1908 entis
1217 1850 1398 1907 creati
1420 1849 1621 1906 facti0.
1656 1852 1724 1906 Et
1749 1850 1902 1907 hanc
1931 1850 2033 1929 qui
2078 1863 2168 1906 em
2198 1849 2519 1908 factionem
2561 1864 2685 1908 non
2730 1852 2868 1908 atti-

474 1924 650 1977 erunt
677 1920 850 1991 primi
883 1921 1205 1989 naturales,
1231 1934 1485 1993 quorum
1513 1925 1641 1977 erat
1667 1933 2006 1977 communis
2036 1921 2352 1985 sententia,
2388 1934 2461 1978 ex
2487 1920 2683 1979 nihilo
2711 1922 2867 1980 nihil

480 1990 563 2046 eri
591 2008 605 2058 ;
636 1991 725 2047 vel
753 1993 803 2048 si
834 1990 937 2062 qui
969 2005 1096 2048 eam
1128 1990 1469 2063 attigerunt,
1498 2004 1620 2048 non
1651 1991 1887 2062 proprie
1914 2003 2135 2047 nomen
2163 1990 2442 2048 factionis
2463 1990 2517 2047 ei
2530 1996 2866 2062 competere

436 2061 988 2129 consideraverunt,
1018 2075 1203 2133 quum
1232 2074 1451 2118 nomen
1483 2061 1765 2118 factionis
1793 2065 2022 2117 motum
2044 2061 2136 2118 vel
2157 2060 2544 2118 mutationem
2565 2062 2862 2133 importet.

437 2132 502 2187 In
530 2131 641 2188 hac
664 2136 862 2188 autem
892 2132 1076 2189 totius
1100 2131 1259 2189 eritis
1288 2132 1520 2203 origine
1543 2131 1616 2189 ab
1645 2145 1766 2188 uno
1796 2131 1988 2202 primo
2017 2138 2150 2189 ente
2201 2130 2457 2203 intelligi
2505 2145 2629 2189 non
2673 2137 2867 2204 potest

437 2203 858 2259 transmutatio
888 2202 1068 2259 unius
1097 2202 1253 2282 entis
1282 2202 1345 2257 in
1374 2202 1558 2269 aliud,
1582 2207 1648 2283 ut
1676 2208 1987 2283 ostensum
2013 2208 2106 2283 est
2153 2175 2225 2274 (c.
2253 2201 2378 2273 17);
2419 2207 2661 2283 propter
2708 2203 2864 2283 quod

440 2285 552 2328 nec
583 2272 658 2329 ad
685 2271 1013 2329 naturalem
1074 2272 1459 2343 hilosophum
1482 2277 1737 2343 pertinet
1761 2272 2103 2344 hujusmodi
2123 2286 2322 2329 rernm
2344 2284 2642 2342 originem
2674 2287 2867 2331 consi·

440 2340 666 2409 derare,
698 2343 803 2400 sed
830 2342 903 2400 ad
938 2342 1034 2412 phi
1065 2343 1360 2413 osophum
1388 2343 1667 2413 primum,
1700 2342 1801 2415 qui
1829 2342 2171 2401 considerat
2200 2356 2308 2399 ens
2337 2355 2658 2401 commune
2697 2349 2756 2400 et
2798 2358 2870 2400 ca

480 2426 570 2469 uae
599 2418 740 2470 sunt
767 2417 1091 2484 separataa
1119 2420 1303 2469 motu.
1336 2416 1454 2469 Nos
1482 2420 1678 2469 tamen
1709 2412 1824 2470 sub
1855 2413 2107 2486 quadam
2137 2412 2531 2470 similitudine
2568 2414 2749 2471 etiam
2793 2414 2869 2472 ad

440 2481 456 2538 i
488 2482 603 2540 lam
632 2484 925 2556 originem
954 2497 1172 2542 nomen
1199 2483 1479 2541 factionis
1509 2483 1947 2551 transferimus,
1977 2488 2043 2541 ut
2085 2483 2354 2541 dicamus
2399 2483 2559 2543 facta
2601 2498 2678 2542 ea
2725 2499 2870 2561 quo-

439 2567 830 2627 rumcumque
859 2556 1122 2613 essentia
1148 2556 1237 2612 vei
1254 2561 1480 2619 natura
1507 2555 1582 2612 ab
1609 2555 1751 2614 aliis
1779 2554 2072 2626 originem
2101 2555 2299 2611 habet.

510 2627 593 2680 Ex
617 2638 740 2697 quo
762 2632 922 2696 patet
948 2627 1105 2698 quod
1138 2640 1248 2683 nec
1274 2625 1542 2683 secunda
1566 2627 1716 2683 ratio
1743 2627 1815 2682 de
1847 2625 2200 2683 necessitate
2247 2624 2570 2694 concludit,
2619 2641 2753 2698 quae
2797 2643 2873 2687 ex

436 2695 671 2752 ratione
710 2703 909 2753 motus
954 2697 1316 2754 sumebatur.
1349 2699 1494 2753 Nam
1542 2698 1764 2754 creatio
1809 2696 2059 2753 mutatio
2104 2696 2218 2752 dici
2251 2702 2374 2751 non
2399 2701 2598 2766 potest
2623 2697 2742 2757 nisi
2774 2712 2870 2756 se-

438 2765 702 2822 cundum
726 2767 1153 2837 metaphoram,
1183 2772 1355 2838 prout
1384 2772 1650 2825 creatum
1676 2765 2090 2847 consideratur
2119 2765 2336 2823 habere
2367 2780 2502 2824 esse
2551 2774 2687 2837 post
2716 2782 2868 2826 non-

434 2849 576 2892 esse
602 2854 616 2904 ;
648 2837 877 2894 ratione
908 2837 1079 2909 cnjus
1108 2839 1184 2894 ali
1230 2838 1332 2894 uid
1357 2852 1432 2894 ex
1459 2836 1581 2895 alio
1607 2837 1736 2895 fieri
1766 2837 1984 2894 dicitur
2009 2841 2186 2893 etiam
2216 2849 2422 2894 eorum
2453 2851 2586 2909 quae
2609 2838 2869 2897 invicem

440 2907 999 2964 transmutationem
1043 2921 1167 2965 non
1258 2907 1454 2976 abent,
1505 2922 1578 2965 ex
1620 2908 1734 2966 hoc
1785 2906 1918 2966 solo
1962 2907 2123 2979 quod
2149 2918 2337 2963 unum
2369 2921 2573 2965 eorum
2607 2914 2700 2966 est
2727 2919 2871 2980 post

434 2975 714 3043 alterum,
747 2977 903 3033 sicut
947 2977 1078 3035 dies
1118 2992 1194 3034 ex
1232 2983 1426 3034 nocte.
1474 2980 1593 3035 Nec
1640 2978 1790 3035 ratio
1837 2981 2042 3035 motus
2090 2976 2335 3034 inducta
2362 2977 2436 3034 ad
2481 2977 2594 3036 hoc
2640 2978 2875 3052 aliquid

438 3044 635 3102 facere
681 3052 910 3115 potest3
954 3060 1092 3104 nain
1136 3048 1295 3120 qnod
1343 3046 1512 3104 nullo
1557 3047 1739 3105 modo
1770 3053 2010 3105 estnon
2037 3061 2105 3105 se
2137 3046 2313 3105 habet
2336 3047 2540 3120 aliquo
2568 3048 2772 3118 m0d0,
2804 3058 2872 3107 ut

437 3114 633 3195 possit
661 3116 937 3173 concludi
960 3117 1140 3190 quod,
1160 3117 1402 3190 quando
1430 3117 1643 3190 incipit
1659 3132 1816 3188 esse,
1839 3117 1959 3176 alio
1979 3117 2159 3176 inodo
2177 3130 2246 3175 se
2266 3116 2481 3176 habeat
2497 3131 2661 3175 nunc
2683 3133 2875 3191 quam

434 3198 595 3312 PnEx
622 3255 737 3313 hoc
763 3256 949 3338 etiam,
966 3263 1126 3328 patet
1152 3257 1313 3339 quod
1336 3271 1458 3339 non
1486 3263 1723 3340 oportet
1747 3258 2012 3340 aliquam
2038 3258 2365 3330 potentiam
2393 3258 2698 3331 passivam
2723 3275 2878 3334 prae·

440 3325 651 3384 cedere
680 3339 815 3408 esse
846 3332 1029 3385 totius
1056 3332 1213 3387 entis
1243 3334 1445 3398 creati,
1478 3335 1545 3386 ut
1571 3335 1746 3387 tertia
1771 3334 1924 3386 ratio
1954 3330 2369 3389 concludebat.
2397 3333 2522 3389 Hoc
2568 3332 2731 3390 enim
2779 3340 2878 3392 est

440 3409 850 3455 necessarium
872 3397 934 3454 in
955 3398 1080 3455 illis
1102 3414 1255 3472 quae,
1278 3414 1383 3471 per
1410 3405 1660 3468 motum,
1683 3398 1922 3457 essendi
1943 3400 2304 3473 principium
2327 3406 2593 3466 sumunt,
2619 3416 2690 3460 eo
2708 3404 2875 3475 quod

436 3473 644 3525 ,motus
668 3473 765 3525 est
793 3474 964 3526 actus
988 3469 1305 3527 existentis
1339 3469 1405 3526 in
1433 3471 1719 3542 potentia.
1744 3469 2042 3528 Possibile
2069 3476 2266 3531 autem
2309 3472 2420 3529 fuit
2448 3486 2557 3530 ens
2602 3480 2875 3533 creatum

440 3550 579 3595 esse
608 3543 925 3610 antequam
955 3546 1134 3610 esset,
1163 3555 1270 3611 per
1290 3542 1613 3611 potentiam
1640 3541 1895 3613 agentis,
1926 3555 2032 3612 per
2059 3556 2237 3614 quam
2268 3547 2327 3600 et
2348 3556 2486 3601 esse
2515 3543 2758 3615 incepit,
2775 3546 2876 3603 vel

441 3615 683 3679 propter
707 3608 1113 3689 habitudinem
1142 3613 1532 3669 terminorum
1564 3612 1628 3667 in
1697 3612 1876 3669 uibus
1909 3612 2078 3669 nulla
2109 3614 2506 3685 repugnantia
2531 3614 2870 3684 invenitur;

486 3679 604 3735 uod
639 3680 876 3751 quidem
947 3680 1198 3738 ossibile
1227 3681 1557 3739 secundum
1585 3694 1666 3738 nu
1694 3681 1810 3739 lam
1837 3683 2159 3753 potentiam
2193 3684 2413 3742 dicitur
2465 3688 2530 3740 ut
2555 3691 2719 3755 patet
2765 3700 2876 3756 per

442 3693 871 3820 guitosophum
914 3751 1262 3823 uetaphys„
1289 3765 1352 3833 γ,
1380 3756 1524 3832 text.
1545 3764 1766 3809 com-in.
1802 3753 1910 3825 17);
1939 3753 2054 3811 hoc
2087 3752 2247 3811 enim
2275 3726 2684 3825 praedicatum,
2707 3757 2872 3827 quod

444 3824 538 3875 est
569 3833 725 3888 esse,
758 3833 878 3877 non
903 3827 1195 3894 repugnat
1221 3821 1361 3878 huic
1378 3822 1670 3894 subjecto,
1702 3823 1863 3895 quod
1905 3829 1998 3881 est
2034 3825 2296 3881 mundus
2333 3825 2428 3881 vel
2473 3825 2678 3893 hom0,
2710 3827 2875 3884 sicut

444 3890 983 3968 commensurabile
1013 3896 1304 3963 repugnat
1331 3891 1621 3949 diametro
1653 3911 1668 3950 ε
1703 3899 1761 3949 et
1796 3894 1885 3952 sic
1910 3895 2180 3975 sequitur
2203 3893 2363 3965 quod
2396 3909 2517 3952 non
2549 3896 2872 3967 sitimpos·

446 3958 620 4036 sibile
650 3974 804 4030 esse,
838 3966 915 4030 et,
957 3975 1062 4032 per
1099 3973 1498 4034 consequens,
1532 3963 1694 4036 quod
1730 3965 1816 4021 sit
1849 3964 2141 4035 possibile
2171 3977 2306 4021 esse
2335 3970 2472 4022 ante
2521 3980 2655 4022 uam
2683 3974 2866 4035 esset,

445 4031 622 4085 etiam
648 4031 821 4109 ‚nulla
844 4031 1109 4111 potentia
1132 4033 1441 4090 existente.
1474 4035 1541 4090 ln
1570 4033 1666 4091 his
1705 4040 1900 4091 autem
1930 4048 2063 4107 quae
2093 4048 2197 4105 per
2228 4040 2457 4093 motum
2533 4041 2658 4106 unt,
2690 4050 2865 4118 opor-

446 4099 738 4177 tet‘prlus
778 4101 966 4158 fuisse
1010 4102 1302 4173 possibile
1349 4116 1454 4174 per
1492 4103 1756 4177 aliquam
1785 4105 2086 4177 passivam
2113 4107 2484 4175 potentiam;
2531 4106 2597 4165 in
2645 4108 2863 4179 quibus

444 4166 849 4249 Philosophus
881 4171 1251 4246 metaphys„
1282 4185 1390 4243 vit,
1416 4179 1559 4230 text.
1591 4188 1807 4232 comm.
1847 4174 1937 4247 22)
1968 4174 2080 4232 hac
2111 4176 2297 4233 utitur
2328 4177 2579 4234 ratione.

518 4239 681 4317 Patet
709 4244 890 4310 igitur
919 4243 1095 4299 etiam
1126 4258 1200 4301 ex
1247 4243 1381 4314 hoc,
1412 4245 1573 4317 quod
1616 4259 1726 4303 nec
1754 4251 1965 4318 quarta
2004 4245 2154 4303 ratio
2192 4246 2268 4304 ad
2309 4247 2688 4318 propositum
2721 4261 2866 4306 con-

436 4303 828 4388 cludinNam
852 4308 981 4367 fieri
1012 4326 1132 4371 non
1160 4314 1345 4372 simul
1392 4321 1488 4372 est
1515 4329 1700 4373 causa
1736 4329 1871 4373 esse
1915 4315 2023 4384 rei,
2070 4315 2134 4373 in
2181 4316 2280 4374 his
2327 4331 2460 4392 qnae
2499 4330 2607 4389 per
2633 4324 2872 4378 motum

444 4375 615 4447 flunt,
647 4390 707 4434 in
739 4392 992 4450 quorum
1024 4382 1150 4441 fieri
1202 4387 1510 4443 successio
1540 4385 1866 4455 invenitur3
1900 4386 1966 4444 in
2003 4386 2100 4445 his
2141 4392 2339 4445 autem
2386 4400 2520 4463 quae
2558 4401 2684 4447 non
2713 4388 2873 4448 fiunt

440 4461 550 4521 per
578 4454 829 4522 motum,
863 4462 988 4509 non
1015 4455 1184 4525 prius
1206 4461 1306 4514 est
1324 4455 1456 4540 iteri
1484 4471 1661 4530 quain
1689 4469 1846 4517 esse.
