3076 5025
1158 292 1294 350 mn.
1333 292 1433 362 111,
1469 293 1626 350 CAP.
1665 291 1781 349 cu.
2563 296 2669 351 399

229 414 498 486 artificii,
528 415 582 473 si
617 416 828 474 artifex
846 414 1020 474 aliter
1046 414 1275 488 aliquid
1301 419 1580 486 operetur
1606 415 1670 473 in
1699 428 1814 473 suo
1843 413 2118 483 artificio,
2143 414 2323 473 etiam
2347 418 2671 488 postquam

230 485 293 545 ei
313 486 567 558 primam
597 486 849 544 formam
876 485 1054 544 dedit.
1078 489 1279 558 Neque
1308 498 1452 557 ergo
1480 490 1576 545 est
1599 492 1808 544 contra
1834 490 2130 555 naturam,
2147 485 2200 544 si
2220 488 2377 544 Deus
2403 486 2467 544 in
2486 486 2671 548 rebus

232 556 615 687 ἓαὶιιιῑωὼυε
671 556 897 629 aliquid
957 562 1236 629 operetur
1300 556 1474 615 aliter
1527 571 1709 630 quam
1761 562 2090 615 consuetus
2161 569 2378 615 cursus
2439 561 2672 617 naturae

308 698 459 756 Hinc
505 704 601 755 est
645 698 806 770 quod
846 701 931 755 Au
978 697 1218 756 ustinus
1269 699 1414 758 dicit
1442 699 1648 771 (Gontr.
1696 700 1885 755 Faust.
1931 700 2108 767 Man„
2138 697 2180 754 l.
2208 710 2377 768 xxvi,
2415 713 2545 770 cap.
2570 698 2669 780 3):

238 787 271 819 «
294 770 458 827 Deus
487 773 720 826 creator
740 774 798 827 et
825 782 938 827 con
984 770 1102 827 itor
1128 770 1400 828 omnium
1427 775 1778 828 naturarum
1806 768 1958 827 nihil
1980 773 2190 827 contra
2214 772 2487 827 naturam
2508 770 2675 841 facit,

232 838 385 911 quia
435 837 497 895 id
547 842 642 896 est
693 839 965 897 naturale
1015 839 1232 913 cuique
1277 842 1364 900 rei
1410 840 1574 914 quod
1614 840 1778 908 facit,
1820 853 1858 897 a
1894 853 2015 913 quo
2058 843 2152 897 est
2186 838 2387 897 omnis
2425 841 2670 912 modus»,

234 922 548 979 numeruS,
579 914 638 967 et
664 910 813 969 ordo
839 915 1067 969 naturae
1089 929 1147 971 ».

1248 1129 1503 1194 CAPUT
1557 1129 1657 1195 CI.

1229 1310 1310 1357 DE
1342 1310 1676 1357 mucuns.

285 1472 450 1533 ²Haec
476 1479 675 1533 autem
703 1489 836 1546 quae
863 1477 1078 1545 praeter
1104 1472 1377 1532 ordinem
1404 1474 1806 1533 communiter
1829 1473 1895 1532 in
1938 1474 2118 1533 rebus

243 1542 438 1618 doque
465 1544 751 1603 divinitus
777 1543 928 1602 fiunt
956 1543 1247 1624 miracula
1274 1543 1393 1602 dici
1433 1545 1651 1602 solent.
1677 1544 2052 1604 Admiramur
2078 1561 2128 1602 ei

243 1614 518 1673 effectum
558 1615 870 1684 videnteS,
918 1628 1164 1673 causam
1213 1616 1587 1683 ignoramus.
1642 1616 1711 1672 Et
1802 1616 1900 1673 uia
1945 1629 2128 1675 causa

244 1685 599 1757 quibusdam
627 1686 928 1743 interdum
972 1690 1067 1743 est
1109 1686 1370 1758 cognita,
1400 1690 1460 1743 et
1483 1699 1520 1743 a
1546 1685 1766 1764 quibus
1810 1699 1904 1744 am
1934 1686 2128 1759 ignota

246 1755 403 1828 quod
442 1756 771 1814 videntium
818 1755 1000 1814 simul
1029 1754 1288 1828 aliquem
1317 1754 1596 1814 effectum
1641 1756 1826 1829 aliqui
1863 1756 2128 1815 mirantu,

243 1831 536 1885 mirantur
574 1843 590 1881 ε
626 1828 972 1900 astrologus
1024 1827 1185 1884 enim
1237 1840 1361 1884 non
1415 1827 1666 1885 miratur
1716 1826 1929 1885 videns
1979 1827 2128 1899 eclip

247 1898 557 1969 cognoscit
583 1911 866 1965 causam;
896 1898 1145 1970 ignarus
1169 1901 1366 1956 autem
1392 1896 1573 1969 hujus
1596 1897 1864 1956 scientiae
1890 1911 2128 1956 necesse

248 1968 532 2026 caasami
581 1982 825 2026 uorans.
856 1968 952 2025 Sic
998 1967 1184 2041 igitur
1225 1972 1318 2025 est
1346 1967 1573 2040 aliquid
1599 1969 1817 2026 mirum
1863 1967 2062 2040 quoad
2089 1969 2128 2025 h

244 2038 442 2120 quoad
484 1982 675 2096 ilffim.
706 2037 861 2096 Illud
890 2052 955 2095 er
997 2052 1033 2096 o
1063 2038 1413 2109 simpliciter
1440 2039 1659 2095 mirum
1689 2042 1801 2120 est,
1833 2038 1994 2119 quod
2022 2038 2210 2120 habt--
2255 2092 2492 2098 mmm
2523 2092 2642 2099 „-

246 2107 837 2190 plicitercccultam,
868 2114 928 2166 et
955 2052 1093 2166 gimo
1138 2114 1316 2168 sonat
1358 2122 1599 2167 nomem
1644 2109 1942 2179 miraculi,
1970 2114 2038 2167 ut
2079 2109 2312 2167 scilicet
2355 2110 2439 2168 sit
2481 2110 2554 2168 de
2599 2121 2672 2169 sc

247 2177 636 2238 admiratione
685 2180 951 2251 plenum,
993 2192 1119 2237 non
1159 2179 1357 2252 quoad
1400 2179 1561 2239 hunc
1608 2179 1703 2238 vel
1733 2179 1901 2237 illum
1958 2183 2209 2238 tantum.
2237 2182 2431 2239 Causa
2469 2185 2671 2241 autem

248 2249 599 2323 sinpliciter
651 2250 888 2308 occulta
935 2250 1101 2307 omni
1144 2249 1374 2308 homini
1428 2255 1523 2307 est
1562 2252 1739 2309 Deus.
1780 2249 2101 2308 Probatum
2146 2257 2240 2309 est
2279 2252 2439 2309 enini
2487 2264 2676 2323 supra

247 2320 396 2392 (cap.
426 2320 539 2393 ⁴7),
565 2321 726 2393 quod
754 2320 885 2447 eius
909 2320 1232 2401 essentiam
1262 2320 1467 2401 nullus
1491 2320 1680 2401 bomo
1709 2321 1962 2401 instatu
1991 2320 2172 2392 hujus
2201 2321 2335 2380 vitae
2363 2321 2672 2402 intellectu

246 2404 457 2463 capere
496 2396 714 2462 potest.
761 2392 869 2448 lla
913 2396 1097 2463 igitur
1142 2404 1377 2470 proprie
1424 2391 1715 2449 miracula
1741 2390 1996 2449 dicenda
2023 2396 2167 2450 sunt
2210 2405 2342 2463 quae
2380 2391 2673 2451 divinitus

244 2460 397 2521 flunt
418 2467 631 2535 praeter
656 2462 929 2542 ordine-m
958 2466 1354 2542 communiter
1377 2460 1757 2542 observatum
1785 2461 1849 2518 iii
1875 2460 2077 2520 rebus.

325 2535 536 2603 Horum
568 2538 764 2592 autem
794 2532 1219 2591 miraculorum
1261 2532 1481 2590 diversi
1518 2538 1661 2590 sunt
1688 2531 1911 2604 gradus
1951 2537 2011 2589 et
2036 2533 2300 2591 ordines.
2329 2536 2477 2592 Nam
2504 2544 2673 2591 sum-

246 2617 411 2662 mtm
463 2603 714 2677 gradum
760 2603 916 2661 inter
959 2603 1249 2661 miracula
1287 2607 1493 2660 tenent
1535 2603 1601 2659 iii
1641 2602 1862 2674 quibus
1911 2602 2136 2675 aliquid
2178 2602 2243 2659 fit
2278 2617 2317 2660 a
2349 2605 2472 2662 Deo
2507 2603 2674 2675 quod

247 2680 460 2733 natura
484 2687 791 2747 nunquam
827 2674 1021 2731 facere
1050 2677 1267 2745 potest,
1298 2673 1459 2730 sicut
1483 2671 1644 2752 quod
1676 2673 1798 2731 duo
1822 2686 2078 2753 corpora
2103 2673 2227 2730 sint
2255 2672 2459 2741 simul,
2506 2672 2671 2746 quod

249 2744 341 2803 sol
365 2745 714 2814 retrocedat,
736 2749 839 2802 aut
867 2749 1000 2813 stet,
1031 2743 1193 2816 quod
1221 2757 1384 2802 mare
1410 2743 1668 2801 divisum
1689 2743 2140 2801 transeuntibus
2159 2744 2271 2800 iter
2294 2743 2582 2815 praebeat3
2611 2747 2676 2802 et

247 2815 401 2873 inter
427 2815 555 2873 baec
582 2816 762 2873 etiam
791 2815 940 2873 ordo
963 2814 1285 2872 attenditur
1313 2833 1330 2871 ε
1367 2827 1506 2871 nam
1535 2818 1761 2886 quanto
1797 2814 2025 2885 majora
2052 2818 2196 2871 sunt
2216 2813 2322 2871 illa
2348 2828 2481 2886 quae
2511 2816 2672 2873 Deus

248 2891 525 2958 operatur
551 2891 612 2944 et
650 2891 874 2960 quanto
919 2885 1115 2958 magis
1163 2889 1306 2944 sunt
1341 2888 1570 2942 remota
1596 2898 1634 2941 a
1666 2884 1946 2943 facultate
1991 2890 2239 2952 naturae,
2267 2889 2433 2942 tanto
2488 2884 2671 2942 mira·

248 2956 448 3084 culugn
475 2957 677 3084 majuds·
700 2955 1010 3085 esg,tsicut
1037 2954 1233 3028 majus
1277 2959 1370 3013 est
1395 2954 1753 3014 miraculum
1779 2953 1943 3027 quod
1979 2955 2079 3013 sol
2106 2954 2457 3025 retrocedat,
2487 2968 2671 3028 quam

288 3041 366 3086 uo
430 3041 595 3085 mare
663 3042 741 3084 ivi
787 3041 820 3083 a
849 3039 941 3085 ur.
2601 3055 2618 3072 ι

248 3041 288 3101 q
316 3098 657 3156 Secundum
711 3103 909 3155 autem
963 3095 1214 3169 gradum
1261 3096 1325 3154 in
1373 3096 1683 3155 miraculis
1720 3100 1927 3155 tenent
1967 3095 2075 3154 illa
2116 3096 2184 3154 in
2285 3096 2461 3155 uibus
2510 3098 2675 3156 Deus

246 3167 474 3241 aliquid
505 3168 646 3226 facit
671 3168 830 3241 quod
858 3172 1069 3227 natura
1092 3167 1282 3225 facere
1308 3172 1525 3238 potest,
1557 3167 1662 3224 sed
1692 3181 1814 3227 non
1843 3181 1951 3238 per
1976 3166 2145 3226 illum
2177 3181 2248 3226 or
2290 3168 2472 3225 inem.
2505 3169 2671 3239 Opus

247 3239 408 3298 enim
437 3246 664 3297 naturae
693 3245 785 3297 est
813 3238 973 3311 quod
1001 3237 1242 3311 aliquod
1275 3237 1498 3296 animal
1527 3237 1704 3307 vivat,
1733 3237 1932 3296 videat
1955 3242 2013 3296 et
2048 3238 2341 3308 ambulet3
2373 3237 2481 3296 sed
2508 3237 2677 3310 quod

244 3315 384 3382 post
435 3316 687 3368 mortem
722 3310 899 3367 vivat.
951 3314 1092 3382 post
1134 3307 1459 3367 caecitatem
1514 3308 1752 3378 videat,
1809 3313 1950 3380 post
1973 3306 2390 3389 ‘debilitatem‘
2418 3307 2676 3367 claudus

242 3380 528 3449 ambulet,
558 3380 690 3439 haec
724 3385 938 3438 natura
981 3379 1176 3437 facere
1221 3391 1344 3436 non
1416 3382 1592 3447 otest,
1621 3377 1729 3437 sed
1773 3380 1932 3437 Deus
1968 3378 2265 3437 interdum
2311 3379 2674 3438 miraculose

243 3455 546 3523 operatur.
577 3454 735 3508 luter
774 3451 902 3508 haec
932 3450 1111 3508 etiam
1140 3449 1367 3509 miracu
1395 3463 1430 3507 a
1456 3448 1682 3522 gradus
1710 3449 2035 3509 attenditur
2059 3449 2393 3509 secundum
2418 3446 2676 3523 quodid

243 3521 416 3597 quod·
432 3520 500 3579 fit
518 3521 714 3594 magis
735 3527 827 3580 est
854 3535 892 3578 a
916 3519 1197 3579 facultate
1228 3526 1455 3578 naturae
1482 3525 1800 3579 remotum.

248 3623 251 3628 ι
312 3593 545 3652 Tertius
574 3597 772 3650 autem
818 3590 1041 3664 gradus
1064 3590 1492 3650 miraculorum
1520 3595 1614 3649 est
1639 3603 1778 3649 cum
1819 3591 1978 3648 Deus
2019 3590 2165 3649 facit
2207 3589 2367 3663 quod
2415 3603 2673 3650 consue·
2772 3578 2783 3661 ’ζ

240 3666 371 3721 tum
388 3665 494 3722 est
519 3662 649 3720 fieri
675 3662 1021 3734 operatione
1049 3667 1299 3730 naturai,
1328 3664 1529 3719 tamen
1558 3660 1785 3734 absque
1811 3659 2126 3733 principiis
2160 3665 2388 3720 naturae
2419 3672 2674 3732 operan-

238 3732 432 3802 tibus,
463 3733 623 3792 sicut
648 3746 786 3792 cum
814 3732 1035 3806 aliquis
1061 3746 1102 3791 a
1131 3731 1294 3790 febre
1313 3731 1566 3790 curabili
1597 3745 1705 3813 per
1732 3737 2004 3789 naturam
2032 3731 2236 3789 divina
2262 3731 2479 3790 virtute
2507 3743 2677 3789 cura-
2773 3731 2783 3817 ἐ

237 3808 362 3932 ff,
388 3808 459 3946 gif
485 3817 623 3864 cum
666 3803 823 3877 pluit
864 3803 1001 3863 sine
1046 3803 1395 3876 operatione
1433 3802 1869 3875 principiorum
1898 3805 2148 3860 naturae.
2179 3802 2228 3878 (1
2262 3806 2438 3875 part„
2481 3815 2541 3875 q.
2571 3812 2676 3865 cv,

1245 4021 1497 4087 CAPUT
1538 4022 1666 4087 cn.

917 4202 1072 4257 QUOD
1098 4200 1277 4249 SOLUS
1301 4199 1451 4247 DEUS
1487 4199 1663 4247 FAOE‘I'
1683 4200 2000 4248 mimum.

316 4343 403 4425 fix
425 4363 760 4438 praemissis
790 4368 988 4423 autem
1026 4363 1265 4424 ostendi
1298 4367 1496 4436 potest
1535 4362 1697 4436 quod
1736 4360 2028 4422 miracula
2059 4361 2255 4425 iacere
2296 4366 2470 4425 solus
2511 4366 2672 4421 Deus

241 4442 465 4510 potest.
481 4436 652 4505 Quod
680 4434 841 4495 enim
865 4441 959 4494 est
979 4434 1094 4495 sub
1117 4434 1327 4497 ordine
1352 4432 1618 4494 totaliter
1635 4433 2027 4493 constitutum
2073 4448 2198 4496 non
2230 4441 2430 4509 potest
2456 4435 2673 4507 praeter
