3076 5025
988 344 1122 399 Lux.
1162 343 1264 412 iv,
1297 343 1452 399 car.
1487 343 1682 410 xxxv.
2447 345 2611 428 55⁵5.

107 463 176 522 lb
207 464 436 535 (13Φωὶ
471 466 568 534 qm'
594 468 772 519 autem
793 466 977 520 omnia
1003 468 1226 534 creavit,
1264 468 1406 521 Deus
1434 469 1534 521 est.
1568 463 1753 536 (ibim,
1783 463 1863 537 4.)
1894 463 1989 521 sic
2011 464 2194 535 igitur
2222 467 2546 536 Apostolus
2567 436 2615 498 ’Ῡὲ
2690 491 2694 495 Α

106 534 322 608 probat
357 535 519 606 quod
542 533 725 591 homo
769 533 1038 592 Christus
1080 535 1391 603 fabricavit
1429 534 1672 592 domum
1715 534 1838 603 Dei,
1882 548 1989 606 per
2025 534 2143 592 hoc
2188 536 2350 606 quod
2390 539 2551 596 Deus
2587 543 2591 547 ’

106 605 334 664 creavit
362 605 596 670 omnia;
629 618 761 676 quae
787 604 1060 675 probatio
1091 606 1258 663 nulla
1280 611 1462 668 esset,
1494 605 1612 663 nisi
1643 605 1913 663 Christus
1941 611 2102 662 esset
2145 608 2302 663 Deus
2332 621 2545 666 creans

109 675 342 735 omnia.
371 674 466 732 Sic
514 674 696 745 igitur
741 675 968 732 homini
1010 675 1100 733 illi
1147 676 1486 734 attribuitur
1531 676 1752 733 creatio
1796 676 2234 742 universorum,
2267 677 2427 748 quod
2456 682 2551 736 est

105 745 424 819 proprium
452 758 605 816 opus
631 744 754 802 Dei.
784 749 884 803 Est
910 745 1092 818 igitur
1118 747 1298 804 homo
1328 747 1601 804 Christus
1624 746 1752 818 ipse
1770 748 1928 804 Deus
1957 746 2291 804 secundum
2322 747 2546 820 hypos-

106 817 312 885 tasim,
340 820 403 873 et
431 829 553 873 non
576 815 804 874 ratione
833 816 1284 876 inhabitationis
1315 823 1569 875 tantum.

175 888 467 958 Amplius,
501 887 885 945 manifestum
914 891 1006 945 est
1038 888 1198 959 quod
1247 889 1432 946 bomo
1479 888 1768 957 chi-istus,
1815 886 2073 960 loquens
2117 886 2193 946 de
2236 900 2323 957 se,
2359 889 2550 949 multa

108 957 312 1017 divina
345 956 484 1014 dicit
515 960 572 1014 et
599 958 1091 1028 supernaturalia,
1137 964 1202 1016 ut
1230 965 1326 1016 est
1360 958 1508 1015 illud
1540 976 1556 1015 ε
1582 962 1698 1027 qu
1741 958 2099 1015 ressuscitabo
2125 972 2246 1013 cion
2271 962 2333 1014 iri
2370 963 2549 1017 novis·

109 1031 245 1085 sinuo
269 1029 366 1084 die
394 1027 634 1100 (glomum,
666 1041 752 1097 vi,
772 1027 891 1101 40);
914 1032 1008 1085 et:
1042 1032 1158 1099 Eoo
1183 1032 1356 1085 uitam
1380 1034 1639 1086 aeternam
1657 1030 1731 1085 do
1754 1032 1851 1085 eis.
1875 1028 2119 1101 (Iocum,
2140 1041 2201 1097 x,
2231 1028 2347 1101 28.)
2376 1031 2547 1097 Quod

111 1098 358 1172 quidem
381 1102 545 1156 esset
570 1112 819 1157 summae
843 1099 1162 1170 superbiae,
1186 1099 1239 1158 si
1279 1100 1384 1157 ille
1421 1100 1603 1158 homo
1652 1100 1909 1172 loquens
1955 1112 2077 1156 non
2120 1104 2283 1157 esset
2328 1113 2548 1159 secun-
2578 1099 2589 1108 '

110 1183 252 1230 cum
280 1168 653 1241 hypostasim
683 1169 811 1239 ipse
841 1172 1022 1240 Deus,
1050 1170 1156 1228 sed
1199 1170 1399 1228 solum
1423 1171 1667 1227 baberet
1706 1173 1891 1228 Deum
1923 1169 2372 1227 inhabitantem.
2426 1173 2548 1230 Hoc

113 1245 316 1298 autem
348 1239 578 1297 homini
607 1240 839 1297 Christo
867 1252 991 1299 non
1039 1241 1341 1313 competit,
1398 1241 1500 1312 qui
1543 1241 1617 1298 de
1662 1255 1729 1299 se
1778 1241 1917 1298 dicit
1944 1259 1963 1295 :
1989 1242 2193 1296 Discite
2219 1258 2255 1295 a
2280 1257 2382 1304 me,
2415 1244 2548 1311 qaia

110 1313 417 1437 αἰεὶῗιῗμτη
446 1313 500 1436 εἴ
525 1310 748 1437 &milis
773 1310 949 1368 corde.
972 1310 1218 1383 (natm,
1232 1324 1321 1382 xi,
1347 1311 1461 1384 29.)
1493 1314 1597 1369 Est
1618 1311 1803 1385 igitur
1826 1310 2033 1369 eadem
2052 1324 2311 1381 persona
2352 1312 2548 1369 homi-

113 1395 208 1440 nis
310 1394 410 1438 ius
441 1395 474 1437 e
609 1396 649 1438 1.

177 1454 480 1514 Praeterea,
505 1449 660 1509 sicut
687 1450 901 1524 legitur
927 1451 985 1509 in
1018 1452 1332 1523 scripturis
1356 1453 1516 1526 quod
1544 1453 1727 1512 homo
1754 1452 1857 1510 ille
1877 1457 1971 1510 est
1989 1452 2283 1510 exaltatus
2306 1452 2549 1523 (dicitur

112 1521 278 1602 enim
309 1513 598 1602 {Dextera
618 1523 720 1577 Dei
744 1523 1016 1578 exaltatus
1054 1522 1230 1594 μοι,
1272 1537 1340 1590 11,
1380 1524 1492 1596 33],
1522 1524 1685 1596 etc.)‚
1716 1524 1802 1583 ita
1840 1523 2057 1596 legitur
2084 1523 2242 1596 quod
2275 1526 2433 1582 Deus
2470 1526 2549 1583 sit

113 1599 457 1650 exinanitus
490 1610 505 1649 :
720 1594 732 1606 '
927 1595 1237 1649 eoeinanivit
1285 1593 1476 1665 (Phia,
1533 1606 1601 1663 1¹,
1651 1593 1732 1666 7),
1781 1599 1893 1652 etc.
1923 1593 2084 1651 Sicut
2130 1593 2312 1667 igitur
2361 1596 2547 1654 subli-

114 1663 245 1720 mia
269 1667 528 1743 possunt
555 1662 672 1719 dici
742 1678 774 1720 e
804 1663 1046 1744 homine
1073 1664 1179 1722 illo
1208 1665 1438 1722 ratione
1470 1663 1730 1732 unionis,
1760 1669 1829 1722 ut
1854 1664 2015 1738 quod
2055 1664 2137 1723 sit
2176 1668 2355 1733 Deus,
2386 1666 2549 1739 quod

113 1736 440 1814 resuscitet
465 1738 737 1791 mortuos
767 1738 825 1789 et
852 1734 973 1792 alia
998 1733 1362 1806 hujusmodi,
1395 1737 1480 1792 ita
1510 1735 1584 1792 de
1613 1737 1734 1793 Deo
1762 1738 2020 1806 possunt
2044 1734 2159 1792 dici
2188 1735 2460 1807 humilia,
2484 1741 2555 1796 ut

113 1803 276 1877 quod
306 1809 386 1862 sit
414 1809 592 1862 natus
618 1803 692 1860 de
719 1804 971 1875 virgine,
1000 1818 1240 1876 passus,
1273 1811 1547 1863 mortuus
1575 1811 1635 1863 et
1670 1805 1964 1877 sepultus.

181 1874 411 1954 Adhuc,
449 1873 694 1932 relativa
720 1879 838 1932 tam
869 1874 1050 1933 verba
1071 1889 1250 1947 quam
1279 1876 1639 1956 pronomina
1651 1876 1807 1933 idem
1838 1876 2212 1947 suppositum
2252 1875 2545 1948 referunt3

114 1944 264 2005 dicit
289 1958 452 2002 euim
473 1945 820 2015 Apostolus,
852 1945 1106 2017 loquens
1131 1946 1202 2002 de
1232 1947 1378 2005 Filio
1401 1947 1505 2003 Dei
1533 1965 1549 2004 :
1577 1949 1643 2005 ln
1663 1949 1782 2017 ipso
1810 1948 2028 2004 condita
2053 1952 2185 2003 sicut
2204 1951 2463 2005 universa
2488 1952 2553 2004 iii

113 2016 283 2080 coetis,
327 2020 380 2072 et
411 2018 470 2070 im
497 2019 664 2085 terra,
689 2015 934 2071 visibilia
960 2020 1012 2071 et
1037 2018 1341 2073 invisibilia
1367 2017 1610 2090 (coloss,
1640 2031 1685 2087 1,
1718 2017 1843 2087 16);
1870 2021 1931 2074 et
1956 2023 2166 2088 postea
2201 2019 2399 2075 subdit
2431 2037 2446 2076 ε
2476 2022 2551 2077 Bt

124 2088 137 2101 ⁶
254 2091 340 2143 est
548 2088 787 2212 coi-ficus·
812 2087 1081 2154 Ecclesia,
1103 2090 1203 2156 qm·
1244 2095 1324 2144 est
1441 2090 1453 2102 “
1523 2090 1717 2159 ipium,
1760 2089 2156 2159 primoqem'tus
2196 2104 2269 2143 σω
2300 2092 2546 2149 mor-mis.

130 2156 306 2220 ibid„
332 2159 419 2214 ts.
474 2156 628 2214 Mani
655 2159 848 2214 estum
879 2164 972 2214 est
999 2160 1196 2238 autem
1225 2173 1344 2237 quo
1415 2159 1530 2216 hoc
1603 2158 1721 2215 uod
1766 2157 1982 2215 dicitur
2011 2176 2029 2214 ε
2055 2160 2121 2214 In
2158 2160 2279 2228 ipso
2322 2159 2546 2219 condita

110 2231 248 2285 sunt
275 2229 558 2290 uiiiversa,
588 2226 666 2284 ad
693 2226 943 2284 Verbum
972 2230 1078 2284 Dei
1099 2232 1382 2299 pertinet3
1430 2242 1550 2300 quo
1633 2234 1832 2286 autem
1862 2228 2079 2285 dicitur
2105 2247 2119 2286 ε
2150 2231 2550 2298 Primoqenitur

110 2314 178 2355 eat
199 2299 458 2366 mortuis,
489 2297 719 2354 homini
746 2296 977 2355 Christo
1006 2299 1310 2368 competit.
1347 2299 1440 2356 Sic
1461 2298 1641 2370 igitur
1668 2299 1771 2356 Dei
1797 2299 2049 2355 Verbum
2079 2304 2135 2355 et
2166 2299 2349 2356 homo
2380 2301 2545 2358 Cbri-

111 2374 250 2427 stus
279 2373 426 2427 sunt
456 2381 640 2425 unum
684 2368 1059 2439 suppositum
1108 2374 1169 2425 et
1208 2383 1313 2439 per
1347 2383 1728 2440 consequens
1754 2381 1875 2426 una
1895 2382 2184 2438 persona;
2211 2375 2269 2425 et
2315 2376 2551 2440 oportet

110 2437 278 2512 quod
308 2437 600 2510 quidquid
626 2437 838 2496 dicitur
861 2438 936 2497 de
963 2438 1207 2495 homine
1235 2439 1341 2495 illo
1366 2439 1595 2494 dicatur
1622 2438 1695 2494 de
1723 2438 1911 2495 Verbo
1940 2439 2062 2504 Dei,
2089 2444 2148 2493 et
2172 2453 2203 2493 e
2231 2453 2543 2497 converso.

176 2512 340 2573 Item,
367 2508 878 2579 Apostolusdicit:
912 2510 1058 2566 Unus
1085 2511 1343 2566 Dominus
1369 2511 1522 2565 Iesus
1542 2509 1807 2578 Christus,
1815 2524 1919 2578 per
1935 2511 2305 2578 quemomriia,
2332 2509 2384 2581 (1
2400 2511 2544 2581 Gor„

110 2594 252 2651 vm,
279 2580 364 2652 6.)
393 2580 770 2639 Manifestum
795 2584 892 2637 est
915 2586 1112 2637 autem
1140 2579 1298 2651 quod
1326 2582 1479 2635 Iesus
1509 2579 1777 2641 clii-istus,
1822 2592 2041 2635 nomen
2090 2579 2251 2635 illius
2284 2580 2547 2639 bominis

113 2667 220 2724 pei·
249 2664 431 2724 quem
459 2652 686 2715 omnia,
714 2651 989 2709 convenit
1016 2650 1205 2709 Verbo
1234 2650 1357 2708 Dei.
1385 2650 1524 2707 Sici
1572 2650 1687 2707 itur
1713 2648 1964 2707 Verbum
2010 2648 2114 2706 Dei
2142 2654 2196 2705 et
2227 2649 2408 2707 bomo
2442 2650 2543 2710 ille

111 2727 261 2781 sunt
292 2734 451 2779 unus
480 2721 790 2791 Dominus,
815 2734 928 2779 nec
955 2720 1076 2779 duo
1106 2720 1331 2778 domini
1359 2734 1470 2778 nec
1556 2733 1633 2777 uo
1660 2718 1785 2787 filii,
1816 2725 1881 2776 ut
1925 2719 2235 2776 Nestorius
2280 2720 2540 2793 dicebat;

110 2799 170 2851 et
197 2807 277 2850 ex
304 2792 422 2849 hoc
450 2791 704 2849 ulterius
729 2791 997 2863 sequitur
1024 2790 1182 2864 quod
1229 2791 1400 2849 Verbi
1425 2791 1528 2848 Dei
1560 2796 1618 2847 et
1646 2790 1905 2848 hominis
1938 2790 2011 2847 sit
2040 2804 2159 2847 una
2188 2803 2464 2860 persona.

182 2862 250 2921 si
279 2862 416 2934 quis
446 2866 648 2919 autem
675 2860 991 2943 diligenter
1035 2861 1389 2928 consideret,
1433 2860 1563 2918 haec
1606 2861 1857 2918 Nestorii
1907 2860 2110 2931 opinio
2149 2867 2436 2931 quantum
2466 2862 2542 2920 ad

108 2932 550 2991 incarnationis
570 2935 921 3005 mysterium
948 2946 1158 3002 parum
1200 2930 1395 2990 differt
1421 2932 1494 2989 ab
1523 2931 1803 3001 opinione
1838 2931 2095 2998 Photini,
2137 2930 2275 3003 quia
2296 2938 2541 3003 uterque

110 3002 424 3062 hominem
455 3001 628 3059 illum
672 3004 862 3059 Deum
901 3003 1212 3060 assei-ebat
1248 3003 1446 3059 solum
1493 3008 1737 3073 propter
1772 3002 2259 3059 inhabitationem
2290 3002 2493 3075 gratiae
2526 3021 2541 3072 ;

110 3072 394 3146 quamvis
421 3072 715 3129 Photinus
742 3070 956 3129 dixerit
983 3072 1267 3144 quoditie
1309 3073 1490 3130 homo
1544 3086 1764 3130 nomen
1817 3072 2143 3129 divinitatis
2186 3077 2242 3128 et
2286 3074 2540 3145 gloriam

107 3157 226 3215 per
250 3143 600 3224 passionem
626 3147 685 3200 et
706 3140 870 3200 bona
898 3155 1079 3213 opera
1107 3142 1342 3212 meruit,
1372 3145 1678 3201 Nestorius
1705 3147 1901 3201 autem
1923 3143 2243 3200 confessus
2271 3150 2361 3200 est
2381 3143 2541 3215 quod

109 3228 154 3272 a
182 3213 482 3295 principio
509 3225 635 3271 suae
664 3213 1077 3284 conceptionis
1106 3212 1450 3284 hujusmodi
1494 3227 1716 3271 nomen
1750 3218 1808 3270 et
1834 3213 2087 3286 gloriam
2133 3213 2339 3271 habuit
2368 3228 2543 3284 prop-

110 3290 211 3342 ter
233 3283 654 3356 plenissimam
688 3283 1118 3342 habitationem
1165 3285 1268 3341 Dei
1317 3286 1379 3343 in
1436 3285 1592 3355 ipso.
1643 3284 1807 3342 Circa
1853 3283 2297 3356 generationem
2344 3290 2543 3342 autem

107 3359 404 3413 aeternam
447 3353 642 3424 vei-bi,
688 3354 940 3412 multum
983 3353 1364 3426 differebant3
1411 3367 1552 3417 nam
1598 3354 1910 3416 Nestorius
1950 3368 2083 3415 eam
2128 3353 2545 3426 confitebatur,

111 3418 416 3487 §honnus
444 3437 588 3484 vero
615 3424 875 3498 negabat
908 3424 1180 3486 omnino.

1057 3643 1318 3710 CAPUT
1365 3643 1606 3709 XXXV.

827 3822 1059 3873 domu
1117 3820 1392 3870 mom
1461 3818 1847 3871 Eunomus.

39 3960 52 3993 ³
187 3989 345 4059 Quia
370 4000 542 4070 ergo,
568 3986 728 4045 sicut
753 3985 1165 4114 multipliciter
1192 3990 1504 4043 ostensum
1533 3933 1648 4054 est,
1678 3985 1765 4045 ita
1799 3989 2037 4059 oportet
2062 3987 2414 4062 mysterium
2455 3988 2549 4047 in-

104 4059 494 4119 carnationis
521 4057 776 4130 intelligi
795 4071 915 4130 quo
978 4056 1149 4115 Verbi
1179 4055 1282 4113 Dei
1301 4061 1369 4137 ‘et
1396 4055 1662 4136 hominis
1680 4056 1758 4113 sit
1774 4072 1895 4115 una
1916 4058 2243 4131 eademque
2268 4074 2546 4133 persona,

99 4130 269 4190 rolin
315 4131 481 4189 uitur
504 4134 708 4186 tamen
732 4127 1002 4200 quedam
1028 4127 1192 4186 circa
1212 4126 1393 4198 huius
1423 4131 1688 4184 veritatis
1719 4128 2263 4187 considerationem
2289 4129 2544 4189 difficul-

101 4207 234 4260 tas.
263 4145 548 4259 flaturam
573 4199 738 4280 enim
765 4198 1027 4256 divinam
1056 4210 1305 4255 necesse
1332 4201 1426 4255 est
1448 4201 1514 4252 ut
1544 4208 1653 4253 sua
1677 4198 2074 4268 personalitas
2115 4207 2543 4272 consequatur.

98 4271 407 4332 Similiter
427 4275 622 4330 autem
657 4269 887 4327 videtur
907 4273 965 4325 et
993 4267 1068 4349 de
1093 4269 1356 4327 humana
1399 4273 1612 4324 natura
1626 4284 1647 4348 3,
1668 4280 1806 4325 iiam
1837 4282 2015 4326 omne
2063 4270 2222 4341 quod
2264 4264 2579 4329 subsistit·

103 4343 184 4400 in
209 4342 599 4400 intellectuali
642 4340 737 4399 vel
765 4338 1044 4398 rationali
1077 4344 1292 4397 natura
1314 4337 1493 4396 habet
1537 4343 1832 4395 rationem
1872 4352 2164 4409 personae.
2213 4342 2379 4398 Unde
2424 4354 2548 4398 non

102 4411 352 4543 {idetur
378 4425 516 4473 esse
543 4409 836 4485 possibile
867 4407 1031 4484 quod
1059 4409 1143 4470 sit
1166 4422 1286 4471 una
1317 4420 1583 4483 persona
1609 4413 1668 4465 et
1694 4409 1818 4467 sint
1835 4408 1968 4502 duae
1994 4416 2240 4482 naturae,
2269 4412 2472 4470 divina
2493 4413 2549 4467 et
