3076 5025
287 322 393 378 238
1133 313 1267 368 Lm.
1309 312 1380 374 ii,
1421 311 1575 367 CAP.
1616 310 1874 368 Lxxxlx.

289 438 656 511 ambi-yonis,
682 435 914 494 ratione
930 433 1170 492 virtutis
1189 433 1549 506 generativae
1572 450 1587 490 ε
1616 437 1744 490 tum
1768 431 1913 504 quia
1929 431 2022 489 vis
2037 432 2380 505 generativa
2402 445 2524 514 non
2546 431 2733 492 habet

294 524 467 570 suam
512 507 921 579 operationem
971 506 1089 563 nisi
1138 503 1436 575 completo
1465 516 1646 584 opere
1675 503 1972 560 nutritivae
2004 508 2063 560 et
2088 509 2548 576 augmentativae
2590 516 2731 576 quo

289 582 344 640 ei
392 578 755 640 deserviunt,
807 589 991 649 quum
1039 588 1325 648 generem
1365 574 1447 632 sit
1490 587 1614 646 Jam
1644 574 1888 654 perfecti
1917 592 1931 641 ;
1963 578 2089 630 tum
2118 574 2261 645 quia
2290 587 2444 645 opus
2473 587 2732 656 genera·-

287 650 424 709 tivae
457 663 577 708 non
605 648 916 706 ordinatur
942 646 1017 704 ad
1050 646 1471 717 perfectionem
1505 645 1522 700 i
1570 645 1701 702 sius
1730 644 2042 725 individui²
2071 644 2178 725 sed
2222 645 2296 702 ad
2326 646 2549 715 speciei
2579 657 2734 704 con-

290 722 709 780 servationem.
756 721 873 774 Nec
912 717 1089 774 etiam
1138 720 1335 787 potest
1383 714 1517 772 attri
1565 715 1625 774 ui
1654 714 1855 775 virtuti
1884 720 2202 782 nutrium,
2244 715 2604 796 quusopns
2631 719 2738 775 est

292 791 627 851 assimilare
657 789 1087 845 nutrimentum
1118 788 1364 854 nutrit0,
1392 786 1554 857 qnod
1583 785 1682 843 hic
1712 798 1834 843 non
1864 790 2145 855 apparet;
2175 799 2299 842 non
2342 799 2503 843 enim
2535 786 2733 845 nutri-

288 867 558 920 mentum
602 860 662 916 in
695 871 983 930 processu
1032 857 1409 914 formationis
1437 855 1695 913 trahitur
1734 856 1797 913 in
1838 855 2297 913 similitudinem
2339 856 2733 927 praeexisten-

288 933 391 1002 tis,
437 932 552 990 sed
592 929 941 1000 producitur
988 926 1062 984 ad
1107 927 1522 999 perfectiorem
1570 926 1822 984 formam
1871 931 1927 983 et
1958 926 2306 985 viciniorem
2338 927 2727 987 similitudini

291 1003 501 1075 patris.
536 999 822 1057 Similiter
849 1010 959 1056 nec
988 998 1465 1070 augmentativae‚
1488 996 1563 1055 ad
1593 1009 1772 1069 quam
1804 1008 1925 1054 non
1952 997 2208 1067 pertinet
2231 996 2485 1056 mutatio
2514 1009 2731 1056 secun-

292 1073 434 1131 dum
480 1072 754 1137 sormam,
805 1068 911 1126 sed
958 1067 1156 1126 solum
1206 1068 1537 1126 secundum
1565 1068 1980 1194 quantitatem.
2011 1069 2093 1124 De
2118 1068 2411 1149 sensitiva
2438 1073 2641 1150 antem
2670 1071 2733 1127 et

289 1141 655 1200 intellectiva
700 1143 861 1220 patet
901 1139 1063 1210 quod
1111 1151 1233 1196 non
1277 1138 1499 1196 habent
1542 1151 1578 1195 a
1603 1137 1784 1211 iquod
1837 1150 1992 1219 opus
2015 1137 2359 1218 formationi
2385 1138 2489 1196 tali
2518 1150 2735 1210 appro-

288 1213 570 1286 priatum.
600 1209 976 1281 Relinquitur
1003 1209 1188 1282 igitur
1214 1209 1374 1281 quod
1400 1209 1678 1267 sonnatio
1693 1221 1987 1279 corporis,
2017 1222 2312 1279 praecipue
2339 1215 2627 1282 quantum
2649 1208 2731 1269 ad

289 1283 518 1356 primas
560 1286 620 1338 et
661 1279 1022 1351 principales
1064 1284 1283 1351 partes,
1317 1292 1441 1337 non
1469 1284 1562 1337 est
1586 1279 1660 1336 ab
1690 1279 1892 1336 anima
1914 1279 2135 1351 genita,
2169 1293 2279 1336 nec
2307 1294 2344 1336 a
2369 1281 2587 1337 virtute
2613 1280 2737 1339 for·

292 1353 515 1412 mativa
565 1356 778 1423 agente
825 1364 897 1406 ex
924 1350 982 1407 vi
1008 1350 1160 1421 ejuS,
1192 1350 1300 1407 sed
1327 1354 1541 1421 agente
1577 1363 1649 1407 ex
1677 1350 1734 1407 vi
1764 1350 1980 1407 animae
2008 1350 2363 1422 generativis
2390 1350 2598 1422 patris,
2629 1364 2737 1410 cu·

286 1422 390 1496 jus
435 1436 588 1494 opus
629 1426 722 1478 est
773 1421 967 1478 facere
1016 1420 1216 1478 simile
1243 1420 1553 1502 generanti
1584 1419 1916 1479 secundum
1944 1420 2227 1491 speciem.
2260 1422 2397 1477 l-laee
2419 1420 2606 1503 igitur
2630 1421 2731 1480 vis

292 1493 608 1551 formative
639 1491 844 1549 eadem
875 1498 1076 1548 manet
1101 1491 1162 1547 in
1190 1491 1401 1562 spiritu
1430 1490 1735 1561 praedicto,
1758 1505 1795 1548 a
1816 1490 2111 1562 principio
2138 1491 2514 1550 formationis
2534 1504 2608 1550 us

291 1564 358 1621 in
404 1562 624 1633 finem3
669 1562 904 1632 species
951 1569 1151 1618 tamen
1193 1561 1430 1619 formati
1469 1575 1595 1619 non
1640 1567 1843 1619 manet
1868 1561 2117 1630 eadem3
2160 1574 2300 1619 nam
2333 1563 2523 1633 primo
2549 1562 2628 1620 ha
2707 1567 2737 1620 t

291 1634 549 1692 formam
600 1633 872 1701 seminis,
923 1637 1134 1703 postea
1181 1632 1520 1704 sanguinis,
1554 1636 1616 1689 et
1643 1632 1733 1690 sic
1758 1632 1899 1689 inde
1924 1644 2239 1704 quousque
2268 1632 2467 1690 veniat
2491 1633 2565 1690 ad
2598 1632 2739 1690 ulti-

294 1718 461 1767 mum
506 1703 1029 1774 complementum.
1072 1703 1227 1759 Licet
1275 1703 1436 1760 enim
1485 1701 1795 1774 generatio
1842 1702 2205 1773 simplicium
2252 1716 2358 1761 cor
2399 1716 2571 1761 orum
2598 1716 2731 1761 non

297 1774 583 1856 procedat
623 1772 955 1831 secundum
1006 1772 1301 1854 ordinem,
1350 1786 1423 1830 eo
1464 1773 1625 1844 quod
1672 1772 1981 1854 quodlibet
2020 1786 2225 1831 eorum
2272 1774 2308 1831 h
2392 1780 2448 1831 et
2472 1774 2735 1855 formam

297 1845 707 1902 immediatam
755 1843 1020 1901 materiae
1065 1857 1294 1914 prlmae,
1343 1844 1408 1900 in
1454 1849 1839 1913 generatione
1878 1849 2079 1901 tamen
2109 1857 2424 1915 corporum
2469 1844 2735 1904 aliorum

301 1920 535 1987 oportet
580 1928 715 1973 esse
758 1914 1216 1986 generationum
1245 1914 1538 1982 ordinem,
1572 1919 1812 1986 propter
1838 1914 2060 1972 multas
2087 1915 2314 1972 formas
2341 1914 2747 1975 intermedias·

292 1987 450 2044 inter
492 1985 744 2056 primam
789 1985 1039 2042 formam
1095 1985 1372 2045 elementi
1409 1989 1481 2040 -et
1504 1984 1779 2042 ultimam
1810 1984 2062 2043 formam
2092 1985 2167 2042 ad
2194 1998 2372 2057 quam
2418 1986 2737 2058 generatio

297 2056 647 2125 ordin-atum
692 2060 752 2113 et
777 2055 915 2113 ideo
961 2060 1104 2112 sunt
1135 2048 1338 2112 multae
1383 2054 1805 2125 generationes
1829 2061 1887 2112 et
1913 2056 2329 2127 corruptiones
2358 2070 2492 2115 sese
2522 2069 2739 2116 conse-

337 2131 570 2183 nentes.

295 2141 332 2199 q
369 2199 485 2253 Nec
530 2200 622 2253 est
667 2193 1101 2252 inconveniens
1149 2193 1210 2252 si
1251 2193 1480 2266 aliquid
1527 2195 2017 2253 intermediorum
2052 2202 2389 2267 generatur,
2421 2201 2481 2254 et
2523 2197 2735 2256 statim

299 2266 688 2338 postmodum
715 2265 1190 2336 interrumpitur,
1219 2264 1362 2336 qnia
1389 2264 1746 2324 intermedia
1773 2279 1895 2324 non
1925 2266 2147 2324 habent
2174 2268 2435 2338 speciem
2463 2268 2735 2339 compie-

294 2342 442 2405 tam,
475 2336 582 2394 sed
612 2341 753 2393 sunt
780 2341 842 2393 ut
870 2335 970 2392 via
1002 2335 1078 2392 ad
1106 2335 1368 2406 speciem
1393 2352 1408 2403 3
1437 2341 1499 2392 et
1522 2337 1658 2395 ideo
1686 2350 1807 2395 non
1838 2343 2199 2409 generantur
2227 2343 2292 2396 ut
2317 2343 2739 2409 permaneant,

297 2407 402 2465 sed
436 2412 501 2464 ut
544 2420 650 2488 per
677 2421 748 2464 ea
782 2407 856 2464 ad
884 2405 1160 2464 ultimum
1191 2411 1538 2477 generatum
1579 2407 1973 2478 perveniamr.
2007 2410 2126 2466 Nec
2157 2414 2248 2465 est
2275 2409 2490 2466 mirum
2522 2409 2739 2467 sitota

299 2477 710 2558 generationis
740 2477 1162 2535 transmutatio
1181 2488 1305 2535 non
1332 2481 1425 2535 est
1450 2478 1757 2548 continua,
1781 2478 1886 2536 sed
1906 2484 2049 2537 sunt
2077 2479 2280 2537 multae
2308 2477 2739 2552 generationes

294 2549 686 2616 intermediae,
719 2549 862 2621 quia
889 2549 1006 2606 hoc
1034 2548 1212 2606 etiam
1243 2548 1459 2606 accidit
1477 2549 1544 2605 in
1569 2549 1921 2610 alteratione
1946 2553 2006 2606 et
2031 2556 2355 2624 augmento
2378 2569 2392 2619 ;
2424 2564 2545 2609 non
2564 2551 2735 2609 enim

295 2624 386 2676 est
427 2624 553 2677 tota
600 2619 869 2677 alteratio
912 2619 1200 2677 continua
1246 2633 1439 2692 neque
1482 2625 1674 2678 totum
1719 2626 2127 2694 augmentum,
2162 2621 2266 2678 sed
2297 2620 2495 2679 solum
2526 2627 2737 2680 motus

293 2688 510 2747 localis
555 2696 648 2747 est
691 2703 828 2746 vere
874 2690 1220 2758 continuuS,
1251 2695 1319 2746 ut
1343 2695 1504 2762 patet
1551 2690 1615 2747 in
1643 2696 1853 2750 octavo
1879 2691 2250 2759 Physicorinn.
2282 2693 2517 2759 Quanto
2543 2692 2741 2764 igitur

295 2758 500 2831 aliqua
547 2760 742 2818 forma
769 2765 861 2818 est
889 2760 1152 2819 nobilior
1177 2765 1236 2817 et
1257 2761 1453 2841 magis
1486 2761 1720 2819 distans
1742 2776 1779 2819 a
1808 2762 2001 2842 forma
2026 2762 2325 2834 elementi,
2357 2768 2522 2820 tanto
2549 2775 2733 2843 opor·

294 2834 378 2886 tet
409 2843 544 2887 esse
573 2831 778 2902 plures
806 2831 1031 2888 forinas
1060 2831 1447 2889 intermedias
1477 2831 1698 2904 quibus
1727 2832 2017 2913 gradatim
2050 2832 2123 2890 ad
2162 2835 2414 2890 formam
2456 2832 2733 2891 ultimam

293 2899 593 2969 veniatur,
620 2905 678 2956 et
707 2914 811 2970 per
837 2914 1218 2972 consequens
1246 2901 1448 2972 plures
1478 2908 1896 2973 generationes
1924 2903 2188 2972 medias3
2221 2910 2274 2960 et
2299 2903 2435 2961 ideo
2456 2904 2522 2960 in
2545 2918 2733 2976 gene—

294 2970 527 3027 ratione
546 2970 833 3027 animalis
884 2977 941 3028 et
998 2971 1284 3039 hominis,
1316 2972 1377 3028 in
1433 2972 1655 3043 quibus
1702 2979 1794 3031 est
1840 2973 2031 3031 forma
2080 2974 2535 3045 perfectissima,
2582 2979 2737 3032 sunt

292 3038 568 3110 plurimae
599 3040 804 3097 sormae
846 3046 903 3097 et
953 3041 1372 3119 generationes
1418 3041 1808 3112 intermediis,
1840 3049 1898 3101 et
1939 3058 2047 3116 per
2072 3057 2452 3125 consequens
2482 3055 2733 3115 corrup-

295 3109 516 3176 tiones,
544 3109 686 3180 quia
728 3116 1036 3190 generatio
1078 3112 1260 3168 unius
1290 3116 1383 3169 est
1406 3114 1711 3184 corruptio
1741 3114 2009 3172 alterius.
2036 3115 2248 3172 Anima
2281 3117 2467 3187 igitur
2488 3119 2730 3187 vegeta-

294 3179 455 3248 biliS,
531 3195 619 3237 uae
661 3193 856 3251 primo
902 3180 1059 3238 inest
1106 3195 1291 3253 quum
1335 3182 1579 3256 embryo
1630 3184 1776 3240 vivit
1798 3185 1921 3243 vita
1946 3185 2185 3257 plantae,
2216 3185 2635 3257 corrumpitur,
2663 3190 2734 3243 et

296 3262 474 3307 succe
521 3251 562 3307 it
610 3250 813 3308 anima
855 3251 1174 3322 perfectior
1262 3265 1357 3309 uae
1400 3258 1492 3310 est
1532 3254 1819 3312 nutritiva
1844 3261 1903 3312 et
1929 3257 2220 3314 sensitiva
2260 3257 2466 3326 simul,
2496 3263 2554 3312 et
2579 3262 2733 3314 tnnc

296 3321 540 3393 embryo
571 3321 711 3377 vivit
739 3321 860 3378 vita
886 3321 1166 3379 animalis
1193 3339 1207 3388 ;
1283 3337 1351 3380 ac
1380 3329 1580 3381 autem
1612 3338 1786 3383 corru
1831 3332 1910 3396 ta,
1942 3327 2215 3385 succedit
2238 3328 2442 3384 anima
2466 3326 2731 3385 rationa-

295 3390 373 3448 lis
395 3391 467 3449 ab
498 3393 833 3452 extrinseco
863 3390 1156 3454 immissa,
1188 3392 1328 3451 licet
1358 3395 1759 3465 praecedentes
1815 3397 2010 3453 uerint
2034 3397 2248 3455 virtute
2270 3396 2545 3455 seminis.

368 3462 471 3519 His
501 3462 685 3533 igitur
711 3462 861 3520 visis
887 3463 1062 3520 facile
1091 3468 1182 3521 est
1205 3465 1566 3536 respondere
1594 3466 1669 3524 ad
1699 3466 1949 3538 objecta.

367 3532 537 3599 Quod
566 3533 723 3591 enim
753 3533 946 3614 primo
976 3533 1273 3605 objicitur,
1306 3541 1579 3606 oportere
1623 3537 1882 3595 animam
1913 3537 2258 3596 sensitivam
2288 3539 2564 3596 eumdem
2592 3551 2727 3597 mo-

295 3600 436 3682 dum
470 3603 724 3675 originis
746 3617 813 3685 ‚¹¹¹
842 3604 1086 3684 homine
1124 3610 1182 3662 et
1223 3605 1287 3662 in
1333 3605 1526 3664 brutis
1557 3607 1795 3677 habere,
1826 3623 1899 3665 ex
1953 3621 2027 3666 eo
2068 3609 2227 3680 quod
2279 3609 2501 3668 animal
2530 3609 2603 3666 de
2630 3608 2725 3668 eis

293 3685 547 3734 univoce
577 3675 953 3744 praedicatur,
982 3674 1240 3733 dicimus
1261 3675 1375 3734 hoc
1405 3679 1815 3736 necessarium
1846 3692 1968 3736 non
1993 3691 2148 3736 esse.
2184 3679 2304 3737 Etsi
2336 3680 2497 3737 enim
2520 3680 2731 3740 anima

294 3745 586 3821 sensitiva
618 3746 680 3801 in
728 3745 972 3804 homine
1006 3751 1064 3802 et
1115 3746 1293 3804 bruto
1337 3749 1697 3806 conveniant
1743 3749 2071 3808 secundum
2117 3750 2358 3822 generis
2403 3749 2723 3821 rationem,

295 3811 578 3874 differunt
604 3820 802 3874 tamen
834 3816 1054 3887 specie,
1087 3816 1240 3874 sicut
1268 3823 1326 3874 et
1354 3832 1423 3875 ea
1470 3832 1725 3889 quorum
1770 3826 1911 3878 sunt
1941 3820 2187 3888 forinae;
2218 3821 2563 3878 sicutenim
2591 3821 2725 3879 ani-

293 3884 415 3962 mal
448 3885 607 3955 quod
654 3893 746 3943 est
795 3887 975 3944 homo
1023 3887 1097 3943 ab
1139 3887 1276 3944 aliis
1305 3888 1671 3947 animalibus
1715 3891 1917 3962 specie
1944 3889 2141 3948 diflert
2168 3905 2274 3961 per
2298 3892 2411 3949 hoc
2437 3891 2601 3963 quod
2627 3897 2735 3950 est

293 3956 606 4031 rationale,
633 3956 719 4014 ita
756 3957 961 4018 anima
1004 3957 1293 4014 sensitiva
1338 3959 1603 4017 hominis
1650 3959 1723 4018 ab
1767 3961 1967 4018 anima
2001 3961 2289 4019 sensitiva
2329 3961 2489 4019 bruti
2519 3963 2729 4033 specie

293 4020 491 4079 differt
521 4039 624 4096 per
653 4028 768 4108 hoc
791 4028 950 4108 quod
980 4034 1073 4085 est
1100 4029 1276 4085 etiam
1312 4028 1686 4088 intellectiva.
1714 4031 1926 4088 Anima
1949 4032 2134 4103 igitur
2163 4033 2224 4088 in
2254 4031 2429 4090 bruto
2453 4031 2632 4089 habet
2658 4032 2727 4091 id

293 4091 451 4163 quod
483 4101 575 4151 est
604 4103 958 4156 sensitivum
986 4105 1215 4156 tantum
1241 4104 1299 4156 et
1325 4112 1430 4170 per
1459 4114 1643 4159 conse
1687 4115 1838 4159 uens
1859 4116 1969 4159 nec
1988 4115 2124 4160 esse
2151 4115 2261 4160 nec
2288 4103 2420 4174 ejus
2448 4103 2729 4174 operatio

291 4175 478 4242 supra
504 4177 721 4235 corpus
750 4169 1049 4238 elevatum
1089 4170 1246 4228 unde
1276 4175 1509 4240 oportet
1536 4185 1657 4245 quo
1727 4172 1909 4229 simul
1932 4186 2068 4232 cnm
2096 4174 2487 4245 generatione
2512 4187 2585 4232 oo
2660 4186 2729 4233 o-

288 4245 376 4313 ris
405 4240 742 4313 generetur,
773 4244 829 4295 et
878 4253 1014 4298 cum
1063 4241 1445 4311 corruptione
1495 4247 1929 4314 corrumpatur.
1962 4244 2175 4301 Anima
2198 4250 2396 4300 autem
2428 4244 2592 4302 sensi
2644 4258 2723 4304 va

285 4316 354 4359 in
382 4302 646 4374 homine,
676 4320 858 4377 quum
881 4309 1097 4389 babeat
1124 4324 1306 4382 supra
1333 4312 1683 4371 sensitivam
1713 4319 1986 4371 naturam
2015 4314 2134 4371 vim
2168 4314 2615 4383 intellectivam,
2642 4328 2721 4374 ex

288 4387 407 4447 qua
435 4380 668 4446 oportet
693 4378 853 4448 quod
895 4394 1028 4451 ipsa
1075 4382 1410 4440 substantia
1438 4384 1652 4442 animae
1682 4383 1763 4442 sit
1795 4385 2125 4442 secundum
2157 4399 2293 4442 esse
2323 4391 2381 4442 et
2413 4384 2717 4456 operatio-

287 4458 426 4505 nem
471 4460 652 4518 supra
696 4460 917 4520 corpus
946 4450 1191 4522 elevata,
1224 4467 1416 4526 neque
1466 4469 1572 4525 per
1611 4456 2056 4528 generationem
2094 4456 2365 4529 corporis
2392 4461 2721 4528 generatur
