3076 5025
330 402 403 460 44
1232 397 1367 456 ΜΒ.
1404 397 1453 466 1,
1490 396 1645 455 GAP.
1681 394 1839 454 xm.

401 522 621 591 Adhuc,
649 533 787 579 cum
829 519 1295 593 unumquodque
1342 517 1663 591 appetibile
1704 516 1785 575 sit
1829 518 2069 588 propter
2113 513 2317 586 finem,
2364 512 2506 573 boni
2552 518 2752 572 autem

330 592 484 650 ratio
513 590 806 650 consistat
833 590 898 648 in
927 590 1042 649 boc
1090 589 1249 671 quod
1301 595 1393 647 est
1431 586 1773 669 appetibile,
1801 591 2035 668 oportet
2075 586 2236 659 quod
2280 583 2753 666 unumquodque

332 662 564 721 dicatur
602 661 851 730 bonum,
896 661 990 718 vel
1031 674 1174 733 quia
1217 665 1308 718 est
1346 658 1509 728 finis,
1535 658 1631 716 vel
1718 671 1834 739 uia·
1862 657 2175 738 ordinatur
2226 655 2299 714 ad
2349 653 2551 713 finem.
2583 657 2760 712 Finis

331 731 519 804 igitur
547 732 794 790 ultimus
821 736 914 790 est
941 745 976 788 a
997 745 1116 804 quo
1147 730 1350 788 omnia
1373 729 1665 788 rationem
1734 741 1837 786 oni
1866 728 2187 799 acciplunt.
2210 729 2334 785 Hoc
2372 729 2569 785 autem
2591 727 2762 783 Deus

333 806 519 860 estut
546 801 701 860 infra
730 800 880 875 (cap.
907 801 1002 874 74)
1031 801 1395 871 probabitur.
1924 869 1934 879 ι
2159 867 2170 878 ·
2414 865 2426 876 ⁸
2472 865 2484 877 ⁹

407 872 555 930 Hinc
582 877 674 931 est
740 872 860 930 uod
892 872 1181 929 Dominus
1210 882 1382 929 suam
1427 870 1723 928 visionem
1751 870 1940 942 Moysi
1982 871 2337 949 promittens
2368 866 2517 924 dicit
2543 868 2755 948 Exeo„

334 954 549 1012 xxx111‚
581 947 689 1000 19:
804 958 834 999 o
860 942 1137 999 ostendam
1163 942 1266 997 tibi
1290 956 1441 997 omne
1460 941 1683 1008 bonnam
1715 946 1775 997 et
1798 942 1955 1011 Sap„
1983 950 2095 998 vn.
2119 942 2180 996 11
2207 937 2424 996 dicitur
2447 936 2523 995 de
2551 935 2762 994 divina·

336 1012 632 1085 sapientia
660 1031 675 1072 ε
707 1014 982 1069 Venerunt
1004 1013 1144 1070 mihi
1169 1014 1354 1068 omnia
1381 1011 1523 1068 bona
1547 1013 1760 1082 pariter
1787 1009 2048 1069 camilla.
2079 1006 2126 1077 (1
2153 1013 2328 1079 part„
2351 1023 2408 1081 q.
2431 1020 2519 1073 VI,
2549 1012 2660 1069 art.
2688 1007 2772 1084 4.)

1321 1231 1575 1297 CAPUT
1610 1232 1762 1296 XLI.

1003 1410 1157 1464 QUOD
1191 1411 1342 1459 DEUS
1377 1411 1470 1457 sn·
1505 1411 1751 1458 811ssOE
1782 1409 2002 1458 nomm.

407 1578 491 1635 Ex
515 1574 632 1633 hoc
657 1576 856 1632 autem
886 1571 1224 1632 ostenditur
1249 1571 1412 1645 quod
1438 1575 1597 1631 Deus
1625 1573 1706 1631 sit
1732 1585 2035 1632 summum
2061 1571 2309 1636 bonum,
2342 1574 2489 1631 Nam
2527 1572 2756 1629 honum

337 1643 678 1706 universale
707 1643 1053 1715 praeeminet
1090 1641 1338 1701 cuilibet
1372 1642 1535 1701 bono
1575 1642 1942 1714 particulari,
1973 1643 2133 1702 sicut
2174 1643 2401 1701 bonum
2429 1641 2627 1714 gentis
2665 1647 2757 1699 est

337 1715 559 1775 melius
580 1728 756 1789 quam
783 1713 1008 1771 bonum
1033 1713 1236 1771 unius,
1273 1713 1518 1771 Bonitas
1565 1713 1725 1770 enim
1776 1714 1963 1772 totius
2004 1719 2064 1771 et
2089 1713 2375 1785 perfectio
2414 1710 2757 1785 praeeminet

338 1786 595 1846 bonitati
627 1790 687 1842 et
711 1784 1060 1856 perfectioni
1084 1783 1291 1855 partis.
1321 1783 1433 1842 Sed
1479 1783 1684 1841 divina
1725 1783 1967 1842 bonitas
2015 1788 2394 1856 comparatur
2431 1782 2506 1841 ad
2552 1783 2757 1840 omnia

338 1857 479 1925 alia,
509 1856 665 1914 sicut
690 1854 1026 1913 universale
1054 1853 1279 1912 bonum
1306 1853 1381 1913 ad
1404 1853 1780 1926 particulare,
1801 1868 1985 1927 quum
2004 1854 2084 1912 sit
2112 1853 2312 1912 omnis
2339 1853 2482 1912 boni
2504 1851 2751 1921 bonnm,

338 1933 406 1987 ut
429 1932 740 1985 ostensum
771 1932 883 1995 est,
914 1929 1006 1982 est
1032 1924 1219 1997 igitur
1244 1924 1375 1996 ipse
1404 1937 1708 1983 summum
1734 1923 1983 1983 bonum.

407 2000 696 2064 Praeterea,
733 1995 794 2053 id
821 1995 979 2068 quod
1009 2009 1115 2066 per
1142 1995 1464 2053 essentiam
1500 1995 1736 2063 dicitur,
1764 1995 1966 2053 verius
1994 1993 2213 2052 dicitur
2263 2007 2442 2067 quam
2488 1992 2550 2050 id
2593 1992 2755 2074 quod

339 2073 434 2126 est
456 2066 1094 2139 per·participationem
1122 2065 1344 2123 dictum
1374 2084 1388 2122 :
1416 2065 1522 2123 sed
1544 2068 1701 2124 Deus
1731 2071 1823 2124 est
1846 2065 2043 2124 bonus
2071 2079 2176 2136 per
2201 2078 2373 2123 suam
2404 2070 2751 2131 essentiam,

340 2137 462 2196 alia
486 2151 626 2194 vero
696 2151 759 2194 er
784 2135 1322 2208 participationem,
1352 2141 1415 2194 ut
1444 2142 1757 2194 ostensum
1802 2142 1895 2194 est
1931 2136 2080 2208 (cap.
2114 2134 2225 2208 38).
2255 2137 2357 2193 Est
2397 2135 2582 2207 igitur
2623 2134 2756 2205 ipse

338 2221 639 2269 summum
711 2220 915 2265 onum.

408 2281 562 2343 Item,
592 2278 751 2359 quod
779 2283 871 2336 est
897 2276 1224 2336 maximum
1251 2277 1317 2357 in
1338 2289 1703 2349 unoquoque
1731 2291 1971 2350 genere,
2002 2281 2095 2335 est
2122 2289 2309 2334 causa
2330 2276 2585 2334 aliorum
2616 2287 2752 2347 quae

340 2349 574 2407 suntin
603 2348 707 2406 illo
736 2361 976 2420 genere.
1008 2349 1199 2406 Causa
1225 2360 1385 2405 enim
1409 2347 1606 2418 potior
1632 2352 1726 2405 est
1773 2347 2006 2406 effectu.
2034 2350 2115 2404 Ex
2143 2348 2264 2404 Deo
2310 2352 2508 2405 autem
2550 2346 2757 2403 omnia

341 2419 564 2478 habent
598 2419 889 2549 ratbionem
937 2417 1104 2487 boni,
1134 2423 1199 2476 ut
1239 2424 1551 2477 ostensum
1598 2422 1691 2475 est
1718 2417 1867 2491 (cap.
1912 2417 2210 2490 praeced.).
2242 2419 2345 2475 Est
2386 2415 2572 2489 igitur
2622 2416 2755 2488 ipse

410 2562 688 2632 Amplius,
717 2561 876 2618 sicut
901 2559 1098 2618 albius
1122 2564 1215 2617 est
1240 2558 1402 2632 quod
1426 2566 1522 2619 est
1564 2561 1739 2633 nigro
1783 2558 2242 2630 impermixtius,
2268 2560 2354 2617 ita
2395 2557 2616 2626 melius
2662 2563 2757 2616 est

339 2633 502 2690 malo
530 2630 995 2702 impermixtius3
1026 2629 1132 2688 sed
1158 2632 1315 2688 Deus
1345 2636 1438 2689 est
1456 2631 1714 2689 maxime
1737 2631 1897 2689 malo
1922 2629 2380 2701 impermixtiuS,
2409 2628 2552 2702 quia
2577 2629 2643 2686 in
2679 2640 2754 2686 eo

341 2715 453 2761 nec
481 2706 639 2772 actu,
667 2715 777 2759 nec
807 2701 1073 2772 potentia
1094 2699 1318 2759 malum
1348 2715 1484 2760 esse
1505 2707 1724 2774 potest,
1755 2706 1811 2758 et
1839 2700 1955 2759 boc
1983 2701 2037 2758 ei
2069 2715 2141 2758 ex
2165 2713 2279 2759 sua
2316 2705 2531 2758 natura
2579 2712 2755 2759 com-

339 2773 509 2844 petit,
536 2777 602 2830 ut
627 2778 937 2830 ostensum
967 2776 1057 2830 est
1082 2769 1231 2842 (cap.
1264 2771 1375 2843 39).
1409 2775 1507 2831 Est
1534 2772 1717 2845 igitur
1743 2771 1871 2843 ipse
1898 2784 2200 2830 summum
2227 2769 2477 2828 bonum.

413 2843 559 2900 Hinc
589 2847 683 2901 est
708 2842 866 2914 quod
894 2841 1112 2899 dicitur
1138 2840 1318 2899 Exod.
1348 2855 1396 2900 11
1425 2860 1440 2899 t
1468 2845 1592 2902 Non
1616 2847 1695 2900 est
1711 2846 1931 2900 sanctus
1974 2845 2039 2897 ut
2080 2846 2161 2898 est
2185 2844 2349 2900 Deus.
2377 2841 2510 2909 (Hic
2554 2845 2753 2900 textus

341 2926 457 2973 non
493 2913 827 2974 assumitur
851 2924 924 2970 ex
952 2910 1133 2971 Exod.
1162 2923 1230 2981 11,
1258 2911 1366 2970 sed
1394 2914 1418 2969 1
1448 2914 1614 2986 fleg„
1649 2927 1718 2981 11,
1745 2912 1826 2985 2.)
1860 2916 1908 2987 (Ι
1933 2919 2111 2989 part„
2138 2929 2199 2993 q.
2227 2929 2319 2991 vi,
2348 2922 2461 2979 art.
2485 2918 2570 2993 2.)

1306 3129 1564 3196 CAPUT
1597 3130 1780 3196 XLII.

1199 3309 1352 3363 QUOD
1385 3310 1536 3357 DEUS
1579 3310 1691 3357 EST
1718 3311 1890 3359 mwS.

412 3477 536 3535 Hoc
563 3480 762 3534 autem
785 3477 1056 3541 ostenso,
1083 3471 1470 3532 manifestum
1500 3477 1598 3533 est
1620 3475 1807 3532 Deum
1854 3486 1979 3532 non
2014 3488 2151 3535 esse
2206 3475 2326 3536 nisi
2369 3489 2577 3536 unum.
2622 3478 2753 3535 Non

347 3547 503 3605 ‘inim
534 3543 825 3616 possibile
854 3550 948 3601 est
995 3555 1132 3602 esse
1177 3542 1298 3602 duo
1340 3556 1577 3602 summe
1616 3543 1790 3602 bona.
1848 3544 2020 3613 Quod
2064 3545 2225 3604 enim
2257 3561 2368 3620 pei·
2409 3550 2519 3620 (lta
2563 3547 2752 3605 codex

345 3614 942 3686 superhabundantiam
990 3627 1096 3685 per
1128 3613 1211 3685 Ιι.)
1256 3613 1903 3685 superhabundantiam
1946 3615 2165 3674 dicitur
2213 3618 2278 3675 in
2339 3630 2464 3676 uno
2519 3622 2749 3675 tantum

340 3685 662 3814 {monitu-itu
690 3688 848 3743 Deus
875 3690 1074 3742 autem
1122 3689 1217 3744 est
1241 3696 1546 3743 summum
1595 3684 1844 3754 bonum,
1873 3690 1940 3743 ut
1976 3693 2289 3746 ostensum
2328 3693 2424 3746 est
2458 3686 2612 3760 (cap.
2635 3687 2749 3761 4¹).

391 3769 501 3814 eus
536 3771 554 3811 i
600 3771 618 3812 i
650 3769 721 3813 ur
746 3764 839 3813 est
863 3767 1039 3813 unus.
2792 3809 2798 3816 .

409 3769 695 3887 Praetfrea,
745 3833 1054 3907 ostensum
1096 3823 1377 3906 est·(cap.
1418 3826 1513 3899 28)
1550 3826 1737 3884 Deum
1781 3840 1918 3885 esse
1964 3828 2212 3887 omnino
2261 3828 2609 3902 perfectum,
2651 3827 2749 3888 cui

346 3893 515 3974 nulla
540 3894 824 3965 perfectio
852 3895 1025 3954 desit.
1051 3896 1112 3954 Si
1140 3901 1325 3967 igitur
1349 3902 1490 3954 sunt
1519 3895 1720 3966 plures
1740 3896 1845 3965 dii,
1874 3904 2106 3970 oportet
2151 3912 2289 3958 esse
2324 3899 2495 3972 plura
2542 3899 2751 3972 hujus·

344 3963 507 4043 mpdi
559 3964 837 4034 perfecta.
869 3968 991 4025 Hoc
1031 3971 1228 4023 autem
1274 3970 1366 4024 est
1410 3966 1802 4036 impossibile.
1836 3970 1980 4025 Nam
2033 3969 2087 4027 si
2130 3969 2282 4028 nulli
2333 3983 2540 4028 eorum
2582 3970 2756 4028 deest

341 4033 544 4107 aliqua
568 4034 872 4116 perfectio,
902 4049 1013 4094 nec
1040 4035 1242 4108 aliqua
1269 4036 1637 4107 imperfectio
1690 4037 2107 4108 admisceatur,
2137 4040 2297 4113 quod
2322 4054 2383 4099 re
2427 4040 2643 4099 uiritur
2673 4039 2754 4099 ad

340 4103 646 4185 hocquod
673 4104 895 4177 aliquid
927 4106 1007 4164 sit
1029 4106 1141 4165 sim
1187 4105 1379 4164 liciter
1403 4106 1749 4178 perrectum,
1779 4122 1902 4166 non
1949 4110 2060 4167 erit
2109 4109 2172 4167 in
2209 4123 2331 4184 quo
2491 4110 2751 4169 invicem

341 4173 805 4246 distinguantur.
835 4176 1152 4257 Impossibi
1179 4192 1212 4235 e
1239 4183 1332 4236 est
1357 4177 1542 4249 igitur
1564 4179 1766 4250 plures
1787 4181 1956 4246 Deos
1981 4192 2226 4251 ponere.

410 4246 562 4306 Item,
592 4244 753 4315 quod
783 4244 1147 4306 sufficienter
1171 4247 1257 4319 fit,
1290 4260 1410 4305 uno
1435 4248 1654 4319 posito,
1682 4247 1900 4308 melius
1926 4255 2019 4308 est
2043 4264 2151 4321 per
2187 4264 2375 4311 unum
2411 4249 2539 4309 fieri
2568 4264 2752 4324 quam

339 4327 449 4387 per
470 4313 679 4397 inulta.
702 4314 811 4396 Sed
840 4328 1037 4398 rerum
1076 4318 1223 4377 ordo
1251 4323 1362 4387 est,
1383 4318 1543 4377 sicut
1579 4319 1795 4378 melius
1838 4325 2038 4391 potest
2078 4334 2249 4391 esse;
2298 4334 2420 4380 non
2451 4320 2611 4380 enim
2640 4335 2751 4394 po·

337 4389 788 4466 tentia‘ageutis
814 4399 992 4457 primi
1017 4388 1183 4469 deest
1208 4395 1506 4461 potentiae,
1540 4404 1673 4463 quae
1714 4395 1807 4449 est
1852 4389 1914 4448 in
1957 4391 2139 4450 rebus
2182 4392 2257 4450 ad
2296 4390 2748 4464 perfectionem.

340 4455 719 4514 sufficienter
745 4463 943 4515 autem
971 4470 1174 4517 omnia
1199 4460 1575 4532 complentur
1601 4459 1939 4522 reducendo
1967 4462 2033 4522 in
2060 4475 2249 4523 unum
2276 4463 2536 4536 primum
2580 4462 2750 4536 prin·

338 4523 585 4601 cipium.
609 4529 744 4590 Non
771 4532 864 4589 est
884 4527 1069 4602 igitur
1092 4542 1313 4604 ponere
1340 4531 1511 4604 plura
1535 4531 1849 4606 principia.
