3076 5025
410 275 524 329 sio
1310 269 1443 326 un.
1482 268 1574 335 w,
1615 267 1766 322 cap,
1804 266 1958 322 xm.
2044 246 2052 255 ’

1387 483 1642 547 CAPUT
1680 483 1859 547 XLV.

940 659 1092 713 QUOD
1133 657 1424 703 (mms'rtm
1462 656 1674 702 numm·
1714 656 1887 701 NASGI
1930 655 2011 701 EX
2048 655 2312 702 meum.

479 817 594 873 Per
617 814 734 872 hoc
761 816 958 871 autem
979 815 1140 883 patet
1161 808 1322 883 quod
1351 820 1602 863 necesse
1626 804 1737 862 fuit
1756 804 2064 862 hominem
2091 803 2263 862 illum
2294 818 2369 861 ex
2392 801 2629 875 virgine
2654 806 2839 864 matre

411 885 603 947 nasci.
634 883 861 955 absque
888 880 1144 940 naturali
1179 878 1431 939 semine.
2082 900 2083 903 =
2559 944 2571 955 ι
2662 945 2675 955 .

480 955 695 1013 Semen
723 953 881 1011 enim
908 952 1016 1009 viri
1049 951 1370 1024 requiritur
1400 948 1461 1003 in
1480 945 1865 1020 generatione
1891 944 2157 1003 humana
2176 949 2459 1016 tanquam
2482 943 2838 1015 principium

415 1026 696 1093 activum,
727 1027 965 1095 propter
990 1022 1267 1079 virtutem
1306 1018 1558 1078 activam
1585 1029 1717 1088 quae
1752 1016 1816 1073 in
1860 1015 1995 1088 ipso
2042 1019 2152 1073 est.
2190 1014 2302 1073 Sed
2341 1014 2532 1071 virtus
2562 1014 2761 1073 activa
2780 1015 2841 1073 in

456 1094 798 1153 eneratione
826 1092 1095 1165 corporis
1124 1090 1340 1149 Christi
1377 1101 1494 1146 non
1543 1087 1736 1158 potuit
1763 1099 1900 1144 esse
1952 1084 2262 1154 naturaliS,
2316 1086 2652 1165 secundum
2700 1097 2837 1165 prae·

411 1109 590 1234 gieta,
621 1165 763 1236 quia
787 1164 977 1221 virtus
1008 1161 1295 1220 naturalis
1338 1173 1459 1217 non
1490 1157 1691 1216 subito
1719 1155 1946 1229 perficit
1983 1162 2488 1237 totam—corporis
2536 1156 2836 1236 formatio·

413 1249 576 1303 nem,
607 1233 713 1293 sed
743 1232 817 1291 ad
850 1233 966 1290 hoc
993 1232 1221 1303 indiget
1242 1237 1360 1288 tem
1404 1242 1547 1286 ore:
1581 1241 1801 1299 corpus
1838 1233 2037 1286 aulem
2062 1227 2302 1297 Christi,
2333 1239 2397 1282 in
2449 1239 2585 1296 ipso
2638 1238 2838 1296 princi·

453 1306 513 1363 io
558 1318 681 1363 suae
722 1301 1151 1384 conceptioniS,
1201 1301 1313 1359 suit
1383 1303 1678 1358 ormatum
1717 1304 1773 1356 et
1817 1297 2246 1369 organizatum,
2295 1302 2359 1354 ut
2408 1301 2728 1377 ostensum
2754 1301 2839 1355 est

436 1391 489 1434 c.
521 1376 635 1501 4¹4.)
663 1374 1042 1447 Relinquitur
1066 1373 1252 1446 igitur
1292 1369 1451 1443 quod
1493 1369 1799 1442 generatio
1826 1368 2039 1426 Christi
2074 1368 2337 1426 humana
2361 1366 2470 1425 suit
2493 1366 2725 1440 absque
2750 1378 2840 1425 na·

411 1445 591 1503 turai
629 1445 880 1502 semine.

481 1518 634 1583 Item,
668 1526 874 1572 semen
924 1513 1107 1570 maris
1152 1512 1217 1569 in
1264 1510 1647 1584 generatione
1695 1508 1974 1567 animalis
2003 1507 2436 1581 cujuscumque
2465 1506 2651 1566 trahit
2674 1506 2749 1564 ad
2776 1519 2836 1587 se

411 1585 720 1646 materiam
753 1597 930 1657 quain
960 1588 1152 1640 mater
1176 1581 1494 1643 ministrat,
1522 1580 1696 1652 quasi
1725 1580 1913 1637 virtus
1957 1593 2090 1660 quae
2128 1585 2222 1637 est
2272 1579 2335 1635 in
2381 1579 2615 1635 semine
2661 1589 2837 1636 maris

410 1655 686 1716 intendat
712 1654 808 1713 sui
836 1652 1034 1725 ipsius
1058 1652 1558 1724 complementum
1578 1655 1646 1708 ut
1667 1649 1846 1708 finem
1880 1654 2066 1708 totius
2093 1648 2500 1724 generationis
2524 1665 2543 1717 3
2574 1646 2761 1715 unde,
2785 1650 2838 1705 et

410 1726 708 1797 completa
727 1723 1141 1806 generatione,
1169 1722 1363 1794 ipsum
1396 1733 1599 1779 semen
1633 1720 2009 1778 immutatum
2040 1724 2097 1801 et
2124 1720 2487 1801 completum
2515 1723 2612 1777 est
2640 1717 2835 1789 proies

409 1809 545 1876 quae
576 1800 860 1852 nascitur.
890 1793 1026 1863 Sed,
1053 1793 1117 1850 in
1145 1792 1529 1866 generatione
1578 1791 1840 1849 humana
1866 1790 2106 1861 Christi,
2148 1790 2263 1848 fuit
2302 1789 2557 1848 ultimus
2602 1801 2838 1862 genera-

411 1865 599 1923 tionis
628 1864 917 1923 terminus
947 1863 1091 1922 unio
1127 1863 1202 1920 ad
1245 1875 1565 1935 personam
1617 1861 1875 1918 divinam
1950 1873 2075 1917 non
2125 1864 2325 1918 autem
2350 1860 2555 1931 aliqua
2580 1870 2834 1930 persona

413 1947 526 1994 seu
555 1934 900 2007 hypostasis
920 1933 1183 1990 humana
1212 1931 1654 2000 constituenda,
1675 1936 1742 1988 ut
1768 1945 1841 1988 ex
1872 1903 2048 1988 dictis
2069 1928 2144 2002 (c.
2175 1929 2269 2001 41)
2296 1933 2473 2010 patet.
2493 1932 2635 2011 'Non
2664 1929 2837 2003 igitur

412 2005 476 2064 in
501 2004 612 2061 hac
675 2003 1018 2061 eneratione
1061 2002 1256 2073 potuit
1288 2015 1424 2060 esse
1469 2002 1728 2059 activum
1764 2000 2125 2073 principium
2163 2013 2531 2081 semen-viri,
2558 1999 2671 2080 sed
2716 1998 2837 2081 sola

409 2075 602 2132 virtus
673 2072 849 2142 ivina‚
879 2075 947 2130 ut
972 2072 1130 2129 sicut
1157 2085 1363 2130 semen
1407 2071 1515 2129 viri
1544 2072 1606 2129 in
1658 2071 2044 2144 generatione
2086 2084 2389 2128 communi
2423 2070 2743 2150 hominum
2777 2081 2835 2128 iu

410 2157 585 2204 suam
658 2142 1054 2201 substantiam
1123 2142 1303 2198 trahit
1357 2142 1665 2199 materiam
1721 2155 1758 2199 a
1802 2145 1991 2199 matre
2048 2141 2445 2200 ministratam
2470 2182 2489 2210 ,
2546 2143 2631 2198 ita
2684 2153 2835 2199 eam·

414 2213 547 2274 dem
601 2211 907 2293 materiam
953 2211 1015 2267 in
1063 2211 1446 2282 generatione
1490 2209 1709 2269 Christi
1750 2210 2009 2269 Verbum
2052 2213 2157 2270 Dei
2204 2210 2279 2269 ad
2334 2224 2506 2269 suam
2555 2210 2833 2270 unionem

481 2354 622 2411 Simi
649 2353 762 2410 iter
789 2357 987 2410 autem
1018 2350 1401 2410 manifestum
1425 2355 1519 2409 est
1546 2349 1705 2423 quod
1725 2350 2091 2408 conveniens
2119 2355 2244 2408 erat
2266 2354 2333 2408 ut
2353 2350 2418 2408 in
2443 2351 2577 2432 ipsa
2598 2363 2836 2424 genera-

408 2424 576 2482 tione
602 2423 864 2480 humana
884 2421 1056 2480 Verbi
1092 2422 1194 2479 Dei
1238 2421 1439 2493 aliqua
1524 2420 1817 2493 roprietas
1856 2420 2187 2493 spiritualis
2215 2422 2631 2495 generationis
2663 2420 2834 2480 verbi

409 2494 723 2554 reluceret.
755 2492 1008 2551 verbum
1037 2496 1257 2562 autem,
1287 2505 1470 2551 secun
1519 2506 1619 2550 um
1656 2491 1819 2565 quod
1846 2506 1882 2551 a
1906 2490 2140 2550 dicente
2162 2490 2561 2574 progreditur,
2588 2493 2721 2551 sive
2748 2493 2835 2550 in·

410 2567 601 2623 terius
631 2569 983 2635 conceptum
1012 2563 1138 2621 sive
1154 2564 1413 2621 exterius
1441 2563 1760 2634 prolatum,
1782 2562 2225 2635 corruptionem
2245 2563 2465 2621 dicenti
2493 2576 2619 2620 non
2640 2562 2833 2634 affert,

411 2636 516 2695 sed
549 2635 743 2707 magis
769 2633 1154 2706 perfectionis
1184 2632 1491 2705 plenitudo
1519 2646 1628 2703 per
1653 2633 1898 2692 verbum
1936 2633 2260 2691 attenditur
2289 2634 2357 2690 in
2396 2633 2652 2691 dicente.
2687 2635 2857 2692 Gon·-

407 2705 659 2763 veniens
689 2705 869 2776 igitur
898 2704 1006 2761 fuit
1033 2709 1100 2762 ut
1127 2703 1218 2762 sic
1243 2703 1498 2761 Verbum
1522 2703 1625 2760 Dei
1653 2704 1983 2762 secundum
2032 2702 2354 2762 humanam
2386 2704 2834 2777 generationem

412 2777 827 2846 conciperetur
853 2780 912 2832 et
930 2778 1275 2832 nasceretur
1303 2780 1368 2831 ut
1385 2775 1593 2831 matris
1618 2774 1928 2848 integritas
1958 2786 2081 2832 non
2110 2781 2612 2845 corrumperetur.
2641 2775 2834 2843 Quum

410 2843 528 2904 hoc
553 2847 731 2902 etiam
756 2844 1138 2902 manifestum
1168 2849 1260 2902 est
1284 2845 1441 2924 quod
1470 2844 1725 2901 Verbum
1768 2846 1895 2915 Dei,
1924 2858 2044 2918 quo
2089 2845 2292 2903 omnia
2338 2845 2669 2904 constituta
2696 2849 2837 2902 sunt

412 2919 473 2972 et
500 2928 620 2987 quo
647 2915 850 2973 omnia
878 2915 943 2971 in
972 2927 1084 2972 sua
1108 2914 1444 2988 integritate
1472 2918 1921 2985 conservantur,
1952 2916 2042 2973 sic
2071 2915 2241 2973 nasci
2266 2915 2466 2973 decuit
2495 2920 2561 2972 ut
2576 2928 2833 2986 pernm·

409 2985 511 3042 nia
541 2985 747 3111 niet-ris
777 2984 1175 3065 integritatem
1207 2989 1488 3052 servaret,
1512 2985 1878 3043 conveniens
1928 2984 2115 3059 igitur
2145 2985 2260 3044 fuit
2301 2986 2458 3044 banc
2494 2986 2833 3059 generatio-

409 3068 546 3112 nem
606 3068 769 3112 uisse
799 3068 872 3111 ex
899 3069 986 3110 vir
1052 3068 1147 3111 ne.

482 3127 680 3197 Neque
709 3129 907 3181 tamen
932 3067 1045 3180 higc¹
1054 3124 1460 3196 generationis
1474 3124 1690 3181 modus
1703 3139 1858 3184 verae
1877 3130 1936 3183 et
1962 3126 2217 3185 naturali
2240 3126 2597 3184 humanitati
2616 3126 2831 3185 Christi

409 3193 681 3266 derogat,
732 3194 873 3250 licet
915 3193 1087 3250 aliter
1128 3206 1306 3274 quam
1347 3192 1450 3250 alii
1483 3193 1761 3252 homines
1806 3202 2127 3268 generatus
2169 3196 2269 3256 sit.
2313 3196 2697 3254 Manifestum
2740 3201 2833 3256 est

406 3264 594 3331 enim,
626 3275 810 3335 quum
838 3262 1026 3320 virtus
1055 3262 1259 3321 divina
1280 3262 1515 3321 infinita
1542 3264 1642 3334 sit,
1671 3269 1738 3322 ut
1764 3276 1947 3335 supra
1969 3265 2030 3336 (l.
2068 3282 2111 3336 1,
2141 3282 2194 3326 c.
2222 3267 2314 3340 43)
2350 3267 2667 3337 probatum

407 3339 470 3392 et
498 3349 603 3414 per
627 3347 757 3392 eam
789 3346 999 3391 omnes
1027 3347 1225 3391 causae
1253 3333 1523 3391 virtutem
1562 3333 1929 3405 producendi
1970 3334 2247 3394 effectum
2293 3337 2641 3406 sortiantur,

408 3417 649 3477 quicum
699 3418 772 3461 ue
795 3402 1041 3461 effectus
1059 3417 1166 3476 per
1178 3417 1615 3476 quamcumque
1637 3418 1881 3463 causam
1950 3405 2276 3475 roducitur,
2298 3412 2494 3478 potest
2511 3422 2621 3479 per
2646 3410 2827 3466 Deum

407 3474 635 3547 absque
666 3489 684 3530 i
713 3474 830 3531 lius
857 3487 1053 3531 causae
1082 3473 1446 3532 adminiculo
1475 3475 1724 3547 produci
1752 3476 1882 3548 eius
1926 3489 2023 3533 em
2049 3476 2269 3548 speciei
2300 3482 2357 3534 et
2388 3484 2634 3536 nalurae.
2666 3478 2828 3537 Sicut

404 3544 595 3618 igitur
622 3545 811 3601 virtus
836 3544 1126 3602 naturalis
1149 3558 1281 3618 quae
1309 3546 1488 3603 estin
1516 3544 1784 3603 humano
1809 3546 2041 3604 semine
2068 3546 2343 3618 producit
2386 3547 2699 3606 hominem
2738 3562 2829 3608 ve-

405 3628 568 3684 rum,
590 3615 850 3686 speciem
880 3618 938 3671 et
967 3614 1286 3672 humanam
1318 3620 1592 3672 naturam
1620 3616 1959 3685 habentem,
1988 3616 2071 3674 ita
2103 3616 2292 3675 virtus
2321 3616 2539 3684 divina,
2572 3631 2711 3690 quae
2750 3625 2829 3678 tn-

405 3683 528 3743 lem
550 3686 823 3742 virtutem
854 3684 1069 3743 semini
1098 3685 1284 3754 dedit,
1301 3685 1408 3743 abs
1455 3700 1526 3743 ue
1557 3686 1903 3756 hujusmodi
1924 3687 2139 3745 virtute
2162 3693 2360 3758 potest
2385 3686 2639 3746 effectus
2664 3688 2826 3750 illiue

406 3755 646 3813 virtutis
675 3754 1021 3827 producere,
1061 3756 1355 3815 constitue
1441 3770 1478 3814 o
1526 3770 1730 3815 verum
1778 3756 2107 3828 hominem,
2143 3759 2407 3830 speciem
2444 3763 2508 3817 et
2550 3765 2823 3822 naturam

402 3823 729 3884 humanam
761 3825 1100 3884 habentem.

475 3896 533 3952 Si
566 3910 704 3954 vero
737 3896 958 3978 aliqu-is
986 3896 1145 3954 dicat
1175 3896 1354 3978 quod,
1397 3911 1583 3970 quum
1624 3898 1806 3958 homo
1851 3899 2203 3957 naturaliter
2245 3905 2568 3973 generatus
2614 3900 2823 3959 hamat

403 3976 623 4045 corpus
656 3967 1005 4025 naturaliter
1030 3972 1417 4025 constitutum
1446 3982 1521 4025 ex
1546 3969 1779 4025 semine
1805 3969 1990 4027 maris
2019 3973 2079 4026 et
2121 3982 2194 4028 eo
2240 3970 2401 4041 quod
2431 3970 2657 4029 femina
2686 3971 2821 4030 snb·

400 4041 724 4104 ministrat,
749 4037 1035 4110 quidquid
1067 4038 1145 4095 sit
1174 4037 1344 4108 illud,
1373 4051 1593 4110 corpus
1622 4039 1840 4097 Christi
1859 4052 1985 4097 non
2007 4039 2120 4098 fuit
2146 4039 2415 4112 ejusdem
2433 4047 2667 4099 natura>
2688 4052 2817 4101 cum

401 4107 633 4184 nostro,
668 4108 722 4163 si
749 4121 874 4165 non
902 4113 995 4166 est
1021 4121 1094 4165 ex
1117 4108 1302 4166 maris
1330 4109 1560 4166 semine
1582 4115 1952 4182 generatum,
1979 4140 2049 4153 --
2076 4109 2151 4168 ad
2194 4110 2311 4168 hoc
2349 4111 2676 4170 manifesta
2702 4124 2816 4170 ιω·

398 4185 620 4254 ponsio
648 4181 737 4232 est
768 4178 1097 4236 seeundum
1131 4178 1468 4236 Aristotelis
1493 4181 1878 4250 positionem,
1905 4180 2160 4239 dicentis
2198 4181 2358 4253 quod
2402 4195 2612 4239 semen
2639 4182 2814 4240 maris

400 4255 525 4322 non
556 4248 737 4323 int-rat
764 4248 1149 4305 materialiter
1175 4250 1237 4304 in
1268 4250 1756 4308 constitutionem
1774 4251 2069 4322 concepti,
2095 4249 2200 4308 sed
2227 4258 2321 4309 est
2341 4253 2541 4310 solum
2567 4254 2809 4310 activum

397 4325 798 4440 fr¹n⁰¹g¹um³
828 4318 1072 4396 materia
1097 4332 1238 4376 vero
1263 4318 1529 4399 corporis
1552 4325 1673 4377 tota
1701 4321 2071 4378 ministratur
2094 4335 2129 4378 a
2157 4328 2342 4378 matre
2364 4340 2378 4392 ;
2401 4327 2461 4380 et
2494 4323 2606 4392 sic,
2633 4333 2807 4396 quan·

425 4395 523 4441 um
553 4396 588 4441 a
656 4388 984 4454 materiam,
1011 4399 1229 4458 corpus
1258 4389 1469 4446 Christi
1499 4403 1622 4447 non
1642 4389 1890 4450 differta
1916 4404 2164 4463 corpore
2193 4397 2402 4451 nostro
2427 4411 2443 4461 ;
2474 4405 2618 4452 nam
2639 4394 2804 4452 etiam
