3076 5025
71 2306 204 2323 ...κ

378 314 485 372 648

377 440 687 497 aeternitatem
707 432 868 487 mundi
886 444 945 483 ex
963 430 1098 495 parte
1116 419 1339 477 factionis

442 513 566 565 Cae.
598 517 760 561 xxxv.
814 529 875 542 -·
918 498 1099 553 Solutio
1149 494 1379 548 rationum
1414 496 1558 552 supra

376 582 658 650 positarum,
686 578 738 628 et
754 573 905 640 primo
933 582 1038 634 quae
1074 567 1318 620 sumuntur
1337 572 1397 613 ex
1422 559 1557 676 ῃῗὶιξ

359 652 482 706 Dei.

442 720 567 773 Car.
590 727 777 770 xxxw.
807 739 870 751 —
911 708 1093 762 Solutio
1125 703 1354 756 rationum
1393 706 1555 758 sump-

379 795 567 845 tuarum
591 800 651 841 ex
677 787 813 850 parte
838 791 992 834 rerum
1030 777 1276 828 factarum.
1465 762 1555 815 144

443 860 571 913 Cu.
588 866 797 909 xxxvn.
813 878 874 890 --
896 846 1165 900 solutiones
1185 841 1419 894 rationum
1437 845 1566 886 sum·

379 933 570 996 piarum
598 939 658 977 ex
689 925 824 990 parte
856 916 1074 972 factionis
1107 924 1280 966 rerum.
1468 904 1563 956 145

448 998 574 1051 Gar.
602 1003 832 1048 xxxvm.
864 1016 925 1029 -
951 985 1172 1039 Rationes
1202 979 1368 1046 quibus
1396 984 1565 1027 conan-

384 1072 465 1123 tur
487 1066 636 1132 aliqui
661 1062 906 1117 ostendere
938 1055 1161 1108 mundum
1177 1064 1273 1105 non
1303 1059 1409 1102 esse
1435 1048 1568 1096 aeter·

386 1150 519 1201 num,
540 1140 590 1188 et
609 1132 872 1189 solutiones
892 1140 1070 1181 enum.
1474 1115 1565 1168 117

453 1208 582 1260 ΟΔΡ.
637 1213 822 1256 xxxix.
849 1225 910 1237 -
956 1195 1089 1256 Quod
1135 1188 1372 1244 distinctio
1412 1196 1569 1237 rerum

388 1290 487 1334 non
512 1281 585 1329 est
604 1289 635 1329 a
660 1286 791 1327 casu.
1475 1256 1569 1337 ‚¹⁴⁸

455 1349 584 1400 Cea.
604 1356 694 1399 xt..
716 1368 779 1383 -—
800 1339 935 1401 Quod
979 1334 1173 1390 materia
1200 1343 1294 1385 non
1322 1332 1397 1381 est
1420 1336 1568 1392 prima

393 1431 540 1473 causa
560 1411 876 1468 distinctionis
900 1419 1073 1460 rerum.
1477 1396 1569 1446 149

457 1489 582 1539 CAP.
612 1497 721 1538 xm.
749 1508 810 1520 -
836 1479 967 1541 Quod
1017 1471 1259 1529 distinctio
1301 1479 1451 1520 rerum
1478 1476 1572 1516 non

396 1562 470 1613 est
491 1560 684 1623 propter
713 1549 1088 1606 contrarietatem
1130 1540 1383 1607 agentium.
1439 1607 1449 1617 ι
1482 1537 1573 1616 156

462 1628 587 1681 Cap.
618 1635 749 1677 xm.
780 1648 841 1661 —
870 1617 1002 1680 Quod
1043 1626 1184 1669 causa
1228 1610 1378 1677 prima
1406 1606 1575 1685 distin-

398 1697 572 1755 ctionis
594 1706 748 1747 rerum
789 1703 884 1743 non
904 1692 980 1740 est
1003 1681 1312 1739 secundorum
1339 1678 1575 1742 agentium

398 1769 590 1891 ordgar.
607 1844 761 1886 xmn.
784 1856 843 1869 -
875 1826 1006 1888 Quod
1039 1833 1191 1875 rernm
1220 1818 1459 1871 distinctio
1482 1748 1579 1869 1¹13}

403 1913 481 1968 est
504 1920 592 1975 per
618 1905 824 1969 aliquem
850 1895 1049 1951 (liversis
1081 1890 1325 1957 agentibus
1353 1887 1578 1940 inducen-

401 1985 499 2034 tem
525 1979 575 2029 in
594 1973 834 2027 materiam
872 1969 1081 2021 diversas
1107 1966 1304 2017 formas.
1488 1958 1581 2011 154

466 2049 591 2100 CAP.
624 2056 772 2099 xmv.
800 2067 861 2080 —
883 2038 1014 2098 Quod
1054 2048 1207 2087 rerum
1225 2029 1461 2085 distinctio
1487 2041 1583 2078 non

400 2117 636 2188 processit
687 2127 747 2166 ex
795 2110 1064 2162 meritorum
1106 2104 1182 2155 vel
1254 2100 1582 2152 demeritorum

403 2188 696 2244 diversitate.
1489 2170 1580 2219 155

473 2260 602 2310 CAP.
637 2265 762 2307 ην.
793 2251 904 2311 Quae
949 2248 1015 2299 sit
1050 2244 1201 2311 prima
1235 2252 1375 2292 cansa
1420 2236 1585 2288 distin·

959 2328 1038 2368 um
1061 2315 1328 2363 veritatem.
1489 2307 1582 2353 ⁴58

474 2374 600 2425 Cer.
628 2381 775 2423 xnvt.
793 2396 854 2408 -
915 2372 1007 2421 uon
1024 2377 1234 2434 spumat
1255 2375 1315 2426 ad
1335 2369 1587 2439 perlectio-

416 2454 525 2499 nem
550 2440 758 2493 universi
803 2450 908 2492 esse
961 2437 1140 2502 aliquas
1167 2439 1356 2487 naturas
1409 2435 1592 2488 intelle-

413 2514 612 2565 ctuales,
1496 2507 1590 2559 159

477 2585 601 2636 car».
624 2594 793 2637 τινα.
822 2608 883 2621 -
918 2580 1052 2641 Quod
1088 2579 1360 2633 substantiae
1404 2576 1590 2629 intelle-

414 2655 591 2707 ctuales
617 2657 730 2707 sunt
755 2652 986 2705 volentes.
1494 2650 1588 2700 161

476 2725 601 2776 cn».
635 2733 824 2776 xnvm.
858 2746 918 2760 -
959 2719 1093 2780 Quod
1141 2719 1409 2772 substantias
1452 2718 1593 2770 intel-

418 2794 645 2846 lectuales
671 2796 783 2845 sunt
811 2791 949 2844 liberi
975 2790 1155 2843 arbitrii
1185 2791 1236 2841 in
1263 2789 1459 2853 agendo.
1496 2789 1590 2842 toa

483 2861 599 2915 Cae.
645 2874 792 2915 xmx.
823 2888 883 2900 -
908 2860 1042 2920 Quod
1094 2859 1352 2912 substantia
1403 2858 1587 2910 intelle-

417 2932 588 2985 ctualis
607 2946 706 2987 non
733 2933 798 2987 sit
821 2944 1011 2996 corpus.
1489 2930 1584 2982 163

484 3003 609 3055 Cae.
638 3012 769 3054 1..-
792 3002 925 3062 Quod
955 2999 1226 3054 substantiae
1247 2999 1590 3051 intellectuales

419 3077 533 3126 sunt
561 3072 906 3126 immateriales.
1498 3070 1588 3123 164

480 3143 605 3196 Gar.
643 3153 716 3194 m.
771 3169 834 3184 -
859 3141 993 3202 Quod
1049 3140 1316 3194 intellectus
1370 3151 1466 3192 non
1524 3140 1591 3193 sit

419 3214 573 3267 torma
593 3210 858 3268 materialis.
1496 3211 1588 3261 166

480 3284 603 3336 Car.
634 3293 728 3354 pn.
762 3284 965 3344 -Quod
996 3284 1047 3336 in
1079 3282 1351 3336 substantiis
1394 3279 1583 3332 intelle-

417 3353 653 3407 ctualibus
726 3352 888 3404 creatis
951 3354 1104 3406 differt
1172 3366 1277 3406 esse
1347 3354 1398 3403 et
1458 3350 1585 3416 quod

417 3429 510 3479 est.
1498 3425 1589 3474 166

479 3494 603 3546 cip.
635 3503 752 3544 Lm.
781 3517 842 3531 -·-
868 3490 993 3551 Quod
1011 3493 1062 3546 in
1087 3492 1363 3547 substantiis
1393 3491 1585 3544 intelle·

416 3563 651 3615 ctualibus
680 3560 849 3613 creatis
874 3563 950 3613 est
986 3566 1117 3615 actus
1147 3567 1198 3615 et
1236 3562 1464 3628 potentia.
1497 3563 1591 3614 168

483 3631 607 3682 car.
634 3642 747 3688 mv.
772 3627 981 3689 -Quotl
1007 3642 1097 3684 non
1131 3635 1208 3685 est
1228 3631 1354 3684 idem
1395 3642 1590 3697 compo·

417 3701 530 3756 sitio
568 3713 626 3752 ex
663 3699 922 3751 substantia
971 3702 1021 3751 et
1055 3712 1172 3765 csse,
1216 3706 1265 3754 et
1307 3702 1499 3754 materia
1541 3704 1593 3754 et

1464 417 1555 469 141

418 3772 590 3826 forma.
1498 3773 1588 3825 168

478 3844 600 3895 CAP.
630 3853 717 3894 ιν.
761 3868 824 3882 --
864 3819 998 3902 Quod
1048 3839 1313 3896 substantia
1374 3842 1589 3896 intellec—

415 3913 569 3965 tuales
599 3917 709 3965 sunt
734 3910 1127 3977 incorruptibiles.
1496 3915 1590 3967 169

476 3985 599 4036 Car.
630 3995 740 4036 mn.
786 4010 849 4021 —
885 3983 976 4034 Per
1031 3993 1168 4047 quem
1223 3983 1409 4036 modum
1475 3983 1589 4036 sub·

415 4055 588 4107 stantia
610 4053 938 4107 intellectualis
954 4053 1105 4118 possit
1124 4055 1306 4116 corpori
1320 4054 1461 4106 uniri.
1496 4056 1589 4106 ¹72

478 4124 600 4176 CAP-
631 4136 762 4176 nvn.
796 4151 856 4163 --
885 4122 1063 4176 Positio
1097 4122 1309 4175 Platonis
1335 4125 1392 4177 <le
1416 4124 1588 4178 unione

415 4193 582 4245 animae
609 4192 941 4247 intellectualis
974 4194 1031 4246 ad
1058 4205 1244 4260 corpus.
1494 4196 1585 4248 174

479 4265 604 4317 CAP.
638 4276 791 4318 Lvm.
826 4294 887 4305 —-
913 4265 1045 4326 Quod
1069 4265 1309 4326 nutritiva,
1343 4265 1583 4329 sensitiva,

389 4337 468 4404 *et
513 4333 799 4388 intellectiva
841 4347 936 4387 non
974 4338 1084 4388 sunt
1127 4335 1178 4387 in
1237 4333 1429 4387 homine
1485 4339 1586 4388 tres

412 4407 599 4461 animae.
1491 4409 1582 4460 1¹16

1352 283 1549 345 mmo
1584 278 1849 337 RERUM.

1727 409 1851 459 cae.
1883 415 1994 457 mx.
2020 427 2083 441 -·
2121 398 2253 460 Quod
2292 392 2562 449 intellectus
2594 386 2853 457 possibilis

1663 478 1871 532 hominis
1897 487 1992 527 non
2018 474 2094 527 est
2125 466 2386 523 substantia
2412 465 2645 529 separata.
2744 459 2848 513 1⁷8

1726 549 1852 601 Car.
1880 557 1969 597 1.x.
2020 570 2081 583 -
2123 537 2255 600 Quod
2306 537 2451 589 homo
2499 544 2597 585 non
2648 527 2857 583 sortitur

1664 619 1871 686 speciem
1897 628 1987 682 per
2028 611 2322 669 intellectum
2346 603 2626 680 passivum,-
2646 597 2737 653 sed
2762 609 2857 663 per

1666 690 1954 743 intellectum
1990 681 2277 750 possibilem.
2756 670 2855 723 28⁰

1729 762 1854 812 ω.
1881 768 1995 810 mn.
2021 780 2084 794 --
2129 752 2265 813 Quod
2302 749 2525 817 predicta
2560 743 2741 813 positio
2779 742 2859 793 est

1667 836 1826 885 contra
1852 825 2133 882 sententiam
2163 820 2449 876 Aristotelis.
2756 812 2855 864 185

1731 903 1855 954 Cap·
1885 909 2019 950 an.
2050 921 2111 934 --
2140 894 2315 945 Contra
2354 889 2624 956 opinionem
2650 885 2856 936 Alexan·

1670 972 1741 1023 dri
1764 972 1822 1021 de
1848 967 2090 1019 intellectu
2117 961 2354 1030 possibili.
2760 952 2858 1003 185

1730 1043 1860 1093 car.
1879 1048 2034 1090 mu.
2065 1062 2124 1074 —-
2151 1033 2287 1095 Quod
2312 1031 2468 1083 anima
2493 1040 2591 1080 non
2621 1024 2690 1076 sit
2718 1033 2859 1074 com·

1670 1113 1848 1180 plexio,
1873 1113 1929 1160 ut
1952 1106 2114 1172 posuit
2154 1105 2377 1157 Galenus.
2666 1161 2679 1172 ·
2758 1092 2858 1145 187

1734 1183 2028 1234 mmmm.
2049 1171 2287 1254 -·Quod
2319 1167 2472 1222 anima
2497 1176 2593 1217 non
2638 1165 2705 1214 sit
2744 1161 2863 1212 bar-

1673 1252 1848 1305 monia.
2760 1233 2860 1284 188

1736 1324 1858 1374 Car.
1889 1331 2014 1375 m.
2063 1345 2124 1356 —
2161 1314 2296 1376 Quod
2327 1310 2481 1365 amma‘
2525 1317 2625 1360 non
2658 1303 2727 1356 sit
2748 1314 2864 1426 cing

1679 1409 1785 1461 pus.

1740 1466 1860 1516 Car».
1899 1473 2042 1514 var.
2072 1485 2135 1497 -
2170 1456 2349 1508 Contra
2397 1451 2628 1518 ponentes
2666 1442 2865 1497 intelle-

1679 1541 1803 1590 ctum
1835 1539 1884 1586 et
1910 1542 2098 1585 sensum
2123 1540 2228 1580 esse
2245 1525 2387 1577 idem.
2765 1516 2864 1568 199

1741 1606 1867 1657 CAP.
1910 1613 2041 1653 Lvn.
2083 1624 2147 1638 —
2181 1599 2354 1649 Contra
2397 1595 2627 1657 ponentes
2676 1585 2866 1638 intelle·

1680 1679 1806 1729 ctum
1838 1670 2112 1740 possibilem
2147 1680 2252 1719 esse
2269 1661 2668 1728 imaginationem.
2766 1657 2865 1708 196

1744 1746 1871 1796 CAP.
1900 1753 2088 1796 vam.
2116 1765 2178 1779 --
2207 1736 2412 1798 Qualiter
2438 1731 2701 1789 substantia
2726 1726 2867 1780 intel-

1682 1816 1899 1869 lectualis
1924 1813 2078 1879 possit
2104 1821 2207 1862 esse
2237 1805 2446 1872 corporis
2474 1803 2640 1855 forma.
2768 1799 2864 1853 191

1748 1887 1869 1939 car.
1891 1895 2036 1936 Lxrx.
2086 1907 2146 1919 —-
2188 1878 2369 1932 solutio
2414 1875 2649 1929 ratianum
2693 1868 2868 1936 quibus

1686 1971 1825 2024 supra
1851 1955 2073 2022 probatur
2099 1949 2223 2016 quod
2269 1945 2532 2002 substantia
2568 1943 2868 1997 intellectua-

1686 2030 1746 2081 lis
1774 2040 1868 2079 non
1902 2027 2057 2091 potest
2072 2020 2259 2087 corpori
2284 2019 2411 2071 uniri
2426 2021 2480 2069 ut
2505 2015 2672 2071 forma.
2771 2011 2870 2064 192

1749 2101 1875 2150 CAP-
1906 2107 2031 2148 Lxx.
2059 2121 2121 2133 -
2147 2090 2298 2154 Quod,
2330 2087 2583 2143 secundnm
2609 2086 2738 2138 dicta
2764 2082 2869 2135 Ari·

1686 2170 1886 2231 stotelis,
1937 2168 2123 2233 oportet
2170 2174 2346 2231 ponere
2406 2157 2695 2211 intellectum
2742 2151 2871 2206 uniri

1688 2240 1872 2303 corpori
1895 2242 1952 2288 ut
1990 2238 2208 2288 formam.
2773 2225 2870 2277 194

1752 2308 1873 2361 cap.
1925 2316 2069 2357 Lxxx-
2118 2329 2185 2341 ·-
2219 2302 2351 2359 Quod
2403 2300 2558 2355 anima
2602 2293 2871 2350 immediate

1691 2380 1848 2424 uultur
1876 2375 2079 2436 corpori.
2776 2368 2871 2418 195

1753 2442 1876 2495 Cer.
1914 2453 2080 2494 Lxxn.
2108 2469 2169 2480 —
2210 2438 2341 2500 Quod
2379 2440 2533 2494 anima
2567 2438 2634 2490 sit
2679 2441 2776 2490 tots
2818 2436 2873 2490 in

1692 2516 1795 2566 toto
1824 2517 1874 2565 et
1904 2516 2003 2565 tota
2027 2512 2078 2565 in
2106 2511 2317 2578 qualibet
2341 2512 2494 2577 parte.
2779 2508 2870 2562 195

1758 2583 1883 2634 car».
1904 2591 2097 2638 Lxxrn.
2125 2609 2186 2622 -
2208 2582 2341 2643 Quod
2370 2580 2636 2635 intellectus
2659 2578 2867 2646 possibi-

1693 2654 1754 2705 lis
1786 2667 1879 2707 non
1906 2658 1982 2707 est
2004 2667 2125 2706 nnus
2148 2654 2199 2705 in
2228 2652 2445 2706 omnibus
2469 2649 2756 2704 hominibus.
2778 2649 2870 2703 196

1759 2724 1882 2776 ΟΑΡ.
1939 2736 2119 2776 Lxxrv.
2149 2748 2211 2764 -—
2245 2723 2311 2775 De
2369 2721 2589 2786 opinione
2619 2719 2869 2772 avicennae

1698 2795 1778 2861 qui
1805 2795 1964 2860 posuit
1991 2794 2164 2846 formas
2205 2792 2530 2855 intelligibiles
2554 2802 2651 2843 non
2675 2801 2868 2842 conser-

1694 2864 1793 2917 vari
1826 2866 1875 2915 in
1900 2864 2144 2916 intellectu
2165 2863 2399 2930 possibili.
2775 2861 2869 2910 202

1755 2934 1882 2985 CAP.
1910 2945 2071 2985 nxxv.
2102 2958 2165 2975 -
2208 2933 2392 2985 Solutio
2431 2930 2665 2983 rationum
2698 2928 2869 2993 quibos

1692 3003 1874 3126 ἶίιιίεῑιιι·
1947 3002 2132 3068 probari
2182 3002 2339 3053 unitas
2405 2998 2671 3052 intellectus
2713 2998 2868 3064 possi-

1726 3073 1820 3124 iis.
2770 3067 2865 3118 204

1758 3142 1887 3194 CAP.
1913 3152 2097 3195 Lxxvr.
2141 3168 2201 3181 -·
2241 3138 2374 3199 Quod
2418 3136 2684 3191 intellectus
2722 3148 2869 3199 agens

1694 3224 1787 3264 non
1831 3211 1894 3264 sit
1937 3210 2197 3263 substantia
2270 3212 2501 3275 separata,
2567 3207 2650 3259 sed
2691 3205 2868 3271 aliquid

1693 3282 1875 3334 animae.
2772 3278 2868 3329 2⁰8

1755 3352 1881 3404 CAP.
1910 3361 2112 3402 Lmn.
2142 3376 2203 3388 -
2242 3349 2375 3410 Quod
2414 3361 2511 3402 non
2536 3351 2610 3400 est
2647 3347 2868 3412 impossi-

1692 3422 1792 3475 bile
1839 3419 2431 3486 intellectum·possibilem
2471 3421 2522 3471 et
2551 3421 2767 3482 agentem
2814 3415 2866 3467 iu

1693 3506 1787 3545 una
1813 3491 2072 3543 substantia
2099 3490 2265 3542 animae
2286 3487 2552 3543 convenire.
2770 3489 2862 3538 211

1756 3563 1886 3616 car.
1918 3573 2145 3615 Lxxvm.
2170 3587 2233 3602 -
2276 3560 2408 3622 Quod
2431 3572 2526 3612 non
2550 3557 2644 3610 fuit
2675 3561 2865 3610 senten·

1696 3635 1765 3687 tia
1810 3632 2075 3686 Aristotelis
2130 3632 2256 3697 quod
2300 3630 2568 3682 intellectus
2621 3640 2765 3693 agens
2799 3627 2865 3679 sit

1695 3705 1954 3757 substantia
1997 3706 2236 3770 separata,
2296 3701 2380 3754 sed
2423 3701 2573 3768 magis
2627 3697 2750 3764 quod
2804 3697 2870 3750 sit

1697 3775 1876 3841 aliquid
1895 3776 2076 3828 animae.
2774 3769 2867 3822 213

1757 3846 1880 3897 Cap·
1908 3857 2162 3897 Lxx1x.·-
2190 3843 2320 3905 Quod
2347 3843 2502 3896 anima
2527 3842 2746 3902 hnmana,
2768 3851 2869 3890 cor—

1694 3921 1833 3983 rupto
1865 3929 2075 3981 corpore,
2104 3927 2200 3969 non
2226 3913 2551 3979 corrumpitur.
2772 3911 2868 3962 215

1757 3988 1879 4038 car.
1915 3998 2072 4038 xxxx.
2103 4011 2166 4026 -
2200 3985 2420 4036 Rationes
2465 3980 2662 4048 probare
2702 3980 2866 4031 volen-

1699 4054 1813 4105 tium
1824 4054 2022 4105 animam
2040 4051 2290 4117 corrumpi,
2308 4054 2526 4116 corrupto
2540 4060 2756 4112 corpore.
2774 4048 2865 4099 an

1756 4125 1880 4176 Cu».
1922 4136 2100 4176 Lxxn.
2140 4151 2202 4162 —
2261 4121 2443 4173 solutio
2502 4117 2865 4186 praecedentium

1689 4194 1940 4247 rationum.
2774 4191 2868 4241 219

1751 4266 1877 4317 Cae.
1914 4275 2116 4315 nxxxn.
2160 4290 2223 4302 --
2258 4261 2392 4322 Quod
2431 4259 2598 4312 animae
2623 4258 2860 4309 brutorum

1689 4334 1955 4390 animalium
1981 4346 2076 4386 non
2102 4336 2212 4386 sunt
2232 4328 2538 4383 immortales.
2774 4330 2857 4378 22¹

1750 4407 1877 4459 cea.
1921 4416 2146 4459 Lxxxm.
2176 4432 2237 4443 —
2291 4402 2422 4464 Quod
2467 4401 2621 4455 anima
2667 4400 2860 4451 hnmana
