3076 5025
900 268 919 278 “
1018 284 1153 340 us.
1195 284 1285 354 w,
1324 286 1477 341 citt».
1515 284 1676 341 και.
2459 286 2564 340 639

156 411 282 468 Nou
307 409 490 467 autem
516 417 735 464 sumus
758 409 1085 477 praesentes
1113 405 1231 464 nisi
1261 404 1501 479 quando
1526 405 1798 465 videmus
1825 418 1933 479 per
1958 404 2213 478 speciem
2238 423 2255 463 ε
2283 404 2566 479 quamdiu

150 479 302 537 euim
349 476 722 535 ambulamus
764 489 869 547 per
914 475 1114 545 fidem,
1140 482 1203 534 et
1243 491 1366 535 non
1424 490 1528 548 per
1568 477 1851 548 speciem,
1882 477 2333 550 peregrinamur
2377 492 2413 536 a
2457 481 2567 535 Do-

154 549 323 616 min0,
353 552 413 604 ut
432 546 655 604 ibidem
686 546 924 604 dicitur.
948 547 1152 604 Statim
1182 548 1367 620 igitur
1393 561 1578 620 quum
1609 546 1808 605 anima
1831 552 2042 605 sancta
2067 561 2101 605 a
2121 560 2374 619 corpore
2402 561 2568 618 sepa-

153 624 320 687 ratur,
348 620 527 675 Deum
564 628 675 689 por
712 617 974 689 speciem
1016 618 1178 675 videt
1207 635 1221 674 ε
1251 618 1412 690 quod
1440 626 1536 676 est
1577 618 1786 676 ultima
1829 616 2153 685 beatitudo,
2186 622 2253 675 ut
2296 618 2354 674 in
2391 618 2567 699 tertio

152 695 443 747 ostensum
466 693 581 746 est.
612 689 736 746 Hoc
767 694 962 746 autem
988 688 1150 746 idem
1178 688 1509 745 ostendunt
1534 693 1596 745 et
1622 688 1804 746 verba
1831 687 2101 760 ejusdem
2129 688 2417 758 Apostoli,
2439 687 2566 745 Plu-

148 758 274 831 fip„
299 773 337 828 1,
363 764 451 827 23,
482 757 737 815 dicentis
761 772 777 812 ε
807 759 1151 814 Desidet-ium
1179 760 1382 815 habens
1412 759 1656 829 diesem,
1689 763 1741 814 et
1765 774 1887 815 cum
1917 758 2127 815 Christo
2143 774 2272 815 esse.
2297 759 2565 818 Christus

146 836 333 888 autem
370 830 430 886 in
458 829 632 887 coelis
656 832 766 887 est.
795 829 1078 901 Sperabat
1123 830 1306 902 igitur
1331 829 1654 901 Apostolus
1700 829 1899 887 statim
1943 834 2084 902 post
2125 829 2396 901 corporis
2441 829 2562 887 dis-

149 900 494 959 solutionem
522 914 587 957 se
616 904 1039 970 perventurum
1067 901 1138 958 ad
1169 901 1409 958 coelum.

212 973 318 1028 Per
336 971 446 1028 hoc
464 977 662 1028 autem
684 970 1022 1028 excluditur
1042 985 1210 1029 error
1236 970 1631 1042 quorumdam
1652 970 2010 1041 Graecorum,
2035 970 2136 1043 qui
2157 969 2566 1044 purgatorium

139 1047 374 1113 negant,
396 1047 455 1097 et
481 1041 687 1098 dicunt
713 1041 950 1121 animas
978 1046 1117 1100 ante
1145 1055 1463 1112 corporum
1492 1042 1993 1101 resumentionem
2021 1041 2318 1114 nequead
2348 1041 2565 1100 coelum

139 1112 452 1170 ascendere
479 1124 674 1184 neque
698 1110 763 1169 in
786 1112 1091 1169 infernum
1126 1111 1412 1184 demergi.
2081 1128 2092 1139 ·

1109 1329 1366 1396 CAPUT
1402 1330 1586 1396 xcn.

385 1503 535 1556 otton
583 1503 787 1549 mm
824 1503 1169 1550 SANGTORUM
1202 1504 1349 1550 Pos'r
1379 1504 1646 1575 noum,
1659 1504 1896 1552 namt·
1928 1503 2319 1551 vomam

975 1591 1385 1639 nmmum
1427 1592 1495 1640 IN
1538 1592 1714 1639 Bono.

209 1746 291 1804 Ex
316 1745 411 1827 his
432 1751 636 1826 autem
656 1749 899 1818 apparet
926 1745 1089 1874 guod
1116 1747 1352 1816 animae,
1384 1748 1582 1805 statim
1614 1763 1800 1820 quum
1820 1763 1855 1806 a
1871 1762 2122 1820 corpore
2153 1748 2373 1806 suerint
2396 1760 2568 1828 sepa-

139 1821 315 1885 ratae,
358 1816 697 1875 immobiles
738 1830 923 1876 secun
968 1830 1072 1875 mn
1125 1817 1490 1876 voluntatem
1531 1818 1883 1889 redduntur,
1925 1824 1995 1877 ut
2037 1819 2270 1877 scilicet
2314 1818 2567 1876 ulterius

139 1886 736 2014 volfuntasbbominis
763 1887 983 1947 mutari
1021 1900 1146 1947 non
1180 1889 1378 1960 possit
1403 1903 1599 1962 neque
1627 1890 1702 1949 de
1726 1889 1890 1948 bono
1916 1889 1984 1947 in
2009 1889 2238 1947 malum
2268 1901 2463 1962 neque
2491 1888 2564 1946 de

139 1972 304 2017 mao
332 1971 392 2014 in
461 1970 668 2015 onum.

210 2028 498 2097 Quamdiu
530 2029 690 2086 enim
721 2028 924 2086 anima
944 2029 1020 2087 de
1046 2031 1211 2089 bono
1249 2030 1313 2087 in
1354 2029 1579 2088 malum
1608 2030 1701 2089 vel
1729 2031 1802 2089 de
1830 2030 2076 2089 maloin
2100 2030 2325 2088 bonum
2347 2028 2566 2088 mutari

139 2104 357 2172 potest,
402 2104 498 2156 est
532 2099 600 2180 ‘in
643 2105 801 2180 statu
828 2112 1047 2172 pugnae
1075 2106 1134 2159 et
1164 2100 1391 2158 militiae
1414 2119 1429 2169 ;
1456 2106 1692 2171 oportet
1739 2102 1898 2159 enim
1939 2108 2007 2158 ut
2041 2100 2301 2158 sollicite
2330 2100 2568 2168 resistat

139 2170 323 2238 malo,
348 2182 426 2227 ne
455 2169 529 2227 ab
547 2181 681 2240 ipso
704 2175 1001 2239 vincatur,
1028 2170 1125 2229 vel
1152 2177 1404 2229 conetur
1431 2174 1497 2228 ut
1515 2171 1589 2227 ab
1603 2186 1680 2229 eo
1695 2171 1998 2229 tiberetur.
2021 2171 2132 2229 Sed
2155 2172 2355 2228 statim
2381 2183 2567 2243 quum

139 2242 345 2300 mima
371 2254 408 2297 a
431 2254 683 2311 corpore
708 2246 1041 2310 separatur,
1070 2254 1195 2299 non
1223 2241 1334 2297 erit
1372 2241 1432 2297 in
1481 2247 1640 2299 statu
1686 2243 1917 2301 militiae
1956 2243 2046 2299 vel
2075 2256 2313 2317 pugnae,
2337 2241 2443 2299 sed
2475 2254 2566 2299 re-

139 2310 393 2382 cipiendi
438 2311 744 2381 praemium
770 2312 863 2367 vel
908 2325 1148 2382 poenam
1190 2325 1304 2382 pro
1323 2325 1396 2368 eo
1425 2312 1586 2383 quod
1631 2312 1895 2385 legitime
1919 2311 2015 2370 vel
2037 2312 2346 2382 illegitime
2385 2316 2573 2369 certa·

139 2382 226 2438 vit
251 2399 266 2449 ς
293 2387 606 2439 ostensum
649 2386 742 2438 est
763 2381 923 2437 enim
944 2382 1099 2453 (cap.
1118 2380 1317 2451 praec.)
1340 2382 1501 2451 quod
1541 2382 1741 2439 statim
1762 2382 2179 2452 velpraemium
2210 2381 2301 2436 vel
2369 2393 2566 2438 oenam

139 2451 1210 2579 cltjntilsequitur]1⁸(iionxliffltour-nulljtceriiiulsl
1230 2450 1791 2579 {nima-secutgdum
1819 2448 2290 2509 voluntatemvel
2352 2465 2384 2508 e
2403 2449 2564 2509 bono

139 2538 153 2579 ι
295 2537 545 2578 aumve
641 2537 670 2578 e
891 2537 909 2577 1
1113 2537 1146 2579 u
1306 2537 1456 2579 uai
1524 2537 1701 2578 oe.

212 2593 367 2654 Item,
415 2602 722 2650 ostensum
764 2597 858 2649 est
901 2592 961 2648 in
994 2591 1170 2650 tertio
1199 2592 1350 2662 (cap.
1372 2596 1439 2648 61
1482 2536 1547 2648 gt
1565 2592 1659 2665 62)
1688 2592 1849 2664 quod
1877 2591 2185 2650 beatitudo
2212 2605 2344 2664 quae
2368 2591 2432 2649 in
2462 2593 2567 2651 Dei

139 2663 372 2720 visione
408 2663 702 2731 consistit,
732 2667 1019 2733 perpetua
1046 2668 1173 2720 est:
1204 2667 1263 2719 et
1288 2662 1563 2719 similiter
1589 2663 1649 2719 in
1678 2663 1888 2721 eodem
1921 2662 2071 2735 (cap.
2102 2662 2223 2734 144)
2254 2668 2566 2721 ostensum

139 2739 226 2791 est
274 2733 433 2806 quod
490 2747 599 2805 pro
640 2739 886 2804 peccato
924 2732 1165 2790 mortali
1212 2732 1461 2790 debetur
1504 2746 1684 2803 poena
1715 2738 1958 2790 aeterna.
1987 2732 2102 2791 Sed
2137 2734 2340 2791 anima
2394 2732 2569 2791 beata

139 2817 269 2862 esse
295 2816 420 2860 non
443 2809 657 2873 potest,
692 2803 744 2860 si
775 2804 1052 2861 voluntas
1080 2804 1212 2874 ejus
1241 2809 1401 2860 recta
1426 2817 1552 2860 non
1583 2804 1760 2861 fuerit
1782 2821 1797 2872 ;
1818 2804 2038 2861 desinit
2057 2803 2217 2861 enim
2246 2816 2381 2861 esse
2405 2809 2568 2861 recta

139 2888 236 2943 >er
255 2873 377 2932 hoc
394 2874 551 2954 quod
573 2889 609 2932 a
625 2873 741 2930 fine
759 2874 1058 2944 avertitur,
1073 2880 1130 2930 et
1146 2877 1305 2931 recta
1316 2872 1648 2943 estperhoc
1669 2875 1825 3001 guod
1848 2873 1964 2930 fine
1982 2873 2216 2931 fruitur.
2230 2877 2358 2931 Non
2373 2878 2569 2954 potest

139 2951 337 3004 tutem
387 2944 567 3002 simul
616 2957 769 3009 esse
802 2945 961 3016 quod
1004 2958 1040 3003 a
1081 2944 1200 3002 fine
1240 2949 1535 3001 avertatur
1577 2949 1636 3001 et
1717 2958 1791 3002 ne
1829 2945 2078 3002 fruatur.
2102 2946 2345 3015 Oportet
2386 2943 2569 3015 igitur

139 3015 560 3094 rectitudinem
607 3014 936 3096 voluntatis
981 3013 1041 3071 in
1091 3015 1291 3074 anima
1331 3016 1508 3074 beata
1555 3028 1692 3074 esse
1731 3020 2101 3089 perpetuam,
2130 3020 2197 3073 ut
2222 3027 2345 3072 non
2371 3014 2568 3086 possit

141 3091 528 3144 sansmutari
560 3085 633 3142 de
656 3085 817 3143 bono
845 3100 908 3142 m
934 3086 1182 3144 malum.

190 3157 489 3227 Ammius,
546 3156 896 3213 naturaliter
920 3161 1197 3215 creatura
1234 3156 1546 3215 rationalis
1592 3155 1813 3228 appetit
1833 3169 1970 3215 esse
2010 3156 2221 3225 beata,
2249 3155 2409 3215 unde
2441 3169 2568 3216 nnn

139 3232 334 3285 Jotest
360 3226 516 3283 veile
546 3239 669 3284 non
696 3239 835 3284 esse
861 3226 1069 3295 beata;
1101 3234 1299 3298 potest
1316 3233 1513 3284 tamen
1540 3239 1648 3299 per
1671 3227 2039 3288 voluntatem
2070 3227 2300 3286 deflecti
2320 3227 2394 3285 ab
2411 3239 2483 3285 eo
2503 3227 2570 3286 in

139 3311 251 3371 sno
296 3311 449 3355 vera
500 3295 803 3355 beatitudo
846 3297 1146 3366 consistit,
1190 3298 1349 3370 quod
1389 3303 1482 3355 est
1525 3297 1894 3356 voluntatem
1931 3311 2068 3357 esse
2103 3311 2442 3370 perversam
2467 3316 2482 3367 ;
2511 3301 2571 3355 et

139 3383 247 3426 mc
274 3369 531 3441 quidem
556 3368 855 3440 contingit
873 3369 1018 3440 quia
1043 3368 1103 3426 id
1130 3369 1194 3425 in
1226 3382 1347 3440 quo
1371 3383 1509 3425 vera
1536 3367 1845 3427 beatitudo
1869 3374 1966 3428 est
2009 3381 2134 3426 non
2182 3367 2572 3440 apprehendi-

141 3454 221 3498 ur
253 3439 378 3497 sub
410 3440 639 3496 ratione
668 3438 1074 3507 beatitudinis,
1100 3438 1205 3497 sed
1232 3440 1455 3510 aliquid
1488 3438 1650 3496 aliud
1699 3439 1762 3497 in
1789 3451 1912 3511 qno
1930 3439 2210 3497 voluntas
2235 3439 2570 3499 inordinata

139 3510 481 3568 iessectitur
506 3510 663 3567 sicut
692 3509 751 3566 in
783 3509 999 3578 finem3
1030 3516 1172 3582 puta
1198 3509 1298 3582 qui
1329 3511 1497 3581 ponit
1520 3509 1703 3566 finem
1733 3523 1910 3568 suum
1937 3509 2002 3567 in
2019 3510 2423 3590 voluptatibus
2444 3521 2571 3567 cor·

139 3581 471 3648 mralibus,
515 3582 772 3638 aestimat
810 3594 922 3639 eas
961 3586 1026 3638 ut
1069 3581 1382 3652 optimum,
1416 3580 1575 3654 quod
1605 3587 1698 3638 est
1722 3580 1876 3639 ratio
1906 3580 2308 3639 beatitudinis.
2341 3579 2454 3636 Sed
2476 3578 2570 3638 illi

139 3656 219 3712 ”ui
251 3652 388 3723 jann
424 3651 578 3708 beati
610 3657 754 3709 sunt.
778 3650 1234 3733 apprehendunt
1257 3651 1407 3708 idin
1438 3665 1558 3723 quo
1585 3665 1723 3709 vere
1755 3650 2057 3710 beatitudo
2088 3658 2180 3708 est
2202 3649 2315 3708 sub
2335 3650 2570 3708 ratione

139 3721 530 3782 mutitudinis
570 3727 630 3779 et
654 3721 844 3779 ultimi
879 3721 1019 3779 finis
1051 3737 1066 3776 ε
1099 3723 1248 3779 alias
1275 3722 1338 3779 in
1366 3723 1483 3779 boc
1506 3734 1630 3780 non
1661 3722 1995 3803 quiesceret
2019 3722 2338 3793 appetitus,
2369 3725 2427 3776 et
2461 3731 2572 3791 per

141 3805 523 3863 onsequens
568 3805 689 3850 non
737 3799 940 3849 essent
984 3793 1158 3850 beati.
1192 3794 1565 3864 Quicumque
1611 3793 1793 3866 igitur
1819 3792 1972 3851 beati
2005 3796 2167 3862 sunt,
2197 3791 2567 3870 voluntatem

141 3863 455 3922 eflectere
498 3874 618 3918 non
657 3869 915 3932 possunt
940 3863 1016 3920 ab
1036 3864 1203 3920 eoin
1229 3877 1350 3936 quo
1376 3869 1472 3921 est
1501 3876 1639 3922 vera
1666 3862 1993 3922 beatitudo,
2012 3864 2143 3920 Non
2169 3865 2430 3934 possunt
2452 3873 2566 3932 igi·

139 3948 215 3995 ur
246 3943 604 4002 perversam
632 3933 995 3990 voluntatem
1026 3932 1267 3990 habere.

184 4000 757 4080 ltm.‚cuieumque
809 4003 1027 4060 sufficit
1063 4004 1123 4061 id
1194 4004 1311 4062 uod
1340 4004 1541 4074 habet,
1572 4016 1691 4061 non
1723 4003 1930 4077 quaerit
1959 4003 2121 4061 aliud
2152 4009 2317 4061 extra
2343 4004 2563 4075 ipsum.

139 4072 236 4131 ed
276 4084 651 4150 quietamque
676 4077 772 4129 est
798 4072 1029 4141 beatus,
1054 4088 1130 4132 su
1204 4077 1284 4131 cit
1311 4075 1365 4131 ei
1392 4075 1448 4132 id
1480 4075 1542 4131 in
1572 4088 1693 4146 quo
1721 4081 1816 4133 est
1855 4087 1996 4131 vera
2041 4074 2366 4142 beatitudO,
2413 4074 2572 4133 alias

143 4156 242 4203 on
304 4140 660 4220 impleretur
704 4141 838 4214 ejus
864 4144 1246 4201 desiderium.
1278 4148 1431 4216 Ergo
1461 4145 1821 4218 quicumque
1848 4149 1944 4203 est
1965 4143 2177 4203 beatus
2219 4144 2368 4202 nihil
2403 4142 2569 4204 aliud

139 4217 348 4276 [πῖθι-ιι
390 4210 555 4281 quod
602 4225 723 4269 non
759 4213 1049 4282 pertineat
1076 4215 1148 4271 ad
1180 4214 1238 4270 id
1268 4214 1328 4271 in
1360 4229 1479 4288 quo
1522 4230 1663 4272 vera
1690 4215 1994 4272 beatitudo
2023 4215 2320 4274 consistit.
2355 4216 2568 4273 Nullus

139 4293 335 4347 utem
387 4279 948 4362 habetvpervemam
990 4285 1355 4341 voluntatem
1382 4286 1497 4342 nisi
1532 4300 1640 4356 per
1665 4285 1782 4342 hoc
1809 4285 1969 4356 qnod
1998 4286 2125 4343 vult
2153 4287 2374 4359 aliquid
2406 4283 2566 4359 quod

139 4356 433 4433 ‚pugnat
482 4352 536 4407 ei
572 4366 634 4433 ‚¹¹³
664 4365 788 4424 quo
814 4366 954 4408 *vela
972 4352 1278 4411 beatitudo
1305 4357 1604 4414 consistit.
1631 4355 1866 4413 Nullius
1895 4356 2077 4428 igilur
2102 4355 2258 4416 beati
2287 4357 2570 4415 voluntas

139 4429 323 4495 nest
364 4426 586 4479 mutari
616 4423 679 4479 in
706 4423 952 4480 malum.
