3076 5025
375 304 479 360 34ss
1252 294 1382 349 ΜΒ.
1425 294 1521 357 111,
1564 292 1717 348 CAP.
1760 292 1929 347 LXIX.
2848 14 3076 274 Ἴ

375 424 546 488 lium,
604 422 691 480 ita
712 420 945 480 scilicet
970 416 1131 500 quod
1159 416 1320 546 {ignis
1352 429 1475 473 non
1501 414 1795 483 calefacit,
1825 415 1928 472 sed
1964 416 2119 471 Deus
2145 417 2355 494 causat
2380 412 2640 493 calorem
2661 427 2818 485 prae-

377 499 546 552 sente
572 492 732 565 igne.
765 494 832 548 Et
857 490 1136 549 similiter
1202 492 1369 545 icunt
1393 487 1457 543 in
1486 485 1770 543 omnibus
1800 485 1937 544 aliis
1966 483 2277 564 effectibus
2306 484 2699 543 naturalibus,

449 567 619 622 Hunc
647 568 847 620 autem
875 571 1140 618 errorem
1177 557 1514 615 rationibus
1560 554 1918 613 confirmare
1961 562 2158 613 conati
2207 556 2809 635 sunt,·ostendentes

377 636 606 694 nullam
643 634 893 690 formam
927 644 1124 702 neque
1153 627 1631 696 substantialem,
1667 641 1856 698 neque
1884 625 2311 683 accidentalem
2343 625 2460 682 n1si
2506 640 2608 697 per
2651 626 2813 683 viam

379 705 706 765 creationis
727 702 974 774 produci
1003 702 1063 757 in
1094 713 1250 756 esse.
1282 702 1411 755 Non
1454 698 1615 753 enim
1664 703 1921 767 possunt
1964 697 2171 754 formae
2202 701 2260 752 et
2306 696 2635 753 accidentia
2680 695 2815 754 fieri

277 777 284 784 ’
380 791 454 834 ex
482 775 752 842 materia,
783 785 919 830 cum
956 784 1079 829 non
1111 769 1368 827 habeant
1396 769 1706 825 materiam
1737 772 1965 840 partem
1988 767 2104 825 sui.
2138 766 2322 834 Unde,
2354 767 2407 824 si
2438 766 2602 835 fiant,
2630 780 2817 838 opor·

377 852 463 904 tet
486 844 644 919 quod
675 843 822 901 fiant
848 857 920 900 ex
948 839 1160 904 nihilo,
1192 838 1351 912 quod
1381 843 1472 896 est
1499 839 1688 896 creari
1715 857 1729 904 ;
1762 844 1821 895 et
1844 839 1987 909 quia
2014 838 2235 895 creatio
2261 838 2455 894 solius
2500 838 2600 895 Dei
2653 837 2815 896 actio

380 922 492 985 est,
525 920 588 973 ut
617 916 681 972 in
709 911 976 971 secundo
1005 917 1318 969 ostensum
1348 915 1442 967 est
1470 907 1623 981 (cap.
1660 908 1768 980 ¹2),
1791 908 1961 989 sequi
1991 908 2225 965 videtur
2251 908 2408 980 quod
2451 908 2622 966 solus
2651 910 2815 967 Deus

379 993 497 1044 tam
530 986 752 1043 formas
782 980 1210 1040 substantiales
1235 994 1413 1053 quam
1433 979 1834 1037 accidentales
1865 992 1927 1035 in
1955 985 2167 1037 natura
2194 979 2500 1049 producat.

453 1056 600 1113 Huic
637 1059 838 1112 autem
880 1052 1167 1123 positioni
1194 1052 1408 1123 partim
1439 1052 1617 1107 etiam
1645 1050 2039 1123 quorumdam
2068 1050 2569 1121 philosophorum
2598 1049 2811 1120 opinio

385 1125 787 1193 concordavit,
813 1124 958 1197 quia
982 1123 1140 1181 enim
1171 1135 1347 1179 omne
1375 1121 1534 1195 quod
1566 1135 1671 1192 per
1708 1135 1777 1178 56
1806 1133 1928 1178 non
1968 1125 2079 1188 est,
2109 1120 2183 1177 ab
2212 1134 2284 1177 eo
2307 1119 2467 1191 quod
2495 1125 2587 1177 est
2618 1132 2817 1190 perse

381 1196 706 1255 derivatum
765 1194 1084 1262 invenitur,
1131 1193 1366 1251 videtur
1409 1192 1569 1264 quod
1620 1192 1826 1249 formae
1869 1205 2066 1249 rerum
2111 1204 2243 1263 quae
2288 1203 2409 1247 non
2436 1196 2583 1271 sunt
2608 1203 2714 1260 per
2742 1203 2819 1270 se

382 1268 728 1334 existentes,
772 1264 876 1323 sed
903 1265 967 1321 in
995 1264 1260 1326 materia,
1293 1263 1645 1333 proveniant
1675 1276 1749 1318 ex
1778 1262 1988 1320 formis
2007 1275 2140 1335 quae
2247 1275 2277 1317 r
2303 1274 2369 1319 se
2396 1274 2529 1319 sine
2558 1266 2812 1319 materia

384 1343 527 1396 sunt
556 1355 570 1393 ε
604 1336 775 1409 quasi
803 1336 1012 1393 formae
1054 1335 1117 1390 in
1159 1333 1408 1391 materia
1452 1332 1796 1395 existentes,
1853 1333 1974 1389 sint
2022 1345 2154 1404 quae
2199 1345 2290 1389 am
2319 1332 2810 1402 participationes

383 1408 621 1465 illarum
654 1407 977 1465 formarum
1007 1417 1145 1476 quae
1175 1404 1306 1461 sine
1336 1404 1587 1460 materia
1614 1408 1776 1472 sunt,
1803 1409 1861 1460 et
1885 1410 2125 1475 propter
2148 1403 2260 1459 hoc
2280 1404 2446 1459 Plato
2477 1402 2645 1474 (Tim,
2679 1416 2813 1474 cap.

384 1482 492 1547 ¹0;
532 1480 612 1534 De
642 1476 869 1548 republ.
912 1480 970 1532 et
1003 1474 1170 1545 alibi)
1199 1475 1403 1546 posuit
1431 1474 1666 1544 species
1695 1487 1892 1531 rerum
1922 1473 2299 1531 sensibilium
2329 1486 2465 1530 esse
2515 1473 2811 1544 quasdam

388 1548 620 1605 formas
668 1550 994 1618 separatae,
1052 1559 1184 1618 quae
1235 1551 1377 1601 sunt
1422 1558 1620 1602 causae
1666 1543 1907 1602 essendi
1940 1544 2036 1601 his
2060 1543 2452 1601 sensibilibus
2476 1544 2807 1600 secundum

426 1618 544 1676 uod
573 1631 674 1675 eas
705 1616 1074 1688 participant.
1109 1614 1409 1672 Avicenna
1443 1628 1586 1671 vero
1634 1614 1836 1685 posuit
1873 1628 2084 1671 omnes
2127 1614 2349 1672 formas
2378 1613 2813 1672 substantiales

384 1633 458 1747 {b
489 1686 883 1760 intelligentia
910 1691 1123 1757 agente
1149 1685 1390 1742 effluere
1418 1702 1432 1753 ;
1464 1685 1866 1743 accidentales
1897 1691 2093 1742 autem
2125 1685 2349 1743 formas
2388 1698 2523 1743 esse
2551 1684 2816 1755 ponebat

386 1758 675 1832 quasdam
731 1756 991 1814 materiae
1038 1756 1490 1827 dispositiones,
1540 1770 1672 1828 quae
1718 1770 1793 1812 ex
1838 1756 2073 1813 actione
2121 1755 2470 1812 inferiorum
2501 1755 2811 1826 agentium

384 1829 693 1887 materiam
723 1826 1168 1898 disponentium
1200 1826 1645 1896 proveniebant,
1679 1826 1738 1882 in
1771 1839 1890 1898 quo
1919 1841 1955 1883 a
1976 1826 2157 1897 priori
2179 1826 2434 1883 stultitia
2449 1825 2806 1883 declinabat.

463 1897 651 1968 Hujus
679 1904 874 1956 autem
897 1898 1138 1969 signum
1168 1910 1302 1954 esse
1329 1897 1661 1970 videbatur,
1691 1897 1850 1969 quod
1881 1897 2045 1953 nulla
2070 1897 2261 1954 virtus
2289 1897 2483 1954 activa
2509 1896 2814 1954 invenitur

385 1980 523 2028 esse
556 1969 616 2025 in
647 1969 781 2026 istis
805 1966 1157 2039 corporibus
1181 1968 1300 2025 nisi
1329 1966 1716 2025 accidentalis
1749 1967 1959 2034 forma,
1992 1969 2146 2024 sicut
2168 1968 2487 2039 qualitates
2515 1967 2725 2024 activae
2754 1973 2815 2024 et

385 2039 664 2111 passivae,
694 2053 827 2111 quae
856 2051 976 2096 non
1001 2037 1278 2095 videntur
1304 2051 1440 2096 esse
1468 2038 1542 2096 ad
1565 2037 2078 2110 hoceufficientes
2107 2037 2266 2109 quod
2280 2037 2503 2096 formas
2532 2038 2814 2095 substan-

382 2109 561 2167 tiales
589 2123 837 2168 causare
863 2108 1118 2180 possint.

456 2180 845 2237 Inveniuntur
871 2180 1048 2237 etiam
1077 2180 1348 2260 quaedam
1376 2177 1601 2235 inistis
1626 2175 2012 2236 inferioribus
2043 2192 2173 2250 quae
2201 2191 2321 2235 non
2350 2184 2715 2251 generantur
2734 2193 2812 2237 ex

385 2249 800 2317 sensibilibus,
828 2250 985 2307 sicut
1010 2249 1295 2306 animalia
1321 2263 1394 2306 ex
1416 2247 1849 2319 putrefactione
1871 2253 2152 2320 generata
2176 2267 2188 2305 ε
2220 2248 2374 2306 unde
2396 2248 2628 2307 videtur
2647 2248 2811 2323 quod

382 2319 600 2378 horum
633 2321 835 2378 formae
865 2334 939 2378 ex
966 2320 1281 2378 altioribus
1333 2318 1646 2391 principiis
1695 2318 2067 2446 greveniant,
2125 2325 2183 2376 et
2222 2320 2346 2390 pari
2388 2320 2618 2377 ratione
2676 2319 2813 2378 alioe

382 2390 614 2459 formae,
645 2405 895 2463 quarum
925 2390 1194 2463 quaedam
1225 2396 1368 2448 sunt
1392 2389 1581 2446 multo
1611 2400 1690 2446 no
1735 2390 1959 2447 iliores.

456 2462 705 2530 Quidam
753 2475 893 2519 vero
938 2461 1010 2519 ad
1043 2462 1156 2520 boc
1204 2465 1620 2534 argumentum
1646 2465 1964 2519 assumunt
1990 2474 2064 2518 ex
2093 2460 2454 2520 naturalium
2487 2474 2806 2534 corporum

379 2531 789 2591 imbecillitate
814 2532 887 2590 ad
906 2532 1225 2605 agendum,
1252 2546 1389 2588 nam
1414 2531 1615 2589 omnis
1643 2532 1912 2601 corporis
1958 2532 2149 2590 forma
2190 2538 2282 2589 est
2312 2532 2593 2603 adjuncta
2622 2547 2812 2606 quan-

381 2603 536 2661 titati
569 2622 579 2658 :
613 2604 913 2676 quantitas
943 2608 1139 2661 autem
1168 2602 1415 2673 impedit
1438 2603 1733 2659 actionem
1760 2608 1817 2659 et
1837 2607 2063 2659 motum
2084 2602 2257 2675 cujus
2277 2603 2519 2676 signum
2546 2610 2806 2674 ponunt,

383 2674 525 2746 quia
596 2679 838 2732 uantum
864 2674 1100 2731 additur
1127 2673 1191 2730 in
1217 2672 1545 2745 quantitate
1575 2672 1753 2730 alicui
1796 2673 2054 2743 corpori,
2086 2678 2251 2731 tanto
2281 2673 2345 2730 fit
2380 2674 2804 2746 ponderosius,

384 2749 442 2801 et
469 2749 560 2800 tar
601 2750 733 2801 atur
759 2750 960 2802 motus
985 2742 1135 2815 eius,
1161 2743 1317 2800 unde
1353 2757 1460 2814 per
1489 2743 1601 2800 hoc
1632 2742 1999 2800 concludunt
2020 2744 2179 2816 quod
2211 2745 2443 2802 nullum
2473 2758 2695 2816 corpus
2718 2745 2809 2804 sit

384 2815 662 2882 activum,
690 2814 795 2872 sed
825 2814 1125 2886 passivum
1155 2819 1406 2871 tantum.

456 2886 575 2942 Hoc
606 2886 782 2942 etiam
831 2885 1144 2942 ostendere
1201 2884 1472 2940 nituntur
1508 2897 1613 2954 per
1655 2884 1767 2941 hoc
1808 2885 1966 2955 quod
2003 2898 2181 2940 omne
2210 2886 2446 2956 patiens
2486 2892 2577 2944 est
2607 2886 2806 2955 subje-

387 2959 545 3011 ctum
585 2955 803 3026 agenti,
848 2961 906 3011 et
933 2967 1109 3011 omne
1139 2968 1325 3027 agens
1351 2960 1564 3024 praeter
1588 2954 1845 3024 primum
1875 2956 2035 3026 quod
2063 2962 2291 3024 causat,
2322 2957 2571 3029 requirit
2600 2957 2807 3029 subje-

383 3030 544 3082 ctum
591 3025 844 3082 inferius
898 3038 986 3093 se,
1035 3025 1199 3082 nulla
1249 3030 1444 3081 autem
1478 3024 1816 3082 substantia
1854 3031 1947 3082 est
1974 3025 2222 3082 inferior
2264 3027 2559 3098 corporali
2595 3045 2609 3082 :
2640 3027 2802 3084 unde

381 3094 621 3151 videtur
649 3096 806 3167 quod
848 3095 1081 3152 nullum
1109 3108 1328 3164 corpus
1351 3096 1432 3152 sit
1459 3096 1739 3151 activum.

452 3165 687 3222 Addunt
715 3165 891 3223 etiam
909 3166 983 3222 ad
1006 3166 1120 3224 hoc
1140 3165 1302 3238 quod
1320 3165 1651 3235 corporalis
1666 3165 2005 3223 substantia
2025 3172 2113 3223 est
2136 3166 2197 3224 in
2223 3167 2433 3224 ultima
2465 3167 2752 3226 distantia
2770 3183 2809 3226 a

377 3238 574 3306 primo
603 3240 835 3307 agente,
866 3236 1023 3293 unde
1046 3236 1429 3293 non‘videtur
1454 3238 1544 3293 eis
1572 3237 1731 3308 quod
1762 3237 1950 3293 virtus
1979 3236 2169 3293 activa
2189 3238 2491 3308 perveniat
2513 3253 2707 3311 usque
2727 3240 2805 3297 ad

379 3306 776 3364 substantiam
808 3306 1197 3377 corporalem,
1228 3307 1334 3364 sed
1364 3307 1521 3364 sicut
1548 3309 1705 3364 Deus
1736 3312 1825 3364 est
1855 3320 2040 3379 agens
2064 3313 2315 3377 tantum,
2348 3310 2431 3365 ita
2459 3308 2809 3367 substantia

381 3377 732 3447 corporalis,
761 3391 895 3434 cum
916 3379 997 3435 sit
1021 3376 1228 3433 infima
1256 3378 1319 3434 in
1346 3390 1566 3450 genere
1586 3391 1806 3446 rerum,
1834 3378 1915 3435 sit
1940 3379 2182 3449 passiva
2208 3385 2460 3436 tantum.

451 3449 696 3517 Propter
741 3447 851 3504 has
877 3448 1059 3520 igitur
1093 3448 1356 3505 rationes
1434 3447 1563 3505 onit
1594 3448 1937 3510 Avicebron.
1968 3449 2031 3505 in
2060 3448 2213 3506 libro
2240 3452 2427 3505 Fontis
2460 3453 2608 3513 υἱέες.
2642 3451 2805 3531 quod

377 3517 614 3574 nullum
643 3531 862 3588 corpus
889 3524 982 3575 est
1008 3518 1289 3587 activum,
1321 3532 1385 3575 se
1454 3519 1644 3575 virtus
1666 3518 2016 3577 substantiae
2039 3520 2368 3590 spiritualis
2386 3526 2796 3591 pertransiens

376 3600 484 3658 per
511 3601 763 3659 corpora
788 3589 912 3661 agit
934 3591 1204 3647 actiones
1231 3603 1365 3662 quae
1393 3603 1497 3660 per
1523 3602 1777 3659 corpora
1804 3587 1931 3648 fieri
1954 3590 2247 3648 videntur.

445 3658 698 3725 Quidam
728 3660 903 3715 etiam
936 3659 1246 3731 loquentes
1276 3660 1338 3715 in
1369 3659 1499 3731 lege
1532 3661 1869 3717 Maurorum
1899 3659 2180 3717 dicuntur
2225 3660 2298 3717 ad
2350 3661 2465 3719 hoc
2494 3663 2799 3721 rationem

375 3727 680 3797 inducere,
712 3730 870 3802 quod
901 3731 1074 3788 etiam
1109 3730 1439 3787 accidentia
1463 3743 1583 3786 non
1612 3730 1735 3787 sint
1763 3745 1835 3788 ex
1854 3733 2091 3789 actione
2119 3744 2458 3802 corporum,
2485 3734 2631 3804 quia
2654 3733 2811 3791 acci·

378 3797 527 3856 dens
582 3813 705 3858 non
758 3801 973 3858 transit
1024 3815 1061 3858 a
1105 3800 1374 3870 subjecto
1421 3800 1483 3856 in
1514 3799 1885 3872 subiectum:
1923 3802 2079 3859 unde
2110 3807 2384 3872 reputant
2423 3803 2800 3874 impossibile

376 3870 536 3940 quod
562 3872 725 3927 calor
753 3876 1015 3929 transeat
1044 3885 1079 3928 a
1106 3884 1353 3942 corpore
1395 3870 1591 3927 calido
1622 3873 1686 3927 in
1716 3872 1878 3929 aliud
1906 3885 2124 3944 corpus
2152 3872 2225 3930 ab
2255 3873 2389 3943 ipso
2418 3875 2796 3944 calefactum,

377 3940 483 3995 sed
515 3940 719 3998 dicunt
747 3941 954 3999 omnia
974 3940 1316 4013 huiusmodi
1341 3939 1680 4003 ,accidentia
1707 3942 1895 4000 creari
1926 3957 1963 4000 a
1991 3945 2131 4001 Deo.

445 4009 528 4065 Ad
560 4012 903 4081 praemissas
953 4017 1146 4069 autem
1206 4011 1540 4082 positiones
1592 4014 1779 4071 multa
1830 4012 2313 4072 inconvenientia
2359 4022 2710 4087 sequuntur.
2737 4015 2799 4071 Si

375 4081 534 4135 enim
569 4082 733 4139 nulla
771 4082 1021 4140 inferior
1065 4095 1271 4151 causa,
1302 4086 1361 4139 et
1385 4082 1642 4141 maxime
1694 4083 2043 4154 corporaliS,
2089 4082 2316 4157 aliquid
2346 4093 2646 4156 operatur,
2692 4085 2797 4143 sed

374 4150 535 4205 Deus
560 4158 838 4220 operatur
865 4153 929 4209 in
958 4151 1239 4210 omnibus
1283 4152 1476 4221 solus,
1505 4155 1664 4211 Deus
1693 4160 1889 4210 autem
1912 4166 2032 4210 non
2054 4154 2318 4212 variatur
2344 4169 2449 4226 per
2479 4157 2614 4225 hoc,
2637 4154 2798 4236 quod

375 4225 654 4300 operatur
680 4222 740 4278 in
773 4222 953 4281 rebus
983 4222 1258 4291 diversis,
1310 4236 1430 4280 non
1457 4231 1741 4295 sequetur
1769 4224 2041 4281 diversus
2068 4224 2316 4282 effectus
2355 4242 2425 4282 ex
2460 4227 2797 4283 diversitate

372 4302 594 4357 rerum,
615 4304 685 4371 ,m
715 4293 934 4364 quibus
963 4295 1120 4351 Deus
1167 4299 1463 4365 operatur.
1498 4296 1619 4351 Hoc
1648 4300 1845 4351 autem
1891 4294 1961 4351 ad
2012 4308 2256 4353 sensum
2288 4303 2528 4367 apparet
2557 4298 2794 4363 salsum,

373 4371 501 4415 non
531 4373 689 4417 emm
711 4377 786 4418 ex
813 4364 1189 4435 appositione
1235 4364 1413 4421 calidi
1461 4365 1732 4436 sequitur
1777 4364 2168 4436 infrigidati0‚
2194 4367 2301 4424 sed
2332 4368 2643 4425 calefactio
2668 4374 2797 4424 tan·
3066 4424 3067 4435 ,

375 4432 518 4499 tum,
551 4444 744 4503 neque
769 4448 845 4490 ex
871 4435 1101 4493 semine
1130 4435 1395 4493 hominis
1422 4436 1693 4507 sequitur
1710 4437 2018 4508 generatio
2044 4437 2166 4497 nisi
2194 4437 2477 4505 hominiS,
2510 4451 2632 4494 non
2653 4450 2809 4510 ergo·
