3076 5025
1035 285 1170 344 mn.
1207 285 1307 352 111,
1345 284 1499 342 cAP.
1543 282 1765 342 cmx.
2497 284 2612 341 ⁴3⁸

163 407 447 494 dispositi
478 411 545 466 ut
572 422 647 468 ex
673 405 894 479 seipsis
916 411 1132 478 sponte
1147 404 1383 488 ‚faciant
1410 404 1573 478 quod
1600 404 1697 463 lex
1716 402 1909 532 llubet.
1955 403 2213 486 Secundi
2260 403 2448 476 igitur
2481 402 2602 485 sibi

162 478 635 608 ¹⁹i³20⁸⁰m0l2ssi
663 478 960 607 latiali}
982 474 2608 615 iustiliae-“mint⁰alssi¹aiiz¹zss¹¹z³3dtait¹ztz

163 566 280 682 a}
306 564 644 701 poggretur,
689 619 796 701 sed
811 562 1062 690 'proptegr
1080 617 1222 676 illos
1243 618 1446 702 quiex
1463 616 1685 701 seipsis
1708 628 1828 701 non
1852 560 2222 701 inclinantug
2245 615 2321 673 ab
2342 559 2608 686 hemum

166 691 722 772 undeuiciturssaem
735 693 910 817 dnum
931 705 1048 746 non
1064 692 1152 771 ρετ
1185 692 1386 770 posita,
1419 688 1518 745 sed
1540 690 1768 757 injustis
1798 685 1853 758 (Ι
1876 688 2036 750 Tim„
2066 685 2238 767 1,·9);
2277 685 2437 758 quod
2483 696 2609 744 non

167 768 267 823 ost
305 776 398 819 sic
425 760 732 842 intelligen
776 773 876 819 um
905 773 1079 832 quasi
1104 764 1252 831 Justi
1290 772 1411 840 non
1437 761 1755 840 teneantur
1778 755 1853 814 ad
1880 755 2073 838 legem
2124 756 2510 838 implendam,
2540 758 2607 816 ut

217 831 417 914 uidam
450 831 601 890 male
630 830 1068 912 intellexerunt,
1085 829 1192 890 sed
1212 843 1356 903 quia
1381 833 1483 888 isti
1511 828 1880 887 inclinantur
1894 841 1967 886 ex
1985 839 2206 900 seipsis
2220 826 2611 899 adjustitiam

201 901 536 973 amendam,
564 907 747 960 etiam
777 913 912 960 sine
938 901 1091 974 lege.

1115 1084 1371 1151 CAPUT
1428 1084 1691 1150 cxxix.

316 1247 472 1302 QUOD
504 1247 568 1296 m
601 1246 865 1296 nonme
898 1246 1145 1296 Acutius
1178 1246 1329 1292 SUNT
1362 1247 1585 1300 moue.
1611 1245 1802 1293 amm
1836 1244 2146 1294 SECUNDUM
2173 1243 2479 1304 nuum,

837 1324 913 1372 m·
946 1324 1065 1372 Nori
1099 1324 1287 1372 soum
1323 1325 1502 1380 QUASI
1537 1325 1686 1373 mon
1719 1324 1949 1372 POSITA.

250 1466 334 1521 Ex
378 1462 709 1535 praemissis
749 1469 948 1521 autem
992 1467 1237 1535 apparet
1280 1461 1443 1543 quod
1477 1476 1552 1522 ea
1580 1476 1713 1535 quae
1756 1461 1959 1543 divina
1983 1462 2117 1535 lege
2156 1462 2605 1536 praecipiuntur,

175 1534 602 1663 identitudtinem
640 1531 882 1604 hahent,
907 1546 1033 1594 non
1059 1534 1260 1594 solum
1288 1547 1434 1606 qula
1466 1539 1608 1592 suut
1637 1532 1773 1606 lege
1798 1538 2021 1606 posita,
2044 1534 2152 1594 sed
2180 1533 2361 1594 etiam
2388 1546 2611 1595 secun·

225 1618 325 1663 um
353 1618 431 1662 na
459 1617 647 1662 uram.

253 1677 336 1733 Ex
381 1675 690 1747 praeceptis
733 1677 895 1733 enim
925 1673 1080 1748 legis
1108 1673 1325 1733 divinae
1370 1686 1544 1732 mens
1571 1673 1839 1742 hominis
1868 1673 2179 1733 ordinatur
2205 1672 2320 1733 sub
2378 1675 2525 1746 Deo,
2553 1678 2615 1735 et

175 1745 390 1806 omnia
434 1745 557 1804 alia
637 1759 729 1805 ute
757 1745 991 1806 suntin
1020 1744 1284 1813 homine,
1316 1744 1431 1803 suh
1459 1743 1710 1802 ratione.
1743 1746 1869 1803 Hoc
1914 1750 2109 1804 autem
2141 1744 2434 1803 naturalis
2461 1743 2615 1805 ordo

177 1816 434 1889 requirit
477 1828 597 1888 quo
666 1815 949 1874 inferiora
977 1814 1390 1886 superioribus
1417 1814 1769 1874 subdantur.
1802 1817 1953 1874 Sunt
1996 1814 2183 1888 igitur
2216 1828 2292 1874 ea
2316 1829 2450 1889 quae
2477 1815 2617 1890 leg-e

178 1886 386 1947 divina
409 1885 854 1967 praecipiuntur,
884 1885 1216 1946 secundum
1243 1899 1309 1944 se
1334 1885 1685 1945 naturaliter
1714 1890 1891 1944 recta.

257 1959 546 2016 nomines
561 1971 634 2014 ex
653 1957 855 2015 divina
867 1955 1244 2028 providentia
1258 1956 1593 2014 sortiuntur
1610 1957 1878 2014 naturale
1890 1954 2316 2028 judicatorium
2335 1954 2615 2029 rationis,

179 2027 618 2155 ιιῑΠΡτίηοίρυω
644 2027 1015 2099 propriarum
1045 2026 1478 2098 operationum.
1526 2027 1830 2085 Naturalia
1857 2032 2055 2085 autem
2084 2026 2383 2098 principia
2424 2026 2497 2086 ad
2541 2041 2617 2088 ea

180 2112 222 2156 o
297 2097 543 2154 inantur
572 2111 706 2170 quae
732 2103 875 2156 sunt
914 2097 1282 2156 naturaliter.
1315 2098 1466 2155 Sunt
1505 2096 1691 2169 igitur
1716 2097 1932 2171 aliquae
1963 2097 2344 2168 operationes
2372 2104 2617 2159 natura·

179 2168 321 2226 liter
345 2167 594 2294 ‘hlomini
641 2167 1086 2295 convenientes„
1115 2180 1250 2243 quae
1297 2171 1444 2228 sunt
1484 2167 1818 2228 secundum
1844 2181 1913 2227 se
1941 2172 2138 2238 rectae,
2171 2172 2232 2226 et
2258 2181 2383 2228 non
2410 2169 2613 2231 solum

227 2251 361 2298 uasi
417 2252 448 2295 e
493 2253 524 2296 e
637 2251 687 2296 si
718 2252 788 2296 te.

181 2254 223 2314 q
253 2251 1084 2384 Patet-{mffiorumcumque
1111 2312 1205 2368 est
1243 2311 1460 2369 natura
1495 2307 1907 2374 determinata,
1951 2313 2191 2380 oportet
2223 2322 2363 2368 esse
2408 2322 2623 2381 opera-

176 2379 386 2438 tiones
416 2379 838 2438 determinatas
865 2393 997 2452 quae
1025 2379 1115 2437 illi
1147 2384 1373 2439 naturae
1416 2379 1818 2458 conveniant:
1866 2378 2110 2450 propria
2151 2378 2313 2436 enim
2341 2382 2613 2452 operatio

180 2449 686 2523 uniuscujusque,
720 2455 994 2509 naturam
1021 2449 1214 2521 ipsius
1261 2450 1552 2521 sequitur.
1582 2449 1827 2507 Constat
1857 2453 2055 2507 autem
2104 2448 2415 2507 hominum
2447 2455 2624 2510 natu-

178 2535 312 2582 ram
339 2534 477 2602 esse
496 2521 967 2580 determinatam.
989 2522 1234 2594 Oportet
1258 2520 1444 2593 igitur
1464 2532 1603 2580 esse
1626 2520 1862 2593 aliquas
1881 2519 2261 2592 operationes
2275 2522 2611 2583 secundum

184 2606 252 2653 se
282 2593 517 2650 homini
546 2591 992 2650 convenientes,

255 2662 476 2725 Adhuc,
511 2662 867 2735 cuicumque
906 2666 1000 2721 est
1044 2660 1269 2735 aliquid
1313 2661 1607 2731 naturale,
1634 2664 1871 2734 oportet
1906 2673 2044 2720 esse
2074 2661 2344 2720 naturale
2371 2660 2435 2721 id
2480 2661 2615 2725 sine

181 2746 310 2806 quo
337 2731 488 2791 illud
518 2732 724 2790 haberi
750 2745 873 2790 non
914 2736 1110 2805 potest
1136 2749 1152 2801 ;
1198 2736 1411 2791 natura
1435 2732 1597 2793 enim
1627 2744 1750 2790 non
1776 2729 1976 2789 deficit
2002 2731 2066 2789 in
2096 2733 2476 2790 necessariis.
2511 2735 2617 2792 Est

182 2809 386 2863 autem
418 2804 647 2861 homini
682 2802 953 2863 naturale
985 2802 1146 2876 quod
1174 2803 1256 2861 sit
1282 2803 1514 2861 animal¹
1535 2802 1780 2861 sociale.
1812 2801 1984 2871 Quod
2027 2816 2104 2860 ex
2136 2802 2250 2860 hoc
2278 2802 2615 2862 ostenditur

182 2875 336 2947 quia
362 2887 522 2932 unus
567 2874 748 2932 homo
797 2874 969 2933 solus
994 2886 1118 2932 non
1162 2872 1387 2932 sufficit
1430 2872 1506 2932 ad
1551 2872 1759 2931 omnia
1797 2884 1931 2945 quae
1973 2877 2116 2931 sunt
2160 2872 2437 2932 liumanoe
2478 2873 2616 2934 vitae

181 2945 554 3004 necessaria.
579 2946 660 3002 Ea
688 2944 873 3017 igitur
897 2943 1029 3002 sine
1054 2943 1273 3016 quibus
1298 2942 1558 3002 societas
1589 2943 1851 3001 humana
1872 2943 2211 3001 conservari
2241 2956 2365 3001 non
2419 2949 2617 3016 potest

185 3021 334 3075 sunt
367 3015 601 3073 homini
630 3014 980 3074 naturaliter
1013 3013 1450 3073 convenientia.
1485 3012 1837 3085 Huiusmodi
1870 3019 2068 3071 autem
2098 3017 2260 3083 sunt,
2290 3014 2645 3088 unicuique.

185 3085 354 3158 quod
382 3099 556 3143 suum
589 3090 682 3144 est
702 3099 1078 3155 conservare,
1107 3089 1167 3143 et
1190 3085 1264 3143 ab
1293 3083 1533 3158 injuriis
1575 3083 1895 3144 abstinere.
1925 3085 2072 3143 Sunt
2097 3083 2283 3158 igitur
2305 3084 2511 3158 aliqua
2551 3085 2621 3145 in

185 3156 479 3215 humanis
511 3156 745 3214 actibus
770 3156 1119 3215 naturaliter
1145 3161 1326 3215 recta.

265 3227 538 3295 Amplius,
572 3240 754 3308 supra
792 3232 1104 3286 ostensum
1133 3231 1229 3285 est
1269 3225 1431 3307 quod
1469 3224 1655 3285 homo
1685 3224 2035 3285 naturaliter
2076 3224 2193 3284 hoc
2234 3225 2414 3285 habet
2451 3226 2620 3310 quod

190 3299 402 3356 utatur
425 3297 603 3356 rebus
651 3295 1037 3355 inferioribus
1081 3296 1158 3355 ad
1204 3308 1332 3355 suae
1368 3300 1504 3354 vitae
1543 3297 1982 3355 necessitatem.
2026 3297 2128 3355 Est
2175 3302 2372 3356 autem
2416 3298 2620 3371 aliqua

197 3380 487 3427 mensura
505 3367 896 3426 determinata
922 3366 1255 3427 secundum
1283 3380 1461 3441 quam
1490 3380 1642 3426 usus
1663 3367 2077 3439 praedictarum
2109 3380 2140 3424 r
2206 3380 2306 3426 uin
2340 3369 2617 3429 humanae

185 3438 331 3496 vitae
355 3442 447 3496 est
473 3438 839 3497 conveniens
868 3456 886 3507 ;
913 3452 1047 3511 quae
1070 3438 1311 3511 quidem
1342 3450 1624 3496 mensura
1662 3438 1715 3496 si
1761 3437 2143 3509 praetermitta
2170 3452 2260 3507 ur,
2290 3437 2353 3495 fit
2383 3440 2617 3499 homini

196 3508 506 3579 nocivum,
538 3509 695 3568 sicut
720 3516 962 3591 apparet
989 3509 1051 3566 in
1084 3509 1425 3581 sumptione
1448 3507 1788 3566 inordinata
1815 3507 2281 3567 ciborum.Sunt
2306 3509 2490 3579 igitur
2515 3509 2621 3568 ali-

188 3579 301 3661 qui
330 3586 499 3707 actus
536 3581 787 3640 humani
813 3578 1165 3640 naturaliter
1185 3579 1637 3651 convenientes,
1662 3583 1723 3637 et
1745 3578 1932 3653 aliqui
1960 3578 2311 3639 naturaliter
2336 3579 2629 3638 inconve-

190 3662 419 3784 mitem,
450 3721 784 3803 secundum
810 3720 1144 3803 naturalem
1169 3720 1442 3780 ordinem
1489 3733 1711 3802 corpus
1754 3719 2023 3803 hominis
2067 3725 2160 3779 est
2204 3724 2446 3802 propter
2489 3719 2624 3801 ani-

186 3803 377 3861 mam,
409 3796 465 3849 et
490 3792 806 3853 inferiores
847 3805 1006 3850 vires
1047 3805 1264 3851 ammae
1312 3795 1553 3863 propter
1594 3797 1907 3861 rationem,
1938 3796 2095 3850 sicut
2142 3796 2323 3848 etiam
2369 3804 2433 3847 in
2480 3791 2620 3851 alus

187 3860 378 3922 rebus
407 3863 657 3920 materia
693 3868 786 3922 est
820 3868 1062 3934 propter
1100 3862 1376 3931 formam,
1406 3868 1466 3919 et
1503 3862 1904 3921 instrumenta
1987 3867 2186 3933 ropter
2228 3860 2623 3933 principalem

187 3940 493 4014 agentem.
521 3936 602 3990 Ex
630 3945 706 3993 eo
733 3939 929 3991 autem
1001 3932 1119 4015 uod
1143 3938 1239 4015 est
1263 3932 1337 3990 ad
1354 3931 1517 4014 aliud
1548 3932 1908 4013 ordinatum,
1942 3875 2189 4013 genetur
2224 3931 2279 3989 ei
2326 3931 2619 3993 auxilium

185 4017 535 4076 provenire,
560 4016 681 4061 non
711 4008 912 4062 autem
1001 4003 1181 4075 lquod
1202 4003 1715 4074 impedimentum.
1752 4005 1855 4061 Est
1886 4007 2071 4075 igitur
2096 4001 2364 4082 naturale
2392 4006 2622 4062 rectum

129 4135 140 4148 ‚
185 4073 361 4147 quod
390 4074 479 4131 sic
510 4079 857 4144 procuretur
886 4073 964 4132 ab
1013 4074 1256 4132 homine
1284 4087 1506 4145 corpus
1560 4079 1623 4130 et
1641 4073 1959 4131 inferiores
2003 4072 2162 4131 vires
2191 4085 2406 4130 animae
2451 4076 2517 4130 ut
2548 4086 2627 4134 ex

185 4143 316 4203 hoc
344 4147 404 4200 et
426 4149 596 4201 actus
625 4144 877 4205 rationis
906 4149 968 4202 et
1009 4143 1236 4202 bonum
1264 4143 1458 4214 ipsius
1485 4143 1735 4201 minime
1763 4142 2140 4215 impediatur,
2180 4142 2375 4213 magis
2421 4149 2621 4205 autem

181 4214 452 4298 juvetur.
485 4215 545 4271 Si
571 4220 770 4273 autem
798 4228 978 4274 secus
1005 4215 1320 4283 accideret,
1349 4214 1464 4271 erit
1509 4213 1859 4271 naturaliter
1895 4217 2224 4285 peccatum.
2266 4214 2624 4272 vinolentia}

185 4285 387 4358 Igitur
407 4288 466 4341 et
493 4286 987 4354 comessationes,
1016 4291 1076 4342 et
1101 4284 1480 4343 inordinatus
1502 4295 1890 4342 venereorum
1924 4296 2093 4354 usuS,
2122 4296 2230 4365 per
2309 4298 2401 4342 uae
2452 4289 2622 4343 actus

188 4355 455 4436 rationis
484 4354 802 4437 impeditur
828 4360 890 4414 et
914 4354 1190 4414 subditur
1214 4354 1624 4436 passionibus,
1654 4367 1791 4430 quae
1824 4352 2080 4419 liberum
2114 4353 2284 4429 Judic
2313 4368 2409 4415 um
2440 4354 2623 4414 ratio·

192 4437 297 4485 ms
322 4438 460 4485 esse
488 4439 613 4485 non
639 4430 870 4495 sinunt,
899 4431 1047 4487 sunt
1070 4425 1423 4486 naturaliter
1454 4426 1634 4486 mala.
