3076 5025
47 734 50 743 t

1033 177 1165 233 ΠΒ.
1205 178 1277 245 11,
1319 177 1470 232 GAP.
1506 177 1721 233 LXXXI.
2463 182 2569 242 219

1080 451 1331 515 CAPUT
1371 450 1634 514 LXXXI.

801 631 1040 678 sommo
1074 630 1535 676 PRAEGEDENTmu
1568 628 1889 676 RATIONE!-

206 797 320 854 Bas
351 799 556 852 autem
585 794 871 862 rationes,
916 792 1058 865 quia
1104 792 1323 851 falsum
1371 793 1757 865 concludunt,
1791 797 1856 851 ut
1898 808 1971 851 ex
2005 796 2335 866 praemissis
2366 797 2443 870 (c.
2467 799 2562 872 79)

148 871 452 925 ostensum
486 869 594 931 est,
623 863 970 921 tentandum
998 867 1091 921 est
1119 863 1371 921 solvere.

203 942 279 993 Ac
309 937 511 1006 primo
533 934 842 992 sciendum
876 940 966 992 est
990 933 1149 1006 quod
1172 948 1562 1006 quaecumque
1591 939 1824 1006 oportet
1843 948 1979 992 esse
2001 936 2255 994 invicem
2286 944 2562 1008 coaptata

147 1011 196 1065 el
219 1007 693 1078 proportionata,
726 1006 909 1063 simul
941 1005 1234 1076 recipiunt
1263 1005 1704 1062 multitudinem
1723 1006 1813 1063 vel
1841 1006 2150 1076 unitatem,
2187 1009 2568 1081 unumquod-

147 1091 249 1150 que
277 1091 350 1133 ex
381 1089 500 1134 sua
528 1090 730 1133 causa.
760 1076 821 1133 Si
862 1075 1046 1147 igitur
1083 1089 1216 1133 esse
1260 1076 1441 1133 unius
1475 1075 1805 1147 dependeat
1848 1075 1922 1134 ab
1966 1077 2176 1147 altero,
2225 1079 2426 1137 unitas
2472 1078 2562 1137 vel

147 1147 558 1218 multiplicatio
586 1147 715 1218 ejus
746 1146 925 1203 etiam
956 1144 1155 1204 exilio
1185 1146 1500 1217 dependet;
1536 1146 1829 1219 alioquin,
1861 1161 1934 1204 ex
1974 1148 2094 1205 alia
2123 1162 2303 1205 causa
2337 1149 2559 1205 extrin-

147 1232 291 1276 seca.
326 1220 603 1275 Formam
635 1217 818 1298 igitur
845 1221 903 1273 et
930 1217 1235 1297 materiam
1277 1230 1511 1288 semper
1548 1222 1781 1299 oportet
1826 1230 1965 1275 esse
2011 1219 2084 1275 ad
2131 1219 2383 1275 invicem
2432 1231 2566 1289 pro·

145 1288 476 1360 portionata
501 1293 559 1345 et
588 1301 762 1360 quasi
802 1287 1151 1345 naturaliter
1179 1293 1472 1358 coaptata,
1501 1301 1641 1359 quia
1684 1288 1960 1359 proprius
1998 1294 2168 1346 actus
2215 1289 2276 1345 iu
2324 1290 2564 1360 propria

148 1360 382 1417 materia
417 1358 514 1426 fit3
545 1357 701 1415 unde
728 1371 964 1430 semper
992 1362 1222 1429 oportet
1253 1358 1410 1430 quod
1442 1357 1688 1415 materia
1717 1363 1773 1415 et
1803 1358 1993 1416 forma
2020 1365 2467 1431 consequantur
2496 1373 2563 1417 se

147 1430 385 1487 invicem
417 1430 482 1487 in
515 1429 895 1486 multitudine
928 1435 985 1485 et
1016 1428 1263 1486 unitate.
1295 1429 1353 1485 Si
1383 1429 1568 1500 igitur
1592 1442 1727 1486 esse
1755 1429 1959 1487 formae
1986 1430 2276 1501 dependet
2306 1445 2340 1486 a
2374 1436 2561 1486 mate·

47 1560 48 1569 ,
149 1500 244 1570 ria,
272 1500 698 1572 multiplicatio
727 1499 922 1571 ipsius
951 1514 986 1557 a
1013 1499 1264 1556 materia
1293 1498 1585 1569 dependet
1615 1506 1671 1555 et
1709 1499 1987 1557 similiter
2016 1502 2250 1570 unitas;
2282 1500 2333 1558 si
2363 1507 2561 1559 autem

151 1583 278 1641 non,
308 1573 421 1628 erit
451 1570 698 1643 quidem
728 1570 1136 1628 necessarium
1185 1569 1565 1640 multiplicari
1603 1570 1855 1627 sormam
1902 1571 2232 1629 secundum
2277 1571 2563 1640 multipli-

47 1610 48 1625 ἵ
148 1642 428 1699 cationem
462 1641 750 1709 materiae,
772 1640 830 1698 id
859 1646 949 1698 est
980 1640 1158 1698 simul
1180 1654 1314 1697 cum
1345 1639 1612 1709 materia,
1635 1646 1691 1697 et
1714 1641 2156 1712 proportionem
2188 1642 2410 1713 ipsius;
2436 1655 2561 1699 non

153 1716 328 1769 autem
357 1713 444 1769 ita
477 1712 640 1784 quod
669 1712 997 1783 dependeat
1025 1712 1223 1768 unitas
1245 1712 1337 1767 vel
1380 1710 1701 1768 multitudo
1743 1711 1938 1783 ipsius
1978 1712 2183 1770 formae
2214 1728 2248 1769 a
2288 1713 2556 1770 materia.

152 1784 454 1840 ostensum
492 1788 584 1841 est
612 1788 809 1840 autem
843 1784 916 1853 (c.
966 1784 1053 1851 68)
1086 1781 1242 1854 quod
1293 1782 1494 1839 anima
1541 1781 1805 1839 humana
1851 1787 1941 1840 est
1990 1783 2182 1841 forma
2229 1783 2562 1840 secundum

47 1916 48 1929 χ
150 1864 306 1910 suum
336 1868 477 1912 esse
511 1868 547 1910 a
573 1853 820 1911 materia
849 1866 972 1910 non
1001 1851 1362 1924 dependens.
1395 1852 1559 1910 Unde
1589 1852 1861 1925 sequitur
1889 1853 2047 1926 quod
2087 1854 2579 1923 multiplicantur-

152 1925 368 2004 quidem
400 1924 625 1982 animae
652 1924 982 1981 secundum
1013 1923 1171 1995 quod
1210 1922 1683 1993 multiplicantur
1724 1936 2005 2005 corpora3
2038 1937 2158 1981 non
2186 1930 2383 1981 tamen
2412 1923 2563 1980 mul-

47 1988 48 2011 *
150 1995 421 2063 tiplicatio
452 2008 777 2065 corporum
809 1995 918 2051 erit
957 2007 1139 2051 causa
1185 1993 1703 2064 multiplicationis
1748 2008 2103 2051 animarum.
2154 1997 2218 2051 Et
2270 1995 2405 2051 ideo
2438 2008 2560 2051 non

47 2126 48 2131 ,
150 2071 361 2136 oportet
386 2065 580 2138 quod,
603 2065 919 2123 destructis
950 2064 1322 2136 corporibus,
1343 2070 1542 2123 cesset
1559 2064 1870 2135 pluralitas
1899 2065 2254 2136 animarum,
2286 2069 2347 2123 ut
2364 2065 2559 2137 prima

151 2137 285 2193 ratio
314 2135 737 2195 concludebat.

212 2208 284 2264 Ex
307 2222 426 2280 quo
457 2207 643 2263 etiam
691 2204 762 2265 de
811 2205 970 2263 facili
1039 2209 1159 2263 atet
1201 2206 1521 2278 responsio
1570 2205 1645 2263 ad
1697 2206 2021 2264 secundam
2065 2207 2378 2264 rationem.
2428 2209 2560 2264 Non

154 2277 291 2334 enim
361 2277 610 2336 uaelibet
636 2276 958 2334 formarum
1031 2276 1306 2334 iversitas
1339 2276 1476 2334 facit
1496 2275 1900 2335 diversitatem
1920 2277 2249 2335 secundum
2275 2277 2559 2348 speciem,

125 2348 244 2421 'scd
271 2362 337 2407 so
364 2362 470 2405 um
505 2347 610 2404 illa
639 2338 891 2419 quae'est
921 2347 1249 2405 secundum
1271 2348 1571 2429 principia
1592 2346 1866 2405 formalia
1891 2348 1981 2403 vel
2006 2348 2338 2404 secundum
2368 2347 2560 2403 diver-

154 2420 598 2477 sam·rationem
625 2417 858 2486 formae3
912 2423 1149 2476 constat
1188 2432 1347 2475 enim
1377 2417 1535 2490 quod
1566 2416 1686 2476 alia
1724 2423 1817 2475 est
1853 2417 2116 2475 essentia
2148 2419 2351 2475 formae
2382 2418 2561 2488 huJus

153 2487 296 2570 ignis
322 2495 380 2548 et
407 2489 607 2558 illiuS,
636 2501 743 2546 nec
773 2493 972 2547 tamen
1004 2493 1094 2546 est
1123 2488 1279 2547 alius
1311 2488 1469 2562 ignis
1495 2501 1569 2545 ne
1614 2502 1688 2545 ue
1711 2488 1832 2546 alia
1858 2487 2050 2545 forma
2071 2488 2400 2546 secundum
2433 2500 2562 2568 spe-

154 2573 308 2618 ciem.
337 2559 659 2620 Multitudo
699 2560 883 2632 igitur
911 2559 1243 2617 animarum
1282 2575 1317 2616 a
1346 2573 1450 2617 cor
1492 2559 1580 2615 ori
1627 2572 1700 2617 us
1735 2566 2137 2631 separatarum
2174 2563 2563 2629 consequitur

154 2632 371 2702 quidem
414 2630 832 2689 diversitatem
874 2631 1196 2688 formarum
1250 2644 1434 2688 secun
1480 2643 1580 2685 um
1633 2627 2051 2696 substantiam,
2108 2629 2249 2700 quia
2299 2628 2417 2683 alia
2471 2633 2566 2685 est

156 2700 484 2760 substantia
512 2701 690 2784 hujus
719 2701 936 2758 animae
963 2706 1022 2759 et
1049 2700 1244 2767 illius;
1279 2713 1400 2757 non
1443 2705 1643 2756 tamen
1673 2700 1790 2756 ista
1834 2698 2148 2756 diversitas
2194 2698 2460 2769 procedit
2491 2713 2564 2755 ex

156 2769 489 2831 diversitate
517 2771 944 2844 principiorum
988 2770 1398 2828 essentialium
1435 2770 1631 2842 ipsius
1669 2770 1904 2838 animae,
1951 2783 2063 2827 nec
2101 2774 2192 2825 est
2231 2768 2562 2825 secundum

156 2841 425 2901 diversam
469 2843 764 2900 rationem
809 2843 1003 2912 ipsius
1038 2842 1276 2910 animae,
1308 2840 1412 2899 sed
1445 2846 1538 2900 est
1582 2839 1912 2898 secundum
1943 2839 2237 2897 diversam
2266 2852 2566 2897 commen-

157 2916 515 2972 surationem
545 2913 876 2971 animarum
918 2913 990 2970 ad
1029 2926 1307 2983 corpora;
1340 2912 1466 2969 haec
1502 2912 1664 2968 enim
1709 2910 1908 2968 anima
1951 2915 2043 2968 est
2083 2913 2566 2991 commensurata

156 2981 279 3042 huic
305 2984 553 3057 corpori
583 2990 641 3040 et
686 2997 809 3042 non
838 2983 949 3052 illi,
977 2984 1082 3041 illa
1119 2989 1313 3040 autem
1360 2983 1481 3053 alii,
1515 2988 1573 3040 et
1614 2982 1702 3040 sic
1750 2982 1821 3040 de
1866 2981 2165 3040 omnibus.
2210 2984 2295 3037 Ηυ
2326 2980 2564 3038 usmodi

159 3060 332 3112 autem
358 3054 989 3114 commensurationes
1020 3058 1330 3111 remanent
1353 3053 1416 3109 in
1448 3052 1785 3122 animabus,
1814 3053 1991 3110 etiam
2022 3053 2290 3123 pereunti
2340 3065 2410 3109 us
2438 3064 2567 3107 cor·

157 3126 403 3196 poribus,
434 3125 601 3183 sicut
628 3130 686 3182 et
712 3125 857 3196 ipsae
888 3138 1092 3182 earum
1135 3123 1484 3182 substantiae
1515 3128 1776 3190 manent,
1810 3123 1981 3196 quasi
2012 3137 2048 3179 a
2086 3122 2445 3193 corporibus
2476 3134 2568 3202 se·

159 3196 394 3255 cundum
428 3210 576 3254 esse
605 3208 725 3254 non
756 3195 1178 3266 dependentes.
1211 3196 1359 3252 Sunt
1386 3195 1548 3252 enim
1587 3193 1801 3252 animae
1831 3193 2158 3251 secundum
2193 3193 2567 3251 substantias

161 3276 286 3323 suas
311 3269 526 3325 tormae
566 3279 912 3337 corporum3
941 3265 1090 3324 alias
1133 3265 1578 3323 accidentaliter
1626 3265 1859 3336 corpori
1906 3264 2241 3333 unirentur,
2274 3269 2333 3344 et
2375 3263 2465 3319 sic
2494 3276 2567 3318 ex

161 3336 336 3394 anima
365 3344 422 3396 et
480 3350 727 3407 corpore
776 3349 899 3394 non
939 3336 1104 3393 fieret
1146 3349 1331 3394 unum
1378 3350 1482 3407 per
1527 3351 1615 3405 se,
1664 3335 1769 3393 sed
1818 3347 2002 3392 unum
2041 3349 2147 3406 per
2172 3333 2471 3390 accidens.
2502 3333 2566 3389 ln

159 3413 426 3532 guantum
463 3413 660 3464 autem
687 3407 890 3466 sormae
918 3412 1082 3476 sunt,
1112 3411 1344 3479 oportet
1372 3421 1473 3465 eas
1499 3420 1634 3464 esse
1656 3406 2007 3477 corporibus
2028 3408 2565 3462 commensuratae.

206 3477 306 3535 nde
333 3483 498 3550 patet
527 3478 684 3549 quod
715 3477 862 3548 ipsae
890 3478 1136 3536 diversae
1188 3477 1806 3536 commensurationes
1848 3482 2092 3534 manent
2137 3476 2198 3532 in
2251 3472 2566 3532 animabus

162 3551 462 3618 separatis,
485 3554 543 3604 et
570 3562 673 3620 per
701 3561 1078 3621 consequens
1108 3549 1438 3619 pluralitas.
2030 3563 2049 3579 κ

222 3618 551 3678 Occasione
583 3625 779 3676 autem
819 3619 1006 3676 tertiae
1053 3620 1303 3677 rationis
1351 3620 1630 3687 inductae,
1674 3617 1880 3698 aliqui,
1928 3615 2314 3696 aeternitatem
2358 3611 2569 3694 mundi

161 3697 463 3760 ponentes,
514 3689 576 3745 in
620 3690 888 3748 diversas
944 3688 1263 3761 opiniones
1321 3697 1633 3746 extraneas
1681 3689 2038 3746 inciderunt.
2094 3685 2343 3754 Quidam
2406 3697 2567 3741 enim

165 3761 602 3819 conclusionem
634 3760 985 3832 simpliciter
1031 3766 1478 3827 concesserunt,
1513 3760 1780 3817 dicentes
1828 3759 2060 3817 animas
2102 3757 2399 3814 humanas
2422 3766 2569 3836 „cum

166 3835 503 3902 corporibus
533 3832 770 3903 penitus
796 3830 1057 3889 interire.
1103 3831 1216 3888 Alii
1247 3845 1386 3888 vero
1416 3830 1692 3888 dixerunt
1728 3830 1887 3903 quod
1917 3829 1990 3886 de
2025 3827 2307 3886 omnibus
2337 3838 2566 3906 anima-

162 3893 266 3958 bus
293 3907 560 3960 remanet
590 3901 814 3975 aliquid
844 3915 1030 3959 unum
1059 3907 1397 3972 separatum
1471 3900 1590 3959 uod
1628 3906 1721 3959 est
1762 3900 2044 3958 omnibus
2082 3910 2422 3963 commune,
2449 3909 2568 3976 sci·-

163 3964 292 4051 licet
317 3973 658 4031 intellectus
690 3986 877 4053 agens
907 3973 1237 4031 secundum
1271 3986 1422 4044 quos
1466 3986 1585 4040 am,
1616 3974 1706 4029 vel
1730 3984 1866 4029 cum
1915 3985 1987 4028 eo
2010 3971 2355 4050 intellectus·
2379 3979 2570 4048 possi·

162 4034 294 4099 bilis
321 4044 652 4101 secundum
681 4043 856 4101 ahos,
886 4042 999 4101 Alii
1030 4050 1225 4102 autem
1272 4047 1598 4114 posuerunt
1645 4042 1878 4099 animas
1922 4042 1986 4097 in
2030 4054 2142 4098 sua
2188 4038 2570 4098 multitudine

164 4117 291 4179 post
317 4127 570 4186 corpora
611 4127 946 4183 remanere3
976 4114 1103 4184 sed,
1153 4128 1232 4171 ne
1266 4119 1623 4194 cogerentur
1665 4114 1997 4170 animarum
2042 4125 2261 4184 ponere
2306 4108 2569 4192 infinita-

164 4182 295 4253 tem,
325 4184 599 4242 dixerunt
625 4185 857 4241 animas
886 4184 1125 4242 easdem
1155 4184 1408 4243 diversis
1451 4184 1805 4256 corporibus
1850 4183 2006 4240 uniri
2036 4187 2171 4254 post
2214 4183 2571 4241 determina-

166 4251 282 4333 tum
310 4259 584 4328 tempus;
616 4260 674 4310 et
704 4255 827 4311 haec
849 4254 961 4312 fuit
984 4256 1423 4314 Platonicorum
1445 4269 1481 4312 o
1526 4255 1673 4325 inio,
1693 4255 1764 4312 de
1789 4268 1908 4327 qua
1934 4254 2091 4312 infra
2116 4254 2190 4325 (c.
2220 4255 2307 4326 83)
2339 4262 2570 4327 agetur.

168 4319 408 4389 Quidam
440 4340 601 4395 vero,
632 4325 835 4382 omnia
860 4325 1141 4398 praedicta
1167 4326 1445 4396 vitanteS‚
1517 4327 1755 4383 fixerunt
1799 4337 1921 4382 non
1959 4338 2091 4384 esse
2140 4326 2572 4386 inconveniens
