3076 5025
476 268 582 323 398
1507 257 1663 330 mn.
1703 256 1801 323 111,
1840 256 1994 312 CAP.
2032 255 2094 312 c.

481 387 653 447 nullo
711 384 871 444 enim
921 382 1103 443 modo
1157 381 1377 440 melius
1421 379 1794 438 manifestari
1828 381 2028 506 gotest
2068 375 2229 450 quod
2276 379 2404 457 tota
2438 379 2655 433 natura
2702 373 2908 433 divinae

424 508 430 514 .
480 458 753 539 subjecta
785 461 879 513 est
903 454 1220 522 voluntati,
1250 465 1428 525 quam
1458 466 1533 509 ex
1562 450 1676 508 hoc
1704 463 1825 530 quo
1888 446 2248 522 quandoque
2291 460 2422 519 ipse
2490 451 2668 504 raeter
2691 448 2908 504 natum

480 528 758 588 ordinem
789 525 1018 598 aliquid
1057 529 1354 596 operatur.
1403 524 1483 580 Ex
1526 520 1643 579 hoc
1673 533 1831 578 enim
1861 523 2104 590 apparet
2148 516 2309 598 quod
2355 531 2425 575 or
2466 530 2503 574 o
2544 527 2755 574 rerum
2792 529 2911 586 pro-

481 599 670 658 cessit
695 597 771 655 ab
803 610 898 665 e0,
925 601 983 653 et
1006 609 1129 654 nou
1157 609 1263 665 per
1281 592 1702 651 necessitatem
1732 597 1980 659 naturae,
1997 589 2103 648 sed
2123 602 2229 661 per
2255 587 2502 646 liberam
2522 585 2906 652 voluntatem.

477 672 602 728 Nec
628 667 801 725 debet
829 667 956 724 haec
991 665 1143 723 ratio
1178 663 1389 722 frivola
1433 662 1716 733 reputari,
1746 660 1908 736 quod
1937 663 2094 718 Deus
2119 658 2350 732 aliquid
2400 657 2578 716 faciat
2602 658 2674 714 in
2707 661 2909 715 natura

481 740 559 799 ad
615 739 732 797 hoc
787 736 948 810 quod
992 750 1059 794 se
1113 733 1418 793 mentibus
1471 732 1756 791 humanis
1810 731 2172 800 manifestet,
2211 743 2350 787 cum
2398 742 2579 810 supra
2620 726 2789 799 (cap.
2831 726 2907 798 17)

483 814 800 870 ostensum
829 808 911 865 sit
928 805 1089 878 quod
1117 819 1330 863 omnes
1359 810 1644 863 creaturae
1671 802 2014 874 corporales
2042 800 2117 859 ad
2147 804 2421 858 naturam
2449 797 2909 878 intellectualem

482 879 839 939 ordinentur
891 877 1335 950 quodammodo
1393 875 1552 934 sicut
1605 874 1666 932 in
1728 873 1929 931 finem.
1985 871 2183 954 Ipsius
2235 875 2434 928 autem
2489 867 2910 928 intellectualis

480 955 711 1008 naturae
739 948 879 1005 finis
908 953 1002 1005 est
1038 947 1239 1005 divina
1262 946 1551 1019 cognitio,
1574 950 1640 1002 ut
1658 943 1721 1001 in
1751 942 2163 1025 superioribus
2184 946 2275 1000 est
2298 947 2634 1000 ostensum.
2670 942 2805 997 Non
2832 943 2910 995 est

479 1034 627 1092 ergo
655 1019 873 1077 mirum
903 1018 979 1087 si,
1008 1017 1083 1076 ad
1110 1017 1518 1100 cognitionem
1565 1015 1639 1073 de
1666 1016 1788 1074 Deo
1829 1011 2219 1072 intellectuali
2245 1016 2475 1070 naturae
2511 1008 2908 1083 praehendam‚

478 1091 564 1150 sit
584 1089 784 1163 aliqua
811 1089 1148 1148 immutatio
1181 1101 1244 1146 in
1273 1086 1614 1146 substantia
1645 1084 1963 1157 corporali.

1513 1304 1769 1371 CAPUT
1808 1304 1881 1370 C.

685 1480 838 1535 ouon
873 1479 954 1526 ΕΔ
983 1479 1122 1532 oum
1149 1478 1299 1525 nnus
1329 1477 1501 1524 ncrr
1526 1475 1770 1522 PRAETRR
1798 1474 2051 1521 uum
2097 1472 2358 1520 oannem
2403 1472 2523 1518 uon
2568 1459 2731 1519 suu-r

1413 1555 1644 1602 CONTRA
1675 1554 1977 1601 itu-mn.

561 1718 1075 1780 Considerandum
1125 1724 1324 1777 tamen
1370 1716 1605 1775 videtur
1623 1757 1641 1785 ,
1697 1716 1890 1787 quod,
1947 1716 2088 1773 licet
2139 1716 2298 1773 Deus
2351 1714 2653 1774 interdum
2715 1717 2904 1787 prater

485 1790 761 1850 ordinem
784 1790 962 1848 rebus
982 1789 1237 1846 inditum
1258 1787 1486 1857 aliquid
1514 1792 1811 1860 operetur,
1833 1786 1985 1844 nihil
2008 1791 2210 1844 tamen
2236 1785 2379 1844 facit
2396 1790 2904 1844 contranaturam.

485 1863 634 1921 Cum
677 1861 834 1919 enim
879 1862 1036 1917 Deus
1085 1860 1165 1916 sit
1205 1864 1376 1916 actus
1418 1871 1628 1931 purus,
1676 1857 1881 1915 omnia
1923 1870 2063 1914 vero
2108 1856 2229 1914 alia
2272 1855 2533 1914 habeant
2572 1855 2809 1930 aliquid
2845 1853 2905 1911 de

482 1931 755 2004 potentia
780 1930 1128 1998 admixtum,
1145 1933 1379 2000 oportet
1403 1926 1566 2009 quod
1589 1929 1746 1985 Deus
1763 1931 2139 1998 comparetur
2165 1927 2239 1985 ad
2258 1927 2462 1985 omnia
2481 1926 2640 1985 sicut
2670 1935 2904 2006 movens

485 2001 564 2060 ad
592 2006 846 2069 motum,
892 2006 952 2056 et
976 2001 1232 2057 activum
1285 1998 1362 2056 ad
1412 1997 1474 2056 ld
1518 1998 1681 2071 quod
1728 2002 1822 2056 est
1866 1998 1930 2055 in
1965 1998 2250 2078 potentia.
2282 1996 2452 2079 Quod
2495 2002 2705 2078 autem
2734 2000 2823 2078 est
2850 2006 2904 2075 131

484 2071 757 2144 potentia
798 2070 1128 2128 secundum
1178 2068 1447 2126 ordinem
1478 2067 1809 2126 naturalem
1838 2072 2111 2140 respectu
2140 2067 2396 2141 allcluus
2437 2072 2702 2140 agentis,
2733 2082 2790 2127 si
2810 2064 2904 2124 ali·

487 2141 633 2214 quid
663 2140 1038 2211 imprimatur
1068 2140 1133 2196 in
1157 2140 1357 2210 ipsum
1386 2139 1462 2196 ab
1490 2138 1852 2211 illoagente,
1880 2151 2004 2195 non
2032 2143 2126 2196 est
2154 2144 2364 2197 contra
2390 2145 2667 2196 naturam
2692 2135 2902 2218 sinpli-

486 2212 656 2280 citer,
683 2210 797 2270 etsi
850 2210 931 2268 sit
975 2209 1298 2282 aliquando
1340 2209 1715 2268 contrarium
1749 2208 2094 2281 particulari
2123 2207 2331 2268 formae
2357 2223 2490 2283 quae
2517 2212 2904 2282 corrumpitur

484 2294 595 2363 per
627 2281 972 2354 hujusmodi
999 2281 1296 2338 actionem
1328 2293 1344 2333 :
1373 2294 1508 2338 cum
1538 2279 1700 2336 enim
1729 2284 2050 2352 generatur
2074 2279 2236 2353 ignis
2264 2284 2322 2337 et
2366 2280 2780 2352 corrumpitur
2795 2290 2900 2343 aer,

485 2366 630 2433 igne
658 2355 894 2424 agente,
925 2357 1019 2432 est
1039 2351 1347 2425 generatio
1374 2356 1434 2408 et
1459 2350 1765 2422 corruptio
1793 2349 2105 2408 naturalis.
2130 2350 2426 2422 Quicquid
2452 2351 2638 2424 igitur
2661 2365 2703 2409 a
2719 2352 2833 2409 Deo
2848 2346 2902 2405 fit

484 2436 554 2481 in
610 2422 792 2481 rebus
842 2428 1078 2491 creauS,
1134 2434 1260 2480 non
1311 2427 1403 2479 est
1454 2425 1666 2479 contra
1705 2426 2001 2491 naturam,
2046 2421 2159 2478 etsi
2205 2421 2476 2480 videatur
2518 2433 2657 2481 esse
2714 2424 2903 2481 contra
2996 2421 2997 2468 3

488 2493 761 2552 ordinem
789 2493 1095 2566 proprium
1124 2491 1378 2566 alicujus
1409 2496 1656 2551 naturae.

555 2566 776 2634 Adhuc,
805 2578 942 2622 cum
968 2565 1125 2621 Deus
1173 2564 1253 2622 sit
1279 2564 1536 2636 primum
1568 2577 1775 2636 agens,
1822 2569 1892 2621 ut
1929 2576 2113 2635 supra
2152 2561 2279 2635 (lib.
2305 2574 2351 2645 ξ,
2380 2575 2434 2620 c.
2478 2567 2569 2632 13,
2596 2568 2657 2622 et
2678 2578 2754 2635 Π,
2782 2559 2900 2633 (1.6)

487 2640 802 2694 ostensum
832 2640 943 2714 est,
998 2634 1203 2692 omnia
1227 2649 1360 2707 quae
1389 2639 1532 2692 sunt
1558 2639 1696 2706 post
1724 2634 1945 2706 ipsum,
1971 2639 2115 2693 sunt
2152 2646 2325 2714 quasi
2373 2633 2647 2706 quaedam
2697 2636 2899 2693 instru-
2994 2702 2995 2709 ἵ

485 2711 691 2764 menta
731 2705 947 2776 ipSlus.
994 2704 1079 2762 Ad
1125 2704 1241 2762 hoc
1283 2710 1481 2763 autem
1528 2709 1673 2763 sunt
1718 2705 2116 2763 instrumenta
2158 2704 2454 2772 instituta,
2485 2710 2552 2762 ut
2579 2704 2899 2764 deserviant
2994 2712 2995 2739 ¹

484 2774 710 2834 actioni
761 2774 1109 2847 principalis
1152 2776 1408 2847 agentis,
1438 2776 1581 2833 dum
1629 2781 1944 2833 moventur
1983 2775 2058 2833 ab
2100 2775 2274 2846 ipso;
2322 2775 2481 2833 unde
2514 2775 2655 2834 talis
2704 2777 2899 2834 instru-

481 2846 674 2904 menti
702 2846 951 2903 materia
973 2850 1033 2901 et
1061 2844 1253 2903 forma
1271 2859 1407 2904 esse
1437 2845 1611 2903 debet
1622 2851 1688 2903 ut
1713 2846 1795 2903 sit
1813 2850 2161 2918 competens
2185 2845 2407 2902 actioni
2451 2859 2632 2919 quam
2662 2844 2899 2905 intendit

484 2915 817 2989 principale
844 2929 1069 2987 agens3
1101 2920 1159 2972 et
1196 2921 1438 2988 propter
1478 2915 1596 2974 hoc
1625 2929 1747 2973 non
1777 2921 1871 2975 est
1897 2920 2105 2974 contra
2133 2919 2403 2973 naturam
2435 2916 2821 2976 instrumenti
2845 2918 2897 2971 ut

482 2991 796 3044 moveatur
824 2999 859 3042 a
886 2986 1198 3056 principali
1231 2992 1465 3060 agente,
1505 2985 1611 3044 sed
1642 2992 1735 3044 est
1762 2987 1817 3044 ei
1845 2987 2104 3044 maxime
2130 2986 2519 3044 conveniens.
2549 2989 2631 3045 Ne
2676 3002 2758 3047 ue
2777 2995 2896 3065 ergo

484 3060 581 3137 est
603 3060 816 3136 contra
836 3061 1129 3126 naturam,
1159 3071 1305 3138 cum·
1323 3070 1421 3115 res
1446 3062 1659 3115 creatae
1690 3062 2004 3116 moventur
2027 3056 2539 3130 qualitercumque
2568 3071 2605 3115 a
2635 3002 2769 3117 ¹sseo
2791 3076 2806 3127 ;
2825 3067 2897 3113 sic

482 3139 648 3184 emm
675 3131 963 3184 institutae
988 3132 1130 3184 sunt
1159 3133 1222 3185 ut
1253 3142 1307 3184 e1
1328 3127 1686 3186 deserviant.

555 3199 846 3259 Praeterea,
878 3197 943 3253 in
989 3211 1022 3254 a
1067 3197 1307 3256 entibus
1326 3198 1505 3256 etiam
1534 3212 1607 3256 co
1680 3198 1967 3268 malibus,
1997 3197 2113 3256 boc
2133 3197 2369 3256 videtur
2393 3198 2556 3271 quod
2583 3202 2789 3258 motus
2812 3193 2895 3270 qui

481 3272 630 3326 sunt
668 3266 732 3324 in
786 3267 923 3325 istis
966 3267 1028 3327 in
1059 3268 1354 3326 erioribus
1396 3269 1629 3340 corpori
1677 3281 1749 3326 us
1794 3282 1867 3326 ex
1912 3268 2311 3341 impressione
2352 3270 2735 3341 superiorum
2793 3277 2893 3325 non
2990 3304 2991 3307 κ

485 3343 629 3395 sunt
657 3337 924 3405 violenti,
951 3351 1145 3410 neque
1166 3344 1373 3397 contra
1400 3344 1695 3408 naturam,
1717 3340 1990 3411 quamvis
2014 3351 2137 3396 non
2155 3337 2469 3398 videantur
2488 3340 2895 3398 convenientes
2990 3350 2991 3395 ι

439 3418 446 3423 ·
479 3407 676 3465 motui
710 3408 987 3477 naturali,
1018 3421 1194 3489 quem
1209 3422 1442 3490 ‘corpus
1472 3409 1727 3467 inferius
1751 3408 1932 3467 hahet
1968 3410 2300 3468 secundum
2328 3411 2752 3481 proprietatem
2788 3419 2895 3468 suae

481 3478 712 3536 formae.
771 3481 908 3535 Non
948 3491 1108 3535 emm
1164 3479 1420 3537 dicimus
1478 3479 1640 3551 quod
1685 3478 1885 3537 fluxus
1929 3484 1991 3537 et
2031 3479 2296 3538 refluxus
2349 3481 2536 3539 maris
2588 3481 2669 3539 sit
2712 3485 2892 3540 motus

480 3547 806 3619 violentuS,
855 3561 989 3605 cum
1047 3549 1128 3606 sit
1173 3563 1248 3606 ex
1299 3550 1697 3621 impressione
1744 3549 2010 3608 coelestis
2053 3564 2126 3608 co
2200 3550 2371 3618 oris;
2427 3550 2569 3610 licet
2620 3547 2892 3610 naturalis

478 3625 685 3677 motus
716 3632 885 3699 aquae
914 3618 996 3676 sit
1022 3619 1220 3677 solum
1250 3619 1324 3677 ad
1354 3633 1533 3678 unam
1565 3625 1811 3700 partem,
1843 3620 2074 3679 scilicet
2102 3635 2139 3679 a
2205 3620 2489 3679 medium.
2519 3620 2703 3680 Multo
2731 3621 2894 3695 igitur
2988 3682 2989 3701 χ

482 3690 681 3762 magis
709 3688 994 3762 quthuid
1020 3703 1058 3747 a
1080 3692 1202 3748 Deo
1231 3689 1299 3747 fit
1322 3689 1387 3748 in
1420 3689 1685 3763 qualibet
1713 3695 1988 3750 creatura
2013 3704 2134 3749 non
2179 3697 2377 3763 potest
2417 3691 2539 3750 dici
2580 3691 2890 3751 violentum

482 3764 587 3818 aut
612 3765 821 3817 contra
847 3765 1142 3818 naturam.

520 3832 705 3910 ‚Item,
738 3829 932 3909 prima
985 3843 1269 3889 mensura
1304 3831 1584 3889 essentiae
1634 3834 1696 3911 et
1735 3836 1962 3891 naturae
2010 3831 2442 3906 cujuscumque
2468 3833 2555 3891 rei
2584 3837 2679 3891 est
2728 3836 2889 3895 Deus,

483 3905 640 3957 sicut
678 3913 937 3971 primum
990 3914 1120 3971 enS‚
1163 3900 1324 3974 quod
1371 3907 1463 3959 est
1501 3901 1785 3961 omnibus
1824 3916 2010 3961 causa
2057 3902 2319 3961 essendi.
2368 3906 2512 3962 Cum
2556 3909 2758 3962 autem
2802 3909 2891 3975 pet

480 3981 824 4052 mensuram
856 3970 928 4052 de
953 3984 1309 4098 unaquaque
1334 3984 1398 4029 re
1440 3978 1714 4031 sumatur
1732 3972 2049 4046 judicium,
2077 3980 2311 4044 oportet
2346 3973 2462 4032 hoc
2484 3974 2606 4033 dici
2634 3970 2888 4032 naturale

482 4053 808 4121 unicuique
837 4056 920 4098 rei
950 4056 1057 4113 per
1081 4055 1199 4115 quo
1268 4042 1678 4101 conformatur
1702 4057 1829 4102 suae
1874 4057 2191 4102 mensurae.
2221 4045 2390 4103 Hoci
2441 4045 2557 4103 'tur
2581 4046 2697 4103 erit
2741 4048 2888 4102 natu·

480 4109 606 4166 rale
629 4111 953 4190 unicuique
976 4112 1062 4169 rei
1091 4111 1251 4184 quod
1278 4112 1333 4170 ei
1362 4127 1399 4170 a
1423 4115 1545 4171 Deo
1573 4114 1829 4173 inditum
1859 4120 1970 4172 est.
1998 4117 2171 4188 Erg0,
2184 4116 2298 4173 etsi
2318 4114 2391 4173 ad
2439 4130 2514 4173 uc
2541 4115 2735 4174 eidem
2762 4112 2884 4173 reia

481 4180 604 4237 Deo
633 4179 859 4265 aliquid
894 4182 1064 4239 aliter
1086 4182 1481 4255 imprimatur,
1516 4197 1642 4242 non
1666 4191 1760 4244 est
1785 4189 1995 4243 contra
2022 4191 2315 4244 naturam.

549 4250 826 4330 4mplzus,
856 4265 1067 4311 omnes
1112 4259 1395 4313 creaturae
1441 4260 1862 4327 comparantur
1905 4253 1980 4313 ad
2033 4256 2220 4314 Deum
2266 4256 2423 4315 sicut
2465 4255 2778 4315 artificiata
2821 4248 2882 4310 ad

479 4317 789 4399 artificem,
816 4327 883 4378 ut
922 4338 994 4382 ex
1039 4325 1369 4407 praemissis
1425 4324 1530 4407 ¹?b:
1565 4339 1631 4389 11,
1672 4340 1803 4408 cap.
1848 4325 1939 4398 24)
1973 4332 2175 4397 patet:
2213 4327 2371 4385 unde
2399 4333 2526 4385 tota
2569 4331 2781 4384 natura
2806 4325 2883 4380 est

433 4404 446 4451 ;
479 4393 641 4449 sicut
665 4390 966 4462 quoddam
995 4394 1373 4455 aruficiatum
1443 4409 1619 4455 ivinae
1651 4403 1818 4456 artis.
1850 4398 1981 4456 Non
2025 4403 2119 4456 est
2146 4403 2345 4457 autem
2372 4403 2582 4457 contra
2606 4397 2879 4457 rationem

831 4526 848 4541 Ἢ
861 4522 866 4526 ⁴
894 4522 961 4553 ⁸⁷:²9.

833 4555 846 4563 ει
886 4552 894 4561 s
933 4558 939 4567 ,
