3076 5025
1029 350 1165 408 LlB.
1202 349 1277 418 11,
1315 349 1470 406 GAP.
1507 348 1727 406 xxxw.
2492 352 2589 406 ui

156 478 391 533 motum
420 472 528 547 qui
558 472 632 530 do
659 485 817 531 novo
834 470 1067 544 incipit,
1083 471 1268 530 alium
1297 471 1525 530 motum
1553 470 1886 542 praecedere
1921 469 1986 528 in
2017 469 2226 529 mobili
2264 469 2357 528 vel
2384 468 2447 527 in
2476 483 2601 529 mo-

156 549 356 602 vente.
386 545 632 615 Oportet
682 543 866 615 igitur
904 542 1063 614 quod
1106 541 1359 616 quilibet
1405 547 1608 600 motus
1646 541 1740 599 vel
1781 541 1863 600 sit
1906 547 2187 609 aeternus,
2240 540 2331 597 vel
2381 540 2598 599 habeat

161 614 350 674 alium
381 621 613 672 motum
644 620 781 671 ante
810 627 897 671 se.
928 615 1120 671 Motus
1165 612 1351 684 igitur
1377 625 1613 684 semper
1656 612 1800 681 fuit3
1829 625 1972 683 ergo
2019 616 2077 668 et
2119 610 2388 682 mobilia,
2421 616 2482 667 et
2507 611 2598 669 sic

159 683 1049 827 creaturae(lsempei}3)fuerunt.
1098 685 1258 742 Deus
1304 683 1466 741 enim
1513 682 1761 742 omnino
1798 681 2125 741 immobilis
2148 686 2272 752 est,
2301 686 2369 739 ut
2395 686 2597 740 osten-

161 762 426 815 sumest
494 760 718 824 .1,c.t
791 796 806 811 .

228 830 533 888 Praeterea,
582 838 761 883 omne
806 838 993 897 agens
1037 824 1198 898 quod
1243 830 1490 900 generat
1532 824 1650 882 sibi
1700 823 1899 883 simile
1945 822 2201 882 intendit
2239 834 2597 880 conservare

160 910 299 955 esse
344 901 692 968 perpetuum
722 895 786 952 in
812 895 1031 967 specie,
1058 897 1218 968 quod
1248 911 1370 955 non
1408 900 1608 969 potest
1635 901 1919 966 perpetuo
1950 893 2292 953 conservari
2344 894 2411 950 in
2438 892 2596 950 indi·

160 965 365 1025 vidu0.
424 970 504 1023 Im
552 966 802 1024 ossibile
859 972 952 1024 est
996 972 1194 1025 autem
1252 974 1479 1025 naturae
1516 966 1844 1048 appetitum
1885 979 2103 1023 vanum
2147 978 2306 1023 esse.
2354 964 2599 1036 oportet

161 1038 352 1111 igitur
377 1051 498 1109 quo
569 1050 766 1094 rerum
796 1037 1231 1109 generabilium
1261 1038 1495 1110 species
1524 1042 1650 1094 sint
1679 1039 1997 1108 perpetuae.

231 1109 454 1177 Adhuc,
487 1108 541 1165 si
591 1112 824 1178 tempus
854 1112 946 1165 est
971 1114 1342 1180 perpetuum,
1373 1112 1608 1181 oportet
1632 1113 1862 1165 motum
1888 1119 2027 1164 esse
2053 1111 2426 1176 perpetuum,
2455 1118 2595 1163 cum

164 1178 245 1237 sit
261 1191 552 1236 numerus
571 1185 863 1245 motuum,
885 1183 943 1235 et
962 1192 1066 1250 per
1090 1191 1471 1252 consequens
1501 1177 1746 1236 mobilia
1766 1190 1902 1236 esse
1918 1181 2222 1248 perpetua,
2239 1188 2374 1235 cum
2395 1179 2598 1233 motus

164 1249 246 1307 sit
264 1256 439 1308 actus
469 1248 731 1307 mobilis.
753 1248 1120 1319 sed·tempus
1139 1256 1373 1321 oportet
1396 1263 1532 1309 esse
1561 1253 1931 1321 perpetuum.
1953 1249 2085 1305 Non
2110 1247 2271 1304 enim
2297 1249 2492 1316 potest
2511 1245 2600 1303 in·

164 1320 359 1391 telligi
388 1332 523 1377 esse
552 1326 809 1390 tempus,
835 1320 982 1392 quin
999 1319 1263 1389 sitnunc,
1295 1321 1454 1379 sicut
1481 1334 1592 1377 nec
1618 1320 1779 1377 linea
1804 1331 1926 1377 non
1955 1323 2155 1390 potest
2180 1315 2437 1396 intelligi
2466 1315 2599 1372 sine

164 1395 392 1462 puncto
424 1404 439 1444 :
467 1405 613 1445 nunc
641 1395 837 1447 autem
867 1403 1103 1461 semper
1127 1396 1219 1450 est
1248 1390 1391 1450 finis
1421 1390 1699 1462 praeteriti
1734 1396 1794 1447 et
1817 1388 2173 1461 principium
2222 1387 2428 1444 futuri.
2463 1387 2601 1444 Haec

167 1465 261 1520 est
286 1461 449 1518 enim
475 1460 743 1518 definitio
765 1460 958 1532 ipsius
983 1476 1149 1530 nunc,
1184 1467 1243 1518 et
1269 1464 1358 1519 sic
1384 1461 1694 1533 quodlibet
1732 1475 1877 1516 nunc
1918 1459 2123 1517 datum
2152 1458 2332 1516 habet
2357 1459 2496 1515 ante
2531 1470 2599 1514 se

168 1539 406 1603 tempus
424 1532 592 1603 prius
620 1536 679 1588 et
698 1536 836 1602 post
859 1544 924 1590 se
946 1532 1277 1603 posterius3
1299 1537 1359 1590 et
1374 1531 1455 1589 ita
1473 1532 1707 1590 nullum
1728 1536 1927 1602 potest
1949 1543 2086 1588 esse
2100 1529 2380 1601 primum,
2405 1539 2601 1600 neque

171 1602 467 1731 attiguum.
487 1601 876 1728 tRelinquitur
911 1601 1095 1675 igitur
1125 1602 1286 1675 quod
1315 1602 1582 1673 mobilia,
1615 1615 1749 1675 quae
1777 1607 1920 1660 sunt
1963 1600 2317 1660 substantiae
2357 1604 2593 1667 creatae,

178 1686 268 1731 sin
326 1688 363 1730 a
432 1687 481 1730 ae
510 1686 676 1730 erno.

238 1745 392 1812 Item,
426 1757 603 1801 omne
647 1747 884 1814 oportet
907 1742 1003 1801 vel
1047 1742 1344 1802 affirmare
1369 1744 1460 1801 vel
1506 1756 1749 1815 negare.
1779 1742 1840 1802 Si
1888 1742 2072 1815 igitur
2095 1742 2170 1801 ad
2216 1743 2597 1816 negationem

174 1813 428 1885 alicujus
471 1814 742 1886 sequitur
779 1813 909 1884 ejus
944 1813 1187 1885 positio,
1229 1818 1463 1886 oportet
1489 1814 1640 1872 illud
1667 1825 1803 1873 esse
1830 1826 2086 1884 semper.
2115 1817 2371 1886 Tempus
2398 1820 2598 1873 autem

173 1889 261 1942 est
307 1884 690 1956 hujusmodi;
718 1897 856 1941 nain
887 1884 939 1942 si
972 1891 1207 1955 tempus
1258 1899 1381 1943 non
1409 1898 1646 1955 semper
1675 1883 1804 1953 suit,
1833 1888 1928 1943 est
1955 1885 2223 1956 accipere
2263 1884 2429 1956 prius
2475 1898 2597 1942 nou

177 1968 309 2015 esse
339 1956 534 2026 ipsius
564 1969 742 2026 quam
773 1968 945 2024 esse;
975 1960 1033 2012 et
1077 1955 1376 2025 similiter,
1408 1955 1460 2014 si
1494 1968 1617 2013 non
1646 1954 1728 2013 sit
1752 1968 1988 2027 semper
2032 1956 2320 2026 futurum,
2367 1960 2601 2026 oportet

174 2025 333 2097 quod
362 2039 485 2084 non
515 2039 651 2083 esse
677 2026 806 2097 ejus
830 2026 911 2083 sit
1001 2027 1260 2084 osterius
1288 2026 1364 2085 ad
1393 2038 1528 2084 esse
1557 2025 1707 2108 ejus.
1736 2025 1908 2084 Prius
1951 2032 2148 2084 autem
2189 2032 2249 2083 et
2295 2024 2598 2098 posterius

177 2109 292 2155 non
324 2102 524 2168 potest
568 2109 704 2155 esse
758 2109 943 2154 secun
991 2109 1089 2154 um
1119 2097 1517 2166 durationem,
1548 2096 1665 2155 nisi
1715 2101 1950 2169 tempus
1980 2098 2058 2155 sit
2085 2115 2102 2166 ;
2131 2110 2271 2154 nam
2311 2109 2599 2154 numerus

174 2167 394 2248 prioris
423 2173 482 2224 et
506 2166 860 2239 posterioris
879 2172 1116 2238 tempus
1140 2173 1233 2225 est
1261 2185 1276 2225 ε
1307 2173 1368 2225 et
1386 2167 1475 2226 sic
1498 2165 1794 2238 oportebit
1810 2172 2047 2239 tempus
2072 2167 2261 2226 fuisse
2281 2172 2598 2241 antequam

175 2238 482 2309 inciperet,
523 2243 582 2294 et
612 2237 873 2294 futurum
902 2251 1038 2295 esse
1067 2244 1383 2310 postquam
1412 2239 1667 2296 desinat.
1701 2240 1943 2310 Oportet
1969 2237 2154 2310 igitur
2180 2243 2417 2309 tempus
2463 2251 2600 2295 esse

176 2314 486 2367 aeternutn.
525 2310 780 2380 Tempus
832 2313 1029 2366 autem
1086 2315 1178 2367 est
1221 2308 1522 2378 accidens,
1561 2307 1723 2381 quod
1773 2308 1907 2366 sine
1959 2307 2230 2380 subjecto
2286 2321 2420 2367 osse
2476 2321 2599 2365 non

174 2384 389 2450 potest.
417 2378 758 2451 subjectum
787 2385 984 2436 autem
1012 2377 1142 2451 ejus
1171 2393 1294 2436 non
1323 2384 1417 2437 est
1441 2382 1622 2446 Deus,
1652 2378 1814 2452 quod
1842 2385 1934 2437 est
1963 2391 2148 2451 supra
2171 2383 2430 2449 tempus,
2461 2391 2598 2436 cum

175 2451 253 2508 sit
299 2450 551 2508 omnino
600 2449 949 2519 immobilis,
979 2454 1046 2507 ut
1096 2449 1409 2522 probatum
1456 2455 1547 2507 est
1585 2449 1649 2522 (l.
1678 2462 1724 2519 1,
1766 2463 1819 2506 c.
1871 2454 1938 2508 13
1975 2448 2182 2523 et15).
2229 2448 2603 2521 Relinquitur

174 2520 363 2595 igitur
389 2521 652 2593 aliquam
682 2520 1081 2579 substantiam
1107 2526 1367 2579 creatam
1396 2526 1679 2578 aeternam
1708 2534 1864 2579 esse.

237 2593 520 2663 Amplius,
549 2591 750 2649 multae
771 2591 1213 2663 propositiones
1233 2592 1322 2650 sic
1348 2604 1414 2649 se
1434 2592 1671 2661 babent,
1693 2590 1852 2663 quod
1887 2589 1991 2663 qui
2029 2603 2134 2650 eas
2163 2596 2339 2663 negat
2369 2596 2604 2664 oportet

173 2663 335 2735 quod
380 2677 486 2721 eas
514 2668 718 2734 ponat,
765 2662 923 2720 sicut
966 2662 1068 2733 qui
1116 2668 1294 2735 negat
1339 2662 1645 2720 veritatem
1694 2675 1829 2719 esse
1857 2661 2027 2734 ponit
2071 2661 2378 2719 veritatem
2427 2676 2601 2731 esse;

167 2735 344 2804 ponit
367 2733 528 2791 enim
560 2746 728 2791 suam
759 2732 1091 2813 negativam
1119 2746 1253 2790 esse
1278 2746 1476 2789 veram
1504 2745 1683 2813 quam
1708 2730 1971 2802 profert:
1999 2737 2059 2790 et
2081 2731 2282 2790 simile
2310 2736 2402 2789 est
2424 2732 2499 2791 de
2520 2746 2598 2789 eo

172 2803 275 2877 qui
302 2817 378 2861 ne
462 2803 846 2862 thu‘usmodi
874 2803 1256 2873 principium,
1276 2802 1809 2860 contradictionem
1830 2816 1952 2859 non
1967 2815 2104 2860 esse
2132 2802 2337 2860 simul.
2356 2804 2595 2874 Negans

173 2876 333 2932 enim
425 2889 518 2943 oc,
604 2876 705 2931 icit
748 2873 1126 2945 negationem
1170 2887 1349 2947 quam
1388 2873 1570 2945 ponit.
1598 2886 1733 2932 esse
1760 2886 1981 2944 veram,
2011 2874 2350 2955 oppositam
2396 2880 2596 2931 autem

170 2945 630 3003 affirmationem
662 2944 908 3012 falsam3
939 2945 1113 3002 etsie
1144 2958 1264 3001 non
1294 2944 1367 3002 de
1400 2943 1611 3002 eodem
1640 2949 1954 3016 utrumque
1976 2942 2288 3002 verificari.
2318 2943 2378 3001 Si
2408 2942 2596 3015 igitur

173 3016 232 3073 id
275 3017 352 3074 ad
403 3016 578 3087 cujus
623 3014 1014 3072 remotionem
1060 3015 1332 3088 sequitur
1377 3028 1490 3073 sua
1524 3013 1767 3084 positio,
1798 3019 2028 3085 oportet
2072 3027 2208 3072 esse
2237 3027 2493 3085 semper,
2530 3019 2600 3072 ut

172 3087 484 3157 probatum
537 3090 649 3155 est,
679 3084 950 3157 sequitur
985 3086 1143 3166 quod
1178 3085 1473 3157 praedictae
1517 3085 1982 3156 propositiones,
2013 3091 2072 3144 et
2112 3097 2326 3143 omnes
2355 3098 2487 3158 quai
2532 3086 2597 3143 in

173 3156 260 3214 eis
286 3163 624 3230 sequuntur
666 3155 789 3214 sint
823 3160 1220 3226 sempiternae.
1258 3158 1356 3213 11ae
1380 3161 1580 3213 autem
1601 3155 2044 3226 propositiones
2081 3168 2207 3215 non
2234 3162 2376 3215 sunt
2411 3158 2597 3214 Deus.

173 3228 323 3297 Ergo
352 3233 588 3308 oportet
613 3225 840 3297 aliquid
870 3232 1083 3298 praeter
1110 3228 1295 3283 Deum
1325 3239 1461 3285 esse
1483 3232 1792 3284 aeternum.

244 3300 344 3355 11ae
390 3298 576 3369 igitur
601 3301 660 3353 et
703 3296 1049 3377 hujusmodi
1094 3297 1361 3356 rationes
1387 3295 1548 3355 sumi
1574 3300 1835 3369 possunt
1867 3309 1941 3357 ex
1969 3302 2138 3371 parte
2179 3300 2609 3367 creaturarum,

175 3368 338 3439 quod
364 3374 656 3429 creaturae
682 3367 907 3425 suerint
929 3379 1186 3439 semper.

1110 3586 1366 3654 CAPUT
1414 3586 1683 3652 XXXIV.

301 3770 595 3819 RATIONES
625 3767 712 3818 An
744 3764 1105 3817 Psenmau
1136 3765 1570 3814 arsamum
1601 3764 1791 3817 mmm
1823 3764 1905 3816 ΕΚ
1936 3766 2128 3818 PARTE
2162 3768 2480 3819 immotus·

243 3937 509 3993 Possunt
536 3933 719 3991 etiam
765 3932 923 3991 sumi
961 3930 1096 3991 aliae
1139 3930 1406 3989 rationes
1446 3945 1522 3989 ex
1571 3936 1738 4003 parte
1783 3930 1979 4003 ipsius
2018 3930 2301 3993 factionis
2328 3934 2405 3992 ad
2452 3934 2610 3994 idem

174 4004 633 4064 ostendendum.
667 4003 837 4072 Quod
880 4003 1043 4061 enim
1072 4000 1147 4060 ab
1199 4001 1482 4060 omnibus
1526 4007 1926 4060 communiter
1963 4002 2203 4073 dicitur,
2237 4004 2610 4075 impossibile

174 4081 265 4134 est
306 4075 575 4133 totaliter
617 4088 753 4133 esse
796 4073 1035 4133 falsum.
1068 4071 1241 4131 Falsa
1277 4071 1436 4130 enim
1489 4072 1718 4143 opiui0,
1746 4072 2063 4155 infirmitas
2111 4075 2381 4147 quaedam
2436 4076 2607 4135 intel-

174 4145 364 4204 lectus
412 4150 524 4208 est,
561 4145 718 4203 sicut
767 4151 827 4201 et
860 4145 1078 4203 falsum
1094 4143 1392 4217 judicium
1421 4142 1495 4199 de
1541 4142 1819 4202 sensibili
1860 4144 2124 4215 propi-i0,
2153 4160 2224 4201 cx
2268 4144 2609 4205 infirmitate

174 4230 397 4276 sensus
441 4215 680 4275 accidit.
713 4216 989 4273 Defectus
1034 4219 1233 4272 autem
1269 4228 1376 4286 pei·
1421 4213 1701 4272 accidens
1747 4221 1910 4283 sunt,
1940 4216 2083 4287 quia
2130 4221 2344 4286 praeter
2385 4224 2611 4276 naturoe

172 4287 602 4346 intentionem.
642 4286 812 4354 Quod
839 4290 1037 4343 autem
1063 4290 1153 4344 est
1182 4299 1288 4356 per
1314 4283 1615 4354 accidens,
1645 4298 1767 4343 nou
1795 4290 1992 4357 potest
2020 4300 2154 4343 esse
2182 4299 2419 4358 semper
2463 4294 2520 4346 et
2548 4290 2606 4345 in

175 4357 503 4425 omnibus;
555 4356 713 4414 sicut
752 4356 1043 4427 judicium
1072 4356 1232 4427 quod
1279 4354 1351 4413 de
1381 4355 1697 4426 saporibus
1726 4354 1801 4413 ab
1848 4357 2012 4415 omni
2050 4364 2230 4428 gustu
2273 4357 2446 4415 datur
2490 4373 2608 4415 non

172 4434 372 4499 potest
404 4442 543 4485 esse
575 4427 815 4497 salsum,
844 4428 928 4485 ita
950 4426 1243 4498 jndicium
1272 4426 1430 4499 quod
1461 4427 1535 4484 ab
1576 4426 1857 4485 omnibus
1898 4427 1968 4485 de
2009 4429 2254 4485 veritate
2294 4429 2466 4486 datur
2491 4440 2608 4485 non

169 4506 370 4570 potest
415 4511 556 4557 esse
585 4511 920 4557 erroneum.
953 4498 1299 4556 Communis
1326 4502 1524 4555 autem
1562 4497 1860 4556 sententia
1903 4504 1991 4555 cst
2021 4499 2292 4557 omnium
2335 4499 2604 4569 pbiloso-
