3076 5025
1128 301 1264 359 ΗΒ.
1300 301 1404 370 111,
1443 300 1594 356 CAP.
1632 300 1792 360 xm.
2569 303 2675 360 307

241 426 311 486 in
340 424 607 496 potentia
637 422 902 480 facietin
924 426 1062 480 actu
1093 423 1272 495 (quod
1319 428 1411 481 est
1458 422 1962 493 complementum
2005 423 2213 494 primoe
2257 425 2672 498 operationis),
2776 426 2781 429 ’

244 503 308 556 θῑ
322 493 766 646 ὅῧὶἒιοὲῃῖἓὲᾱ
780 492 2281 646 ῑὶῖζῖἴὲἕῗὲὲῗὲὲὲῑὲῗιὲξᾏῗὲιῙὲῖἓὲῧᾶξὲἲέιῗῖςὲἓὲ
2304 502 2674 646 {Simas

246 642 557 711 separatas
585 650 732 707 Jam,
763 634 1092 693 secundum
1124 649 1256 706 ejus
1296 647 1665 705 opinionem,
1713 639 1776 690 ut
1804 634 2027 692 dictum
2075 641 2184 698 est,
2230 636 2486 693 intendit
2515 637 2672 709 quod

243 708 659 780 intelligemus
685 720 789 778 per
817 705 1183 763 intellectum
1235 705 1298 761 in
1346 704 1552 762 habitu
1606 704 1975 763 substantias
2005 712 2333 776 separatas,
2385 707 2449 763 in
2540 722 2679 765 uan-

244 784 380 838 tum
410 778 748 835 intellectus
780 789 987 857 agenS,
1019 776 1120 848 qui
1150 775 1224 833 ab
1255 776 1387 857 ipso
1417 775 1660 846 ponitur
1688 774 2024 834 substantia
2043 785 2334 848 separata,
2363 776 2465 836 fiet
2510 792 2680 837 orma

247 849 589 909 intellectus
619 848 682 904 in
712 847 917 905 babitu
947 853 1005 902 et
1050 847 1114 903 in
1144 846 1322 905 nobis
1362 846 1543 917 ipsis3
1578 846 1665 902 ita
1700 845 1863 918 quod
1911 861 2019 917 per
2059 861 2197 905 eum
2244 848 2676 921 intelligemuS,

249 920 413 979 sicut
441 933 601 976 nunc
630 917 1024 989 intelligimus
1051 931 1157 989 per
1182 917 1548 975 intellectum
1674 916 1965 974 ssibilem.
2017 920 2081 974 Et
2125 932 2307 989 quum
2354 918 2426 976 de
2462 921 2679 977 virtute

251 990 598 1050 intellectus
623 989 858 1062 agentis
887 988 968 1047 sit
997 988 1191 1046 faeere
1220 987 1427 1068 oinnia
1454 987 1597 1044 intel
1630 992 1763 1068 ecta
1788 986 1852 1043 in
1879 993 2015 1045 actu
2040 1002 2175 1061 quae
2221 993 2364 1047 sunt
2391 988 2581 1046 intelli
2629 991 2676 1048 i-

249 1061 406 1121 bilia
424 1061 487 1118 in
516 1060 780 1131 potentia
808 1064 867 1116 et
894 1059 1073 1116 etiam
1098 1059 1432 1130 intelligere
1466 1057 1838 1116 substantias
1869 1063 2174 1129 separatas
2205 1102 2221 1127 ,
2252 1059 2315 1115 in
2365 1065 2523 1118 statu
2573 1061 2591 1116 i
2619 1060 2683 1119 lo

250 1131 661 1204 intelligemus
692 1143 906 1187 omnes
933 1129 1304 1187 substantias
1329 1135 1646 1209 separata-s·
1660 1132 1719 1185 et
1745 1129 1951 1186 omnia
1977 1129 2378 1202 intelligibilia
2423 1144 2543 1188 non
2584 1143 2679 1189 se·

294 1206 479 1261 arata.
506 1204 590 1270 Et,
625 1200 955 1258 secundum
987 1201 1121 1270 boc,
1152 1214 1258 1271 per
1286 1201 1402 1258 hoc
1425 1207 1831 1272 cognitionem
1866 1213 1998 1271 quae
2026 1205 2117 1257 est
2146 1214 2213 1256 ex
2249 1201 2679 1271 phantasmati-

249 1217 392 1342 Bas,
427 1272 808 1344 pervenimus
835 1272 1332 1342 incognitionem
1380 1271 1730 1328 substantiae
1776 1284 1807 1327 s
1884 1275 2096 1338 atatem
2149 1284 2271 1328 non
2322 1272 2482 1343 quod
2547 1272 2681 1344 ipsa

250 1344 675 1417 phantasmata
716 1342 1036 1410 intellecta,
1069 1355 1173 1413 per
1220 1356 1309 1410 ea,
1342 1342 1466 1399 sint
1512 1341 1777 1398 medium
1817 1355 1852 1399 a
1877 1340 2060 1413 iquod
2107 1341 2181 1398 ad
2225 1343 2683 1414 cognoscendas

253 1414 628 1473 substantias
658 1417 985 1484 separatae,
1015 1417 1196 1484 prout
1222 1411 1438 1470 accidit
1466 1412 1528 1468 in
1560 1411 1831 1469 scientiis
1857 1426 1887 1469 s
1930 1411 2261 1482 eculativis,
2293 1414 2451 1470 sicut
2478 1414 2682 1485 posuit

253 1485 464 1556 opinio
495 1485 790 1564 superior,
821 1483 925 1564 sed
956 1483 1017 1538 in
1090 1487 1337 1539 uantum
1362 1483 1596 1553 species
1626 1428 2034 1564 intelligigiles
2061 1487 2204 1539 sunt
2246 1484 2518 1555 quaedam
2566 1484 2683 1542 dis-

250 1556 593 1635 positiones
622 1568 684 1635 in
717 1553 894 1612 nobis
920 1553 992 1633 ad
1013 1559 1071 1611 ta
1098 1567 1191 1611 em
1220 1554 1472 1611 sormam
1501 1567 1654 1634 quae·
1682 1559 1775 1610 est
1814 1553 2153 1610 intellectus
2198 1567 2405 1626 agens.
2452 1558 2519 1612 Et
2565 1555 2684 1614 hoc

252 1623 1314 1777 esbggignuffllgssdigeoigggffifflghffi
1332 1624 2129 1776 dfiissiotpiffllizrliletsbeffoems
2174 1709 2284 1766 per
2334 1696 2682 1769 hujusmodi

246 1780 494 1839 species
523 1764 934 1847 intelligibiles
966 1778 1028 1821 in
1060 1764 1235 1823 nobis
1273 1766 1463 1846 factas
1494 1764 1570 1822 ab
1594 1765 1922 1846 intellectu·
1948 1772 2182 1847 agente,
2212 1765 2327 1847 fiet·
2349 1767 2477 1838 ipse
2507 1769 2682 1825 intel-

243 1838 452 1896 lectus
481 1851 669 1909 agens
695 1835 873 1895 nobis
903 1836 1114 1906 forma,
1143 1840 1210 1892 ut
1249 1836 1472 1894 dictum
1501 1841 1628 1904 est;
1660 1840 1718 1892 et
1762 1841 2033 1893 nominat
2069 1850 2266 1907 ipsum
2311 1840 2681 1897 intellectum

245 1908 560 1979 adeptum,
589 1908 660 1965 de
700 1920 820 1987 quo
863 1906 1071 1963 dicunt
1095 1906 1469 1987 Aristotelem
1517 1906 1714 1987 dicere
1752 1904 1849 1987 (pe
1894 1911 2135 1975 perierat,
2185 1910 2377 1977 anivn„
2426 1922 2492 1992 ΠΖ
2523 1925 2576 1967 c.
2624 1910 2679 1982 3)

288 1978 421 2060 uod
446 1979 527 2036 sit
554 1978 627 2059 ab
658 1983 1013 2035 extrinseco.
1045 1977 1247 2057 Etnsic,
1281 1977 1422 2034 licet
1447 1990 1510 2057 in
1550 1982 1823 2035 scientiis
1871 1977 2259 2059 speculativis
2286 1992 2408 2036 non
2439 1986 2517 2038 sit
2547 1994 2682 2051 per-

271 2054 442 2107 ectio
495 2049 706 2106 ultima
758 2048 1040 2115 humana,
1090 2054 1246 2105 sicut
1287 2061 1563 2119 superior
1607 2048 1865 2118 ponebat
1915 2061 2142 2119 opinio,
2173 2063 2280 2119 per
2330 2064 2435 2108 eas
2481 2056 2680 2108 tamen

244 2120 445 2179 honio
491 2119 830 2190 disponitur
870 2118 945 2176 ad
989 2118 1258 2176 ultimam
1305 2117 1729 2190 perfectionem
1778 2119 2282 2191 consequendam.
2324 2123 2391 2177 Et
2436 2122 2551 2179 boc
2593 2126 2685 2180 est

245 2204 348 2250 sec
361 2190 594 2248 undum
625 2191 685 2246 in
716 2203 835 2262 quo
863 2187 1058 2246 differt
1087 2189 1351 2247 secunda
1386 2189 1592 2260 opinio
1618 2204 1653 2247 a
1677 2189 1890 2261 prima.

312 2261 527 2320 Tertio
557 2267 753 2318 autem
784 2258 981 2317 differt
1007 2275 1110 2330 per
1139 2261 1255 2317 hoc
1300 2260 1482 2332 quod,
1517 2261 1848 2317 secundum
1896 2260 2147 2330 primam
2194 2262 2563 2333 opinionem,
2590 2265 2683 2321 in-

243 2333 348 2392 tell
371 2333 534 2404 igere
589 2331 954 2388 intellectum
1015 2337 1290 2402 agentem
1330 2335 1422 2388 est
1462 2344 1651 2410 causa
1703 2330 1864 2403 quod
1905 2332 2288 2389 continuetur
2331 2334 2678 2402 nobiscum;

245 2417 344 2462 sec
371 2402 594 2460 undum
622 2415 763 2458 vero
792 2400 947 2458 banc
968 2401 1291 2459 secundam
1323 2401 1692 2471 opinionem,
1722 2407 1815 2458 est
1843 2415 1874 2457 e
1904 2414 2227 2470 convers03
2259 2416 2420 2471 narn,
2443 2419 2552 2475 pro
2596 2410 2687 2461 ter

245 2474 380 2534 hoc
404 2472 565 2546 quod
595 2472 912 2531 nobiscum
929 2471 1317 2530 continuatur
1359 2476 1425 2529 ut
1471 2471 1684 2542 forma,
1732 2471 2129 2546 intelligimus
2170 2472 2369 2546 ipsum
2418 2481 2476 2532 et
2528 2489 2565 2533 a
2590 2475 2682 2534 ias

247 2544 634 2604 substantias
661 2547 987 2624 separatas.

319 2619 470 2673 llaec
499 2620 696 2672 autem
724 2612 1212 2672 irrationabiliter
1248 2613 1550 2670 dicuntur.
2054 2664 2124 2675 ,..

315 2685 675 2744 Intellectus
729 2684 890 2741 enim
942 2685 1008 2741 in
1063 2683 1292 2752 habitu,
1345 2683 1503 2741 sicut
1546 2682 1884 2741 intellectus
1920 2683 2255 2754 possibilie,
2302 2685 2549 2756 ponitur
2602 2688 2677 2746 ab

247 2759 345 2816 Ale
367 2755 593 2813 xandro
623 2768 758 2813 esse
778 2754 1140 2826 generabilis
1169 2760 1227 2811 et
1265 2753 1692 2825 corruptibilis.
1744 2757 2047 2811 AEternum
2090 2758 2287 2811 autem
2336 2766 2456 2812 non
2485 2760 2685 2827 potest

164 2873 167 2877 .
247 2827 390 2886 ssei-i
443 2828 634 2884 forma
692 2824 1054 2898 generabilis
1107 2828 1164 2881 et
1218 2824 1645 2894 corruptibilis,
1676 2823 2005 2882 secundum
2063 2839 2238 2893 eum3
2283 2831 2522 2898 propter
2568 2827 2683 2885 lioc

249 2901 341 2957 eni
367 2912 419 2954 m
504 2897 628 2955 onit
661 2896 1028 2953 intellectum
1066 2894 1440 2966 possibilem,
1471 2895 1574 2967 qui
1620 2895 1826 2952 unitur
1853 2895 2031 2953 nobis
2057 2900 2124 2955 ut
2164 2896 2376 2966 forma,
2408 2910 2543 2955 esse
2591 2911 2688 2971 ge-

250 2968 465 3026 net-abi
494 2983 586 3025 em
617 2972 675 3024 et
702 2966 1185 3039 corruptibilem
1216 2966 1583 3023 intellectum
1612 2979 1752 3023 vero
1779 2972 2075 3037 agentem,
2106 2967 2208 3039 qui
2256 2971 2348 3025 est
2372 2968 2683 3039 incorrup-

251 3039 467 3103 tibilis,
492 3053 628 3096 esse
655 3038 1054 3095 substantiam
1075 3043 1430 3108 separatam.
1451 3039 1647 3105 Quum
1677 3038 1861 3109 igitur
1887 3036 2225 3095 intellectus
2244 3052 2450 3111 agens,
2476 3052 2693 3096 secun-

257 3111 400 3167 dum
446 3109 865 3178 Alexandrum,
918 3113 1176 3179 ponatur
1221 3122 1356 3167 esse
1406 3108 1677 3180 quaedam
1728 3108 2064 3166 substantia
2112 3115 2387 3180 separata
2441 3116 2681 3179 aeterna,

255 3180 632 3251 impossibile
661 3180 774 3236 erit
801 3179 962 3251 quod
989 3178 1329 3236 intellectus
1358 3192 1545 3250 agens
1574 3178 1677 3236 fiat
1697 3179 1890 3237 forma
1917 3178 2258 3237 intellectus
2286 3181 2351 3237 in
2380 3180 2608 3238 habitu.

323 3254 611 3319 Praeterea,
639 3251 832 3308 forma
857 3250 1216 3316 intellectus,
1242 3250 1304 3306 in
1332 3255 1622 3321 quantum
1655 3254 1748 3307 est
1775 3249 2134 3319 intellectus,
2167 3256 2258 3307 est
2279 3250 2467 3307 intelli
2517 3250 2681 3321 ibile,

256 3322 417 3379 sicut
445 3322 638 3379 forma
665 3334 886 3378 sensus
913 3325 1005 3378 est
1053 3320 1339 3378 sensibile
1365 3338 1379 3387 ;
1412 3334 1532 3378 non
1583 3321 1741 3377 enim
1787 3320 1997 3392 recipit
2045 3320 2385 3378 intellectus
2433 3336 2509 3378 ai
2558 3320 2680 3391 uid,

297 3407 360 3449 er
386 3402 453 3450 se
477 3391 798 3464 loquendO,
831 3392 950 3448 nisi
981 3391 1456 3463 intelligibiliter,
1487 3391 1646 3449 sicut
1681 3405 1793 3448 nec
1845 3405 2065 3449 sensus
2118 3391 2239 3448 nisi
2292 3392 2516 3449 sensibi'
2547 3391 2677 3449 iter.

254 3407 314 3520 gi
344 3463 527 3543 igitur
555 3476 676 3520 non
706 3467 902 3533 potest
932 3461 1270 3519 intellectus
1298 3474 1485 3533 agens
1514 3475 1650 3518 esse
1677 3461 2057 3534 intelligibile
2088 3475 2197 3534 per
2216 3461 2583 3520 intellectum
2616 3463 2682 3519 in

253 3530 485 3602 habitu,
516 3533 893 3604 impossibile
921 3532 1035 3589 erit
1062 3532 1223 3604 quod
1253 3532 1333 3590 sit
1359 3533 1549 3589 forma
1574 3531 1725 3603 ejus.
2394 3562 2405 3569 -

324 3606 478 3668 Item,
510 3603 845 3676 intelligere
868 3603 1112 3675 aliquod
1140 3602 1450 3673 tripliciter
1476 3602 1735 3659 dicimur
1763 3620 1779 3659 :
1812 3605 1938 3661 Uno
1987 3603 2188 3672 modo,
2218 3602 2376 3661 sicut
2408 3601 2685 3675 intelligi·

252 3687 392 3732 mus
420 3675 748 3742 intellectu,
775 3671 877 3755 qui
906 3680 1001 3731 est
1026 3673 1215 3731 virtus
1243 3688 1280 3730 a
1307 3687 1426 3746 qua
1453 3666 1755 3745 egreditur
1781 3673 1919 3730 talis
1943 3674 2244 3745 operati03
2275 3673 2435 3732 unde
2465 3679 2522 3730 et
2552 3674 2568 3728 i
2615 3687 2683 3732 se

253 3744 596 3803 intellectus
624 3745 962 3825 intelligere
989 3743 1226 3825 dicitur,
1257 3747 1316 3800 et
1358 3743 1921 3826 ipsum-intelligere·
1962 3745 2303 3826 intellectus
2349 3743 2417 3801 fit
2461 3744 2583 3825 inte
2610 3742 2683 3801 li-

251 3814 1119 3966 ἓὲἷὲιῖἕὲἑὲῗὲοᾈᾶἆὶᾉέῗὲἕᾶ
1144 3814 2687 3967 ῗᾴῗὲἧῇῖἓῗῗ’ξθᾊ“ῗξὶξέἕ“ἰέἒὲ’,θῃῖἓηὲἓέἃῖωρὲἐὲἑῗὲῧῖ

253 3966 613 4094 ἷξέᾱῖἓωρὲῖ
635 3955 2682 4096 {tittSdssuiiiifftiivieissiffiss¹iffcssffliliissffi‘iimiffi?’sitit

251 4097 356 4151 tur
383 4064 564 4151 ho'mo
591 4042 955 4166 quandoqn}F
976 4110 1080 4167 per
1106 4096 1471 4153 intellectum
1499 4102 1773 4168 agentem
1804 4042 2096 4168 iffitelligat
2122 4096 2491 4154 substantias
2516 4041 2682 4168 sega-

250 4168 436 4228 ratas‚
471 4170 705 4235 oportet
730 4165 933 4236 aliquo
965 4167 1278 4224 modorum
1310 4166 1602 4223 dictorum
1636 4166 1751 4223 boc
1778 4167 1915 4224 dici.
1947 4170 2076 4223 Non
2106 4172 2303 4224 autem
2332 4167 2548 4225 dicitur
2566 4169 2680 4226 hoc

250 4234 436 4293 modo
470 4235 664 4305 tertio,
698 4235 839 4307 quia
890 4250 1014 4293 non
1066 4238 1343 4295 concedit
1389 4235 1720 4294 Alexander
1761 4237 1921 4309 quod
1969 4236 2263 4310 intelligat
2314 4238 2681 4296 intellectum

253 4311 532 4378 agentem
562 4306 651 4362 vel
685 4304 1021 4364 intellectus
1052 4308 1362 4388 possibilis
1391 4306 1483 4363 vel
1515 4308 1853 4365 intellectus
1881 4308 1941 4363 in
1973 4307 2200 4366 habitu.
2231 4312 2347 4367 Nec
2385 4311 2562 4367 etiam
2593 4323 2683 4365 se-

254 4376 450 4456 cundo
481 4377 685 4458 mod0,
716 4375 859 4457 quia
885 4376 1219 4459 intelligere
1237 4392 1346 4450 per
1367 4392 1397 4436 s
1440 4377 2085 4459 eciem-intelligibilem
2117 4380 2458 4437 attribuitur
2478 4377 2679 4434 virtuti

255 4447 653 4519 intellectivae,
684 4461 860 4522 cuius
884 4448 990 4508 illa
1019 4450 1250 4522 species
1275 4392 1681 4522 intefligibilis
1704 4454 1797 4508 est
1825 4449 2017 4511 forma
2042 4468 2059 4522 ;
2089 4464 2201 4512 nec
2245 4457 2443 4511 autem
2472 4460 2680 4507 conce-
