3076 5025
1143 291 1278 349 ΗΒ.
1316 292 1363 355 1,
1401 290 1556 351 CAP-
1592 292 1797 352 xxvn.
2281 300 2297 319 ·
2607 293 2683 359 31

237 413 509 474 omnium
537 426 747 471 rerum
777 414 961 472 Deum
989 424 1145 477 esse,
1171 427 1296 472 non
1323 413 1776 475 considerantes
1804 415 1964 475 hunc
1983 414 2389 476 intellectumi
2467 415 2524 477 is
2539 430 2669 478 ver·

232 484 327 545 bis
350 497 705 543 consonum
734 496 873 541 esse
899 496 1021 541 non
1046 497 1247 555 posse.
1278 486 1423 541 Nam
1448 485 1501 542 si
1523 484 1810 543 Divinitas
1830 493 1923 545 est
1943 487 2212 545 omnium
2233 501 2369 546 esse
2415 489 2665 559 ormale,
2766 543 2770 547 .

235 568 357 615 non
387 554 509 613 erit
535 567 725 626 super
752 553 975 624 omnia,
1001 554 1105 611 sed
1133 555 1291 611 intra
1319 554 1545 624 omnia,
1576 554 1696 613 imo
1726 556 1948 626 aliquid
1970 558 2260 616 omnium.
2278 559 2474 626 Quum
2503 557 2666 618 enim

237 624 624 698 Divinitatem
655 637 841 695 super
880 624 1081 682 omnia
1124 624 1291 693 dixit,
1345 624 1628 695 ostendit,
1677 626 2002 684 secundum
2047 632 2317 685 naturam
2355 641 2527 687 suam
2589 628 2668 688 ab

236 695 528 756 omnibus
564 693 918 752 distinctum
941 698 1000 751 et
1021 708 1202 765 super
1226 694 1433 752 omnia
1457 695 1837 755 collocatum.
1870 700 1950 755 Ex
1979 697 2095 756 hoc
2120 712 2283 766 vero,
2311 698 2472 780 quod
2515 670 2670 758 dixit

180 778 189 785 ·
236 765 400 895 guod
434 765 732 823 Divinitas
761 769 854 822 est
894 777 1029 823 esse
1055 765 1349 835 omnium,
1381 765 1646 823 ostendit
1671 766 1829 839 quod
1858 782 1893 825 a
1921 769 2042 826 Deo
2069 767 2132 825 in
2181 768 2463 828 omnibus
2504 780 2669 842 qum·
2740 779 2752 792 ‘

280 850 375 896 am
400 834 593 894 divini
621 848 763 893 esse
789 834 1118 893 similitudo
1145 835 1455 906 reperitur.
1486 837 1654 894 Hunc
1683 836 1860 894 etiam
1889 851 2095 896 eorum
2166 851 2467 897 erversum
2496 838 2670 897 intel-

233 906 462 966 lectum
491 904 637 964 alibi
666 904 932 977 apertius
960 906 1305 975 excludens,
1329 905 1473 964 dicit
1502 904 1608 978 (De
1641 905 1862 965 divinis
1909 909 2140 966 nomim
2183 921 2278 977 us,
2306 924 2360 966 c.
2401 908 2462 982 2)
2505 907 2670 981 quod

240 997 274 1028 u
294 977 496 1050 ipsius
525 976 627 1033 Dei
660 989 856 1049 neque
883 979 1077 1034 tactus
1109 989 1301 1048 neque
1329 975 1531 1058 aliqua
1556 977 1902 1036 commixtio
1930 984 2024 1036 est
2066 977 2143 1036 ad
2171 992 2270 1038 res
2313 978 2486 1049 alias,
2509 978 2670 1039 sicut

240 1054 335 1109 est
358 1046 574 1119 puncti
604 1046 677 1104 ad
710 1046 952 1116 lineam,
980 1046 1074 1104 vel
1101 1045 1307 1118 figurae
1327 1046 1511 1119 sigilli
1540 1047 1614 1105 ad
1640 1061 1838 1105 ceram
1864 1069 1917 1105 ».

309 1117 653 1176 secundum
709 1116 871 1189 quod
897 1128 1003 1175 eos
1031 1116 1093 1172 in
1120 1116 1281 1174 hunc
1310 1129 1571 1175 errorem
1616 1116 1929 1188 promovit,
1970 1123 2063 1177 est
2086 1118 2340 1178 rationis
2373 1118 2664 1179 defectus.

338 1188 397 1246 ‘a
421 1187 588 1246 enim
618 1187 637 1244 i
681 1228 700 1251 ,
733 1186 893 1259 quod
922 1199 1237 1246 commune
1268 1192 1380 1256 est,
1413 1201 1518 1258 per
1541 1187 1901 1247 additionem
1934 1187 2309 1258 specificatur
2331 1189 2425 1246 vel
2449 1187 2667 1247 indivi-

285 1261 479 1327 uatur,
515 1257 961 1316 aestimaverunt
987 1256 1255 1316 divinum
1284 1270 1442 1326 esse,
1472 1257 1571 1316 cui
1602 1257 1770 1316 nulla
1796 1257 1862 1315 iit
1887 1257 2133 1327 additio,
2151 1271 2274 1315 non
2293 1271 2426 1316 esse
2440 1257 2680 1330 aliquid

229 1328 574 1401 proprium,
604 1328 711 1386 sed
740 1340 876 1386 esse
904 1340 1220 1385 commune
1242 1327 1554 1395 omnium;
1588 1340 1711 1385 non
1740 1327 2193 1386 considerantes
2212 1327 2370 1400 quod
2394 1327 2456 1384 id
2503 1328 2668 1400 quod

236 1412 563 1457 commune
592 1402 687 1457 est
712 1398 804 1454 vel
832 1397 1191 1466 universale,
1222 1397 1358 1478 sine
1407 1397 1711 1478 additione
1760 1411 1895 1456 esse
1946 1411 2065 1455 non
2111 1403 2329 1470 potest,
2374 1370 2480 1455 sed
2532 1396 2669 1456 sine

239 1469 551 1528 additione
597 1468 1031 1526 consideratur.
1068 1470 1200 1525 Non
1248 1480 1408 1524 emm
1464 1467 1686 1525 ammai
1722 1472 1920 1540 potest
1967 1481 2102 1526 esse
2131 1467 2357 1549 absque
2385 1467 2668 1527 rationali

231 1539 333 1597 vel
363 1538 700 1596 irrationali
728 1536 1082 1607 differentia,
1112 1537 1384 1610 quamvis
1437 1538 1570 1595 sine
1613 1537 1709 1595 bis
1756 1536 2109 1597 differentiis
2151 1543 2482 1610 cogitetur3
2530 1537 2672 1597 licet

239 1610 422 1667 etiam
471 1622 542 1666 co
593 1609 770 1666 ’tetur
803 1608 1136 1665 universale
1168 1607 1392 1680 absque
1423 1607 1747 1677 additione,
1771 1622 1894 1666 non
1921 1613 2119 1667 tamen
2150 1608 2377 1681 absque
2418 1607 2669 1681 recepti-

240 1678 473 1738 bilitate
501 1693 537 1736 a
578 1677 830 1737 ditionis
857 1683 968 1736 est.
997 1681 1142 1736 Nam
1170 1679 1222 1736 si
1255 1678 1498 1735 animali
1529 1679 1697 1736 nulla
1724 1678 2207 1737 differentiaaddi
2228 1685 2453 1751 posset,
2474 1692 2667 1752 genus

252 1761 383 1806 non
422 1754 614 1819 esset3
665 1755 725 1807 et
749 1748 1024 1807 similiter
1050 1752 1142 1806 est
1169 1747 1241 1805 de
1270 1747 1554 1807 omnibus
1583 1749 1719 1808 aliis
1757 1749 2124 1808 nominibus.
2151 1749 2425 1807 Divinum
2467 1753 2668 1808 autem

259 1831 397 1877 esse
426 1824 511 1877 est
545 1818 776 1891 absque
803 1818 1123 1889 additione,
1153 1831 1275 1875 non
1306 1818 1503 1876 solum
1552 1819 1944 1891 cogitatione,
1988 1820 2094 1878 sed
2139 1820 2317 1878 etiam
2362 1820 2425 1876 in
2467 1833 2668 1879 rerum

257 1895 462 1946 natura
493 1907 509 1946 ε
538 1894 598 1946 et
624 1902 746 1947 non
776 1888 972 1948 solum
1006 1888 1232 1960 absque
1270 1888 1576 1946 additione
1608 1889 1713 1947 sed
1742 1891 1919 1947 etiam
1961 1890 2187 1972 absque
2216 1888 2667 1961 receptibilitato

250 1958 588 2018 additionis.
625 1959 786 2017 Unde
815 1973 885 2016 ex
913 1958 1028 2016 hoc
1056 1959 1188 2030 ipso
1216 1958 1375 2031 quod
1404 1957 1767 2017 additionem
1790 1974 1910 2018 non
1930 1961 2265 2032 recipitnec
2284 1961 2544 2032 recipere
2563 1973 2671 2032 po-

250 2034 385 2098 test,
406 2029 605 2102 magis
620 2029 896 2088 concludi
913 2034 1109 2101 potest
1130 2028 1288 2101 quod
1307 2031 1463 2087 Deus
1480 2042 1602 2087 non
1620 2030 1700 2087 sit
1713 2043 1847 2089 esse
1872 2044 2208 2100 commune,
2222 2030 2328 2089 sed
2339 2029 2666 2103 proprium.

242 2100 476 2158 Etenim
506 2114 580 2157 ex
608 2100 723 2158 boc
749 2100 768 2156 i
814 2112 885 2158 so
915 2113 1092 2158 snum
1123 2112 1259 2157 esse
1289 2098 1364 2157 ab
1390 2099 1674 2157 omnibus
1703 2100 1840 2159 aliis
1887 2100 2068 2159 distin
2116 2101 2297 2170 uitur,
2343 2100 2486 2173 quia
2512 2098 2668 2157 nibil

241 2170 299 2227 ei
324 2170 464 2228 addi
494 2174 710 2241 potest.
790 2170 904 2228 nde
933 2171 1394 2239 commentator,
1444 2169 1508 2228 in
1555 2170 1710 2228 libro
1753 2174 1832 2227 De
1868 2173 2048 2227 ectasis
2111 2183 2351 2243 propos.
2401 2174 2438 2228 9
2508 2169 2671 2227 circa

242 2238 474 2313 finem),
508 2239 652 2321 dicit
673 2239 832 2313 quod
862 2253 1046 2298 cansa
1069 2239 1280 2321 prima,
1312 2253 1404 2321 ρκ’
1433 2238 1567 2311 ipsa
1609 2240 1863 2313 puritate
1900 2254 2026 2300 suae
2068 2239 2377 2311 honitatis,
2404 2212 2479 2298 ab
2526 2239 2667 2298 aliis

240 2310 642 2391 distinguitur
670 2315 730 2367 et
795 2309 1192 2368 uodammodo
1222 2309 1648 2368 individuatur.

311 2383 600 2449 Tertium,
631 2393 749 2453 quo
819 2380 1018 2439 cosin
1058 2381 1220 2437 hunc
1265 2393 1524 2461 errorem
1569 2380 1821 2463 induxit,
1866 2385 1959 2440 est
2002 2380 2218 2441 divinae
2264 2379 2667 2452 simplicitatis

242 2451 673 2509 consideratio.
714 2451 868 2521 Quia
911 2451 1071 2508 enim
1121 2452 1278 2507 Dens
1325 2450 1575 2509 infinitae
1622 2451 2020 2523 simplicitatis
2071 2458 2183 2522 est,
2225 2451 2682 2510 aestimaverunt·

241 2520 419 2592 illud,
452 2520 615 2594 quod
643 2522 705 2578 in
728 2522 940 2580 ultimo
984 2520 1376 2601 resolutionis
1414 2521 1717 2580 invenitur
1755 2536 1960 2580 eorum
2006 2535 2139 2595 quae
2181 2527 2317 2580 sunt
2357 2522 2421 2579 in
2467 2519 2668 2590 nobis,

244 2594 434 2651 Deum
464 2604 626 2658 esse,
650 2591 824 2664 quasi
874 2590 1391 2663 simplicissimum
1418 2608 1435 2660 ;
1461 2605 1585 2649 non
1611 2592 1772 2650 enim
1798 2592 1978 2651 estin
2005 2591 2304 2651 infinitum
2347 2590 2687 2665 procedere-

245 2661 309 2719 in
336 2661 777 2733 compositione
803 2674 1009 2719 eorum
1037 2674 1170 2733 quae
1194 2665 1336 2718 sunt
1365 2661 1427 2717 in
1484 2662 1682 2718 nobis.
1713 2664 1781 2718 In
1820 2662 1936 2718 hoc
1977 2662 2152 2718 etiam
2199 2675 2407 2719 eorum
2455 2660 2686 2718 defeciv

245 2732 418 2803 ratio,
438 2731 586 2790 dum
608 2745 727 2789 non
751 2732 1127 2790 attenderunt
1143 2729 1226 2799 id,
1247 2729 1478 2801 quodin
1494 2729 1670 2787 nobis
1682 2730 2687 2802 simplicissimuminvenitur,non·

245 2806 366 2860 tam
394 2815 523 2860 rem
543 2803 899 2873 completam
926 2814 1106 2884 quam
1134 2800 1221 2857 rei
1248 2799 1473 2880 aliquid
1502 2813 1660 2857 esse.
1692 2803 1814 2858 Deo
1863 2803 2060 2857 autem
2102 2799 2458 2871 simplicitas
2501 2798 2668 2856 attri-

245 2871 470 2942 buitur,
502 2872 659 2931 sicut
687 2873 769 2930 rei
793 2874 970 2931 alicui
1041 2869 1266 2928 ersecte
1294 2868 1668 2928 subsistenti.

314 2943 603 3012 Quartum
634 2944 833 3013 etiam,
864 2956 982 3016 quo
1052 2953 1158 2999 eos
1187 2938 1260 2999 ad
1297 2938 1413 2998 hoc
1460 2939 1743 2999 inducere
1773 2941 1987 3012 potuit,
2004 2943 2098 2999 est
2114 2938 2331 2999 modus
2355 2936 2663 3012 loquendi,

241 3026 363 3087 quo
388 3012 654 3071 dicimus
695 3015 877 3070 Deum
905 3013 970 3070 in
997 3009 1278 3070 omnibus
1307 3010 1484 3068 rebus
1515 3024 1651 3069 esse
1680 3029 1700 3075 ς
1726 3024 1850 3069 non
1884 3011 2286 3084 intelligentes
2331 3009 2492 3083 quod
2534 3001 2686 3076 non¹2

241 3083 329 3142 sic
355 3089 454 3142 est
482 3083 547 3140 in
569 3083 750 3142 rebus
778 3083 949 3156 quasi
976 3079 1332 3162 aliquid—rei,
1362 3080 1469 3139 sed
1496 3082 1656 3140 sicut
1681 3081 1765 3139 rei
1779 3095 1983 3151 causa,
2010 3095 2141 3154 qnae
2165 3080 2330 3138 nullo
2353 3079 2532 3139 modo
2549 3089 2687 3162 suog

240 3152 479 3213 effectui
509 3151 703 3213 deest.
729 3154 864 3213 Non
889 3153 1050 3214 enim
1078 3151 1356 3211 similiter
1369 3164 1504 3210 esse
1515 3152 1773 3212 dicimus
1795 3152 2046 3212 formam
2072 3153 2138 3212 in
2160 3163 2411 3225 corpore
2432 3155 2494 3209 et
2532 3160 2674 3211 nau·

233 3225 454 3287 tamin
483 3223 651 3284 navi.

1194 3401 1452 3470 CAPUT
1486 3399 1727 3468 xxvu.

728 3605 883 3661 QUOD
906 3605 1055 3655 DBUS
1075 3606 1200 3658 ROB
1229 3607 1326 3656 sn·
1344 3607 1544 3656 Rom
1584 3604 1856 3654 maurus
1897 3600 2194 3653 conponu-

308 3788 582 3849 ostenso
606 3784 796 3860 igitur
821 3856 832 3867 ‚
858 3785 976 3868 nod
1004 3789 1163 3868 neus
1185 3800 1309 3847 non
1335 3786 1416 3846 sit
1443 3799 1580 3846 esse
1604 3785 1895 3856 omnium,
1918 3783 2199 3844 similiter
2217 3781 2453 3843 ostendi
2471 3785 2673 3858 potest

237 3859 401 3934 quod
435 3860 603 3915 Deus
630 3870 752 3915 non
782 3870 835 3916 si
889 3858 1146 3930 aliquus
1168 3858 1255 3915 rei
1285 3858 1498 3917 forma.

310 3930 463 3987 Nam
494 3926 766 3985 divinum
787 3939 923 3986 esse
949 3939 1072 3986 non
1096 3932 1293 4000 potest
1320 3942 1456 3999 esse
1483 3925 1739 3999 alicujus
1767 3925 1853 3984 rei
1882 3924 2207 3999 qnidditas‚
2238 3938 2372 3998 qnae
2418 3938 2545 3984 non
2592 3925 2675 3985 sit

240 3998 1077 4140 ffixaeiifauissiffitizffi
1099 3995 2210 4141 ffi‘isiissiiii‘s'i'i{iiiimniiisspisss}
2227 3994 2677 4138 amititia.

248 4139 829 4280 ”ffmssszrdff'sffssdrma
852 4208 1123 4282 corporis
1151 4220 1276 4267 non
1299 4212 1394 4267 est
1418 4206 1617 4280 ipsum
1660 4219 1816 4269 esse,
1861 4203 1971 4264 sed
2011 4204 2251 4265 essendi
2288 4205 2673 4288 principium.
2709 4161 2718 4181 ²

244 4276 407 4337 Deus
433 4285 640 4337 autem
671 4283 769 4336 est
793 4279 989 4351 ipsum
1016 4292 1193 4349 esse;
1221 4291 1345 4336 non
1375 4291 1520 4351 ergo
1548 4281 1640 4336 est
1663 4275 2044 4358 Deusforma
2069 4289 2359 4358 corporis.

311 4349 469 4414 Item,
497 4362 577 4407 ex
605 4347 833 4408 unione
864 4349 1070 4409 rormae
1097 4353 1157 4407 et
1180 4348 1445 4407 materiae
1487 4347 1736 4407 resultet
1769 4345 1997 4419 aliquid
2043 4351 2465 4429 compositum.
2512 4343 2676 4427 qnod

241 4421 340 4480 est
362 4423 589 4490 totum,
614 4423 893 4492 respectu
929 4419 1197 4481 materiae
1222 4422 1286 4478 et
1324 4419 1555 4478 formae.
1585 4420 1792 4477 Partes
1836 4422 2036 4477 autem
2089 4423 2234 4478 sunt
2277 4428 2343 4475 in
2385 4420 2673 4491 potentia,

2557 4601 2564 4612 ι
