3076 5025
1058 241 1193 298 Llss.
1232 242 1323 310 w,
1360 241 1514 298 CAP.
1553 239 1703 298 Lxx.
2486 247 2596 304 605

179 363 314 425 dum
339 367 651 434 loannem,
682 367 818 422 ante
845 362 1001 422 diem
1013 362 1231 422 festum
1243 363 1500 434 paschae,
1517 362 1683 422 idest
1697 367 1833 422 ante
1884 363 2110 422 niniam
2125 362 2414 424 decimam
2432 366 2589 426 diem

177 436 421 505 mensis,
452 449 585 507 quae
603 440 729 492 erat
755 434 1084 493 solemnior
1101 434 1256 491 iuter
1282 448 1516 497 omnes,
1546 434 1609 490 in
1637 436 1840 506 qualu
1884 435 1955 493 aei
1981 433 2257 492 volebant
2279 437 2591 496 comedere

176 506 415 579 pascha,
446 505 508 563 id
532 510 625 564 est
652 518 836 577 panes
864 517 1105 577 azymos
1133 505 1469 575 paschales,
1496 516 1619 561 non
1649 510 1847 562 autem
1873 518 2096 580 agnum
2124 506 2487 577 paschalem.
2525 511 2596 565 Et

175 577 284 646 sic,
335 575 508 634 nulla
553 575 856 635 discordia
906 574 1062 633 inter
1114 575 1517 647 evangelistas
1572 574 1895 633 exsistente
1919 618 1935 645 ,
1992 576 2238 647 planum
2286 582 2380 634 est
2430 577 2593 649 quod

178 646 439 706 Christus
468 660 542 704 ex
565 659 772 719 azymo
799 657 952 727 pane
996 658 1216 717 corpus
1244 659 1423 704 suum
1466 646 1840 703 consecravit
1877 646 1941 703 in
1976 659 2167 705 coena.
2199 648 2363 706 Unde
2404 648 2592 706 mani-

175 717 389 847 {estuin
417 714 486 774 fit
513 717 671 843 quo?
700 718 1043 775 Latinorum
1087 715 1356 775 Ecclesia
1391 714 1825 775 rationabiliter
1859 728 2017 788 pane
2060 730 2269 791 azymo
2306 718 2494 777 utitur
2527 719 2597 777 in

1147 942 1404 1009 CAPUT
1441 942 1621 1008 Lxx.

273 1113 352 1160 DE
376 1111 764 1159 sacum'ro
791 1110 1211 1168 POENITRNTIAE3
1241 1110 1319 1157 m·
1342 1111 1524 1158 Plinio
1558 1110 1712 1163 QUOD
1740 1110 2021 1168 nomNES,
2048 1110 2192 1159 Post·
2217 1111 2484 1162 ananau

646 1190 1153 1240 semmurum(
1181 1190 1513 1248 accurunt,
1549 1190 1807 1237 micum
1841 1188 2118 1237 Possum.

241 1345 525 1416 Quamvis
554 1349 752 1403 autem
778 1359 886 1416 pei·
905 1343 1187 1416 praedicta
1214 1349 1590 1403 sacramenta
1620 1343 1969 1407 hominibus
2001 1345 2197 1418 gratia
2224 1347 2592 1423 conferatur,

179 1429 294 1476 non
319 1423 523 1473 tamen
553 1429 659 1487 per
684 1419 985 1487 acceptam
1018 1415 1271 1489 gratiam
1300 1415 1722 1487 impeccabiles
1747 1413 1920 1473 fiunt.

244 1487 508 1545 Gratuita
532 1486 692 1543 enim
721 1485 881 1544 dona
906 1487 1275 1557 recipiuntur
1295 1485 1358 1542 in
1377 1485 1581 1543 anima
1598 1485 1757 1544 sicut
1772 1485 2110 1544 habituales
2126 1485 2592 1575 dispositione83

179 1570 292 1617 non
321 1556 484 1616 enim
512 1555 696 1614 homo
723 1555 1055 1614 secundum
1082 1571 1153 1614 ea
1181 1569 1305 1615 sem
1353 1570 1418 1613 er
1433 1556 1580 1629 agit.
1609 1555 1769 1614 Nihil
1794 1560 1993 1614 autem
2019 1557 2296 1629 prohibet
2320 1573 2457 1618 eum
2487 1576 2593 1635 qui

177 1627 442 1688 habitum
469 1627 646 1685 babet
674 1639 851 1700 agere
877 1627 1209 1686 secuudum
1235 1625 1316 1684 ha
1358 1627 1507 1684 itum
1531 1625 1626 1683 vel
1655 1630 1866 1684 contra
1890 1639 2027 1685 eum
2058 1644 2076 1696 ;
2106 1627 2267 1686 sicut
2293 1643 2593 1703 gramma·

173 1698 328 1758 ticus
352 1702 550 1770 potest
583 1698 916 1757 secundum
942 1698 1390 1770 grammaticam
1423 1702 1579 1754 recte
1619 1696 1808 1770 loqui,
1838 1695 1932 1754 vel
1961 1697 2139 1756 etiam
2168 1706 2378 1758 contra
2404 1715 2598 1776 grain·

173 1769 448 1828 maticam
492 1768 657 1841 loqui
701 1767 1051 1849 incongrue.
1101 1770 1165 1824 Et
1211 1767 1296 1825 ita
1323 1770 1415 1825 est
1445 1768 1625 1825 etiam
1654 1767 1729 1825 de
1754 1765 2056 1826 habitibus
2083 1769 2365 1829 virtutum
2397 1786 2596 1833 mora·

171 1839 354 1907 lium;
383 1843 583 1912 potest
613 1837 772 1897 enim
802 1853 905 1911 qui
931 1838 1176 1911 justitiae
1202 1836 1473 1896 habitum
1501 1838 1682 1896 habet
1700 1836 1866 1908 justa
1890 1850 2088 1911 agere,
2110 1844 2171 1896 et
2192 1847 2388 1912 potest
2413 1844 2595 1903 etiam

174 1915 383 1971 contra
421 1908 710 1981 justitiam
754 1922 969 1983 agere;
1006 1908 1167 1981 quod
1208 1907 1344 1967 ideo
1380 1912 1474 1966 est
1516 1907 1659 1981 quia
1699 1920 1852 1967 usus
1876 1906 2187 1968 habituum
2226 1910 2289 1968 in
2320 1912 2495 1971 nobis
2521 1928 2596 1972 ex

171 1980 479 2040 voluntate
509 1985 638 2049 est;
669 1978 945 2038 voluntas
967 1982 1165 2037 autem
1195 1980 1270 2036 ad
1298 1984 1618 2052 utrumque
1645 1992 1683 2036 o
1728 1978 2058 2049 positorum
2084 1992 2151 2038 se
2188 1977 2388 2040 habet.
2418 1984 2599 2042 Mani-

171 2050 394 2179 festtum
441 2055 533 2108 est
571 2050 755 2178 iggtur
791 2049 951 2122 quod
991 2050 1333 2121 suscipiens
1366 2049 1626 2123 gratuita
1707 2061 1829 2107 ona
1863 2062 2110 2121 peccare
2138 2056 2357 2123 potest,
2385 2059 2601 2115 contra

213 2136 282 2181 ra
308 2135 428 2179 iam
462 2136 498 2180 a
542 2134 615 2178 en
658 2133 716 2178 o.

170 2135 215 2196 g
241 2193 460 2256 Adhuc,
500 2134 975 2262 {mpeccabilitas
1011 2189 1078 2248 in
1119 2189 1365 2248 homine
1403 2203 1546 2248 esse
1586 2202 1710 2249 non
1737 2194 1937 2262 potest
1959 2190 2095 2248 sine
2121 2190 2596 2255 immutabilitate

170 2262 521 2323 voluntatis
551 2261 1006 2319 lmmutabilitas
1034 2265 1231 2319 autem
1260 2260 1586 2319 voluntatis
1605 2274 1730 2319 non
1756 2265 1955 2332 potest
1978 2260 2211 2319 homini
2235 2271 2593 2337 competere,

171 2334 298 2394 nisi
338 2331 668 2392 secundum
713 2331 874 2404 quod
905 2331 1145 2405 attingit
1171 2332 1447 2389 ultimum
1476 2329 1658 2388 finem
1682 2348 1700 2399 ;
1729 2345 1804 2388 ex
1841 2330 1957 2389 hoc
1984 2331 2146 2387 enim
2174 2333 2454 2392 voluntas
2483 2335 2594 2394 im-

170 2403 485 2465 mutabilis
506 2402 772 2461 redditur
796 2400 959 2474 quod
979 2401 1240 2460 totaliter
1265 2400 1544 2471 impletur
1565 2401 1651 2457 ita
1677 2399 1839 2471 quod
1856 2411 1980 2456 non
1998 2398 2179 2456 babet
2196 2415 2315 2472 quo
2345 2403 2598 2463 divertat

175 2474 256 2536 ab
278 2487 352 2534 eo
378 2475 443 2533 in
469 2486 591 2547 quo
617 2478 709 2531 est
733 2470 1005 2541 firmata3
1032 2469 1301 2542 impletio
1329 2475 1527 2529 autem
1554 2469 1876 2528 veluntatis
1904 2482 2027 2527 non
2053 2472 2340 2542 competit
2367 2472 2599 2537 homini

169 2546 298 2607 nisi
321 2550 389 2604 ut
413 2543 594 2603 finem
617 2544 891 2602 ultimum
923 2542 1235 2615 attingenti
1265 2558 1281 2610 ;
1306 2540 1594 2613 quamdiu
1618 2540 1779 2598 enim
1809 2543 1994 2620 restat
2018 2540 2244 2613 aliquid
2266 2542 2341 2600 ad
2369 2544 2600 2604 deside·

168 2615 452 2684 randum,
492 2615 771 2672 voluntas
810 2614 890 2670 im
935 2613 1051 2670 leta
1088 2624 1206 2669 non
1238 2617 1350 2668 est.
1381 2611 1477 2668 Sic
1506 2610 1690 2683 igitur
1714 2610 1943 2669 homini
1974 2610 2443 2682 impeccabilitas
2472 2628 2596 2677 non

169 2687 459 2768 competit
485 2689 801 2757 antequam
833 2697 870 2742 a
938 2679 1418 2761 ultimumflnem
1449 2681 1778 2753 perveniat,
1804 2679 1966 2762 quod
1994 2680 2237 2753 quidem
2270 2696 2390 2742 non
2423 2685 2598 2746 datur

168 2757 405 2819 homini
442 2756 508 2814 in
537 2755 730 2830 gratia
755 2766 889 2835 quae
915 2751 977 2811 in
1006 2757 1397 2812 sacramentis
1424 2752 1749 2820 confertur,
1795 2766 1937 2825 quia
1962 2758 2337 2812 sacramenta
2364 2758 2599 2818 suntin

171 2826 538 2902 adjutorium
570 2825 837 2883 hominis
876 2823 1208 2883 secundum
1246 2821 1409 2904 quod
1444 2828 1537 2880 est
1578 2821 1643 2880 in
1682 2822 1780 2880 via
1807 2822 1893 2903 ‘ad
1920 2819 2123 2902 finem.
2151 2825 2285 2881 Non
2312 2824 2497 2899 igitur
2521 2841 2598 2890 ex

170 2899 371 2975 gratia
398 2898 461 2955 in
490 2895 880 2956 sacramentis
903 2900 1178 2967 percepta
1204 2892 1425 2966 aliquis
1449 2892 1858 2964 impeccabilis
1885 2892 2170 2951 redditur.

247 2969 525 3039 Amplius,
560 2980 738 3026 omne
765 2970 1072 3037 peccatum
1100 2979 1172 3022 ex
1198 2964 1454 3036 quadam
1482 2964 1825 3036 ignorantia
1848 2963 2176 3036 contingi13
2205 2966 2366 3026 unde
2393 2968 2594 3027 Philo-

169 3038 408 3111 sophus
447 3037 591 3094 dicit
619 3036 819 3109 (Ethic.
848 3047 937 3098 111.
970 3049 1026 3092 c.
1060 3034 1113 3106 1)
1144 3034 1300 3107 quod
1330 3034 1530 3092 omnis
1560 3035 1757 3092 malus
1784 3039 1877 3091 est
1901 3034 2230 3106 ignorans;
2275 3044 2334 3094 et
2360 3038 2422 3095 in
2461 3042 2598 3098 Pro·

167 3109 397 3168 verbiis
428 3108 681 3165 dicitur:
716 3109 927 3165 Errant
955 3107 1052 3177 qui
1082 3109 1378 3177 operantur
1419 3106 1646 3161 malum.
1680 3105 1886 3177 (Pi-ov„
1924 3116 2055 3172 xiv,
2080 3105 2198 3178 22.)
2225 3108 2387 3165 Tunc
2412 3109 2598 3181 igitur

168 3180 374 3240 solum
404 3178 588 3236 bomo
616 3190 868 3236 securus
894 3180 1242 3249 potestesse
1270 3190 1306 3235 a
1336 3181 1579 3247 peccato
1597 3175 1928 3235 secundum
1954 3174 2598 3251 voluntatem‚quando

169 3249 513 3311 secundum
559 3248 927 3306 intellectum
971 3260 1225 3305 securus
1262 3252 1353 3304 est
1381 3245 1454 3304 ab
1491 3246 1835 3319 ignorantia
1860 3251 1921 3302 et
1959 3259 2181 3325 errore.
2219 3250 2594 3310 Manifestum

167 3326 269 3382 cst
295 3323 497 3380 autem
526 3318 686 3392 quod
714 3318 895 3376 homo
923 3330 1046 3375 non
1074 3317 1337 3376 redditur
1363 3316 1746 3375 immunisah
1764 3315 1930 3374 omni
1954 3320 2292 3389 ignorantia
2319 3324 2379 3376 et
2395 3332 2594 3379 errore

251 3406 282 3449 r
353 3391 559 3448 ratiam
595 3390 654 3446 in
683 3387 1072 3446 sacramentis
1099 3393 1433 3469 perceptam
1466 3405 1481 3454 ;
1518 3387 1633 3446 hoc
1659 3387 1821 3445 enim
1851 3390 1943 3444 est
1971 3386 2235 3447 hominis
2265 3389 2597 3452 secundum

161 3405 547 3522 ffitefiectum
586 3459 753 3540 illam
791 3459 1096 3540 veritatem
1135 3457 1506 3539 inspicientis
1537 3471 1672 3530 quae
1703 3455 2116 3539 estocertitudo
2144 3459 2412 3516 omnium
2445 3462 2593 3519 veri-

160 3537 388 3600 tatum,
420 3545 553 3604 quae
576 3530 815 3604 quidem
845 3532 1139 3600 inspectio
1172 3532 1265 3586 est
1301 3527 1546 3585 ultimus
1593 3528 1853 3586 hominis
1880 3525 2042 3595 finis,
2073 3530 2138 3584 ut
2166 3534 2474 3587 ostensum
2503 3535 2597 3589 est

159 3603 362 3731 (Ld1‘111,
394 3616 449 3659 c.
480 3601 593 3673 5¹).
622 3602 751 3659 Non
792 3599 976 3673 igitur
1005 3612 1113 3671 per
1147 3598 1398 3671 gratiam
1433 3603 1944 3657 sacramentorum
1979 3596 2161 3654 homo
2188 3597 2598 3670 impeccabilis

157 3686 237 3731 re
326 3674 466 3730 itur.

242 3744 407 3810 Item,
436 3741 509 3799 ad
541 3740 949 3799 alterationem
974 3738 1241 3798 hominis
1267 3753 1403 3813 quaa
1430 3744 1524 3797 est
1548 3737 1879 3797 secundum
1907 3740 2196 3799 malitiam
2224 3744 2284 3798 et
2318 3742 2596 3803 virtutem

159 3812 437 3875 multum
466 3818 747 3884 operatur
767 3810 1040 3869 alteratio
1069 3822 1201 3883 quae
1229 3817 1319 3869 est
1349 3809 1678 3868 secundum
1709 3808 1921 3869 animae
1947 3813 2299 3882 passiones;
2334 3827 2492 3880 nam,
2523 3828 2598 3872 ex

159 3896 250 3943 eo
281 3882 444 3965 quod
475 3883 706 3940 ratione
729 3882 1044 3953 passiones
1070 3880 1282 3939 animae
1301 3881 1698 3950 refrenantur,
1724 3879 1907 3939 bomo
1932 3883 2241 3941 virtuosus
2266 3882 2523 3941 efficitur
2541 3889 2601 3944 et

152 3955 237 4014 in
264 3959 486 4011 virtute
513 3958 935 4021 conservatur;
966 3965 1040 4009 ex
1064 3965 1138 4009 eo
1162 3964 1306 4008 vero
1344 3951 1503 4024 quod
1532 3951 1687 4008 ratio
1733 3963 1798 4009 se
1843 3951 2004 4011 nitur
2036 3953 2377 4023 passioneS‚
2418 3954 2604 4015 homo

152 4022 447 4085 redditur
463 4023 739 4081 vitiosus
759 4021 1053 4091 Quamdiu
1070 4021 1252 4094 igitur
1265 4022 1445 4080 hoino
1460 4027 1553 4102 est
1564 4021 1807 4080 alterabi
1837 4022 1890 4081 is
1902 4023 2232 4080 secundum
2244 4026 2459 4082 animae
2470 4039 2603 4096 pas·

151 4093 408 4162 siones,
426 4098 519 4152 est
537 4094 712 4151 etiam
738 4092 1066 4151 alterabilis
1095 4092 1424 4151 secundum
1453 4097 1661 4149 vitium
1690 4097 1750 4150 et
1769 4092 2067 4152 virtutem.
2095 4094 2376 4151 Alteratio
2400 4100 2598 4155 autem

158 4177 316 4240 quae
328 4169 420 4222 est
435 4163 765 4223 secundum
787 4163 998 4222 animae
1014 4165 1331 4235 passiones
1347 4175 1469 4220 non
1484 4162 1715 4220 tollitur
1740 4176 1846 4234 per
1867 4163 2195 4236 gratiamiu
2210 4166 2603 4223 sacramentis

156 4233 481 4299 collatam,
517 4235 625 4293 sed
653 4239 856 4293 manet
881 4234 943 4292 in
976 4232 1220 4291 homine
1248 4232 1529 4306 quamdiu
1568 4233 1766 4291 anima
1794 4233 2066 4306 passibili
2111 4234 2344 4304 corpori
2372 4236 2593 4293 unitur.

159 4305 562 4366 Manifestum
606 4312 698 4364 est
721 4306 905 4378 igitur
936 4303 1101 4379 quod
1126 4318 1233 4377 per
1266 4308 1778 4363 sacramentorum
1806 4303 2061 4376 gratiam
2090 4302 2274 4364 bomo
2302 4305 2595 4376 impecca-

155 4375 318 4437 bilis
345 4388 475 4436 non
501 4375 786 4435 redditur.
