3076 5025
475 274 586 331 254
1341 267 1473 322 LIB.
1515 267 1587 334 11,
1628 266 1782 322 CAP.
1821 265 2050 321 XCVIII.

482 391 773 452 naturale.
804 389 1048 448 Materia
1082 387 1245 470 enim
1287 390 1560 469 corporis
1585 387 1850 469 coelestis
1879 386 1964 443 ita
1990 385 2296 466 perficitur
2320 398 2427 466 per
2451 398 2624 465 suain
2656 381 2923 442 formum

481 453 2923 609 §gigatis¹553&ssstituit,&saltaturi-{ts322i1ilgltssf2s¹‚”‹ii1ldsstt²ti

482 603 557 662 ad
587 602 990 674 cognitionem
1024 600 1388 673 naturalem3
1421 599 1761 679 intellectus
1786 602 1991 679 'autem
2017 596 2330 679 possibilis
2349 601 2556 653 noster
2579 601 2926 721 proportio-

481 674 699 733 naliter
727 685 793 729 se
826 672 1003 729 habet
1038 669 1391 741 corporibus
1427 669 1921 738 corruptibilibus
1949 667 2169 739 quihus
2204 671 2411 724 unitur
2463 670 2529 723 ut
2600 678 2799 734 orma,
2826 678 2923 746 siu

482 744 642 804 enini
691 742 757 799 fit
798 747 933 799 actu
978 741 1206 798 habens
1249 739 1538 813 quasdam
1587 739 1812 796 forinas
1862 737 2275 809 intelligibiles
2324 735 2486 809 quod
2536 740 2811 793 remanet
2846 748 2915 794 ιιι

480 813 747 888 potentia
777 812 853 870 ad
882 812 1053 869 alias.
1087 813 1153 868 Et
1176 816 1415 881 propter
1463 809 1577 867 lioc
1607 809 1844 877 dicitur,
1875 808 1939 866 in
1969 808 2121 866 libro
2145 808 2450 887 Detonsis,
2524 806 2646 863 uod
2695 804 2913 886 intelli·

483 885 686 958 gentia
713 888 805 941 est
848 881 1027 955 plena
1055 881 1285 949 formiS,
1315 880 1458 953 quia
1483 879 1715 937 scilicet
1764 885 1891 937 tota
1934 879 2340 951 potentialitas
2390 881 2513 933 inte
2540 877 2736 957 lectus
2835 888 2914 957 us

483 954 784 1025 completa
827 957 920 1009 est
964 965 1069 1024 ρει·
1115 951 1339 1009 formas
1386 949 1833 1021 intelligibiles3
1877 953 1937 1006 et
1987 949 2101 1019 sic,
2146 962 2250 1020 per
2292 946 2639 1020 huiusmodi
2695 945 2919 1004 intelt-

482 1025 701 1098 gibiles
731 1022 984 1094 specieS,
1023 1036 1144 1079 una
1163 1021 1500 1080 substantia
1527 1025 1802 1091 separata
1827 1020 2008 1078 aliam
2035 1018 2368 1091 intelligere
2394 1022 2612 1099 potest.

556 1096 728 1153 Forte
771 1098 968 1151 autem
999 1092 1178 1150 alicui
1207 1091 1392 1148 videri
1421 1096 1620 1162 potest
1661 1089 1844 1165 quod,
1874 1102 2059 1164 quum
2110 1088 2450 1147 substantia
2494 1090 2771 1158 separata
2810 1099 2922 1158 ρει·

486 1164 812 1244 essentiam
846 1163 925 1221 sit
954 1161 1374 1244 intelligibilis,
1401 1175 1523 1242 non
1555 1166 1785 1232 oportet
1793 1172 2035 1288 tPonere
2064 1160 2225 1241 quoti
2252 1172 2359 1241 per
2400 1159 2634 1239 aliquas
2683 1156 2923 1238 species

483 1234 896 1307 intelligibiles
924 1233 1137 1291 unaah
1162 1233 1281 1290 alia
1306 1231 1695 1303 intelligatur,
1725 1245 1789 1289 se
1853 1245 1960 1303 per
1985 1235 2320 1310 essentiam·
2339 1240 2535 1309 ipsius
2563 1227 2925 1308 substantia

483 1304 825 1366 intellectae.
859 1306 982 1361 Hoc
1011 1303 1175 1361 enim
1204 1302 1363 1384 quod
1395 1302 1732 1361 substantia
1764 1302 1965 1384 aliqua
2001 1315 2108 1383 per
2162 1314 2192 1383 s
2235 1314 2423 1358 eciem
2475 1296 2927 1369 intelligibilem

481 1380 909 1449 cognoscatur,
951 1371 1185 1431 videtur
1211 1372 1478 1431 accidere
1511 1372 1868 1431 substantiis
1895 1372 2187 1429 materiali
2232 1385 2304 1428 us
2334 1384 2409 1428 ex
2434 1369 2553 1428 hoc
2579 1367 2741 1448 quot}
2794 1379 2929 1425 non

487 1452 631 1507 sunt
659 1459 763 1517 per
786 1456 958 1502 suam
986 1443 1309 1502 essentiam
1340 1443 1531 1500 intelli
1578 1443 1755 1501 ihiles
1772 1449 1942 1510 actu;
1978 1442 2134 1500 unde
2149 1445 2383 1513 oportet
2407 1439 2691 1520 quodper
2712 1443 2924 1519 imon·-

486 1516 688 1574 tiones
717 1515 1046 1573 abstractas
1073 1514 1504 1585 intelligantur.
1590 1513 1684 1571 uic
1713 1514 1893 1571 etiam
1920 1511 2155 1570 videtur
2171 1524 2507 1570 consonare
2533 1510 2757 1567 dictum
2786 1508 2932 1588 Pin·

487 1585 731 1655 losoplii
787 1584 1041 1642 dicentis
1087 1583 1456 1656 metaphys„
1507 1595 1616 1641 xli.
1664 1588 1805 1640 text.
1846 1595 2063 1641 comni.
2115 1584 2207 1663 δι)
2252 1581 2413 1654 qnod
2458 1581 2524 1637 in
2562 1579 2929 1660 substantiis

485 1656 784 1782 separatis
821 1668 857 1713 a
897 1654 1167 1724 materia,
1196 1666 1320 1711 non
1373 1652 1570 1710 differt
1610 1653 1971 1722 intellectuS,
2018 1653 2373 1724 intelligere,
2419 1659 2477 1708 et
2523 1648 2683 1723 quod
2739 1647 2927 1707 intel-

535 1740 686 1853 glloc
713 1799 936 1863 autem,
965 1793 1018 1853 si
1046 1793 1427 1862 concedatur,
1460 1792 1638 1851 habet
1665 1792 2071 1853 dubitationes
2092 1804 2217 1851 non
2246 1804 2490 1863 paucas.
2647 1861 2658 1871 ι
2834 1840 2839 1847 ,

561 1866 762 1924 Primo
818 1864 1057 1938 quidem
1089 1905 1107 1933 ,
1163 1864 1304 1936 quia
1358 1863 1699 1921 intellectus
1756 1863 1819 1920 in
1874 1868 2010 1921 actii
2066 1868 2160 1921 est
2207 1862 2574 1920 intellectum
2640 1873 2709 1918 in
2760 1864 2926 1930 acm.

489 1935 823 1994 secundum
870 1934 1201 1993 doctrinam
1250 1933 1586 1991 Aristotelis
1616 1933 1712 2005 (De
1757 1936 1965 2001 anima,
2007 1946 2096 1996 m,
2145 1938 2287 1990 text.
2332 1946 2549 1991 comni.
2584 1934 2649 1988 19
2690 1932 2759 1988 ,ει
2800 1930 2925 2004 m

489 2005 744 2064 Difficile
791 2010 883 2064 est
932 2009 1134 2085 autem
1157 2004 1361 2085 videre
1402 2004 1706 2076 quomodo
1751 2017 1873 2062 nna
1921 2003 2259 2062 substantia
2299 2007 2574 2074 separata
2603 2001 2685 2059 sit
2730 2014 2924 2061 unum

489 2077 683 2143 alteri,
713 2076 853 2135 dum
882 2075 1166 2147 intellig-it
1187 2087 1402 2145 ipsam.
2105 2081 2113 2090 ·
2860 2102 2863 2109 f

559 2148 777 2209 Adhuc,
809 2159 990 2203 omne
1033 2157 1221 2216 agens
1268 2146 1361 2201 vel
1392 2156 1648 2216 operans
1676 2149 1958 2215 operatur
1981 2158 2088 2216 per
2113 2157 2285 2201 suam
2340 2143 2619 2226 foi-mam,
2644 2145 2747 2202 cui
2779 2157 2926 2215 ope·-

489 2217 645 2277 ratio
667 2230 763 2274 res
805 2215 986 2274 ondet
1011 2215 1166 2272 sicut
1200 2214 1510 2272 calefactio
1535 2214 1721 2272 calori
1746 2232 1762 2284 ς
1792 2214 1951 2273 unde
1975 2213 2204 2294 et‘illud
2222 2213 2495 2272 videmus
2523 2228 2698 2287 cujus
2717 2215 2924 2287 specie

487 2288 660 2346 visus
688 2287 752 2343 in
778 2290 1060 2344 orinatur.
1093 2287 1222 2342 Non
1250 2283 1482 2342 videtur
1509 2289 1707 2342 autem
1738 2298 1874 2345 esse
1903 2284 2192 2357 possibile
2235 2285 2396 2357 quod
2426 2298 2549 2342 una
2572 2286 2924 2344 substantia

491 2362 770 2430 separata
823 2356 904 2414 sit
951 2355 1145 2414 forma
1197 2352 1466 2424 alterium
1506 2366 1692 2428 quum
1736 2355 1952 2413 habeat
1977 2367 2352 2428 unaquaeque
2397 2368 2535 2412 esse
2570 2360 2921 2427 separatim

490 2428 570 2556 {ib
595 2428 734 2485 alia.
763 2423 1138 2499 lmpossihile
1165 2425 1350 2499 igitur
1367 2425 1605 2483 videtur
1625 2425 1786 2499 quod
1815 2438 1938 2484 una
1963 2426 2233 2484 videatur
2258 2424 2333 2484 ab
2364 2425 2548 2484 altera
2571 2440 2680 2498 per
2704 2439 2925 2485 essen-

560 2570 837 2639 Amplius,
866 2566 1232 2625 intellectum
1256 2571 1350 2625 est
1383 2567 1674 2639 perfectio
1703 2567 2097 2639 intelligentis
2117 2585 2133 2638 ;
2162 2580 2289 2626 non
2312 2572 2513 2639 potest
2538 2571 2741 2625 autem
2765 2568 2922 2626 infe-

489 2638 617 2699 rior
643 2637 982 2697 substantia
1007 2642 1282 2709 separata
1312 2649 1447 2719 esse
1513 2638 1758 2718 erfectio
1782 2637 2133 2710 superioris.
2165 2638 2525 2718 sequeretur
2546 2638 2727 2697 etiam
2758 2638 2927 2710 quod

488 2708 1161 2839 {inritatus}
1177 2652 1802 2851 notitiem
1832 2722 1939 2780 τι·
1963 2714 2288 2767 mam
2310 2715 2491 2766 ’sm
2540 2721 2925 2782 „mque

559 2795 1116 2923 Itemffintelligihile
1147 2853 1241 2906 est
1264 2847 1422 2906 intra
1447 2848 1837 2917 intellectum,
1872 2854 2158 2923 quantum
2184 2848 2348 2906 adid
2376 2861 2498 2921 quo
2525 2848 2914 2921 intelligitur-

487 2920 668 2979 Nulla
718 2925 914 2978 autem
966 2918 1305 2978 substantia
1354 2920 1622 2978 illabitur
1675 2919 1861 2977 menti
1913 2919 2033 2977 nisi
2080 2919 2253 2977 solus
2298 2922 2495 2989 Deus,
2594 2920 2658 2977 ui
2714 2926 2811 2977 est
2854 2919 2928 2976 in

489 2989 775 3050 omnibus
812 3002 919 3061 per
970 2990 1316 3060 essentiam,
1361 2990 1739 3061 praesentiam
1796 2995 1855 3047 et
1905 2988 2253 3061 potentiam.
2307 2992 2390 3046 lm
2436 2990 2563 3048 ossi
2608 2990 2691 3047 ile
2734 2990 2931 3062 igitur

488 3059 723 3118 videtur
748 3060 909 3133 quod
937 3060 1274 3117 substantia
1301 3066 1576 3142 separata
1601 3074 1707 3142 per
1734 3059 2059 3118 essentiam
2078 3073 2251 3118 suain
2283 3060 2406 3117 inte
2435 3061 2651 3132 ligatus
2679 3058 2923 3124 abana„

488 3134 550 3189 et
577 3143 700 3187 non
729 3143 834 3202 ρει·
862 3128 1316 3188 similitudinem
1347 3145 1480 3202 ejus
1510 3132 1576 3189 in
1604 3144 1755 3201 ipsa.
2740 3171 2747 3184 .

560 3201 627 3257 Et
658 3201 773 3258 hoc
850 3200 1048 3257 uidem
1099 3206 1331 3272 oportet
1376 3214 1584 3258 verum
1615 3215 1772 3270 esse,
1814 3200 2145 3259 secundum
2193 3201 2551 3259 sententiam
2577 3200 2926 3260 Aristotelis

489 3271 592 3344 qui
621 3271 792 3397 Bonit
839 3274 918 3327 De
944 3273 1150 3353 agauno,
1180 3284 1270 3339 ιιι,
1301 3276 1441 3353 ιειιι.
1476 3283 1694 3329 εοιιιιιι.
1731 3276 1794 3329 19
1844 3275 1909 3328 ει·
1944 3271 2037 3343 27)
2067 3270 2228 3353 quod
2259 3271 2592 3351 intelligere
2621 3270 2930 3342 contingit

486 3354 595 3412 per
666 3355 738 3398 oc
763 3340 923 3413 quod
973 3342 1340 3398 intellectum
1378 3355 1441 3398 in
1470 3347 1608 3400 actu
1633 3341 1698 3400 fit
1724 3355 1911 3400 unum
1943 3356 2078 3400 cum
2107 3340 2412 3399 intellectu
2459 3355 2525 3398 in
2548 3346 2727 3411 actu3
2758 3339 2925 3399 unde

489 3411 826 3470 substantia
878 3416 1171 3483 separata,
1201 3412 1476 3483 quamvis
1505 3413 1586 3471 sit
1635 3426 1741 3484 per
1789 3425 1858 3470 se
1886 3411 2299 3484 intelligibilis·
2329 3415 2485 3481 actu,
2535 3424 2662 3468 non
2713 3416 2924 3469 tamen

486 3482 819 3540 secundum
853 3494 920 3539 se
971 3481 1327 3554 intelligitur
1373 3482 1492 3540 nisi
1551 3482 1629 3540 ab:
1670 3483 1979 3544 intellectu
2018 3484 2128 3541 oui
2170 3486 2263 3541 est
2304 3495 2514 3540 uuum.
2569 3482 2666 3540 Sic
2716 3487 2923 3540 autem

487 3551 826 3610 substantia
853 3558 1127 3624 separata
1154 3553 1416 3623 seipsam
1442 3553 1727 3624 intelligit
1770 3567 1876 3624 per
1899 3553 2223 3611 essentiam
2253 3565 2461 3620 suam3
2492 3556 2550 3609 et
2580 3550 2919 3610 secundum

487 3621 604 3681 hoc
652 3629 744 3680 est
792 3623 949 3680 idem
980 3622 1319 3681 intellectus
1347 3630 1408 3680 et
1431 3623 1798 3681 intellectum
1850 3623 2287 3696 etintelligere.
2334 3621 2669 3680 Secundum
2716 3629 2921 3681 autem

485 3693 847 3764 positionem
878 3693 1145 3773 Platonis
1173 3693 1334 3775 (lle-r
1404 3736 1440 3757 .,
1475 3694 1514 3750 l.
1563 3706 1624 3774 ις,
1654 3708 1706 3774 c.
1739 3693 1815 3775 β),
1849 3694 2184 3766 intelligere
2212 3693 2281 3750 fit
2344 3707 2408 3751 er
2436 3699 2784 3751 contactum
2822 3694 2915 3750 in-

483 3763 758 3821 tellectus
783 3763 860 3821 ad
892 3777 1015 3844 rem
1042 3764 1298 3846 intelligi
1333 3709 1501 3822 ei'fein.
1530 3765 1631 3843 Sic
1673 3770 1857 3836 igitur
1881 3777 2006 3822 una
2030 3763 2305 3822 substant
2333 3777 2368 3821 a
2412 3768 2690 3844 separata
2714 3767 2918 3844 potest

482 3831 664 3891 aliani
707 3848 814 3906 per
856 3848 989 3906 ejus
1028 3840 1353 3893 essentiam
1397 3832 1753 3906 intelligere,
1786 3834 1928 3892 dum
1968 3847 2102 3892 eam
2148 3833 2538 3906 spiritualiter
2564 3839 2911 3905 contingit-t

481 3904 761 3974 superior
786 3904 1026 3976 quidem
1069 3904 1434 3974 inferiorem,
1461 3904 1636 3977 quasi
1665 3917 1797 3961 cam
1827 3917 1940 3962 sua
1965 3905 2181 3962 virtute
2210 3903 2578 3962 concludens
2631 3909 2694 3961 et
2729 3904 2916 3962 conti-

484 3984 674 4042 nens;
703 3975 954 4032 inferior
977 3988 1118 4033 vero
1148 3975 1536 4046 superiorein.
1568 3976 1742 4047 quasi
1772 3987 1903 4032 eain
1941 3974 2188 4046 capiens
2215 3980 2282 4032 ut
2320 3974 2417 4032 sui
2458 3975 2909 4045 perfectionem.

557 4043 721 4102 Unde
778 4050 840 4103 et
889 4045 1215 4126 Dionysius
1267 4044 1414 4103 dicit
1466 4044 1571 4116 (De
1614 4045 1790 4102 divin.
1846 4047 2086 4109 nomin„
2135 4060 2188 4102 c.
2239 4045 2297 4117 4)
2336 4044 2511 4118 ‹quod
2567 4045 2913 4117 superiores

484 4111 836 4256 ειιιὲειὲιῖιιίω
882 4114 1294 4190 intelligibiles
1337 4119 1482 4173 sunt
1533 4116 1707 4188 quasi
1756 4114 1933 4174 cibus
1984 4114 2358 4173 inferiorum.
2389 4115 2436 4187 (l
2478 4119 2656 4186 part,
2689 4130 2753 4188 q.
2792 4127 2920 4184 ui,
