3076 5025
378 328 485 382 150
1278 319 1413 375 ΠΒ.
1453 319 1526 385 ΙΙ,
1567 319 1720 374 CAP.
1760 319 1890 374 xm.

375 446 567 505 multa
591 443 903 516 possibilis
931 449 1052 511 est;
1092 456 1166 499 ex
1210 439 1431 513 quibus
1474 440 1527 498 si
1580 453 1766 497 unum
1812 443 2039 496 tantum
2130 439 2416 510 roveniat,
2467 440 2603 509 boc,
2638 447 2705 498 ut
2743 441 2809 499 in

375 515 782 592 paucioribu8‚
813 513 1169 586 contingens
1200 524 1449 569 necesse
1478 515 1571 567 est
1594 524 1749 568 esse.
1781 510 2070 590 Hujusmo
2114 511 2131 566 i
2157 516 2354 568 autem
2394 516 2485 568 est
2514 511 2678 583 quod
2708 526 2810 569 ca·

377 587 629 646 sualiter
673 585 897 653 evenit,
942 590 1001 640 et
1038 583 1332 654 praecipue
1380 580 1617 639 sublata
1665 580 1997 638 intentione
2041 581 2296 653 agentis.
2344 583 2666 639 ostensum
2718 587 2814 652 est

378 664 575 717 autem
607 655 683 728 (c.
714 655 802 727 39)
833 653 993 727 quod
1040 665 1238 710 rerum
1283 651 1591 709 distinctio
1639 663 1757 708 non
1790 656 1882 708 est
1912 665 1950 708 a
1996 665 2181 721 casu3
2232 651 2589 723 relinquitur
2622 652 2812 723 igitur

378 727 541 803 quod
570 740 693 784 non
720 726 797 784 sit
829 729 1067 797 propter
1086 723 1349 781 materiae
1374 721 1776 779 diversitatem
1801 721 1959 779 sicut
1984 726 2224 794 propter
2252 721 2503 792 primam
2534 736 2803 781 causam.

449 798 669 867 Adhuc,
697 811 766 854 ea
792 809 924 868 quae
944 798 1084 852 sunt
1128 808 1201 850 ex
1227 792 1560 850 intentione
1589 792 1845 865 agentis,
1876 805 1998 850 non
2045 796 2188 850 sunt
2214 799 2454 864 propter
2494 792 2806 851 materiam

380 870 540 927 sicut
566 871 806 941 propter
836 866 1086 937 primam
1115 877 1391 932 causam;
1422 875 1607 921 causa
1636 862 1797 920 enim
1844 862 2222 942 agensprior
2267 868 2359 920 est
2387 862 2449 919 in
2497 864 2810 922 causando

380 951 557 1012 quam
589 937 857 1004 materia,
882 935 1024 1009 quia
1045 934 1294 992 materia
1321 947 1440 992 non
1464 932 1532 990 fit
1558 938 1693 992 actu
1740 946 1947 1003 causa,
1994 933 2113 991 nisi
2161 932 2492 991 secundum
2521 933 2686 1006 quod
2714 938 2813 993 est

377 1015 541 1067 mota
564 1009 638 1067 ab
668 1013 901 1081 agente.
936 1004 1117 1068 Unde.
1149 1004 1201 1064 si
1232 1004 1451 1077 aliquis
1491 1003 1740 1062 effectus
1768 1003 2157 1085 consequitur
2192 1003 2654 1086 dispositionem
2682 1018 2810 1063 ma·

377 1079 544 1137 teriae
568 1084 628 1136 et
655 1076 1045 1134 intentionem
1076 1075 1330 1148 agentis,
1362 1088 1482 1133 non
1507 1081 1599 1132 est
1625 1088 1701 1132 ex
1722 1081 1972 1132 materia
1997 1079 2153 1132 sicut
2185 1088 2259 1156 ex
2290 1089 2474 1155 causa
2498 1089 2725 1147 prima3
2753 1079 2818 1142 et?

376 1154 621 1220 propter
649 1148 764 1205 boc
787 1147 1061 1205 videmus
1085 1145 1245 1219 quod
1272 1160 1344 1204 ea
1371 1159 1503 1218 quae
1532 1144 1895 1203 reducuntur
1921 1145 1983 1201 in
2028 1150 2336 1202 materiam
2381 1151 2536 1204 sicut
2573 1146 2637 1203 in
2669 1159 2812 1205 cau-

380 1233 511 1278 sam
543 1218 815 1291 primam,
848 1222 991 1275 sunt
1010 1222 1223 1288 proeter
1245 1215 1639 1274 intentionem
1672 1215 1928 1288 agentis,
1955 1215 2111 1273 sicut
2137 1220 2407 1273 monstra
2436 1221 2496 1273 et
2522 1215 2645 1273 alia
2672 1230 2818 1288 pec·

380 1295 516 1348 cata
542 1295 789 1356 naturae,
819 1287 1012 1346 forma
1039 1293 1236 1344 autem
1263 1293 1356 1345 est
1383 1302 1455 1344 ex
1493 1286 1826 1343 intentione
1854 1285 2110 1356 agentis,
2140 1285 2299 1360 quod
2343 1300 2415 1343 ex
2461 1285 2576 1343 hoc
2605 1292 2769 1358 patet
2793 1304 2812 1354 ;

380 1373 571 1433 agens
596 1360 755 1417 enim
786 1358 911 1430 agit
936 1357 1053 1415 sibi
1080 1356 1279 1415 simile
1304 1356 1635 1415 secundum
1683 1357 1964 1425 sormam3
1996 1362 2054 1413 et
2090 1356 2142 1414 si
2187 1353 2510 1429 aliquabdo
2539 1354 2804 1418 deficiat,

378 1430 499 1488 hoc
526 1433 618 1487 est
642 1444 679 1487 a
701 1442 846 1486 casu
873 1433 1113 1508 propter
1139 1427 1471 1508 materiam.
1503 1428 1729 1485 Formae
1772 1427 1958 1498 igitur
2004 1439 2128 1508 non
2169 1431 2502 1498 sequuntur
2543 1426 2810 1508 disposi-

379 1502 610 1558 tionem
651 1498 913 1557 materiae
957 1502 1115 1556 sicut
1158 1510 1411 1568 primam
1461 1510 1727 1559 causam,
1769 1496 1876 1554 sed
1922 1509 2118 1570 magle
2148 1511 2182 1553 e
2210 1510 2502 1555 converso
2543 1503 2816 1558 matenae

381 1572 473 1629 sic
520 1570 939 1641 disponuntur,
971 1573 1035 1625 ut
1080 1567 1201 1625 sint
1227 1567 1379 1625 tales
1408 1567 1634 1625 formae.
1672 1567 1988 1625 Distinctio
2015 1572 2214 1625 autem
2241 1581 2438 1624 rerum
2468 1567 2811 1626 secundum

384 1640 645 1721 speciem
683 1645 776 1696 est
803 1653 907 1709 per
934 1638 1178 1696 formas.
1208 1638 1525 1695 Distinctio
1556 1636 1739 1709 igitur
1768 1651 1965 1695 rerum
1996 1649 2119 1695 non
2145 1643 2238 1696 est
2263 1644 2505 1709 propter
2540 1637 2812 1697 materiae

381 1709 785 1767 diversitatem
815 1708 973 1766 sicut
998 1713 1238 1789 propter
1260 1708 1511 1779 primam
1542 1720 1808 1765 causam.
1915 1777 1926 1788 ⁸
2502 1776 2513 1788 .

450 1780 726 1850 Amplius,
758 1777 1066 1836 distinctio
1089 1791 1288 1836 rerum
1318 1792 1438 1836 non
1467 1783 1663 1848 potest
1686 1791 1996 1847 provenire
2018 1793 2091 1836 ex
2119 1778 2371 1836 materia
2397 1778 2516 1837 nisi
2560 1778 2625 1836 in
2675 1778 2807 1837 illis

382 1864 517 1924 quae
536 1864 607 1906 ex
636 1849 883 1907 materia
914 1849 1326 1919 praeexistente
1354 1847 1523 1905 flunt.
1556 1848 1736 1905 Multa
1763 1855 1960 1905 autem
1990 1855 2134 1907 sunt
2151 1849 2226 1907 ab
2244 1848 2497 1906 invicem
2524 1848 2816 1907 distincta

380 1920 447 1978 in
487 1920 666 1977 rebus
711 1933 844 1991 quae
890 1932 1009 1976 non
1062 1925 1317 1989 possunt
1338 1934 1412 1976 ex
1438 1918 1850 1991 praeexistente
1878 1919 2128 1976 materia
2154 1918 2304 1987 fieri,
2334 1920 2492 1977 sicut
2519 1924 2682 1990 patet
2733 1919 2808 1978 de

381 1990 736 2062 corporibus
781 1988 1146 2055 coelestibuS,
1187 2003 1320 2061 quae
1365 2001 1487 2046 non
1542 1988 1762 2046 babent
1804 1989 2188 2058 contrarium,
2239 1997 2304 2046 ut
2351 2002 2559 2046 eorum
2607 1996 2816 2050 motus

388 2060 670 2141 ostendit.
692 2062 824 2118 Non
844 2060 1027 2132 igitur
1055 2064 1252 2130 potest
1278 2073 1413 2117 esse
1433 2059 1626 2130 prima
1654 2072 1839 2117 causa
1856 2058 2262 2118 distinctionis
2278 2073 2475 2119 rerum
2493 2059 2813 2120 diversitas

383 2136 669 2189 materiae.

452 2202 603 2263 Item,
631 2213 1019 2273 quaecumque
1049 2199 1332 2257 habentia
1364 2200 1457 2258 sui
1483 2213 1618 2258 esse
1643 2213 1886 2258 causam
1917 2200 2370 2273 distinguuntur
2426 2200 2650 2259 babent
2676 2215 2815 2259 cau-

382 2284 514 2329 sam
544 2284 668 2328 suae
697 2270 1103 2328 distinctionis
1126 2288 1141 2339 ;
1166 2271 1630 2350 unumquodque
1660 2270 1820 2328 enim
1849 2271 2181 2351 secundum
2217 2272 2329 2351 boc
2358 2242 2425 2327 fit
2452 2285 2562 2329 ens
2593 2284 2812 2330 secun-

383 2340 525 2399 dum
572 2340 728 2414 quod
771 2339 837 2397 fit
875 2353 1057 2398 unum
1104 2339 1169 2397 in
1214 2354 1280 2399 se
1326 2340 1779 2421 indivisum,·et
1807 2341 1880 2398 ab
1911 2341 2047 2400 altis
2091 2341 2460 2399 distinctum.
2493 2341 2630 2410 Sed,
2663 2342 2812 2400 siin

384 2412 635 2469 materia
681 2409 779 2469 sui
825 2410 1165 2469 diversitate
1206 2417 1299 2469 est
1339 2423 1521 2469 causa
1571 2410 1980 2469 distinctionis
2027 2426 2247 2481 rerum,
2296 2416 2532 2482 oportet
2586 2426 2814 2483 ponere

385 2481 669 2541 materias
717 2482 779 2539 in
819 2494 885 2540 se
930 2494 1066 2540 esse
1114 2480 1427 2540 distinctas
1455 2499 1469 2548 ;
1518 2486 1755 2539 constat
1801 2487 1996 2540 autem
2036 2482 2197 2556 quod
2246 2481 2497 2540 materia
2575 2482 2818 2541 uaeiibet

384 2552 562 2611 habet
590 2566 726 2611 esse
755 2551 830 2610 ab
858 2552 998 2617 alio,
1030 2566 1133 2623 per
1162 2553 1275 2610 boc
1306 2551 1467 2625 quod
1496 2565 1680 2623 supra
1706 2556 2017 2610 ostensum
2043 2559 2155 2620 est,
2195 2567 2373 2611 omne
2418 2566 2539 2634 quo
2625 2554 2816 2626 quali-

380 2628 726 2703 tercumque
768 2627 879 2688 est,
925 2637 963 2680 a
1003 2624 1125 2680 Deo
1167 2636 1322 2681 esse.
1370 2625 1521 2695 Ergo
1549 2622 1705 2678 atiud
1732 2628 1824 2680 est
1850 2637 2033 2681 causa
2075 2623 2482 2682 distinctionis
2513 2623 2807 2682 materiis,

380 2695 515 2821 ξομ
558 2693 742 2767 igitur
779 2694 968 2764 prima
1006 2706 1192 2751 causa
1229 2692 1638 2752 distinctionis
1674 2706 1872 2751 rerum
1908 2701 2107 2765 potest
2142 2708 2278 2753 esse
2320 2694 2638 2753 diversitas
2675 2708 2810 2753 ma—

445 2777 567 2821 riae.

452 2834 672 2903 Adhuc,
715 2848 853 2892 cum
895 2834 1095 2893 omnis
1139 2833 1480 2893 intellectus
1528 2838 1667 2905 agat
1752 2841 1952 2906 ropter
1987 2835 2234 2903 bonum,
2262 2848 2385 2893 non
2423 2834 2550 2907 agit
2589 2834 2818 2894 melius

381 2909 622 2976 propter
676 2903 874 2971 viliuS,
924 2902 1029 2960 sed
1072 2918 1104 2961 e
1139 2917 1451 2962 converso.
1487 2906 1552 2960 Et
1571 2904 1709 2961 simi
1740 2905 1851 2962 iter
1877 2911 1970 2963 est
1997 2905 2071 2963 de
2101 2911 2333 2963 natura.
2362 2905 2572 2963 Omnis
2606 2912 2810 2964 autem

381 2987 479 3030 res
510 2972 774 3045 procedit
793 2988 829 3031 a
849 2976 969 3052 De9
990 2987 1095 3045 per
1112 2974 1478 3032 intellectum
1505 2980 1803 3045 agentem,
1829 2980 1895 3033 ut
1914 2990 1988 3033 ex
2007 2974 2367 3047 supradictis
2386 2979 2462 3046 (c.
2492 2975 2584 3049 23)
2623 2982 2812 3046 patet.

379 3043 531 3099 Sunt
558 3043 740 3112 igitur
759 3057 795 3099 a
822 3045 943 3100 Deo
968 3043 1181 3101 viliora
1203 3049 1443 3124 propter
1471 3044 1740 3112 meliora,
1763 3050 1822 3102 et
1851 3059 1971 3102 non
1990 3060 2022 3103 e
2041 3058 2354 3103 converso.
2377 3048 2585 3102 Forma
2603 3052 2809 3103 autem

378 3111 643 3170 nobilior
683 3118 774 3170 est
817 3113 1080 3180 materia,
1107 3128 1242 3170 cum
1272 3120 1352 3172 sit
1379 3113 1664 3184 perfectio
1705 3121 1764 3171 et
1806 3121 1974 3173 actus
2004 3116 2156 3187 ejus.
2190 3117 2344 3187 Ergo
2374 3129 2494 3172 nou
2520 3113 2816 3187 producit

378 3183 545 3242 solas
566 3183 790 3241 formas
809 3196 1003 3239 rerum
1031 3190 1268 3254 propter
1286 3183 1435 3241 tales
1458 3185 1739 3242 materias
1756 3190 1815 3243 et
1838 3186 2033 3258 magis
2048 3186 2200 3243 tales
2219 3186 2498 3243 materias
2522 3184 2814 3258 produxit

376 3259 445 3312 ut
464 3253 585 3311 sint
617 3253 763 3310 tates
794 3253 1017 3312 formae.
1043 3257 1169 3312 Non
1200 3254 1382 3325 igitur
1411 3255 1717 3313 distinctio
1743 3256 2077 3326 specierum
2102 3256 2165 3312 in
2197 3257 2396 3325 rebus,
2421 3270 2553 3328 quae
2583 3261 2678 3313 est
2705 3269 2807 3313 se·

376 3324 640 3404 cundum
669 3324 941 3404 formam,
965 3330 1063 3404 ,est
1088 3330 1326 3405 propter
1350 3326 1679 3395 materiam,
1709 3325 1817 3384 sed
1844 3326 2040 3399 magis
2086 3326 2351 3384 materiae
2398 3332 2542 3385 sunt
2586 3331 2810 3384 creatae

378 3391 651 3463 diversae,
678 3399 743 3451 ut
761 3394 1013 3452 diversis
1038 3394 1247 3452 formis
1264 3396 1644 3453 conveniant.

448 3465 560 3521 Per
588 3465 702 3521 boc
724 3469 923 3522 autem
953 3465 1283 3522 excluditur
1310 3466 1517 3536 opinio
1546 3471 1910 3539 Anaxagorae
1939 3466 2223 3539 ponentis
2247 3466 2483 3524 infinita
2513 3465 2816 3538 principia

374 3534 709 3592 materialia
737 3550 773 3592 a
801 3534 1094 3606 principio
1121 3536 1362 3609 quidem
1384 3536 1708 3594 commixta
1728 3537 1793 3593 in
1817 3549 1938 3595 uno
1959 3537 2238 3607 confuso,
2267 3551 2399 3609 quae
2422 3536 2812 3607 postmodum

375 3604 717 3663 intellectus
742 3605 1074 3675 separando
1106 3619 1301 3663 rerum
1329 3606 1780 3664 distinctionem
1812 3608 2125 3665 constituit
2151 3625 2165 3638 ·
2200 3613 2261 3664 et
2288 3620 2812 3679 quorumcumque

376 3674 633 3733 aliorum
681 3676 1028 3746 ponentium
1068 3675 1304 3734 diversa
1328 3676 1635 3749 principia
1662 3677 1997 3737 materialia
2024 3676 2100 3737 ad
2128 3651 2576 3737 distinctionem
2606 3691 2820 3736 rerum.

377 3746 765 3805 causandam.
793 3746 892 3819 (De
908 3750 1143 3821 pot.„q.
1171 3758 1240 3805 m
1266 3746 1380 3817 tit„
1408 3752 1520 3805 art.
1553 3745 1667 3818 16.)

1360 3967 1615 4034 CAPUT
1667 3968 1823 4035 XLI.

445 4143 601 4201 QUOD
632 4146 961 4197 1218me
995 4147 1195 4198 mn!
1235 4147 1360 4195 NON
1390 4147 1501 4195 EST
1547 4148 1809 4197 tuorna
1833 4146 2361 4196 commmam
2404 4149 2733 4196 Acunum.

449 4308 531 4365 Ex
558 4308 891 4378 praemissis
917 4311 1095 4368 etiam
1122 4310 1358 4371 ostendi
1385 4316 1585 4383 potest
1611 4311 1770 4385 quod
1792 4324 1978 4370 causa
2009 4312 2422 4372 distinctionis
2452 4328 2653 4371 rerum
2676 4329 2808 4373 non

375 4383 471 4435 est
494 4376 829 4445 diversitas,
859 4384 962 4437 aut
985 4382 1165 4439 etiam
1210 4383 1602 4441 contrarietas
1622 4381 1947 4454 agentium.
1978 4382 2039 4440 Si
2070 4383 2231 4440 enim
2277 4382 2495 4441 diversi
2525 4391 2806 4455 agentes,

370 4461 444 4504 ex
472 4448 694 4521 quibus
738 4450 1009 4522 procedit
1046 4464 1247 4513 rerum
1296 4452 1630 4524 diversitaS,
1660 4456 1803 4512 sunt
1847 4451 2109 4513 ordinati
2132 4452 2208 4513 ad
2254 4452 2528 4525 invicem,
2559 4461 2810 4525 oportet
