3076 5025
479 292 585 349 444
1317 283 1451 340 Lis.
1491 284 1589 351 in,
1628 284 1784 340 ciii».
1822 284 2066 340 cxxxii.
3030 245 3033 340 !

482 408 784 481 Contingit
801 407 978 466 etiam
998 406 1235 479 aliquos
1253 404 1650 465 voluntariam
1676 407 2078 476 paupertatem
2098 410 2479 462 assumentes
2500 402 2805 462 infirmari
2828 411 2932 464 aut
3030 355 3033 434 ἵ

481 483 635 540 alias
661 479 933 549 impediri
963 478 1290 550 quominus
1323 475 1583 547 operari*
1618 476 1874 548 possint.
1914 476 2012 531 Sic
2048 488 2194 547 ergo
2230 481 2621 533 remanerent
2654 475 2928 534 destituti
3032 501 3033 504 ¹

476 549 846 608 necessariis
883 548 1038 605 vitae.
2836 593 2847 600 .

552 623 707 686 Item,
739 632 858 676 non
885 618 1105 676 modici
1132 617 1419 688 temporis
1448 616 1621 675 labor
1646 615 1868 675 sufficit
1898 616 1971 675 ad
2002 615 2348 674 necessaria
2375 615 2515 673 vitae
2546 615 2927 688 quaerenda:

476 737 480 742 .
527 690 646 748 uod
671 695 829 761 patet
857 689 916 745 in
950 688 1156 746 multis
1178 688 1280 760 qui
1310 693 1498 745 totum
1530 694 1767 758 tempus
1796 686 1868 744 ad
1901 687 2014 744 hoc
2043 685 2404 758 expendunt,
2434 687 2539 766 Vix.
2566 694 2782 742 tamen
2808 685 2927 744 suf·

482 706 782 819 ficienteni
806 759 1300 816 sustentationem
1320 759 1628 830 acquirere
1650 762 1924 828 possunt.
1939 759 1998 814 Si
2022 764 2217 815 autem
2240 757 2653 815 voluntariam
2676 769 2926 827 pauper·
2964 775 2969 786 ·

477 836 664 889 tatem
713 833 1012 886 sectantes
1048 833 1347 898 oporteret
1388 827 1590 886 labore
1630 827 1891 885 manuali
1924 828 2144 885 victum
2181 828 2524 899 acquirere,
2568 834 2929 899 sequeretur

484 900 644 973 quod
673 899 833 956 circa
861 897 1203 970 hujusmodi
1235 898 1497 957 laborem
1538 899 1734 978 majus
1775 905 2009 978 tempus
2056 911 2184 955 suae
2211 898 2349 978 vitea
2376 903 2850 977 consumerent,
2874 902 2928 954 et

482 985 590 1043 per
619 981 998 1042 consequens
1025 968 1455 1039 impedirentur
1481 968 1557 1025 ab
1583 968 1721 1027 aliis
1750 981 1943 1039 magis
1982 979 2345 1026 necessariis
2391 967 2779 1048 actionibuS,
2802 980 2927 1094 311ae

481 1041 661 1098 etiam
694 1053 749 1096 m
837 1052 977 1096 num
1004 1044 1241 1110 tempus
1270 1038 1601 1120 requirunt,
1646 1038 1805 1096 sicut
1849 1044 1990 1095 sunt
2029 1038 2294 1096 studium
2325 1043 2668 1109 sapientire,
2703 1045 2769 1094 et
2843 1050 2929 1096 oo-

481 1110 661 1177 trina,
692 1054 894 1167 etffiia
925 1108 1640 1189 hujusmodispiritualia
1662 1109 1944 1166 exercitia
1974 1127 1989 1165 ε
2016 1115 2076 1165 et
2103 1108 2193 1167 sic
2230 1117 2551 1189 paupertas
2579 1108 2925 1167 voluntaria

483 1181 679 1248 magis
711 1179 1024 1251 impediret
1052 1180 1474 1251 perfectionem
1502 1185 1639 1236 vitae
1667 1193 1841 1251 quam
1870 1178 1942 1236 ad
1969 1179 2162 1250 ipsam
2192 1178 2557 1249 disponeret.

555 1252 614 1307 Si
643 1250 781 1322 quis
807 1255 1002 1307 autem
1050 1249 1210 1307 dicat
1247 1250 1406 1322 quod
1442 1249 1938 1329 labor-manualis
1967 1249 2347 1308 necessarius
2371 1249 2557 1306 estad
2582 1248 2919 1330 tollendum

484 1321 695 1385 otium,
728 1320 843 1377 hoc
877 1333 997 1377 non
1028 1319 1250 1377 sufficit
1287 1319 1358 1377 ad
1393 1325 1787 1390 propositum.
1826 1320 2036 1377 Melius
2082 1320 2240 1377 enim
2289 1324 2449 1377 esset
2481 1319 2709 1376 tollere
2740 1325 2919 1378 otium

473 1405 589 1461 ‚per
636 1390 1062 1460 occupationes
1121 1390 1182 1448 in
1225 1389 1546 1448 virtutibus
1594 1390 1923 1447 moralibus
1967 1389 2188 1462 quibus
2243 1389 2590 1447 deserviunt
2637 1389 2919 1455 organice

484 1461 725 1529 divitiae,
773 1468 917 1531 puta
959 1459 1023 1517 in
1076 1460 1479 1532 eleemosynis
1526 1460 1819 1517 faciendis
1863 1466 1923 1517 et
1966 1461 2105 1518 aliis
2146 1458 2527 1531 hujusmodi,
2576 1473 2775 1531 quam
2828 1473 2921 1532 pei·

482 1530 749 1591 laborem
782 1530 1141 1588 manualem.

554 1603 839 1664 Praeterea,
872 1613 1088 1658 vanum
1120 1606 1282 1658 esset
1308 1600 1448 1658 dare
1477 1600 1802 1658 consilium
1822 1599 1895 1658 de
1931 1604 2275 1672 paupertate
2290 1600 2364 1658 ad
2383 1599 2499 1658 hoc
2522 1599 2738 1657 solum
2772 1599 2921 1672 quod

476 1670 766 1729 'homines
794 1684 1086 1742 pauperes
1115 1670 1251 1728 facti
1276 1671 1644 1729 abstinerent
1672 1670 1746 1728 ab
1776 1671 1921 1738 otio,
1943 1672 2123 1728 vitam
2144 1684 2317 1729 suam
2344 1669 2661 1750 laboribus
2680 1684 2924 1729 manua-

483 1741 647 1799 libus
676 1747 1058 1812 occupantes,
1080 1741 1198 1798 nisi
1217 1740 1291 1798 ad
1310 1741 1422 1798 hoc
1443 1741 1683 1798 daretur
1704 1740 1861 1811 quod
1884 1740 2283 1799 nobilioribus
2308 1741 2615 1798 exercitiis
2636 1745 2921 1799 vacarent

487 1824 664 1884 quam
696 1811 819 1868 illis
847 1825 980 1881 quae
1008 1817 1150 1869 sunt
1176 1811 1503 1869 secundum
1534 1812 1714 1869 vitam
1747 1812 2055 1869 hominum
2091 1824 2491 1869 communem.

558 1882 784 1938 sivero
812 1882 1032 1963 aliquis
1078 1880 1234 1939 dicat
1270 1881 1429 1953 quod
1476 1881 1856 1939 necessarius
1901 1887 1994 1939 est
2042 1879 2212 1939 labor
2251 1881 2551 1939 manualis
2596 1882 2679 1938 ad
2722 1883 2921 1940 carnis

483 1951 1009 2023 concupiscentias
1034 1950 1383 2020 domandaS,
1434 1952 1549 2010 hoc
1579 1964 1698 2009 non
1729 1956 1824 2009 est
1848 1950 1920 2009 ad
1951 1952 2321 2023 propositum
2346 1969 2362 2021 ;
2392 1952 2737 2023 quaerimus
2767 1953 2919 2010 enim

485 2026 687 2080 utrum
719 2022 800 2078 sit
827 2022 1233 2079 necessarium
1264 2020 1420 2101 quod
1448 2022 1666 2078 victum
1699 2035 1804 2092 per
1830 2022 2169 2080 manualem
2211 2021 2474 2080 laborem
2512 2022 2919 2080 voluntariam

485 2097 888 2164 paupertatem
912 2097 1209 2150 sectantes
1236 2098 1566 2163 acquirant.
2588 2119 2605 2132 ·

556 2164 844 2229 Praeterea,
874 2162 1161 2232 possibile
1196 2166 1291 2218 est
1330 2162 1538 2219 multis
1587 2161 1724 2218 aliis
1770 2161 1969 2220 modis
2016 2162 2537 2234 concupiscentias
2566 2163 2784 2222 carnis
2823 2163 2919 2222 do-

485 2245 672 2301 mare,
721 2231 952 2290 scilicet
1001 2245 1107 2303 per
1151 2230 1400 2303 J‘ejunia,
1456 2231 1696 2303 vigilias
1740 2238 1793 2288 et
1852 2233 1967 2289 alia
2024 2233 2390 2305 hujusmodi.
2453 2233 2685 2291 Labore
2741 2234 2919 2292 etiam

486 2302 749 2360 manuali
782 2301 855 2360 ad
892 2302 1052 2360 huuc
1080 2300 1256 2358 finem
1291 2302 1375 2359 uti
1405 2309 1656 2373 possent
1687 2303 1865 2359 etiam
1896 2302 2130 2373 divites,
2151 2303 2253 2377 qui
2279 2312 2400 2361 non
2417 2303 2645 2362 liabent
2667 2317 2917 2363 necesse

486 2371 759 2431 laborare
784 2377 1025 2444 propter
1045 2372 1266 2429 victum
1295 2372 1701 2444 quaerendum.

555 2443 861 2500 Invenitur
887 2447 1080 2499 autem
1112 2447 1172 2499 et
1197 2442 1353 2500 alius
1385 2442 1599 2501 modus
1621 2443 1881 2511 vivendi,
1907 2451 1972 2502 ut
1995 2444 2225 2502 scilicet
2244 2444 2643 2503 voluntariam
2671 2458 2919 2518 pauper-

486 2519 663 2572 tatem
720 2519 1019 2572 sectantes
1066 2514 1267 2571 vivant
1307 2512 1381 2571 de
1419 2514 1515 2572 his
1571 2528 1702 2586 quae
1748 2514 1821 2571 ab
1872 2515 2007 2573 aliis
2052 2516 2410 2585 inseruntur,
2469 2516 2573 2589 qui
2629 2518 2705 2573 ad
2764 2519 2913 2575 banc

527 2585 907 2642 erfectionem
942 2584 1292 2643 voluntariae
1320 2584 1683 2665 paupertatis
1711 2582 1994 2656 proficere
2024 2585 2252 2655 volunt,
2284 2586 2524 2644 divitias
2554 2587 2910 2645 retinentes„

530 2661 555 2710 t
584 2654 742 2712 hunc
768 2654 1010 2712 modum
1040 2654 1270 2711 videtur
1289 2657 1582 2712 Dominus
1610 2668 1746 2712 cum
1778 2656 1908 2713 suis
1937 2655 2251 2725 discipulis
2276 2656 2670 2724 observasse;
2696 2657 2914 2728 legitur

371 2712 380 2721 “
485 2724 669 2792 enim,
702 2725 863 2793 Luc„
906 2736 1042 2793 viii,
1093 2727 1149 2791 3,
1196 2723 1356 2796 quod
1403 2725 1688 2783 mulieres
1727 2725 1999 2797 quaedam
2034 2725 2439 2799 sequebantur
2482 2726 2821 2798 Christum,
2859 2733 2913 2786 et

483 2795 874 2850 ministrabant
900 2794 988 2849 iili
1012 2794 1078 2848 de
1105 2794 1463 2861 facultatibus
1489 2798 1625 2851 suia.

558 2864 670 2921 Sed
699 2864 813 2920 iste
833 2864 1010 2921 etiam
1042 2864 1258 2922 modus
1283 2865 1514 2922 vivendi
1546 2878 1668 2925 non
1693 2864 1926 2923 videtur
1950 2866 2341 2925 conveniens.
2371 2870 2503 2926 Non
2543 2868 2713 2926 enim
2749 2868 2909 2927 vide-

484 2937 584 2991 tur
611 2933 964 2990 rationabile
991 2933 1152 3006 quod
1182 2935 1401 3005 aliquis
1431 2936 1686 2992 dimittat
1716 2949 1828 2993 sua
1855 2942 1914 2992 et
1938 2938 2096 2993 vivat
2122 2936 2197 2994 de
2226 2938 2447 2996 alieno.

555 3006 842 3066 Praeterea,
873 3004 1305 3062 inconveniens
1333 3004 1564 3062 videtur
1592 3005 1751 3078 quod
1782 3006 2002 3077 aliquis
2031 3006 2106 3064 ab
2135 3007 2338 3079 aliquo
2375 3008 2631 3079 accipiat
2660 3014 2722 3066 et
2760 3008 2908 3068 nihil

484 3072 540 3131 ei
573 3072 854 3142 rependat
884 3091 900 3141 ;
935 3073 999 3130 in
1029 3074 1225 3132 dando
1262 3075 1421 3132 enim
1466 3080 1524 3130 et
1578 3075 1695 3131 reci
1743 3075 1919 3133 iendo
1965 3091 2013 3134 ae
2061 3078 2276 3135 ualitas
2315 3077 2565 3149 justitiae
2614 3086 2905 3138 sei-vatur.

482 3145 687 3201 Potest
714 3149 909 3200 autem
940 3145 1224 3202 sustineri
1252 3145 1413 3217 quod
1456 3144 1544 3201 illi
1586 3144 1658 3202 de
1745 3143 1797 3203 is
1833 3160 1967 3217 quae
2006 3161 2041 3204 a
2119 3147 2258 3206 aliis
2299 3148 2643 3206 inseruntur
2690 3150 2906 3217 vivant,

482 3213 585 3286 qui
624 3213 715 3271 eis
755 3214 1022 3272 serviunt
1050 3215 1108 3272 in
1153 3215 1355 3295 aliquo
1398 3213 1647 3272 officio:
1679 3222 1918 3286 propter
1964 3216 2124 3290 quod
2170 3224 2231 3275 et
2277 3219 2536 3276 ministri
2586 3219 2904 3288 altaris,et

479 3283 922 3365 praedicatores,
949 3285 1051 3357 qui
1085 3285 1412 3365 doctrinam
1457 3290 1516 3341 et
1561 3285 1680 3342 alia
1729 3285 1930 3343 divina
1966 3286 2188 3358 populo
2236 3286 2398 3357 dant,
2448 3302 2569 3347 non
2619 3289 2901 3347 inconve-

478 3360 715 3412 menter
739 3355 1015 3413 videntur
1053 3355 1127 3412 ab
1155 3368 1246 3412 eis
1290 3357 1787 3413 sustentationem
1834 3357 1968 3415 vitae
2015 3358 2330 3429 accipere:
2368 3361 2583 3428 Dianas
2630 3364 2715 3416 est
2763 3364 2901 3416 enin

609 3427 761 3481 avius
787 3426 904 3481 cibo
931 3440 1045 3487 suo,
1079 3430 1138 3482 ut
1170 3425 1461 3483 Dominus
1481 3425 1646 3494 dicit,
1676 3427 1900 3493 matth„
1922 3439 1984 3495 x,
2009 3431 2104 3494 lo;
2135 3435 2376 3499 propter
2389 3428 2547 3501 quod
2579 3431 2902 3499 Apostolus

522 3495 687 3563 icit,1
714 3496 1107 3563 Corintb.,1x‚
1143 3500 1240 3558 ¹4,
1273 3495 1432 3568 quod
1469 3499 1726 3553 Dominus
1753 3498 2034 3553 ordinavit
2060 3499 2146 3554 his
2180 3501 2281 3569 qui
2316 3501 2677 3568 Evanqelium
2698 3502 2901 3557 denu-

477 3567 624 3622 tiant
643 3569 707 3621 ut
733 3565 799 3620 de
832 3567 1122 3635 Evanqelic
1147 3567 1366 3633 vivant;
1400 3566 1558 3623 sicut
1584 3573 1643 3623 et
1666 3567 1765 3638 qui
1799 3567 1971 3624 altari
2001 3568 2363 3637 deserviunt,
2385 3584 2521 3627 cum
2541 3570 2715 3627 altari
2750 3583 2901 3629 com·

475 3635 852 3707 participant.
882 3636 970 3692 llli
1003 3650 1067 3692 er
1109 3649 1145 3694 o
1175 3636 1364 3709 quiin
1393 3635 1788 3716 nullo-officio
1817 3639 2039 3708 populo
2068 3638 2432 3710 ministrant,
2465 3641 2901 3699 inconveniens

475 3705 730 3774 videtur,
762 3707 814 3763 si
844 3720 882 3762 a
907 3719 984 3776 po
1030 3721 1064 3763 u
1092 3720 1129 3764 o
1161 3707 1501 3764 necessaria
1525 3712 1657 3764 vitae
1686 3707 2000 3778 accipiant.

547 3778 697 3839 Item,
726 3775 839 3833 iste
865 3789 964 3833 mo
1012 3789 1081 3834 us
1109 3775 1342 3833 vivendi
1375 3776 1607 3833 videtur
1653 3790 1788 3836 esse
1831 3779 1969 3837 aliis
1992 3778 2342 3839 damnosus.
2375 3782 2526 3839 Sunt
2563 3781 2729 3838 enim
2773 3782 2901 3854 qui·

476 3844 610 3903 dam
637 3859 791 3919 quos
818 3860 890 3903 ex
925 3846 1280 3904 necessitate
1308 3852 1545 3918 oportet
1579 3847 1831 3906 aliorum
1860 3848 2169 3908 beneficiis
2216 3851 2563 3920 sustentari,
2590 3852 2695 3924 qui
2731 3866 2901 3924 prop·

474 3921 566 3974 ter
624 3921 1026 3988 paupertatem
1065 3922 1124 3974 et
1174 3916 1576 3974 infirmitatem
1634 3919 1751 3976 sibi
1813 3932 1934 3978 non
1972 3924 2228 3991 possunt
2275 3920 2583 3988 sufficere;
2645 3934 2897 3994 quorum

473 3983 768 4044 beneficia
817 3992 1051 4058 oportet
1094 3986 1254 4059 quod
1301 3988 1668 4057 minuantur,
1727 3988 1779 4047 si
1824 3990 1912 4046 illi
1958 3990 2062 4061 qui
2107 3990 2440 4048 voluntarie
2493 4005 2608 4063 pau
2656 3999 2898 4052 ertatem

474 4062 793 4114 assumunt
833 4071 904 4114 ex
935 4057 1030 4114 bis
1057 4070 1189 4129 quae
1216 4057 1290 4114 ab
1325 4058 1461 4115 aliis
1504 4058 1722 4115 dantur
1758 4058 2011 4116 debeant
2042 4061 2363 4118 sustentari
2391 4079 2406 4130 ;
2439 4075 2573 4120 cum
2663 4064 2892 4121 omines

472 4137 597 4182 non
620 4127 924 4184 sufficiant
953 4140 1063 4184 nec
1091 4127 1215 4184 sint
1243 4128 1497 4199 prompti
1528 4127 1603 4185 ad
1632 4128 2101 4188 subveniendum
2126 4143 2360 4204 magnae
2375 4131 2746 4190 multitudini
2766 4146 2895 4203 pan-

471 4207 680 4275 perum
707 4215 723 4253 ε
759 4197 917 4255 unde
945 4203 1004 4255 et
1039 4198 1378 4269 Apostolus,
1411 4201 1430 4254 1
1480 4199 1759 4267 Timoth.‚
1807 4212 1870 4268 v,
1902 4199 2146 4258 mandat
2172 4201 2356 4273 qnod,
2386 4202 2436 4259 si
2470 4202 2695 4274 aliquis
2726 4203 2895 4262 habet

469 4264 710 4333 viduam
741 4267 815 4323 ad
842 4280 909 4326 se
934 4268 1347 4339 pertinentem,
1376 4281 1504 4325 eam
1555 4273 1868 4339 sustentet,
1901 4275 1965 4327 ut
2008 4271 2273 4329 Ecclesia
2310 4271 2571 4330 sufficiat
2622 4272 2721 4330 his
2765 4284 2890 4345 quae

469 4347 608 4393 vere
635 4336 825 4394 viduae
848 4343 1010 4396 sunt.
1041 4340 1144 4395 Est
1166 4339 1349 4410 igitur
1375 4339 1805 4397 inconveniens
1835 4344 1902 4396 ut
1924 4339 2203 4403 homines
2228 4348 2637 4414 paupertatem
2668 4344 2889 4416 eligen-

471 4408 564 4463 tes
592 4406 752 4463 hunc
779 4406 1024 4466 modum
1052 4409 1286 4467 vivendi
1311 4414 1643 4468 assumant.
