3076 5025
417 231 527 285 414
1302 223 1435 280 Liss.
1474 224 1574 289 111,
1614 222 1768 278 CAP.
1809 220 1966 277 exn.

1406 473 1662 538 CAPUT
1705 472 1858 536 CXI.

750 658 902 710 QUOD
939 654 1200 702 summ
1232 652 1490 700 RATIONE
1527 651 1853 698 cultum
1887 650 2254 699 RATIONALBS
2298 649 2526 701 DIVOEAE

1242 739 1659 788 rnovmnnm
1715 739 2078 786 SUBDUNTUR.

491 913 575 967 Ex
600 907 698 966 his
725 904 967 987 quidem
992 918 1127 979 quae
1154 916 1339 985 supra
1370 902 1769 961 determinata
1812 907 1974 972 sunt,
2003 901 2392 961 manifestum
2436 906 2531 961 est
2575 899 2744 975 quod
2774 899 2863 960 di·

427 979 564 1036 vina
585 976 965 1050 providentia
991 975 1065 1033 ad
1095 987 1301 1032 omnia
1332 987 1400 1032 se
1424 973 1708 1031 extendit.
1736 975 1980 1044 Oportet
2004 978 2205 1031 tamen
2256 973 2522 1054 aliquam
2562 973 2871 1032 rationem

423 1048 813 1122 providentiae
837 1045 1161 1118 specialem
1187 1044 1492 1103 observari
1517 1044 1679 1102 circa
1706 1043 2143 1102 intellectuales
2171 1047 2231 1100 et
2257 1043 2585 1102 rationales
2612 1048 2874 1103 naturas

421 1134 544 1192 prae
572 1118 711 1178 aliis
763 1116 1093 1185 creaturis3
1140 1115 1490 1188 praecellunt
1532 1115 1694 1172 enim
1746 1114 1897 1172 alias
1942 1119 2247 1173 creaturas
2289 1118 2349 1172 et
2387 1113 2452 1171 in
2494 1113 2875 1188 perfectione

423 1195 653 1248 naturae
703 1193 762 1246 et
802 1188 868 1244 in
910 1186 1199 1268 dignitate
1244 1183 1504 1267 finis-In
1552 1185 1917 1267 perfectione
1965 1184 2207 1312 quidem
2255 1189 2506 1254 naturae,
2588 1184 2696 1243 uia
2733 1185 2876 1244 sols

423 1264 698 1319 creatura
724 1258 1038 1316 rationalis
1067 1255 1246 1316 babet
1272 1256 1607 1320 dominium
1632 1269 1730 1314 sui
1756 1260 1948 1327 actim,
2001 1255 2162 1314 ibere
2187 1269 2252 1314 se
2283 1267 2472 1328 agens
2499 1269 2537 1313 a
2616 1267 2875 1327 operan-

422 1330 606 1399 dum;
636 1335 864 1387 caeterae
887 1341 1030 1386 vero
1058 1331 1345 1385 creaturae
1373 1326 1448 1384 ad
1479 1339 1662 1398 opera
1687 1326 1928 1408 propria
1955 1326 2151 1396 magis
2180 1332 2440 1454 ειὲιιῃῑιιι·
2454 1338 2637 1408 quam
2659 1328 2873 1398 agant,

423 1405 491 1459 ut
517 1415 592 1459 ex
619 1413 692 1458 su
736 1398 981 1457 radictis
1008 1397 1163 1472 (cap.
1196 1397 1320 1468 1¹0)
1346 1402 1527 1471 patet.
1559 1399 1627 1454 In
1655 1396 1949 1471 dignitate
1975 1402 2174 1478 autem
2242 1410 2360 1462 nis,
2383 1409 2528 1471 quia
2544 1397 2684 1478 sola
2705 1409 2871 1455 crea·

421 1475 560 1529 tura
584 1470 710 1528 inte
738 1468 1010 1528 lectualis
1038 1468 1115 1527 ad
1135 1468 1342 1540 ipsum
1371 1466 1550 1525 finem
1581 1467 1858 1526 ultimum
1889 1480 2156 1525 universi
2181 1480 2295 1528 sua
2340 1472 2693 1539 operatione
2732 1480 2873 1541 per·

424 1539 627 1614 tingit,
657 1540 892 1599 scilicet
934 1538 1361 1612 cognoscendo
1410 1544 1470 1595 et
1509 1537 1768 1597 amando
1814 1541 2048 1609 Deum3
2090 1537 2226 1596 aliae
2269 1551 2413 1596 vero
2451 1544 2746 1596 creaturae
2796 1536 2874 1596 ad

424 1610 606 1669 finem
634 1611 910 1669 ultimum
931 1609 1269 1682 pertingere
1299 1622 1420 1667 non
1449 1612 1709 1680 possunt
1750 1608 1870 1667 nisi
1919 1622 2027 1681 per
2071 1608 2394 1691 aliqualem
2437 1607 2870 1667 similitudinis

424 1681 445 1739 i
491 1681 621 1739 sius
644 1680 1183 1753 participationem.
1202 1679 1412 1738 Omnis
1438 1684 1634 1737 autem
1666 1679 1821 1738 ratio
1850 1679 2221 1750 operationis
2239 1679 2505 1737 variatur
2526 1678 2873 1738 secundum

471 1749 829 1809 ’versitatem
874 1748 1037 1820 finis,
1080 1756 1141 1808 et
1180 1763 1388 1808 eorum
1453 1763 1588 1823 quae
1633 1763 1671 1808 o
1715 1750 1967 1807 erationi
2014 1750 2454 1823 subjiciuntur3
2503 1749 2668 1808 sicut
2711 1749 2873 1808 ratio

426 1833 464 1880 o
507 1820 713 1879 eraudi
738 1834 844 1892 per
869 1826 1057 1879 artem
1085 1821 1322 1878 diversa
1349 1826 1442 1878 est
1470 1834 1658 1879 secun
1708 1834 1806 1879 um
1846 1820 2249 1878 diversitatem
2280 1820 2422 1879 linis
2471 1826 2532 1880 et
2573 1821 2871 1879 materiae.

495 1890 608 1950 iter
633 1891 794 1948 enim
823 1896 1102 1963 operatur
1128 1890 1398 1949 medicus
1435 1890 1511 1949 ad
1559 1890 1973 1963 aegritudinem
2057 1890 2378 1961 ellendam,
2407 1895 2470 1949 et
2515 1890 2594 1949 ad
2643 1891 2873 1950 sanita·

425 1966 545 2019 tem
576 1962 1070 2031 conservandam,
1100 1967 1278 2034 atque
1305 1960 1478 2019 aliter
1500 1960 1565 2017 in
1605 1962 1959 2034 corporibus
2028 1961 2389 2021 iversimode
2415 1960 2873 2033 complexiona-

425 2031 508 2090 tis
539 2049 555 2089 i
585 2036 645 2088 et
674 2030 953 2090 similiter
978 2037 1212 2104 oportet
1233 2032 1297 2089 in
1322 2031 1617 2104 regimine
1643 2032 1901 2090 civitatis
1948 2031 2244 2091 diversam
2287 2031 2583 2090 rationem
2628 2032 2873 2093 ordinis

426 2101 732 2182 observari
763 2101 1095 2160 secundum
1127 2102 1396 2160 diversas
1423 2100 1805 2161 conditiones
1848 2115 2056 2162 corum
2113 2103 2218 2176 qui
2265 2102 2675 2174 suinciuntur
2716 2103 2873 2184 regi-

425 2172 601 2241 mini,
633 2176 692 2229 et
718 2171 1053 2231 secundum
1084 2172 1322 2230 diversa
1346 2170 1421 2231 ad
1451 2186 1585 2245 quae
1628 2173 1983 2232 ordinantur
2012 2178 2292 2246 :oportet
2330 2173 2492 2233 enim
2542 2173 2721 2232 aliter
2752 2173 2875 2232 dis·

423 2241 570 2314 poni
601 2241 825 2300 milites
852 2246 919 2301 ut
941 2244 1065 2302 sint
1090 2242 1404 2315 praeparati
1433 2243 1507 2301 ad
1536 2257 1823 2315 pugnam,
1849 2249 1911 2300 et
1935 2242 2196 2303 artifices
2221 2249 2289 2302 ut
2314 2243 2468 2302 bene
2507 2256 2577 2302 se
2605 2243 2876 2303 babeant

429 2312 591 2371 circa
616 2324 732 2371 sua
761 2326 962 2384 opera.
996 2313 1141 2371 Sici
1193 2313 1305 2372 'tur
1331 2318 1390 2372 et
1416 2312 1535 2371 alia
1559 2321 1653 2372 est
1672 2314 1907 2373 ordinis
1935 2314 2091 2373 ratio
2124 2314 2460 2374 secundum
2536 2327 2678 2372 uam
2708 2328 2875 2373 crea·

425 2387 578 2465 turae
607 2382 933 2442 rationales
962 2384 1127 2456 provi
1174 2384 1349 2444 entiae
1385 2382 1605 2443 divinae
1650 2384 2011 2456 subduntur,
2038 2389 2101 2443 et
2143 2384 2266 2444 alia
2303 2397 2492 2446 secun
2537 2397 2639 2444 um
2685 2397 2872 2460 quam

427 2453 783 2512 ordinantur
803 2460 1031 2515 caeterae
1058 2461 1366 2516 creaturae.
2684 2497 2704 2512 .

1403 2676 1660 2741 CAPUT
1712 2675 1894 2742 CXII.

567 2849 718 2904 QUOD
755 2847 1076 2895 (2meAE
1109 2846 1475 2895 nanninus
1512 2846 1946 2896 GUBERNAMUR
1976 2847 2238 2897 norm
2273 2848 2512 2895 smses
2537 2848 2700 2897 ΑΗΕ

1234 2934 1392 2981 'V'ERO
1427 2936 1493 2981 IN
1529 2935 1747 2982 ORDINE
1775 2935 1860 2983 AD
1911 2935 2045 2983 EAS.

495 3089 758 3148 Primum
786 3088 971 3161 igitur
996 3089 1132 3161 ipsa
1159 3102 1234 3148 co
1276 3090 1426 3147 nitio
1453 3089 1882 3149 intellectualis
1910 3095 2160 3160 naturae,
2191 3089 2525 3150 secundum
2557 3105 2747 3165 quam
2776 3096 2873 3152 est

422 3160 670 3219 domina
696 3159 792 3217 sui
820 3165 1011 3228 actuS‚
1041 3160 1207 3231 provi
1253 3160 1428 3217 entiae
1457 3174 1663 3218 curam
1691 3161 2114 3234 requirii‚.qua
2138 3160 2257 3219 sibi
2282 3167 2523 3235 propter
2550 3175 2621 3220 se
2664 3163 2870 3235 provi·

422 3230 667 3301 deatur3
725 3230 982 3288 aliorum
1007 3243 1148 3287 vero
1174 3230 1463 3295 conditio,
1496 3245 1629 3302 qute
1659 3244 1781 3289 non
1806 3231 1986 3289 habet
2011 3231 2348 3290 dominium
2375 3233 2473 3291 sui
2520 3238 2721 3306 actuS,
2752 3234 2871 3294 hoc

420 3300 649 3359 indicat
675 3299 836 3372 quod
864 3300 954 3358 eis
981 3313 1106 3357 non
1135 3307 1377 3373 propter
1402 3301 1536 3372 ipsa
1556 3315 1702 3360 cura
1725 3302 2123 3373 impendatur,
2149 3302 2258 3362 sed
2283 3303 2446 3361 velut
2461 3302 2539 3362 ad
2558 3304 2684 3363 alia
2707 3305 2865 3364 ordi·

423 3370 605 3429 natis.
632 3370 803 3438 Quod
830 3370 991 3428 enim
1019 3369 1093 3428 ab
1122 3371 1310 3429 altero
1360 3377 1593 3430 tantum
1640 3373 1840 3445 agitur
1893 3372 2185 3431 rationem
2228 3373 2615 3432 instrumenti
2643 3373 2867 3444 habet3

421 3440 584 3513 quod
612 3454 752 3499 vero
781 3454 887 3512 per
911 3454 980 3499 se
1025 3440 1150 3513 agit
1176 3439 1357 3500 habet
1395 3443 1692 3501 rationem
1724 3441 2076 3514 principalis
2104 3444 2361 3516 agentis
2389 3446 2867 3504 lustramentum

422 3517 622 3570 autem
653 3524 773 3569 non
804 3510 1090 3583 quaeritur
1116 3518 1356 3584 propter
1407 3513 1676 3594 seipsum
1729 3512 1838 3571 sed
1875 3519 1940 3572 ut
1967 3526 2040 3573 eo
2060 3514 2389 3587 principale
2419 3527 2609 3596 agens
2631 3519 2867 3574 utatur:

421 3581 583 3662 unde
606 3587 841 3653 oportet
863 3581 1026 3663 quod
1054 3583 1254 3664 omnis
1304 3584 1672 3655 operationis
1724 3583 2039 3658 diligentia
2062 3599 2199 3713 3¹¹ae
2247 3585 2409 3644 circa
2457 3591 2869 3645 instrumente

424 3650 760 3733 adhibetur,
790 3651 867 3710 ad
894 3653 1220 3725 principale
1237 3667 1427 3727 agens
1454 3654 1750 3712 referatur
1769 3655 1930 3713 sicut
1962 3655 2037 3713 ad
2106 3668 2267 3714 nem.
2289 3654 2461 3726 Quod
2484 3661 2687 3715 autem
2705 3658 2869 3716 circa

418 3722 748 3802 principale
777 3736 966 3796 agens
992 3724 1085 3781 vel
1112 3723 1188 3782 ab
1219 3723 1354 3795 ipso
1406 3723 1500 3782 vel
1532 3723 1608 3782 ab
1636 3724 1759 3783 alio
1788 3724 2126 3796 adhibetur,
2151 3726 2218 3784 in
2289 3730 2538 3785 uantum
2567 3732 2661 3786 est
2698 3728 2865 3798 prin·

423 3792 616 3864 cipale
644 3806 853 3866 agens,
884 3798 1125 3875 propter
1150 3794 1349 3867 ipsum
1393 3798 1506 3853 est.
1545 3794 1959 3869 Disponuntur
1998 3809 2143 3869 ergo
2189 3811 2228 3855 a
2304 3810 2377 3856 eo
2422 3796 2866 3857 intellectuales

422 3869 710 3922 creaturae
737 3877 912 3937 quasi
941 3869 1183 3945 propter
1208 3878 1276 3923 se
1304 3871 1664 3936 procuratae,
1688 3871 1977 3926 creaturae
2002 3879 2146 3926 vero
2172 3866 2308 3926 aliie
2350 3867 2528 3942 quasi
2567 3866 2645 3928 ad
2688 3868 2867 3928 ratio-

422 3933 593 3993 nales
618 3940 923 3993 creaturas
951 3934 1259 3993 ordinatae.

487 4004 708 4085 ᾼάΙιιιο,
744 4004 904 4077 quod
938 4004 1269 4064 dominium
1300 4005 1596 4066 suiectus
1649 4007 1827 4066 habet
1862 4007 2120 4067 liberum
2149 4013 2246 4067 est
2288 4008 2357 4068 in
2395 4008 2655 4083 agendo.
2690 4009 2864 4069 Liber

361 4132 376 4139 ,
421 4085 583 4131 enim
614 4080 705 4132 est
734 4075 838 4148 qui
868 4076 961 4134 sui
993 4089 1178 4133 causa
1205 4082 1335 4157 est;
1364 4078 1528 4150 quod
1567 4082 1769 4139 autem
1796 4077 2055 4151 quadam
2080 4079 2441 4140 necessitate
2466 4079 2567 4138 ab.
2588 4079 2717 4140 alio
2742 4079 2863 4154 agi·

419 4146 519 4201 tur
546 4143 621 4202 ad
664 4145 1342 4227 ‘operandum-servituti
1391 4147 1726 4220 subjectum
1777 4153 1890 4207 est.
1942 4149 2155 4209 Omnis
2182 4149 2369 4224 igitur
2413 4149 2537 4209 alia
2582 4156 2863 4210 creatura

421 4213 772 4272 naturaliter
798 4217 1066 4274 servituti
1097 4216 1365 4289 subjecta
1398 4224 1528 4286 est;
1561 4218 1697 4278 sola
1738 4231 1881 4278 vero
1932 4218 2359 4280 intellectualis
2407 4226 2627 4279 natura
2670 4220 2863 4280 libera

423 4286 534 4340 est.
564 4283 635 4339 In
663 4285 928 4367 quo-libet
953 4292 1151 4345 autem
1177 4303 1240 4347 re
1284 4288 1469 4347 imiue
1498 4288 1707 4349 liberis
1733 4289 2078 4363 providetur
2111 4296 2354 4372 propter
2376 4290 2642 4363 seipsos,
2662 4290 2858 4350 servis

421 4356 619 4409 autem
647 4358 716 4409 ut
740 4360 864 4413 sint
903 4369 969 4413 in
1019 4370 1196 4416 usum
1267 4360 1589 4418 iberorum.
1617 4360 1716 4420 Sic
1756 4360 1943 4432 igitur
1980 4374 2085 4432 per
2124 4361 2387 4420 divinam
2416 4361 2857 4434 providentiam
