3076 5025
381 245 588 302 xxvm
887 240 1094 294 BERN.
1133 235 1374 292 MARIAE
1414 234 1505 288 m:
1542 228 1792 288 nunus
1833 227 2304 285 DISSERTATlo.

382 389 652 470 explosit
682 403 986 466 unquam.
1018 384 1179 446 Hinc
1204 397 1355 443 vero
1383 380 1814 458 colligendum
1843 377 2116 439 Thomas
2145 376 2334 437 docet
2350 391 2825 452 «quaecumque

384 491 757 568 argumenta
788 490 1010 545 contra
1065 479 1211 541 fidei
1242 477 1535 556 mysteria
1587 481 1927 553 ponantur,
1960 474 2098 535 haec
2129 490 2208 534 ex
2233 471 2559 551 principiis
2608 472 2828 547 primis

387 592 632 646 naturae
689 580 905 641 inditis
943 595 1057 656 per
1097 592 1167 637 se
1206 574 1374 635 notis
1402 597 1466 648 n,
1518 572 1784 648 aliisque
1839 588 1917 632 ex
1970 569 2342 630 veritatibus
2401 568 2823 642 naturalibus,

394 703 424 739 α
453 698 583 741 non
613 683 783 739 recte
816 673 1182 753 procedere,
1206 686 1326 733 nee
1354 669 1912 730 demonstrationis
1936 667 2062 727 vim
2092 665 2324 726 habere
2352 685 2368 725 :
2402 666 2512 726 sed
2560 665 2653 725 vel
2683 682 2734 726 e·
2754 684 2822 725 se

390 779 664 838 rationes
710 771 1116 852 prohabiles»
1166 774 1232 831 et
1277 773 1675 845 apparentes,
1728 785 1760 823 α
1789 767 1885 828 vel
1931 761 2444 841 sophisticaszet
2486 760 2575 823 sic
2625 763 2702 823 ad
2753 780 2827 823 ea

368 873 685 936 solvenda
709 872 925 931 locum
956 865 1231 944 relinqui
1262 886 1321 926 n.

467 971 568 1033 vl.
598 967 934 1029 Verissima
960 963 1278 1026 fatebatur
1299 959 1557 1039 Baylius
1588 958 1733 1019 fidei
1760 957 2119 1019 christiana
2152 955 2471 1035 mysteria,
2502 962 2569 1016 et
2597 955 2828 1017 nihilo·

397 1070 601 1130 minus
629 1080 777 1127 cum
805 1059 1079 1123 naturali
1107 1059 1352 1119 ratione
1401 1072 1684 1135 pugnare
1715 1073 1732 1116 ε
1767 1071 2044 1131 pugnam
2089 1054 2280 1129 hanc,
2326 1069 2523 1130 quam
2572 1058 2824 1129 putant,

394 1166 725 1225 assumunt
755 1161 901 1220 loco
945 1154 1238 1235 principii
1275 1153 1516 1221 deistae,
1552 1157 1628 1212 ut
1677 1151 1825 1213 inde
1865 1153 2204 1213 conficiant
2250 1154 2477 1214 eadem
2524 1152 2825 1230 mysteria

395 1263 547 1321 falsa
579 1275 733 1319 esse.
752 1254 979 1325 ,Fidem
1006 1252 1173 1312 inter
1220 1267 1294 1312 ac
1323 1250 1638 1310 rationem
1683 1249 1958 1309 ostendit
2001 1249 2278 1326 Aquinas
2319 1265 2597 1328 pugnam
2647 1262 2827 1308 exer-

398 1356 522 1416 ceri
543 1353 783 1413 nullam
817 1369 835 1410 2
866 1348 1035 1409 unde
1066 1343 1451 1424 principium
1474 1344 1721 1419 statuit,
1749 1361 1879 1421 quo
1927 1346 2160 1421 impios
2187 1344 2458 1419 refellat,
2495 1344 2823 1422 mysterio·

394 1468 535 1513 rum
566 1467 639 1509 ac
662 1442 1061 1509 revelationis
1085 1440 1416 1503 veritatem
1447 1441 1821 1502 inficientes.
1853 1441 2095 1502 Praeter
2134 1441 2343 1501 divina
2368 1439 2820 1520 intelligibilia,

396 1563 539 1626 quze
569 1542 835 1605 naturali
867 1538 1094 1601 rationi
1114 1540 1265 1598 sunt
1293 1535 1527 1613 pervia,
1559 1536 1682 1595 alia
1719 1536 1908 1597 docet
1961 1537 2262 1617 distingui
2309 1544 2628 1615 oportere,
2676 1553 2826 1616 quae

396 1642 668 1706 naturali
697 1640 954 1719 quidem
978 1635 1211 1697 rationi
1233 1650 1363 1694 non
1393 1633 1825 1707 adversantur,
1875 1638 2021 1691 sunt
2063 1638 2347 1694 attamen
2389 1651 2577 1711 supra
2622 1634 2827 1695 ratio-

394 1757 569 1803 nem.
587 1739 827 1798 Diserte
847 1733 937 1795 ait
952 1732 1083 1808 ille,
1101 1730 1307 1807 capite
1324 1733 1367 1791 3
1387 1748 1407 1789 τ
1425 1729 1695 1804 «Aliqua
1716 1727 2208 1807 intelligibilium
2232 1728 2590 1792 divinorum
2607 1752 2639 1789 n
2668 1729 2827 1806 dari,

404 1858 437 1893 α
467 1851 611 1914 quae
665 1833 1045 1903 humanae»,
1078 1834 1438 1904 creataeque
1489 1824 1800 1903 cujusque
1854 1846 1886 1923 q
1910 1825 2172 1886 rationis
2219 1827 2470 1903 penitus
2515 1829 2832 1889 excedunt

400 1931 727 2012 ingenium
748 1952 779 1987 υ
799 1948 814 2001 ;
837 1934 903 1991 et
922 1924 1127 2003 capite
1143 1928 1183 1985 7
1203 1943 1220 1985 :
1239 1923 1544 1985 «veritati
1567 1922 1710 1984 fidei
1731 1943 1791 1997 a),
1812 1924 2065 1984 tamesti
2091 1945 2124 1978 α
2143 1924 2444 1986 humanas
2461 1944 2496 1983 »
2519 1930 2828 1987 etcreatae

405 2055 439 2087 α
464 2027 728 2089 rationis
749 2022 1163 2101 capacitatem
1192 2019 1548 2093 excedenti,
1574 2035 1702 2079 non
1732 2036 1870 2080 esse
1899 2026 2114 2081 tamen
2134 2022 2481 2082 contrarias
2498 2041 2532 2080 ιι
2562 2022 2688 2083 sive
2708 2022 2831 2100 pri-

404 2142 557 2195 mas·‚
589 2123 715 2184 sive
740 2121 889 2181 inde
910 2119 1138 2191 illatas,
1166 2138 1198 2173 α
1229 2117 1527 2177 veritates
1553 2116 1778 2177 rationi
1811 2117 2083 2178 naturali
2113 2141 2146 2175 n
2182 2118 2440 2195 pervias.

481 2221 548 2282 Id
577 2220 914 2280 veritatum
940 2230 1139 2295 genus
1167 2214 1442 2291 pertinet
1470 2214 1551 2274 ad
1597 2214 1826 2289 Deum,
1859 2214 2218 2292 cujusmodi
2259 2220 2355 2276 est
2389 2216 2456 2275 in
2503 2233 2591 2278 se.
2637 2216 2831 2295 Atqui

401 2318 695 2378 notitiam
722 2313 859 2389 Dei,
893 2308 1249 2390 cuiusmodi
1278 2314 1378 2369 est
1403 2308 1470 2369 in
1498 2325 1587 2383 se,
1619 2307 1854 2370 viribus
1880 2310 2106 2371 nativis
2148 2309 2438 2372 obtinere
2483 2327 2614 2371 non
2661 2313 2832 2374 valet

408 2431 584 2476 mens
613 2416 865 2485 creata;
896 2410 1180 2470 nativum
1211 2407 1351 2485 eius
1381 2406 1602 2466 lumen
1632 2405 2113 2467 subministrant
2138 2424 2215 2467 ea
2251 2423 2397 2484 quas
2444 2407 2612 2468 facta
2642 2413 2827 2471 sunt:

406 2518 614 2576 creata
645 2508 885 2571 scilicet
913 2506 1045 2584 ipsa
1070 2522 1272 2578 mem,
1304 2519 1451 2582 quae
1478 2521 1591 2582 per
1619 2503 1912 2564 intimam
1941 2500 2395 2565 conscientiam
2432 2522 2497 2566 se
2527 2506 2726 2581 novit,
2757 2522 2834 2571 ac

406 2609 722 2671 sensibilia
751 2621 1023 2683 qua-,que
1059 2603 1285 2665 hausta
1314 2619 1431 2679 per
1452 2618 1697 2662 sensns.
1729 2602 1878 2663 Haec
1925 2619 2099 2677 vero,
2133 2607 2354 2679 utpote
2383 2601 2608 2665 effecta
2636 2622 2672 2665 a
2700 2605 2832 2667 Deo

403 2708 734 2787 producta,
765 2705 1009 2764 ducunt
1034 2702 1101 2760 in
1128 2700 1411 2779 ejusdem
1443 2699 1898 2779 cognitionem,
1925 2704 2228 2778 tanquam
2256 2699 2478 2776 primae
2508 2705 2835 2764 causaezat

401 2803 650 2875 eadem,
682 2806 906 2876 utpote
928 2811 1135 2859 causae
1158 2797 1457 2858 virtutem
1485 2813 1616 2858 non
1647 2798 2078 2875 adaequantes‚
2115 2797 2347 2859 ducere
2391 2814 2522 2859 non
2573 2803 2837 2877 possunt

404 2893 470 2959 in
498 2899 805 2976 ejusdem,
838 2893 1205 2973 cujusmodi
1230 2900 1328 2955 est
1355 2893 1421 2953 in
1466 2910 1558 2968 se,
1605 2895 1898 2955 notitiam
1952 2895 2378 2970 adaequatam.
2417 2895 2583 2956 Baec
2621 2897 2836 2958 omnia

405 2996 685 3054 Thomas
711 2991 869 3053 locis
886 2991 1023 3069 jam
1050 2990 1446 3063 memoratis3
1483 2989 1716 3069 quibus
1735 2991 2009 3053 efficitur
2028 2989 2450 3071 intelligibilia
2468 2992 2676 3054 divina
2697 2994 2834 3054 dari

403 3090 721 3151 verissima
747 3105 937 3165 supra
953 3092 1273 3149 naturam.

486 3186 871 3247 Eorumdem
902 3183 1393 3263 intelligibilium
1428 3186 1626 3246 veluti
1664 3186 1809 3248 duze
1857 3185 2337 3265 distinguuntur
2374 3187 2621 3248 classes.
2671 3186 2835 3249 Sunt

403 3285 549 3357 alia,
580 3299 727 3360 quae
748 3281 1174 3343 necessarium
1198 3295 1433 3341 nexum
1461 3299 1596 3342 non
1624 3280 1863 3342 habent
1889 3297 2038 3343 cum
2067 3287 2318 3357 natura,
2350 3283 2460 3343 sed
2505 3299 2578 3343 ea
2618 3288 2833 3344 tamen

404 3398 552 3443 cum
583 3379 855 3441 naturali
884 3394 1099 3439 rerum
1128 3378 1350 3439 ordine
1371 3380 1502 3440 Deo
1527 3380 1766 3456 placuit
1783 3396 1904 3456 pro
1919 3395 2050 3440 suas
2064 3378 2389 3457 sapientias
2411 3378 2699 3450 consilio,
2722 3393 2835 3456 pro

405 3495 663 3554 suasque
681 3476 1022 3537 voluntatis
1048 3481 1211 3537 nutu
1242 3476 1563 3554 colligare.
1586 3477 1826 3537 Praesto
1841 3476 2132 3552 exempla
2148 3479 2497 3553 suppetunt
2515 3475 2580 3536 in
2602 3476 2837 3536 unione

406 3574 801 3652 hypostatica
834 3617 851 3647 ‚
908 3572 974 3632 in
1030 3570 1359 3651 originalis
1414 3573 1658 3649 peceati
1725 3573 2181 3652 propaga-tione
2204 3616 2223 3645 ,
2280 3572 2348 3631 in
2400 3571 2835 3649 redemptione

408 3670 624 3730 mundi
655 3687 768 3747 per
794 3670 1010 3730 Iesum
1043 3667 1385 3741 Christum,
1416 3668 1753 3728 hominnm
1783 3669 2132 3745 adoptione
2160 3669 2228 3728 in
2255 3668 2416 3730 filios
2450 3666 2586 3743 Dei,
2629 3667 2833 3729 haere-

404 3763 603 3824 ditate
631 3770 890 3838 aeterna,
942 3779 1088 3841 quas
1137 3769 1231 3825 est
1277 3764 1431 3825 visio
1477 3766 1648 3825 clara
1693 3765 1762 3825 in
1804 3766 2029 3841 patria.
2077 3765 2239 3826 Sunt
2286 3764 2409 3825 alia
2463 3780 2633 3837 vero,
2686 3780 2833 3841 quae

407 3875 639 3918 nexum
670 3858 908 3920 habent
935 3875 1087 3921 cum
1107 3864 1356 3934 natura,
1392 3877 1504 3922 seu
1532 3876 1684 3921 cum
1725 3860 1987 3936 effectis,
2019 3877 2164 3940 quae
2209 3860 2521 3921 naturalia
2549 3861 2833 3937 appella-

406 3972 589 4031 mus3
617 3956 725 4033 qui
756 3962 971 4017 tamen
999 3975 1200 4020 nexus
1228 3959 1459 4020 rationi
1489 3959 1766 4018 naturali
1793 3976 1926 4021 nou
1955 3964 2237 4037 apparet.
2278 3958 2472 4039 V.·g.‚
2493 3957 2659 4019 inter
2689 3975 2839 4023 con·

404 4052 569 4111 ditas
616 4056 939 4112 creaturas
982 4058 1237 4131 tresque
1299 4055 1716 4116 sanctissimoe
1762 4056 2087 4117 Trinitatis
2133 4072 2430 4132 personas
2484 4070 2682 4114 nexus
2739 4058 2838 4115 est

405 4148 818 4222 necessarius,
839 4150 1043 4226 qualis
1060 4168 1316 4213 causam
1332 4152 1503 4212 inter
1516 4157 1583 4212 et
1601 4152 1900 4214 effectum
1922 4152 2286 4225 intercedit3
2302 4168 2451 4213 cum
2467 4157 2592 4213 tres
2612 4150 2840 4212 divinae

405 4259 691 4320 persono
714 4245 1055 4307 creationis
1076 4263 1259 4325 opus,
1286 4254 1356 4309 et
1383 4249 1555 4310 aliud
1583 4249 1917 4327 quodlibet
1942 4252 2022 4311 ad
2051 4257 2228 4312 extra
2272 4248 2462 4310 simul
2507 4248 2835 4325 peragam&

402 4341 611 4402 Nexus
636 4346 923 4414 ammon
944 4344 1177 4406 rationi
1204 4345 1481 4407 naturali
1517 4361 1650 4408 non
1678 4353 1983 4425 apparet:
2006 4349 2242 4425 quippe
2278 4361 2422 4425 quae
2469 4344 2558 4407 ab
2595 4341 2837 4404 effectis
