3076 5025
404 215 514 272 432
1250 208 1385 264 LIB.
1425 207 1522 269 111,
1563 206 1718 263 CAP.
1756 204 2003 263 cxxvii.

407 335 547 393 dum
601 332 891 390 rationem
933 335 1026 390 est
1061 328 1218 404 quod
1269 329 1492 402 aliquis
1534 327 1761 387 carnali
1809 325 2234 399 conjunctione
2268 329 2472 384 utatur
2504 324 2826 408 secundum
2918 391 2929 410 Ι

408 403 567 478 qiiod
595 404 872 474 congruit
895 401 967 459 ad
1039 400 1442 458 onerationem
1473 405 1532 456 et
1557 397 1973 456 educationem
1998 396 2208 469 prolis.
2236 398 2386 470 Lege
2413 402 2619 455 autem
2646 394 2831 455 divina

407 475 535 533 baec
586 473 780 531 solum
830 472 1001 543 prohi
1047 473 1129 529 ita
1175 477 1317 529 sunt
1358 483 1491 542 quae
1537 469 1756 527 rationi
1807 468 2216 536 adversantur,
2262 473 2327 525 ut
2371 482 2444 525 ex
2477 465 2828 539 supradictis

406 550 585 617 patet.
636 542 1068 600 inconveniens
1111 547 1204 599 est
1246 540 1431 613 igitur
1457 539 1657 598 dicere
1685 538 1846 612 quod
1872 539 2073 598 omnis
2093 537 2353 597 carnalis
2383 537 2736 611 conjunctio
2762 536 2831 595 sit

406 619 863 749 peficglffigfflum
895 682 1162 740 membra
1187 680 1458 752 corporis
1494 680 1620 738 sint
1659 679 1931 751 quaedam
1961 679 2177 738 animae
2197 677 2623 748 instrumenta,
2647 677 2834 750 cujus·

305 760 310 766 ’
405 753 554 813 libet
599 753 850 811 membri
879 751 1020 810 finis
1050 757 1143 810 est
1171 764 1321 810 usus
1349 749 1501 822 ejuS‚
1531 752 1691 809 sicut
1721 756 1779 807 et
1806 749 2125 822 cuiuslibet
2154 750 2399 808 alterius
2430 749 2830 807 instrumenti.

411 824 815 894 Quorumdam
868 829 1064 881 autem
1114 821 1518 879 membrorum
1566 821 1837 891 corporis
1879 833 2029 878 usus
2057 824 2151 878 est
2177 820 2437 878 carnalis
2464 820 2833 878 commixtio.

412 895 680 952 carnalis
725 893 909 967 igitur
950 892 1298 951 commixtio
1340 896 1434 948 est
1477 890 1619 949 finis
1660 890 2053 964 quorumdam
2100 890 2503 949 membrorum
2548 891 2832 962 corporis.

408 965 475 1024 Id
524 970 722 1023 autem
767 963 928 1037 quod
975 970 1069 1022 est
1118 962 1259 1021 finis
1304 962 1641 1035 aliquarum
1684 961 2045 1019 naturalium
2094 973 2293 1020 rerum
2321 973 2444 1021 non
2470 967 2677 1033 potest
2704 974 2837 1019 esse

410 1036 741 1093 secundum
799 1047 865 1092 se
890 1035 1135 1104 malum,
1165 1032 1306 1106 quia
1335 1038 1407 1090 ea
1431 1046 1565 1105 quae
1594 1032 1945 1090 naturaliter
1969 1036 2113 1090 sunt
2139 1046 2214 1088 ex
2237 1031 2439 1089 divina
2462 1030 2837 1113 providentia

409 1105 764 1165 ordinantur
811 1104 886 1161 ad
916 1103 1118 1174 finem,
1147 1109 1216 1161 ut
1240 1116 1315 1161 ex
1342 1102 1703 1174 supradictis
1774 1107 1910 1160 atet.
1942 1101 2318 1174 impossibile
2348 1106 2440 1160 est
2466 1101 2659 1174 igitur
2684 1100 2837 1174 quod

409 1176 672 1234 ca'rnalis
700 1174 1048 1233 commixtio
1077 1174 1158 1233 sit
1187 1173 1519 1232 secundum
1542 1186 1608 1231 se
1633 1186 1731 1230 ma
1757 1188 1811 1231 a.

477 1246 754 1316 Amplius,
782 1245 1084 1303 naturales
1108 1245 1531 1303 inclinationes
1561 1244 1768 1301 insunt
1796 1242 1976 1301 rebus
2002 1257 2041 1301 a
2069 1245 2212 1312 Deo,
2239 1243 2343 1316 qui
2371 1247 2594 1301 cuncta
2618 1247 2836 1302 movet.

407 1316 787 1388 Impossibile
832 1322 924 1374 est
971 1316 1156 1388 igitur
1178 1314 1338 1388 quod
1368 1316 1658 1373 naturalis
1686 1313 1996 1395 inclinatio
2025 1313 2281 1441 alicu'jus
2310 1313 2532 1386 speciei
2565 1313 2651 1395 sit
2676 1312 2754 1372 ad
2780 1311 2839 1372 id

408 1386 571 1460 quod
616 1391 709 1444 est
750 1385 1081 1444 secundum
1127 1398 1194 1444 se
1242 1385 1489 1443 malum.
1516 1384 1629 1442 Sed
1659 1384 1941 1442 omnibus
1970 1397 2171 1442 anima
2196 1384 2334 1442 ibus
2364 1384 2650 1466 perfectis
2681 1384 2838 1442 inest

408 1457 704 1515 naturalis
747 1456 1059 1514 inclinatio
1105 1455 1178 1513 ad
1233 1455 1717 1528 conjunctionem
1771 1454 2092 1514 carnalem.
2127 1454 2505 1527 impossibile
2532 1460 2630 1513 est
2658 1453 2844 1528 igitur

408 1527 569 1601 quod
595 1527 856 1585 carnalis
885 1525 1232 1586 commixtio
1257 1526 1336 1583 sit
1362 1524 1692 1584 secundum
1721 1539 1787 1583 se
1808 1525 1984 1583 mala.

478 1600 631 1666 Item,
663 1597 810 1655 illud
835 1597 968 1655 sine
996 1610 1116 1670 quo
1145 1610 1265 1654 non
1284 1602 1481 1667 potest
1501 1609 1638 1654 esse
1658 1595 1882 1668 aliquid
1902 1596 2063 1669 quod
2082 1600 2176 1654 est
2193 1595 2418 1655 bonum
2442 1600 2500 1653 et
2520 1595 2842 1668 optimum,

408 1680 534 1726 non
562 1673 655 1726 est
677 1668 1007 1727 secundum
1038 1681 1104 1726 se
1132 1667 1377 1725 malum.
1407 1666 1520 1725 Sed
1549 1666 1911 1737 perpetuitas
1941 1666 2162 1737 speciei
2191 1680 2313 1725 non
2345 1671 2747 1725 conservatur
2772 1666 2837 1724 in

408 1737 772 1797 animalibus
821 1738 941 1796 nisi
991 1752 1098 1820 per
1137 1736 1583 1810 generationem
1604 1779 1628 1818 ⁹.
1665 1750 1797 1809 quae
1846 1742 1938 1818 est
1990 1751 2063 1817 ex
2107 1737 2534 1795 commixtione
2587 1736 2841 1796 carnali.

407 1808 788 1877 Impossibile
810 1813 904 1866 est
926 1809 1111 1880 igitur
1137 1807 1297 1880 quod
1326 1808 1673 1865 commixtio
1700 1807 1959 1865 carnalis
1984 1812 2065 1865 sit
2092 1808 2423 1866 secundum
2454 1821 2523 1865 se
2548 1807 2737 1866 mala.

481 1878 631 1935 Hinc
657 1882 751 1935 est
776 1878 936 1949 quod
964 1878 1183 1935 dicitur
1209 1897 1228 1933 ε
1258 1878 1455 1934 Mulier
1486 1894 1595 1934 non
1617 1880 1827 1948 peccat,
1859 1880 1910 1933 si
1933 1877 2123 1934 nubat.
2156 1878 2199 1949 (1
2230 1879 2350 1946 Gor,
2374 1889 2486 1945 vn,
2516 1876 2633 1949 36.)

484 1950 596 2029 Per
622 1947 738 2005 hoc
756 1953 953 2005 autem
975 1947 1310 2005 excluditur
1326 1962 1493 2006 error
1512 1947 1909 2020 quorumdam
1927 1947 2252 2005 dicentium
2273 1961 2511 2006 omnem
2537 1948 2844 2007 carnalem

406 2018 892 2088 conjunctionem
926 2031 1061 2075 esse
1086 2017 1383 2087 illicitam3
1413 2017 1572 2075 unde
1589 2017 1852 2075 totaliter
1871 2017 2317 2078 matrimonium
2341 2023 2399 2075 et
2413 2019 2660 2089 nuptias
2682 2018 2845 2078 dam·

409 2092 595 2157 nant;
644 2101 903 2160 quorum
946 2086 1189 2160 quidam
1236 2087 1353 2146 hoc
1383 2087 1521 2146 ideo
1547 2087 1777 2157 dicunt,
1808 2088 1954 2160 quia
1980 2087 2231 2148 credunt
2257 2087 2636 2161 temporalia,
2666 2102 2847 2150 nona

406 2156 592 2229 bono,
646 2156 751 2216 sed
779 2170 817 2216 a
838 2156 1001 2217 malo
1028 2156 1329 2230 principio
1354 2171 1512 2217 esse.
1912 2195 1947 2216 .

1326 2373 1583 2441 CAPUT
1629 2374 1919 2450 cxxvii,

762 2555 915 2610 QUOD
951 2554 1194 2604 numus
1228 2554 1348 2606 01131
1382 2556 1528 2604 ‘USUS
1562 2556 1673 2603 EST
1707 2556 2014 2605 PEccA'rmt
2049 2554 2357 2606 smmum
2392 2559 2481 2606 SE.

480 2720 645 2802 Sicut
703 2725 901 2802 autem
956 2734 1344 2803 venerem-um
1402 2731 1554 2804 usus
1609 2720 1845 2803 absque·
1890 2726 2135 2795 peccato
2189 2726 2321 2793 est,
2380 2722 2433 2781 si
2504 2724 2845 2785 secundum

406 2795 700 2848 rationem
731 2789 854 2860 fiat,
884 2795 968 2849 ita
991 2795 1168 2848 etiam
1199 2797 1258 2849 et
1280 2805 1431 2849 usus
1460 2792 1751 2850 ciborum.
1786 2795 1873 2849 Fit
1899 2799 2098 2850 autem
2126 2793 2472 2866 unumquod
2520 2809 2596 2852 ue
2628 2810 2843 2855 secun·

407 2858 549 2941 dum
595 2860 883 2919 rationem
970 2861 1166 2919 uando
1213 2862 1523 2919 ordinatur
1564 2862 1896 2920 secundum
1937 2863 2096 2936 quod
2147 2865 2427 2937 congruit
2513 2865 2678 2925 ebito
2705 2866 2839 2925 fini.

404 2931 572 3012 Finis
617 2936 813 2989 autem
858 2876 1094 3012 debitus
1142 2932 1505 3014 sumptionis
1549 2932 1817 3013 ciborum
1866 2938 1955 2990 est
1989 2935 2364 2993 conservatio
2408 2936 2685 3006 corporis
2737 2951 2847 3009 pei·

401 3006 858 3081 nutrimentu-m.
890 3002 1259 3083 Quicumque
1303 3009 1488 3084 igitur
1514 3003 1687 3060 cibus
1716 3004 1830 3061 hoc
1861 3003 2052 3061 facere
2097 3010 2295 3076 potest
2334 3004 2560 3078 absque
2592 3013 2841 3079 peccato

400 3076 602 3143 potest
626 3085 803 3128 sumi.
835 3071 1071 3130 Nullius
1097 3072 1281 3146 igitur
1308 3072 1423 3130 cibi
1449 3074 1713 3142 sumptio
1741 3075 2072 3132 secundum
2101 3088 2167 3132 se
2194 3082 2285 3133 est
2315 3083 2648 3147 peccatum.

473 3141 690 3205 Adhuc,
724 3142 950 3200 nullius
978 3142 1065 3200 rei
1093 3156 1245 3201 usus
1264 3143 1596 3201 secundum
1627 3158 1692 3201 se
1724 3145 1917 3202 malus
1941 3151 2052 3213 est,
2075 3145 2192 3203 nisi
2223 3159 2320 3204 res
2349 3147 2481 3218 ipsa
2500 3148 2840 3207 secundum

401 3223 471 3270 se
496 3213 656 3270 mala
682 3213 779 3270 sit.
808 3212 1020 3272 Nullus
1041 3219 1239 3271 autem
1268 3213 1440 3273 cibus
1470 3215 1802 3272 secundum
1829 3220 2099 3273 naturam
2127 3216 2324 3274 malus
2340 3223 2450 3287 est,
2468 3219 2613 3290 quia
2632 3221 2839 3279 omnis

400 3294 501 3340 res
543 3283 872 3364 secundum
905 3296 1078 3364 suam
1123 3288 1395 3342 naturam
1440 3283 1600 3343 bona
1648 3291 1760 3353 est,
1795 3290 1857 3343 ut
1902 3299 2085 3358 supra
2124 3293 2434 3345 ostensum
2481 3296 2608 3358 est;
2681 3294 2843 3350 otest

400 3358 601 3433 autem
631 3354 852 3426 aliquis
875 3353 1049 3412 cibus
1065 3367 1200 3412 esse
1229 3354 1408 3413 alicui
1439 3355 1738 3424 malus‚in
1809 3362 2055 3414 uantum
2072 3358 2472 3416 contrariatur
2495 3359 2625 3417 salu
2675 3360 2837 3419 ritati

397 3434 597 3503 ipsius
624 3424 954 3482 secundum
983 3437 1222 3497 corpus,
1253 3425 1490 3484 Nullius
1520 3426 1704 3499 igitur
1732 3427 1785 3484 ci
1830 3427 2157 3500 isumptio,
2182 3429 2512 3487 secundum
2545 3431 2711 3502 quod
2742 3435 2839 3490 est

397 3491 541 3573 talis
570 3506 687 3563 reS,
718 3500 811 3575 est
836 3500 1143 3577 peccatum
1168 3495 1497 3554 secundum
1524 3510 1629 3565 se;
1663 3496 1768 3555 sed
1798 3502 2157 3568 potestesse
2184 3505 2513 3571 peccatum,
2541 3501 2595 3558 si
2620 3505 2838 3573 praeter
2900 3564 2909 3569 ,

396 3568 689 3621 rationem
720 3565 939 3637 aliquis
960 3579 1095 3636 ipso
1124 3571 1324 3625 utatur
1350 3566 1685 3625 secundum
1706 3581 1878 3625 suani
1911 3569 2189 3627 salutem.
2854 3568 2895 3619 ἑ

468 3635 744 3704 Amplius,
775 3635 860 3693 uti
898 3635 1079 3694 rebus
1116 3635 1190 3694 ad
1229 3636 1346 3695 boc
1372 3636 1448 3695 ad
1470 3637 1632 3710 quod
1676 3642 1818 3696 sunt
1855 3652 1976 3697 non
2007 3646 2100 3698 est
2124 3640 2452 3699 secundum
2485 3654 2552 3699 se
2579 3641 2830 3700 malum.

395 3705 545 3762 Sunt
594 3710 790 3763 autem
844 3706 1057 3775 planiae
1093 3721 1200 3778 pro
1242 3713 1332 3765 ter
1375 3707 1681 3776 animalia,
1712 3708 2062 3768 animalium
2090 3724 2232 3769 vero
2281 3712 2555 3784 quaedam
2591 3717 2834 3794 propte-r
2878 3748 2887 3759 -

397 3773 539 3845 alia,
568 3781 626 3833 et
674 3775 879 3857 omnia
923 3781 1175 3859 pro-pter·
1203 3721 1531 3847 Bominem,
1562 3779 1721 3837 sicut
1748 3794 1821 3836 ex
1863 3781 2274 3852 superioribus
2282 3788 2484 3910 dpatet.
2519 3784 2608 3839 Uti
2641 3782 2832 3856 igitur

392 3844 489 3902 vel
526 3845 749 3918 plantis
801 3846 891 3904 vel
933 3848 1282 3906 animalium
1329 3850 1633 3917 carnibus,
1661 3850 1753 3907 vel
1800 3850 1875 3909 ad
1922 3865 2090 3910 esum
2125 3853 2218 3911 vel
2244 3866 2280 3909 a
2344 3852 2631 3926 quicquid
2659 3852 2828 3911 aliud

395 3921 539 3973 sunt
573 3916 800 3974 bomini
835 3917 1022 3989 utilia,
1057 3931 1175 3977 non
1206 3924 1300 3975 est
1325 3920 1657 3978 secundum
1688 3935 1754 3978 se
1786 3929 2117 3994 peccatum.

463 3987 616 4050 Item,
648 3987 1167 4116 defectustfeccati
1190 3989 1264 4047 ab
1294 3990 1494 4049 anima
1522 3991 1823 4050 derivatur
1849 3993 1921 4052 ad
1942 4006 2181 4066 corpus,
2199 3997 2259 4050 et
2284 4007 2406 4052 non
2432 4009 2465 4051 e
2493 4006 2824 4064 converso;
2876 4006 2883 4011 ·

390 4063 700 4138 peccatum
732 4059 891 4116 enim
960 4059 1175 4117 icimus
1203 4061 1534 4142 secundum
1558 4062 1725 4134 quod
1752 4062 2135 4122 deordinatur
2160 4063 2600 4123 voluntas.Cibi
2623 4070 2827 4124 autem

391 4126 736 4208 immediate
789 4129 862 4187 ad
910 4143 1127 4201 corpus
1169 4136 1484 4203 pertinent,
1516 4145 1639 4189 non
1684 4132 1757 4191 ad
1806 4135 2088 4193 animam.
2137 4136 2266 4192 Non
2314 4134 2497 4206 igitur
2550 4135 2824 4193 ciborum

391 4202 662 4278 sumptio
709 4199 1037 4279 secundum
1093 4214 1158 4259 se
1212 4208 1408 4272 potest
1456 4216 1592 4261 esse
1637 4210 1967 4276 peccatum,
2012 4204 2131 4262 nisi
2177 4209 2474 4277 quatenus
2531 4210 2825 4278 repugnat

388 4266 732 4348 rectitudini
759 4271 1102 4354 voluntatis.
1135 4272 1303 4340 Quod
1333 4272 1573 4347 quidem
1604 4276 1902 4348 contingit
1931 4291 1945 4329 :
1981 4288 2101 4334 uno
2128 4275 2333 4344 modo¹
2364 4282 2603 4347 propter
2640 4289 2814 4404 refu-

390 4341 700 4408 gnantiam
723 4340 797 4397 ad
819 4355 1128 4415 proprium
1156 4343 1337 4405 finem
1365 4344 1659 4418 ciborum,
1689 4346 1848 4406 sicut
1873 4359 2059 4421 quum
2084 4346 2324 4420 aliquis,
2358 4351 2597 4419 propter
2622 4346 2698 4405 de
2723 4358 2818 4404 ec·
