3076 5025
462 291 565 346 124
1351 282 1485 338 LIB.
1526 282 1597 345 11,
1640 281 1792 337 CAP.
1832 282 1989 338 xxti.

463 407 626 482 quod
652 411 747 466 est
773 405 888 464 hoc
912 403 1160 478 aliquid,
1193 402 1661 475 unumquodque
1688 406 1782 460 est
1806 401 1880 460 ab
1922 401 2043 460 alio
2087 400 2461 463 distinctum.
2491 401 2651 461 Nihil
2695 402 2881 476 igitur

461 478 638 550 cujus
665 490 801 536 esse
829 475 1060 534 finitum
1093 478 1207 542 est,
1232 479 1430 546 potest
1478 487 1585 544 per
1627 486 1796 530 suam
1848 473 2142 531 actionem
2193 485 2330 531 esse
2375 486 2560 533 causa
2606 474 2879 538 alterius.

463 550 579 607 nisi
609 554 897 621 quantum
926 545 1003 605 ad
1033 545 1147 603 hoc
1174 544 1331 625 quod
1375 542 1555 600 habet
1596 555 1789 615 genus
1818 544 1910 600 vel
1958 543 2240 615 speciem,
2271 556 2393 601 non
2443 550 2643 601 autem
2692 556 2881 616 quan-

464 625 586 677 tum
612 618 687 676 ad
717 619 831 676 hoc
857 615 1018 690 quod
1043 613 1322 673 subsistit
1351 613 1426 672 ab
1456 612 1597 671 aliis
1625 612 1993 671 distinctum.
2018 614 2205 671 Omne
2233 614 2415 687 igitur
2434 626 2624 684 agens
2645 611 2880 672 finitum

461 687 871 761 praesuppouit
897 687 971 745 ad
1000 699 1174 745 suam
1202 684 1500 742 actionem
1529 683 1647 741 hoc
1679 682 1838 741 unde
1882 690 2193 742 causatum
2221 696 2400 742 suum
2427 683 2873 742 individualiter

460 760 761 818 subsistit.
794 760 922 816 Non
954 770 1098 829 ergo
1130 759 1330 825 creat;
1360 754 1467 813 sed
1496 754 1696 812 solum
1733 753 1847 812 hoc
1875 759 1967 812 est
1985 753 2221 828 agentis
2249 754 2423 825 cujus
2466 767 2604 813 esse
2650 759 2746 812 est
2791 753 2883 812 in·

465 830 726 896 finitum,
756 827 917 955 quo?
939 833 1030 885 est
1070 826 1273 885 omnis
1318 824 1477 884 entis
1511 824 2028 896 comprehendens
2074 823 2553 897 similitudinem,
2585 829 2655 884 ut
2701 838 2886 898 supra

533 971 755 1038 Adhuc,
785 982 919 1027 cum
950 981 1130 1026 omne
1200 965 1316 1024 uod
1355 964 1423 1023 fit
1457 965 1528 1023 ad
1570 966 1685 1024 hoc
1722 964 1826 1024 fiat
1868 971 1934 1023 ut
1974 965 2075 1034 sit,
2102 971 2354 1038 oportet,
2379 966 2433 1026 si
2482 965 2706 1037 aliquid
2757 964 2883 1024 fleri

466 1040 703 1099 dicatur
746 1039 903 1111 quod
987 1038 1115 1097 rius
1181 1038 1351 1104 uerit,
1380 1036 1541 1109 quod
1571 1037 1685 1094 hoc
1711 1050 1832 1094 non
1861 1036 1964 1094 fiat
2004 1049 2110 1106 per
2150 1050 2237 1104 se,
2264 1038 2367 1095 sed
2418 1050 2523 1108 per
2560 1036 2884 1107 accidens;

462 1125 569 1183 per
584 1124 651 1169 se
670 1124 810 1168 vero
831 1110 938 1166 illu
993 1107 1153 1181 quod
1174 1108 1339 1179 prius
1359 1120 1482 1165 non
1504 1107 1683 1163 fuerit
1705 1123 1719 1163 ε
1746 1114 1829 1173 ut,
1848 1107 1901 1164 si
1923 1121 1994 1164 ex
2008 1107 2145 1164 albo
2165 1106 2265 1165 fiat
2281 1108 2539 1178 nigrum,
2559 1106 2624 1163 fit
2644 1106 2885 1179 quidem

465 1181 706 1248 uiarum
733 1186 792 1237 et
818 1180 1170 1246 coloratum,
1199 1178 1300 1236 sed
1335 1177 1574 1249 nigrum
1620 1191 1725 1247 per
1768 1191 1854 1240 se.
1887 1177 2029 1249 quia
2069 1176 2138 1234 tit
2179 1192 2254 1235 ex
2293 1191 2415 1236 non
2465 1179 2673 1249 nigr03
2722 1177 2888 1235 colo·

466 1258 663 1310 ratum
692 1256 891 1308 autem
920 1264 1026 1321 per
1047 1247 1357 1317 accidens;
1403 1261 1540 1305 nam
1577 1248 1742 1319 prius
1764 1248 2093 1305 coloratum
2118 1252 2267 1306 erat.
2299 1249 2397 1306 Sic
2426 1248 2612 1320 igitur
2640 1261 2780 1305 cum
2821 1246 2889 1306 nt

469 1320 712 1394 aliquod
744 1334 877 1391 ene,
912 1325 974 1378 ut
1004 1320 1185 1378 homo
1208 1319 1298 1376 vel
1347 1318 1531 1390 lapis,
1563 1318 1743 1376 homo
1785 1317 2024 1391 quidem
2071 1331 2178 1389 per
2221 1331 2289 1376 se
2337 1317 2422 1386 fit,
2453 1318 2597 1391 quia
2641 1331 2718 1376 ex
2763 1330 2886 1376 non

468 1391 738 1460 homine,
768 1404 878 1449 ens
905 1395 1102 1449 autem
1136 1403 1242 1461 per
1269 1388 1572 1458 accidenS‚
1602 1388 1745 1461 quia
1773 1402 1895 1446 nou
1920 1403 1991 1446 ex
2020 1401 2141 1446 non
2190 1394 2326 1446 ente
2375 1387 2749 1459 simpliciter,
2779 1387 2890 1447 sed

466 1475 541 1519 ex
582 1475 704 1519 non
729 1466 864 1518 ente
896 1460 1028 1521 hoc.
1063 1464 1122 1517 ut
1155 1459 1561 1530 Philosophus
1596 1459 1740 1516 dicit
1768 1459 1829 1515 in
1858 1459 2052 1531 primo
2075 1459 2295 1528 physic.
2327 1457 2490 1531 (text.
2520 1472 2741 1516 comm.
2770 1458 2888 1531 51).

466 1534 614 1590 Cum
644 1544 788 1604 ergo
813 1529 1040 1601 aliquid
1073 1529 1138 1587 fit
1165 1530 1414 1588 omnino
1443 1543 1516 1586 ex
1551 1542 1671 1587 non
1703 1534 1860 1597 ente,
1889 1543 2000 1587 ens
2024 1542 2129 1599 per
2156 1542 2223 1587 se
2251 1528 2352 1588 fiet
2380 1547 2396 1586 ε
2427 1534 2660 1601 oportet
2703 1529 2891 1600 igitur

463 1601 622 1675 quod
656 1602 731 1659 ab
754 1614 827 1659 eo
855 1600 957 1672 qui
978 1604 1069 1657 est
1086 1614 1190 1671 per
1207 1613 1273 1656 se
1297 1613 1477 1657 causa
1499 1599 1739 1657 essendi
1772 1600 2081 1670 procedat;
2106 1613 2243 1657 nam
2272 1597 2519 1658 effectus
2548 1599 2889 1670 proportio-

463 1673 684 1729 naliter
704 1671 1069 1728 reducuntur
1096 1670 1156 1726 in
1187 1683 1424 1728 causas.
1453 1671 1577 1727 Hoc
1607 1675 1804 1727 autem
1834 1674 1925 1728 est
1951 1670 2209 1742 primum
2235 1683 2345 1728 ens
2374 1671 2594 1737 solum,
2614 1668 2772 1742 quod
2791 1674 2890 1729 est

464 1755 652 1800 causa
668 1741 844 1809 entis,
863 1741 924 1797 in
945 1745 1232 1813 quantum
1255 1739 1598 1810 hujusmodi
1620 1758 1636 1808 ;
1667 1740 1786 1797 alia
1813 1753 1953 1798 vero
1973 1744 2115 1798 sunt
2136 1754 2323 1798 causa
2346 1740 2582 1798 essendi
2607 1754 2710 1811 per
2729 1741 2885 1798 acci-

466 1811 639 1881 dens,
663 1817 721 1868 et
748 1823 869 1868 non
899 1825 1006 1881 per
1032 1823 1120 1869 se.
1150 1812 1293 1868 Cum
1323 1811 1341 1867 i
1381 1811 1508 1891 *itur
1536 1811 1862 1892 producere
1891 1824 2000 1868 ens
2028 1824 2103 1868 ex
2137 1821 2260 1869 non
2290 1816 2426 1868 ente
2468 1811 2887 1883 praeexistente

468 1882 549 1940 sit
578 1896 803 1948 creare,
835 1886 1068 1952 oportet
1091 1881 1250 1953 quod
1277 1893 1348 1938 so
1376 1893 1471 1938 ius
1501 1883 1602 1938 Dei
1635 1887 1714 1938 sit
1742 1894 1964 1938 creare.

541 1952 690 2009 Huic
718 1958 915 2009 autem
942 1951 1172 2009 veritati
1204 1964 1390 2010 sacrae
1418 1951 1736 2023 Scripturae
1791 1950 2117 2009 auctoritas
2162 1956 2495 2019 attestatur,
2525 1964 2658 2023 quae
2702 1953 2890 2012 Deum

468 2022 676 2080 omnia
692 2035 928 2080 creasse
954 2021 1230 2090 affirmat,
1252 2023 1418 2088 Gen..
1439 2034 1480 2084 ι,
1506 2028 1529 2078 ι
1568 2039 1582 2078 :
1611 2023 1677 2077 In
1695 2024 1970 2092 principio
1995 2025 2202 2078 creavit
2219 2025 2359 2078 Deus
2380 2023 2569 2078 coelum
2589 2026 2641 2078 et
2662 2026 2888 2078 terram.

463 2093 874 2150 Damascenus
906 2093 1083 2149 etiam
1119 2093 1179 2148 in
1211 2091 1477 2150 secundo
1507 2091 1604 2150 sui
1637 2092 1770 2149 libri
1801 2092 1902 2163 (De
1927 2093 2140 2149 orthod.
2169 2093 2266 2164 tid.
2325 2093 2469 2150 dicit
2498 2110 2513 2149 ι
2543 2113 2573 2144 «
2605 2092 2891 2162 Quicum·

470 2176 586 2234 que
615 2173 755 2220 vero
779 2163 951 2243 ‚aiunt
980 2176 1054 2244 an
1102 2163 1231 2220 etos
1260 2168 1561 2243 creatores
1588 2163 1723 2220 esse
1743 2163 2173 2244 cujuscumque
2193 2176 2264 2221 su
2312 2163 2567 2231 stantiae,
2591 2163 2652 2221 hi
2674 2175 2892 2223 omnes

469 2237 615 2291 sunt
641 2238 829 2305 patris
856 2246 953 2291 sui
982 2233 1081 2290 dia
1123 2233 1206 2292 oli
1234 2230 1344 2290 filu
1376 2250 1391 2290 ε
1421 2237 1708 2291 creaturae
1736 2246 1896 2291 emm
1934 2234 2260 2292 existentes
2302 2247 2425 2292 non
2473 2237 2618 2292 sunt
2659 2238 2893 2293 creato·

464 2313 565 2361 res
593 2322 648 2363 2³.

539 2374 652 2431 Per
678 2371 792 2433 hoc
821 2377 1018 2432 autem
1049 2372 1375 2432 destruitur
1400 2373 1794 2446 quorumdam
1823 2371 2321 2446 philosophorum
2363 2386 2530 2433 error
2571 2373 2673 2447 qui
2723 2372 2893 2434 dixe·

464 2449 607 2502 runt
634 2445 816 2501 Deum
846 2456 1084 2503 creasse
1112 2444 1360 2526 primam
1391 2445 1788 2502 substantiam
1819 2451 2174 2517 separatam,
2205 2450 2264 2502 et
2286 2444 2360 2503 ab
2396 2460 2469 2503 ea
2496 2444 2687 2503 fuisse
2728 2458 2900 2504 crea*

464 2518 585 2575 tam
615 2515 962 2583 secundam,
990 2520 1050 2573 et
1075 2528 1165 2574 ste
1187 2515 1442 2588 quodam
1476 2515 1685 2573 ordine
1713 2530 1904 2589 usque
1932 2517 2005 2575 ad
2054 2516 2346 2575 ultimam.
2379 2515 2424 2589 (1
2456 2522 2626 2586 part„
2658 2531 2716 2589 q.
2749 2527 2887 2586 ΧΠ,

466 2591 581 2714 ἓῖξ..
607 2588 752 2729 ἔδει
789 2599 850 2658 q.
877 2597 1017 2657 mxv,
1045 2589 1156 2644 art.
1185 2588 1251 2656 3;
1278 2590 1338 2644 et
1381 2589 1405 2642 1
1440 2586 1616 2650 Sem..
1642 2586 1780 2645 dist.
1811 2592 1902 2660 47,
1930 2600 1993 2661 q.
2021 2600 2066 2659 1,
2096 2592 2207 2646 art.
2233 2591 2296 2657 ¹3
2330 2590 2391 2645 et
2434 2588 2513 2646 De
2532 2591 2674 2657 pot..
2705 2600 2764 2660 q.
2794 2599 2895 2657 m,

1435 2820 1686 2884 CAPUT
1725 2821 1913 2885 xxn.

1266 2989 1418 3045 QUOD
1453 2990 1603 3037 DEUS
1640 2990 1827 3037 omma
1861 2990 2080 3040 Possm.

537 3144 616 3203 Ex
645 3142 761 3202 hoc
783 3148 981 3203 autem
1010 3149 1251 3226 apparet
1273 3145 1432 3220 quod
1462 3145 1663 3204 divina
1687 3145 1877 3204 virtus
1906 3159 2027 3205 non
2057 3143 2480 3226 determinatur
2508 3142 2586 3224 ad
2608 3142 2892 3217 aliquem

464 3227 655 3272 unum
683 3213 979 3272 effectum.
1010 3216 1069 3272 Sl
1095 3229 1254 3272 emm
1299 3217 1492 3274 solius
1522 3217 1624 3273 Dei
1670 3230 1873 3274 creare
1915 3221 2025 3284 est,
2056 3216 2129 3272 ab
2172 3227 2306 3285 ipso
2348 3213 2687 3272 immediate
2731 3229 2888 3288 pro.

466 3285 645 3343 dueta
672 3298 806 3343 esse
836 3290 1068 3357 oportet
1106 3300 1496 3359 quaecumque
1540 3301 1577 3343 a
1618 3300 1731 3345 sua
1773 3299 1958 3345 causa
1999 3286 2245 3358 produci
2290 3298 2410 3344 non
2458 3291 2718 3356 possunt
2763 3289 2893 3350 nisi

467 3368 572 3425 per
608 3355 849 3413 modum
876 3355 1220 3414 creationis.
1250 3356 1602 3425 Huiusmodi
1631 3361 1825 3414 autem
1867 3361 2007 3413 sunt
2044 3368 2257 3414 omnes
2304 3354 2658 3415 substantiae
2706 3370 2888 3431 sepa-

466 3432 629 3490 ratae,
660 3439 793 3498 quae
822 3438 943 3484 non
984 3433 1127 3484 sunt
1171 3428 1521 3498 compositae
1562 3441 1635 3484 ex
1684 3426 1933 3483 materia
1980 3431 2040 3482 et
2088 3427 2299 3491 forma.
2329 3440 2481 3499 quas
2530 3440 2668 3486 esse
2715 3441 2888 3490 nunc

464 3503 865 3577 supponatur3
894 3500 955 3553 et
992 3496 1269 3578 similiter
1313 3498 1514 3555 omnis
1560 3497 1809 3577 materia
1850 3495 2203 3567 corporalis.
2232 3499 2366 3555 Haec
2415 3498 2601 3571 igitur
2643 3497 2891 3561 diversa

467 3572 785 3624 existentia
829 3566 1122 3637 praedictae
1159 3569 1395 3625 virtutis
1430 3567 1768 3625 immediate
1815 3565 2065 3625 effectus
2110 3574 2272 3625 sunt.
2305 3568 2475 3625 Nulla
2521 3573 2718 3625 autem
2765 3571 2892 3629 vir·

463 3638 566 3694 tus
591 3637 926 3709 producens
951 3637 1290 3695 immediate
1322 3638 1521 3709 plures
1551 3636 1799 3694 effectus
1823 3650 1942 3694 non
1975 3651 2047 3695 ex
2076 3639 2324 3696 materia
2355 3643 2449 3696 est
2492 3637 2894 3700 determinata

466 3705 541 3765 ad
577 3721 759 3765 unum
790 3706 1086 3766 effectum.
1119 3709 1261 3766 Dico
1289 3713 1483 3766 autem
1516 3707 1842 3771 immediate,
1877 3708 2040 3789 quia,
2070 3709 2123 3766 si
2154 3722 2256 3780 per
2283 3709 2481 3768 media
2507 3709 2889 3780 produceret,

461 3783 667 3847 posset
711 3779 1023 3849 provenire
1073 3777 1391 3837 diversitas
1436 3793 1506 3836 ex
1550 3784 1713 3850 parte
1762 3778 2087 3837 mediarum
2134 3793 2471 3837 causarum.
2505 3780 2645 3837 Dico
2700 3779 2887 3839 etiam

462 3860 571 3902 non
592 3862 662 3903 eae
682 3851 933 3912 macena,
964 3848 1108 3922 quia
1134 3849 1289 3906 idem
1322 3862 1510 3921 agens
1535 3854 1594 3906 et
1618 3849 1824 3906 eadem
1854 3850 2088 3907 actione
2126 3855 2334 3907 causat
2382 3849 2655 3907 diversos
2702 3847 2891 3910 effec-

464 3919 566 3974 tus
595 3920 924 3977 secundum
957 3919 1219 3977 materiae
1247 3918 1649 3978 diversitatem
1686 3936 1700 3976 ε
1731 3919 1889 3978 sicut
1915 3921 2080 3977 calor
2105 3918 2285 3992 ignis,
2307 3920 2406 3993 qui
2431 3920 2668 3978 indurat
2690 3919 2887 3979 lutum

466 3991 528 4112 et
553 3985 830 4047 dissolvit
851 4003 1071 4048 ceram.
1101 3989 1205 4047 Dei
1235 3988 1421 4063 igitur
1446 3991 1635 4047 virtus
1664 4002 1785 4048 non
1815 3994 1909 4049 est
1933 3989 2324 4048 determinata
2349 3990 2423 4047 ad
2469 4003 2659 4050 unum
2706 3988 2882 4052 effec-

533 4126 686 4191 Item.
719 4129 920 4187 omnis
946 4128 1137 4190 virtus
1162 4130 1424 4201 perfecta
1446 4130 1519 4189 ad
1550 4145 1625 4189 ea
1651 4130 1855 4190 omnia
1882 4143 1950 4190 se
1975 4129 2239 4187 extendit
2279 4129 2354 4188 ad
2401 4143 2535 4213 quae
2579 4143 2731 4191 suus
2774 4140 2880 4203 per

466 4206 535 4254 se
561 4202 622 4254 et
648 4211 755 4268 pro
800 4200 925 4257 rius
953 4198 1203 4259 effectus
1228 4214 1295 4258 se
1323 4201 1639 4259 extendere
1682 4206 1923 4273 potest:
1953 4200 2111 4259 sicut
2156 4201 2506 4260 aediticativa
2551 4202 2626 4260 ad
2673 4199 2875 4259 omnia

463 4277 532 4324 se
561 4273 731 4327 exten
778 4270 842 4347 it,
870 4269 926 4327 si
953 4272 1212 4340 perfecta
1238 4270 1338 4339 sit,
1369 4285 1501 4342 quae
1530 4279 1790 4343 possunt
1816 4271 2106 4329 rationem
2151 4271 2369 4330 habere
2410 4272 2648 4330 domne.
2677 4273 2878 4329 Virtus

465 4342 660 4396 autem
689 4337 892 4419 divina
916 4345 1008 4398 est
1036 4355 1140 4411 per
1163 4353 1229 4398 se
1261 4354 1448 4399 causa
1468 4342 1732 4411 essendi,
1758 4348 1816 4399 et
1839 4355 1974 4400 esse
2003 4347 2097 4400 est
2122 4342 2253 4414 eJus
2284 4344 2559 4423 proprius
2602 4341 2884 4422 effectuS,

463 4412 532 4467 ut
561 4420 634 4469 ex
677 4405 855 4468 dictis
882 4407 958 4481 (c.
982 4410 1073 4485 21)
1115 4415 1297 4485 patet.
1327 4414 1481 4488 Ergo
1525 4413 1602 4472 ad
1651 4411 1859 4472 omnia
1904 4411 2013 4471 illa
2056 4425 2124 4472 se
2169 4413 2434 4473 extendit
2479 4424 2613 4487 quae
2652 4412 2882 4472 rationi
