3076 5025
470 261 575 316 640
1348 255 1484 312 LlB.
1521 255 1612 315 lv,
1654 254 1806 312 GAP.
1844 254 2031 312 xclll.

541 383 843 439 Praeterea,
878 380 1185 449 peccatum
1215 375 1281 434 in
1320 373 1627 433 voluntate
1672 388 1793 432 non
1839 374 2054 434 accidit
2102 376 2233 433 sine
2276 376 2517 450 aliquali
2561 378 2856 452 ignorantia

471 450 850 508 intellectus:
877 447 1025 504 nihil
1057 446 1214 505 enim
1238 446 1519 504 volumus
1547 446 1666 503 nisi
1696 447 1920 504 bonum
1950 459 2178 516 verum,
2199 448 2291 504 vel
2314 461 2603 519 apparens
2625 465 2639 503 t
2662 464 2762 521 pro

471 524 629 594 quod
676 519 911 587 dicitur,
935 519 1635 585 Prov.,x1v‚22:Eri-ant
1670 520 1770 587 qui
1803 522 2098 588 operantur
2135 520 2369 584 malum
2406 525 2465 575 et
2501 519 2772 592 Philosop
2811 536 2865 583 us

471 593 531 649 in
560 589 729 646 tertio
746 590 924 644 Echio.
954 586 1103 660 (cap.
1129 589 1183 658 3)
1201 587 1345 644 dicit
1363 586 1521 658 quod
1545 588 1745 645 omnis
1769 589 1968 647 malus
1987 594 2079 646 est
2095 587 2404 661 ignorans.
2419 589 2530 647 Sed
2551 591 2740 648 anima
2797 607 2872 652 uae

473 668 564 719 est
594 674 729 716 vere
768 660 943 716 beata
983 658 1153 716 nullo
1181 657 1362 716 modo
1402 664 1751 728 potestesse
1780 660 2089 731 ignorans,
2117 659 2332 717 cumin
2355 661 2475 717 Deo
2495 661 2691 718 omnia
2708 662 2756 717 vi
2797 667 2876 720 eat
2976 722 2981 729 ,

472 746 605 803 quae
662 731 962 799 pertinent
1002 728 1075 786 ad
1125 742 1296 787 suam
1342 728 1790 798 perfectionem.
1840 730 2018 787 Nullo
2047 729 2232 802 igitur
2259 731 2438 788 modo
2466 735 2660 811 potest
2682 733 2872 792 malam

471 803 839 858 voluntatem
884 798 1125 870 habere,
1157 799 1455 870 principue
1483 812 1621 856 cum
1650 799 1755 856 illa
1774 800 1877 856 Dei
1908 799 2061 858 visio
2090 814 2328 872 semper
2355 801 2434 858 sit
2460 815 2521 860 in
2551 807 2700 871 actu,
2738 802 2869 860 utin

471 873 649 929 tei-tio
676 876 769 928 est
798 876 1131 927 ostensum.

543 943 761 1003 Adhuc,
793 940 1131 998 intellectus
1162 946 1368 998 noster
1391 939 1549 998 circa
1577 940 2003 1000 conclusiones
2033 941 2265 1014 aliquas
2282 956 2478 999 errare
2500 948 2709 1014 potest,
2736 948 2875 1002 ante·

476 1025 654 1085 quam
716 1012 774 1068 in
827 1010 1018 1081 prima
1061 1011 1251 1082 princi
1292 1011 1352 1068 ia
1396 1010 1689 1069 resolutio
1731 1009 1853 1079 fiat,
1894 1012 1957 1068 in
2009 1026 2129 1084 qua
2172 1013 2543 1071 resolutione
2566 1013 2682 1084 jam
2716 1015 2867 1083 facta,

476 1083 732 1148 scientia
762 1072 833 1139 d'e
878 1081 1252 1139 conclusioni
1301 1093 1374 1139 us
1421 1081 1694 1150 habetur,
1742 1096 1875 1153 quae
1924 1081 2078 1140 falsa
2121 1096 2258 1141 esse
2304 1096 2423 1141 non
2480 1090 2692 1156 potest.
2732 1085 2869 1142 Sicut

478 1160 676 1210 autem
708 1152 884 1209 habet
911 1165 976 1209 se
1005 1152 1192 1233 princi
1237 1152 1363 1208 ium
1408 1151 1942 1210 demonstrationis
1989 1153 2052 1209 in
2082 1153 2489 1226 speculativis,
2531 1154 2616 1212 ita
2637 1169 2700 1213 se
2724 1155 2868 1214 habet

476 1222 619 1281 finis
667 1223 729 1279 in
778 1222 1133 1294 appetitivis.
1185 1166 1481 1304 (guamdiu
1508 1223 1690 1294 igitur
1722 1221 1902 1279 tinem
1926 1223 2205 1282 ult-imum
2231 1237 2350 1282 non
2394 1226 2767 1305 consequitur
2787 1237 2867 1306 ξος

481 1293 687 1351 luntas
716 1299 942 1360 nostra,
973 1295 1170 1363 potest
1193 1298 1468 1362 perverti,
1503 1305 1627 1349 non
1671 1299 1866 1350 autem
1896 1300 2209 1366 postquam
2238 1294 2309 1351 ad
2342 1295 2680 1352 fruitionem
2711 1296 2865 1354 ultimi

480 1361 625 1422 finis
678 1364 1047 1434 pervenerit,
1103 1361 1263 1436 quod
1319 1369 1411 1421 est
1460 1369 1702 1434 propter
1742 1363 2009 1434 seipsum
2049 1364 2467 1434 desiderabile,
2515 1365 2670 1423 sicut
2710 1366 2867 1438 prima

483 1434 781 1506 principia
810 1432 1389 1491 demonstrationum
1417 1437 1563 1490 sunt
1588 1448 1693 1505 per
1721 1448 1785 1491 se
1816 1441 1978 1492 nota.

552 1505 829 1574 Amplius.
860 1504 1108 1571 bonum,
1140 1503 1494 1575 inquantum
1520 1502 1886 1585 hujusmodi.
1918 1503 2207 1577 diligibile
2237 1510 2348 1564 est.
2376 1506 2548 1575 Quod
2592 1506 2866 1586 igituraj

524 1574 871 1632 rehenditur
907 1578 972 1633 ut
1016 1573 1307 1645 optimum
1344 1578 1437 1632 est
1464 1588 1718 1631 maxime
1747 1574 2061 1648 diligibile.
2088 1575 2200 1633 Sed
2230 1577 2573 1635 substantia
2600 1578 2774 1634 ration
2822 1588 2869 1634 is

525 1651 656 1701 eata
683 1645 892 1703 videns
923 1647 1131 1710 Deum,
1164 1645 1556 1715 apprehendit
1581 1646 1776 1716 ipsum
1811 1652 1874 1703 ut
1892 1645 2205 1717 optimum.
2242 1649 2390 1719 Ergo
2421 1649 2681 1705 maxime
2706 1648 2869 1718 ipsum
2907 1689 2919 1700 .

483 1713 692 1787 diligit.
726 1717 848 1773 Hoc
877 1721 1077 1773 autem
1104 1714 1281 1772 babet
1313 1716 1465 1773 ratio
1501 1716 1727 1773 amoris
1769 1716 1928 1787 quod
1958 1716 2297 1783 voluntates
2326 1731 2390 1775 se
2421 1719 2743 1776 amantium
2775 1718 2875 1775 sint

481 1788 843 1844 conformes.
875 1786 1220 1844 voluntates
1260 1785 1444 1859 igitur
1481 1785 1792 1845 bealorum
1822 1790 1965 1844 sunt
1989 1786 2243 1844 maxime
2272 1789 2619 1847 conformes
2648 1791 2758 1846 Deo
2790 1787 2871 1859 qui

481 1855 626 1913 facit
667 1856 1080 1914 rectitudinem
1122 1856 1485 1926 voluntatis,
1537 1871 1672 1915 cum
1740 1857 1939 1915 divina
1993 1855 2272 1916 voluntas
2327 1859 2406 1917 sit
2462 1860 2654 1930 prima
2702 1858 2872 1931 regula

481 1928 749 1983 omnium
776 1927 1170 1986 voluntatum.
1200 1927 1549 1985 voluntates
1572 1927 1752 2001 igitur
1776 1930 1964 1987 Deum
1990 1926 2318 1987 videntium
2352 1942 2478 1987 non
2504 1936 2751 2002 possunt
2772 1926 2872 1987 fieri

524 2011 792 2055 erversae.

480 2009 518 2067 p
547 2069 700 2135 Item,
739 2067 1024 2139 quamdiu
1068 2066 1289 2140 aliquid
1336 2074 1430 2126 est
1469 2076 1672 2127 natum
1721 2070 1947 2127 moveri
1991 2069 2067 2127 ad
2105 2069 2378 2139 alterum,
2420 2072 2691 2129 nondum
2730 2067 2882 2128 babet
2988 2124 2995 2135 ,

481 2136 755 2216 ultimum
795 2139 997 2194 linem.
1028 2138 1088 2196 Si
1115 2138 1298 2212 igitur
1324 2140 1525 2197 anima
1557 2141 1728 2197 beata
1750 2144 1957 2210 posset
1978 2139 2176 2198 adhuc
2203 2144 2593 2200 transmutari
2637 2143 2706 2199 de
2745 2141 2879 2219 bono

478 2218 541 2264 in
587 2208 831 2278 malum,
878 2209 1143 2265 nondum
1190 2213 1352 2267 esset
1393 2211 1454 2266 in
1505 2210 1716 2268 ultimo
1760 2209 1901 2277 fine,
1945 2211 2107 2282 quod
2148 2218 2244 2269 est
2277 2219 2489 2270 contra
2528 2210 2881 2271 beatitudinis

478 2279 794 2334 rationem.
840 2279 1216 2337 Manifestum
1252 2283 1345 2336 est
1393 2279 1576 2350 igitur
1607 2279 1765 2350 quod
1806 2280 2023 2338 animae
2107 2295 2199 2339 uae
2240 2284 2436 2340 statim
2481 2289 2624 2355 post
2665 2285 2882 2341 mortem

478 2343 631 2404 fiunt
656 2346 844 2405 beatae
871 2348 1200 2407 redduntur
1225 2349 1629 2408 immutabiles
1653 2349 1985 2409 secundum
2010 2363 2086 2408 vo
2117 2356 2400 2412 untatem.

1444 2558 1701 2624 CAPUT
1725 2559 1935 2625 XCIII.

782 2736 935 2789 QUOD
962 2735 1168 2783 ANmAE
1202 2736 1488 2784 mmmm
1513 2738 1658 2784 POST
1683 2740 1928 2786 MORTEM
1952 2742 2188 2789 nanum·
2221 2742 2621 2792 vomitum
2720 2777 2725 2782 ·

1341 2825 1750 2872 mmmmm
1778 2827 1843 2872 IN
1867 2827 2048 2875 mo.

548 2976 827 3056 §imiliter
867 2977 1044 3035 etiam
1073 2983 1149 3060 et·
1171 2978 1387 3038 animai
1416 2995 1550 3061 quae
1578 2983 1774 3040 statim
1806 2989 1944 3055 post
1970 2989 2220 3043 mortem
2252 2986 2598 3046 efficiuntur
2623 2989 2685 3047 in
2710 2985 2873 3061 poenis
2904 2977 2913 2996 “

477 3060 716 3104 miserae
766 3047 1093 3105 redduntur
1133 3050 1540 3109 immutabiles
1586 3055 1918 3111 secundum
1962 3057 2352 3114 voluntatem.

550 3118 868 3175 ostensum
918 3124 1010 3176 est
1055 3119 1216 3199 enim
1265 3120 1324 3177 in
1369 3122 1543 3179 tertio
1575 3123 1725 3195 (cap.
1758 3125 1881 3196 144)
1907 3126 2067 3197 quod
2103 3131 2345 3197 peccato
2375 3130 2617 3188 mortali
2661 3129 2872 3188 debetur

475 3200 653 3259 poena
700 3193 979 3259 perpetua
1031 3202 1388 3270 animarum.
1436 3194 1566 3249 Non
1613 3198 1810 3251 autem
1853 3202 2015 3253 esset
2041 3202 2326 3268 perpetua
2351 3213 2534 3271 poena
2573 3202 2871 3259 animarum

475 3270 610 3330 quae
649 3257 1024 3322 damnantur,
1064 3274 1114 3320 st
1142 3267 1391 3331 possent
1417 3263 1781 3322 voluntatem
1811 3272 2040 3324 mutare
2063 3267 2125 3324 in
2153 3268 2371 3327 melius
2404 3286 2419 3324 :
2448 3272 2596 3342 quia
2637 3272 2899 3342 iniquumf

477 3334 639 3386 esset
664 3330 822 3410 quod
851 3343 922 3385 ex
951 3343 1070 3412 quo
1097 3330 1316 3390 bonam
1353 3332 1719 3393 voluntatem
1755 3335 2045 3395 haberent
2070 3345 2355 3409 perpetuo
2401 3342 2763 3411 punirentur.
2784 3340 2897 3395 Vo··

479 3397 677 3456 luntas
710 3406 888 3480 igitur
916 3414 1129 3459 ammae
1157 3401 1449 3462 damnatae
1480 3417 1599 3463 non
1632 3409 1828 3477 potest
1855 3409 2068 3465 mutari
2107 3408 2170 3466 in
2195 3409 2442 3468 honum.

539 3472 832 3550 ‚Praeter-ea,
851 3483 979 3551 ipsa
996 3471 1355 3531 inordinatio
1383 3474 1703 3534 voluntatis
1731 3478 1999 3548 quaedam
2032 3491 2206 3549 poena
2237 3485 2347 3551 est,
2382 3487 2440 3538 et
2476 3482 2728 3540 maxime
2746 3477 2865 3537 ami·

471 3541 649 3619 ctiva,
701 3555 862 3611 quia,
894 3549 1246 3612 inquantum
1277 3543 1455 3602 habet
1483 3546 1885 3604 inordinatam
1909 3548 2273 3608 voluntatem
2307 3552 2545 3622 aliquis,
2591 3550 2871 3623 displicent

472 3622 528 3665 ei
558 3625 689 3681 quae
721 3617 875 3668 recte
906 3610 1057 3669 fiunt
1082 3631 1096 3682 ;
1124 3616 1184 3670 et
1205 3613 1502 3673 damnatis
1533 3617 1864 3689 displicebit
1892 3618 2049 3690 quod
2081 3620 2363 3679 voluntas
2393 3624 2493 3679 Dei
2529 3625 2795 3694 impletur
2814 3618 2867 3675 in

367 3707 372 3712 -
471 3682 755 3738 omnibus
796 3681 898 3754 qui
945 3683 1245 3753 peccando
1283 3688 1647 3744 restiterunt.
1681 3689 1867 3761 igitur
1892 3689 2236 3749 inordinata
2266 3692 2547 3751 voluntas
2591 3699 2867 3765 nunquam

471 3748 547 3808 ab
578 3751 666 3808 eis
697 3751 958 3809 tolletur.

541 3821 760 3902 Adhuc.
810 3824 1174 3903 voluntatem
1220 3841 1257 3883 a
1300 3834 1543 3907 peccato
1591 3831 1805 3887 mutari
1830 3830 1891 3887 in
1927 3831 2154 3890 bonum
2185 3846 2307 3890 non
2332 3833 2628 3906 contingit
2651 3832 2757 3890 nisi
2783 3841 2873 3900 per

470 3895 720 3962 gratiam
749 3895 870 3960 Dei,
900 3897 964 3950 ut
987 3901 1146 3966 patet
1164 3910 1236 3953 ex
1260 3896 1357 3954 his
1384 3913 1515 3970 quie
1533 3899 1595 3956 in
1618 3902 1792 3959 tertio
1822 3901 1983 3974 (cap.
2012 3906 2115 3960 ¹56
2140 3909 2198 3960 et
2227 3902 2351 3975 157)
2373 3905 2529 3962 dicta
2554 3910 2711 3962 sunt.
2731 3902 2875 3958 Sicut

469 3967 669 4042 autem
706 3962 1004 4046 bonorum
1028 3966 1244 4024 animae
1269 3967 1665 4029 admittuntur
1693 3971 1765 4029 ad
1800 3973 2118 4043 perfectam
2146 3975 2650 4054 participationem
2680 3971 2871 4030 divinae

465 4027 772 4110 bonitatis,
820 4038 901 4092 ita
949 4034 1361 4116 damnatorum
1414 4041 1630 4098 animae
1676 4055 1712 4099 a
1758 4043 1951 4115 gratia
1993 4044 2254 4102 totaliter
2300 4046 2711 4103 excluduntur.
2759 4042 2871 4097 Non

467 4107 651 4172 igitur
681 4110 956 4186 poterunt
978 4107 1515 4189 animaetdamnatae
1542 4112 1601 4168 in
1627 4113 1842 4170 melius
1877 4119 2106 4172 mutare
2128 4115 2514 4175 voluntatem.
2837 4177 2849 4189 ,

536 4172 825 4250 Pater-ea,
851 4181 1009 4233 sicut
1033 4178 1173 4235 boni
1201 4191 1261 4235 in
1289 4194 1468 4239 carne
1500 4182 1786 4252 viventes,
1818 4185 2089 4242 omnium
2114 4198 2364 4243 suorum
2394 4199 2639 4257 operum
2662 4189 2721 4243 et
2742 4181 2865 4241 desi·

467 4236 768 4300 deriorum
800 4244 981 4303 finem
1009 4249 1384 4308 constituunt
1411 4251 1474 4308 in
1501 4254 1646 4320 Deo,
1677 4253 1760 4311 ita
1781 4255 1925 4312 mali
1955 4255 2015 4313 iu
2047 4255 2252 4328 aliquo
2281 4257 2545 4315 indebito
2570 4254 2691 4314 fine
2732 4263 2860 4311 aver·

463 4313 627 4391 iente
677 4325 784 4371 eos
834 4329 871 4396 a
913 4318 1057 4375 Deo.
1087 4318 1198 4399 ‚30²¹
1226 4321 1442 4379 animae
1469 4329 1757 4393 separatae
1781 4323 2080 4384 bonorum
2114 4326 2500 4385 immobiliter
2520 4321 2858 4384 inhaerebunt

465 4378 594 4451 fini,
624 4396 802 4454 quem
829 4398 895 4442 in
916 4387 1027 4445 hac
1051 4392 1174 4449 vita
1199 4389 1313 4448 sibi
1341 4393 1747 4463 praestiterunt
1773 4395 2009 4454 scilicet
2035 4398 2179 4456 Deo.
2208 4399 2364 4471 Ergo
2386 4404 2446 4455 et
2472 4397 2685 4456 animae
2702 4390 2854 4453 malo-
