3076 5025
394 298 499 353 134
1298 292 1430 348 ΗΒ.
1472 293 1545 359 11,
1586 292 1737 347 CAP.
1776 292 1922 347 XXX.

437 418 554 477 uod
584 415 811 490 aliquid
843 415 1060 473 dicitur
1076 414 1483 474 necessarium
1498 413 1773 471 absolute
1795 427 1959 486 :quae
1988 412 2229 486 quidem
2259 412 2594 470 necessitas
2613 412 2832 484 depen-

438 494 495 546 et
522 503 594 546 ex
622 488 825 546 causis
857 486 1153 558 prioribus
1178 486 1239 542 in
1271 498 1406 542 esse
1432 483 1590 541 sicut
1614 498 1686 540 ex
1733 482 2045 554 principiis
2074 482 2502 541 essentialibus
2531 488 2590 540 et
2616 483 2822 541 causis

394 558 816 625 efficientibus
848 557 973 615 sive
1002 554 1400 614 moventibus.
1433 554 1547 613 Sed
1576 555 1688 612 iste
1720 554 1934 612 modus
1967 554 2344 611 necessitatis
2400 552 2463 614 in
2512 554 2704 624 prima
2733 568 2822 610 re-

396 643 529 688 rum
561 628 861 686 creatione
890 627 1088 684 locum
1119 626 1335 684 habere
1363 638 1481 683 non
1519 629 1734 695 potest,
1764 629 2054 697 quantum
2097 624 2171 682 ad
2219 636 2436 682 causas
2467 622 2819 682 efficientes.

393 699 481 759 Ibi
513 698 672 756 enim
700 698 870 756 solus
902 700 1058 756 Deus
1079 711 1263 755 causa
1288 694 1558 754 efficiens
1582 695 1711 763 suit,
1741 695 1914 767 cujus
1943 700 2036 753 est
2052 695 2246 753 solius
2292 708 2516 764 creare,
2550 699 2614 751 ut
2641 707 2828 765 supra

395 768 472 843 (c.
500 769 592 842 21)
621 775 929 828 ostensum
962 773 1070 826 est.
1098 772 1231 839 lpse
1251 772 1447 825 autem
1488 780 1610 823 non
1649 766 2007 823 necessitate
2055 770 2307 835 naturae,
2356 764 2463 823 sed
2492 765 2821 834 voluntate,

395 845 676 912 operatur
700 840 980 908 creando,
1016 842 1280 909 utsupra
1309 837 1383 909 (c.
1414 837 1504 909 23)
1537 841 1849 894 ostensum
1879 842 1990 893 est.
2035 838 2117 894 Ea
2143 849 2305 912 vero,
2333 849 2466 907 quae
2519 835 2828 893 voluntate

393 909 565 979 fiunt,
593 910 1011 967 necessitatem
1042 908 1259 966 babere
1288 921 1409 965 non
1436 912 1712 979 possunt,
1745 906 1861 964 nisi
1909 921 1983 964 ex
2024 907 2158 964 sola
2202 904 2343 964 finis
2384 906 2823 978 suppositione,

395 980 727 1040 secundum
754 994 932 1052 quam
971 978 1234 1037 debitum
1258 983 1350 1036 est
1379 978 1481 1034 fini
1516 986 1580 1034 ut
1608 992 1677 1035 ea
1698 978 1952 1058 sintper
1980 991 2112 1050 quae
2138 976 2484 1060 pervenitur
2511 975 2820 1058 adfinem.

394 1050 506 1111 Sed
533 1055 822 1123 quantum
843 1051 916 1108 ad
951 1062 1168 1108 causas
1198 1049 1481 1107 formales
1509 1047 1602 1105 vel
1633 1049 1994 1117 materialeS,
2023 1047 2176 1105 nihil
2226 1048 2503 1118 prohibet
2529 1052 2711 1105 etiam
2759 1061 2822 1104 ιιι

395 1121 588 1194 prima
619 1134 817 1178 rerum
861 1120 1163 1178 creatione
1217 1119 1636 1177 necessitatem
1682 1118 2019 1176 absolutam
2062 1117 2342 1175 inveniri.
2392 1120 2474 1175 Ex
2501 1117 2617 1175 hoc
2660 1117 2828 1176 enim

394 1191 554 1264 quod
576 1191 778 1263 aliqua
798 1205 1049 1262 corpora
1077 1205 1149 1248 ex
1179 1189 1490 1248 elementis
1522 1189 1743 1246 suerint
1770 1188 2105 1260 composita
2159 1189 2570 1246 necessarium
2611 1188 2724 1246 fuit
2756 1202 2829 1246 ea

394 1261 591 1321 calida
611 1267 714 1320 aut
735 1261 953 1334 frigida
970 1275 1106 1321 esse
1134 1278 1150 1331 3
1177 1265 1236 1318 et
1265 1275 1339 1319 ex
1358 1261 1473 1318 hoc
1500 1259 1662 1341 quod
1691 1260 1892 1332 aliqua
1920 1231 2268 1330 superficies
2296 1259 2585 1330 producta
2614 1264 2707 1317 est
2733 1258 2833 1315 tri-

397 1333 710 1405 angularis
734 1332 962 1406 flgurae,
998 1331 1404 1390 necessarium
1438 1330 1551 1388 fuit
1578 1330 1739 1403 quod
1769 1336 1889 1387 tres
1913 1330 2166 1405 angulos
2196 1329 2458 1401 aequales
2479 1328 2716 1388 duobus
2745 1343 2834 1387 re-

401 1403 515 1462 ctis
546 1403 809 1461 haberet.
840 1405 974 1461 Raec
1004 1406 1200 1460 autem
1246 1401 1579 1460 necessitas
1622 1405 1716 1460 est
1756 1401 2086 1458 secundum
2137 1399 2408 1458 ordinem
2450 1398 2699 1458 effectus
2754 1399 2834 1457 ad

395 1486 647 1531 causam
673 1480 930 1530 creatam
982 1472 1345 1530 materialem
1374 1473 1467 1529 vel
1506 1472 1840 1529 formalem.
1887 1470 2051 1528 Unde
2115 1471 2444 1530 secundnm
2477 1471 2632 1528 hanc
2663 1472 2829 1528 Dens

395 1543 628 1601 debitor
656 1543 773 1601 dici
796 1556 916 1600 non
946 1547 1162 1614 potest,
1186 1543 1289 1600 sed
1316 1542 1511 1614 magis
1542 1543 1603 1598 in
1636 1547 1965 1599 creaturam
1996 1541 2259 1599 debitum
2296 1540 2676 1599 necessitatis
2724 1555 2826 1598 ca·

396 1614 503 1671 dit.
534 1616 598 1670 ln
620 1627 818 1670 rerum
845 1618 1042 1670 autem
1072 1613 1522 1740 prossagatione,
1570 1612 1673 1669 ubi
1707 1612 1835 1684 J'am
1882 1618 2151 1670 creatura
2188 1610 2456 1669 efficiens
2503 1610 2826 1680 invenitur,

393 1688 594 1756 potest
622 1697 756 1741 esse
784 1684 1116 1741 necessitas
1148 1697 1183 1740 a
1225 1683 1423 1740 soluta
1452 1695 1488 1739 a
1514 1696 1700 1740 causa
1725 1681 2025 1741 efficiente
2065 1687 2301 1751 creata;
2335 1682 2493 1740 sicut
2542 1697 2613 1739 ex
2654 1685 2828 1739 motu

396 1753 549 1813 solis
580 1753 858 1811 inferiora
883 1767 1134 1824 corpora
1165 1753 1509 1811 necessario
1540 1752 1948 1811 immutantur.

467 1823 564 1882 Sic
593 1824 778 1896 igitur
799 1838 873 1881 ex
898 1823 1197 1895 praedictis
1226 1823 1404 1881 debiti
1429 1823 1766 1882 rationibus
1786 1822 2022 1896 justitia
2049 1823 2341 1882 naturalis
2369 1823 2433 1881 in
2460 1823 2641 1882 rebus
2659 1822 2825 1880 inve·

394 1893 560 1951 nitur
587 1900 950 1966 etquantum
975 1895 1048 1951 ad
1081 1908 1275 1952 rerum
1304 1895 1669 1953 creationem
1725 1899 1783 1951 et
1830 1899 2118 1967 quantum
2167 1894 2242 1952 ad
2281 1905 2476 1952 rerum
2528 1907 2827 1965 propaga-

394 1963 620 2092 tiolnem
654 1982 669 2019 ε
697 1970 755 2021 et
790 1965 926 2023 ideo
958 1967 1114 2022 Deus
1144 1963 1534 2036 diciturjuste
1565 1970 1622 2022 et
1651 1964 2096 2023 rationabiliter
2121 1965 2326 2022 omnia
2352 1964 2720 2033 condidisse,
2770 1967 2833 2021 et

441 2048 478 2093 u
522 2047 754 2093 ernare.

394 2045 439 2108 ⁸
462 2103 561 2164 Sic
586 2105 772 2176 igitur
794 2118 904 2177 per
967 2105 1210 2163 raedicta
1232 2104 1568 2163 excluditur
1587 2105 1805 2177 duplex
1832 2119 2033 2163 error:
2057 2118 2266 2163 eorum
2288 2105 2520 2164 scilieet
2543 2105 2644 2178 qui
2677 2103 2830 2163 divi-

394 2187 535 2235 nam
566 2175 891 2247 potentiam
940 2177 1241 2234 imitantes
1270 2174 1544 2234 dicebant
1573 2178 1759 2233 Deum
1785 2189 1903 2233 non
1934 2189 2115 2248 posse
2167 2176 2361 2234 facere
2410 2176 2529 2233 nisi
2564 2189 2700 2249 quae
2741 2175 2827 2233 fe-

394 2244 499 2316 cit,
529 2246 671 2318 quia
690 2247 779 2304 sic
797 2246 989 2304 facere
1009 2246 1203 2316 debet,
1226 2251 1286 2303 et
1308 2259 1527 2308 eorum,
1589 2247 1647 2318 ui
1667 2247 1895 2316 dicunt,
1922 2247 2080 2320 quod
2097 2247 2302 2305 omnia
2321 2252 2656 2329 sequnntur
2687 2245 2832 2304 sim-

392 2314 611 2398 plicem
642 2317 1007 2446 voiluntatem
1037 2317 1265 2390 absque
1291 2316 1494 2389 aliqua
1523 2331 1559 2373 a
1586 2317 1642 2375 ia
1672 2317 1904 2374 ratione
1922 2318 2016 2374 vel
2044 2316 2364 2391 quaerenda
2407 2329 2473 2375 m
2522 2316 2705 2376 rebus
2735 2314 2830 2375 vel

1364 2554 1619 2620 CAPUT
1655 2555 1844 2620 XXX„

615 2726 907 2780 immun
940 2725 1008 2771 IN
1038 2726 1228 2772 mus
1254 2726 1498 2773 dauns
1525 2726 1726 2773 Possm·
1752 2726 1897 2771 Essa·
1921 2725 2270 2773 NECESSITAS
2299 2726 2627 2775 neotum.

467 2881 628 2940 Licet
644 2885 843 2939 autem
869 2881 1075 2939 omnia
1102 2896 1175 2939 ex
1203 2881 1307 2939 Dei
1335 2881 1641 2940 voluntate
1669 2881 2042 2952 dependeant
2070 2882 2228 2940 sicut
2259 2897 2332 2940 ex
2377 2882 2570 2954 prima
2616 2896 2826 2956 causa,

394 2965 530 3033 qnae
556 2951 616 3008 in
650 2950 954 3022 operando
982 2953 1400 3010 necessitatem
1427 2965 1548 3008 non
1582 2952 1758 3010 habet
1808 2953 1924 3010 nisi
1956 2968 2029 3010 ex
2057 2953 2152 3011 sui
2193 2953 2487 3024 propositi
2533 2954 2825 3025 supposi-

392 3029 576 3083 tione,
610 3034 731 3079 non
761 3026 959 3079 tamen
978 3035 1084 3093 pro
1129 3027 1216 3079 ter
1242 3023 1358 3080 hoc
1395 3021 1674 3080 absoluta
1723 3023 2057 3082 necessitas
2086 3038 2124 3082 a
2145 3023 2326 3082 rebus
2352 3024 2706 3091 excluditur,
2761 3029 2829 3082 ut

395 3091 474 3152 sit
502 3092 911 3149 necessarium
942 3105 1055 3150 nos
1109 3093 1253 3149 ateri
1286 3094 1491 3151 omnia
1512 3094 1928 3164 contingentia
1954 3107 2090 3153 esse
2122 3111 2137 3150 z
2164 3093 2326 3167 quod
2419 3099 2583 3152 osset
2633 3093 2825 3153 alicui

388 3160 579 3219 videri
609 3176 678 3220 ex
706 3162 821 3221 hoc
848 3162 1009 3235 quod
1038 3176 1073 3220 a
1095 3177 1281 3221 causa
1310 3177 1421 3221 sua
1445 3177 1565 3223 non
1584 3164 1656 3221 de
1678 3164 2033 3223 necessitate
2055 3163 2333 3222 absoluta
2402 3164 2659 3233 uxerint;
2682 3178 2827 3222 cnm

377 3232 630 3313 ,soleant
656 3232 720 3289 in
746 3232 923 3290 rebus
947 3246 1082 3292 esse
1111 3234 1529 3315 contingentes
1559 3232 1808 3293 effectus
1836 3233 1938 3307 qui
1968 3249 2041 3292 ex
2064 3249 2249 3293 causa
2302 3249 2414 3294 sua
2444 3248 2564 3292 non
2613 3233 2685 3292 de
2714 3248 2825 3294 ne-

394 3308 673 3363 cessitate
702 3302 1051 3375 procedunt.
1080 3305 1230 3362 Sunt
1255 3318 1414 3362 emm
1442 3304 1713 3387 quaedam
1741 3304 1804 3362 in
1829 3304 2013 3386 rebus
2042 3305 2280 3375 creatiS,
2310 3319 2444 3432 ‹111ae
2473 3304 2830 3377 simpliciter

392 3377 454 3433 et
476 3373 749 3432 absolute
779 3387 1027 3433 necesse
1057 3380 1150 3433 est
1176 3388 1331 3433 esse.
1364 3375 1505 3433 Illas
1533 3389 1695 3433 enim
1749 3390 1847 3434 res
1889 3376 2241 3447 simpliciter
2294 3391 2326 3434 e
2403 3375 2677 3434 absolute
2717 3390 2830 3435 ne-

392 3457 565 3526 cesse
593 3449 685 3503 est
713 3457 848 3502 esse
866 3444 929 3501 in
953 3444 1175 3526 quibus
1200 3458 1327 3504 ‹non
1358 3451 1451 3504 est
1476 3445 1854 3526 possibilitas
1883 3446 1956 3504 ad
1979 3460 2256 3506 non-esse
2284 3465 2300 3504 z
2332 3446 2598 3529 quaedam
2623 3454 2827 3507 autem

391 3527 490 3573 res
511 3527 600 3572 sic
624 3519 767 3573 sunt
793 3529 830 3572 a
854 3517 976 3572 Deo
1004 3529 1067 3596 in
1099 3529 1235 3574 esse
1262 3516 1587 3587 productae,
1617 3522 1772 3574 utin
1802 3530 2007 3575 earum
2037 3523 2258 3575 natura
2302 3522 2383 3575 sit
2427 3518 2699 3590 potentia
2747 3517 2826 3577 ad

392 3598 516 3642 non
547 3599 682 3643 esse
707 3603 724 3655 ;
754 3585 912 3657 quod
939 3585 1177 3659 quidem
1216 3587 1515 3660 contingit
1534 3602 1607 3644 ex
1638 3587 1752 3645 boc
1776 3588 1937 3661 quod
1963 3588 2212 3646 materia
2230 3588 2292 3645 in
2323 3590 2414 3647 eis
2447 3594 2539 3646 est
2598 3588 2831 3649 otentia

390 3654 468 3714 ad
497 3656 675 3713 aliam
706 3655 978 3736 formam.
1011 3657 1132 3713 111ae
1155 3656 1339 3729 igitur
1365 3671 1462 3715 res
1490 3658 1552 3714 in
1581 3657 1800 3731 quibus
1825 3659 1919 3716 vel
1947 3673 2069 3717 non
2090 3665 2183 3717 est
2210 3659 2460 3717 materia
2487 3673 2556 3716 ve
2601 3658 2675 3733 (si
2709 3657 2829 3733 est)

389 3731 638 3807 nonest
664 3726 975 3798 possibilis
994 3725 1069 3784 ad
1096 3726 1277 3786 aliam
1307 3728 1583 3799 formam,
1610 3742 1733 3786 non
1758 3728 1980 3787 habent
2007 3730 2332 3801 potentiam
2379 3729 2456 3788 ad
2485 3742 2609 3788 non
2665 3743 2826 3788 esse.

384 3796 505 3854 Eas
526 3797 710 3869 igitur
736 3797 1012 3855 absolute
1041 3801 1098 3854 et
1119 3797 1475 3870 simpliciter
1504 3811 1752 3858 necesse
1785 3806 1879 3858 est
1902 3812 2061 3858 esse.

463 3865 522 3923 Si
553 3873 749 3923 autem
781 3867 1013 3926 dicatur
1080 3867 1200 3926 uod
1229 3883 1302 3927 ea
1319 3883 1451 3942 quae
1478 3874 1619 3927 sunt
1648 3885 1720 3927 ex
1747 3870 1962 3939 nihilo,
1992 3874 2280 3944 quantum
2301 3874 2395 3929 est
2423 3869 2495 3928 de
2513 3884 2602 3938 se,
2632 3870 2698 3927 in
2725 3870 2826 3930 ni·

392 3933 582 4015 hilum
610 3936 880 4005 tendunt,
923 3943 983 3996 et
1009 3950 1044 3996 s
1067 3952 1103 3996 e
1130 3938 1195 3998 in
1242 3939 1527 3998 omnibus
1560 3943 1851 3999 creaturis
1884 3941 2041 3998 inest
2069 3941 2339 4013 potentia
2365 3941 2440 3999 ad
2487 3954 2612 3999 non
2660 3953 2825 4012 esse,

388 4005 776 4086 manifestum
808 4009 1032 4067 estboc
1058 4022 1183 4068 non
1213 4010 1405 4083 sequi.
1437 4012 1729 4068 Dicuntur
1755 4011 1916 4068 enim
1946 4024 2043 4069 res
2070 4017 2284 4069 creatae
2324 4025 2397 4070 eo
2425 4012 2609 4070 modo
2638 4011 2702 4068 in
2732 4011 2825 4069 ni·

390 4073 582 4133 hilum
602 4078 851 4157 ⁸tendere
881 4093 1001 4151 quo
1034 4085 1177 4138 sunt
1203 4095 1277 4137 ex
1296 4080 1488 4138 nihilo
1516 4098 1532 4137 ε
1565 4081 1726 4154 quod
1754 4081 1993 4154 quidem
2025 4094 2148 4140 non
2173 4088 2285 4153 est,
2314 4083 2432 4140 nisi
2487 4082 2817 4140 secundum

384 4149 729 4228 potentiam.
743 4149 999 4221 agentis.
1029 4150 1127 4209 Sic
1154 4149 1338 4224 igitur
1365 4150 1428 4207 in
1458 4151 1638 4210 rebus
1661 4154 1877 4210 creatis
1902 4165 2025 4210 non
2054 4152 2214 4210 inest
2255 4153 2523 4225 potentia
2568 4151 2644 4210 ad
2697 4164 2813 4209 non

389 4228 547 4284 esse,
580 4217 685 4275 sed
714 4231 775 4274 ιιι
802 4220 1076 4278 creatore
1106 4220 1265 4280 inest
1292 4222 1559 4293 potentia
1579 4228 1641 4279 ut
1667 4223 1756 4281 eis
1784 4222 1884 4280 det
1931 4236 2069 4281 esse
2116 4223 2210 4281 vel
2263 4223 2353 4281 eis
2395 4223 2635 4281 desinat
2681 4234 2813 4280 esse

388 4284 662 4357 influere,
693 4302 826 4346 cum
858 4303 980 4348 non
1009 4305 1083 4348 ex
1113 4293 1467 4350 necessitate
1491 4299 1719 4352 naturae
1731 4297 1865 4366 agat
1894 4292 1968 4352 ad
1993 4306 2192 4352 rerum
2211 4293 2690 4366 productionem,
2713 4288 2821 4350 sed

390 4369 465 4416 ex
490 4357 818 4429 voluntate,
850 4366 914 4416 ut
934 4359 1008 4433 (c.
1035 4361 1126 4435 23)
1157 4368 1465 4421 ostensum
1489 4371 1600 4422 est.

456 4428 609 4495 Item,
641 4441 713 4486 ex
740 4443 860 4503 quo
886 4444 983 4489 res
1014 4438 1223 4492 creatae
1253 4448 1327 4492 ex
1352 4433 1555 4493 divina
1590 4433 1894 4492 voluntate
1945 4434 2009 4491 in
2045 4447 2182 4493 esse
2208 4434 2526 4507 prodeunt,
2581 4434 2828 4506 oportet
