3076 5025
338 202 408 259 80
1231 190 1366 247 Liss.
1407 191 1452 259 1,
1493 189 1647 247 CAP.
1685 187 1885 245 Lxxn.

341 326 489 402 gunt
515 324 575 376 et
599 314 886 376 sentiunt.
914 316 1062 373 Nam
1103 325 1210 385 per
1257 313 1372 371 hoc
1413 311 1607 381 magis
1658 308 2056 390 attenderetur
2102 306 2390 369 habitudo
2434 319 2639 365 rerum
2698 306 2777 366 ad

341 390 773 461 intelligentem
802 391 859 442 et
887 385 1264 449 sentientem,
1294 382 1436 455 quia
1464 381 1793 455 intelligere
1823 384 1881 436 et
1899 386 2120 436 sentire
2141 384 2234 437 est
2258 377 2770 452 secundumquod

340 475 439 520 res
472 464 612 518 sunt
643 459 701 514 in
733 456 1038 513 intellectu
1068 461 1126 511 et
1166 466 1372 517 sensu.
1404 450 1737 510 secundum
1768 450 2010 508 modum
2064 450 2395 522 utriusque.
2433 448 2614 505 Habet
2667 461 2770 508 au·

342 539 462 589 tem
497 527 900 586 habitudinem
935 525 1203 584 sentiens
1227 523 1652 593 etinteiligens
1697 521 1769 579 ad
1821 534 1945 578 rein
1987 534 2119 593 quae
2166 527 2254 578 esi
2298 526 2462 577 extra
2505 519 2772 578 animam

344 615 449 674 per
473 602 837 657 voluntatem
867 602 927 654 et
953 596 1298 667 appetitum.
1332 593 1490 650 Unde
1522 592 1723 650 omnia
1753 592 2076 649 sentientia
2101 590 2577 671 etinteiligentia
2599 603 2777 662 appe·

341 677 479 729 tunt
505 678 565 728 et
589 670 814 726 volunt.
848 667 1129 725 voluntas
1157 672 1353 723 tamen
1385 664 1621 735 proprie
1653 662 1717 719 in
1746 662 2050 720 intellectu
2080 666 2190 721 est.
2216 663 2360 718 Cum
2399 667 2582 735 igitur
2611 662 2773 719 Deus

343 742 426 802 sit
455 741 819 812 intelligenS,
850 742 1083 809 oportet
1106 734 1263 809 quod
1296 734 1376 792 sit
1403 736 1631 791 volens.

413 812 688 880 Amplius,
720 807 864 866 iilud
894 807 1054 880 quod
1083 805 1472 877 consequitur
1496 817 1673 863 omne
1703 816 1833 873 ens,
1862 802 2142 861 convenit
2194 801 2336 869 enti,
2371 801 2436 859 in
2478 806 2772 882 quantum

345 888 440 941 est
466 895 594 940 ena.
622 878 789 948 Quod
819 884 1013 937 autem
1046 883 1137 934 est
1163 875 1528 947 hujusmodi,
1560 879 1793 945 oportet
1821 874 1980 946 quod
2010 873 2072 929 in
2106 886 2179 930 eo
2204 872 2459 930 maxime
2499 871 2773 930 invenia-

343 959 459 1015 tur.
492 952 649 1024 quod
680 956 771 1007 est
795 962 1047 1020 primum
1088 961 1217 1005 ens.
1250 946 1501 1003 Cuilibet
1529 951 1728 1003 autem
1757 945 1876 1001 enti
1910 943 2219 1026 ,competit
2269 951 2541 1013 appetere
2586 955 2767 1002 suam

343 1023 765 1097 perfectionem
812 1024 871 1077 et
915 1017 1426 1076 conservationem
1474 1017 1569 1074 sui
1616 1029 1771 1083 esse,
1821 1028 2143 1086 unicuique
2189 1021 2385 1093 tame-n
2432 1014 2768 1094 secundum

348 1108 522 1153 suum
560 1092 803 1148 modum
840 1088 1386 1146 :intellectualibus
1434 1087 1676 1159 quidem
1705 1099 1810 1157 per
1841 1086 2225 1152 voluntatem,
2258 1084 2626 1142 animalibus
2671 1098 2775 1155 per

347 1163 694 1222 sensibilem
740 1160 1084 1231 appetitum,
1114 1159 1453 1216 carentibus
1496 1171 1632 1214 vero
1670 1170 1853 1214 sensu
1898 1170 2002 1226 per
2043 1155 2367 1226 appetitum
2409 1154 2767 1212 naturalem.

344 1234 528 1293 Aliter
556 1238 775 1299 tamen,
815 1244 946 1303 quae
974 1230 1192 1288 babent
1220 1237 1278 1286 et
1305 1243 1435 1301 quae
1469 1242 1588 1286 non
1621 1227 1856 1284 habent.
1889 1228 2035 1283 Nam
2066 1241 2137 1283 ea
2186 1239 2317 1298 quae
2362 1238 2481 1283 non
2531 1225 2773 1306 babent,

344 1300 1637 1442 sttgti‘ivffitittftistrisissia
1651 1294 2771 1440 ‘altmiiotdigssili{iissffliffluffi

1803 1406 1818 1422 ·
2565 1408 2580 1433 2

347 1447 506 1502 Deus
534 1389 646 1512 egi,
679 1442 887 1499 deesse
939 1454 1059 1499 non
1108 1446 1323 1522 potest.
1357 1442 1498 1496 Cum
1532 1440 1714 1510 igitur
1750 1440 1893 1518 ipse·
1925 1438 2003 1495 sit
2045 1437 2413 1510 intelligens,
2441 1438 2601 1495 inest
2649 1436 2770 1496 sibi

345 1516 625 1574 voluntas
654 1527 772 1586 qua
796 1513 987 1582 placet
1015 1510 1130 1570 sibi
1158 1524 1331 1568 suum
1365 1525 1498 1567 esse
1530 1516 1588 1566 et
1617 1523 1729 1566 sua
1754 1508 2014 1566 bonitas.

417 1587 568 1645 Item.
601 1583 932 1653 intelligere
962 1586 1185 1653 quanto
1214 1580 1535 1652 perfectius
1564 1586 1673 1649 est,
1706 1585 1870 1636 tanto
1897 1577 2310 1658 delectabilius
2363 1578 2719 1650 intelligenti
2747 1595 2768 1648 3

348 1654 456 1713 sed
508 1656 664 1710 Deus
715 1650 1013 1723 intelligit,
1045 1656 1104 1709 et
1149 1665 1324 1708 suum
1377 1651 1709 1722 intelligere
1757 1655 1848 1707 est
1891 1650 2414 1720 perfectissimum,
2465 1658 2527 1707 ut
2584 1662 2766 1720 supra

348 1726 503 1806 (cap.
544 1724 633 1794 44)
673 1728 980 1780 ostensum
1013 1726 1122 1780 est.
1150 1724 1301 1793 Ergo
1335 1722 1667 1792 intelligere
1697 1727 1786 1778 est
1816 1720 1868 1777 ei
1920 1720 2533 1778 detestabilissimum.
2566 1721 2770 1777 Delec-

350 1801 497 1853 tatio
524 1792 923 1864 intelligibilis
953 1799 1044 1850 est
1073 1806 1178 1863 pei·
1216 1793 1601 1859 voluntatem,
1629 1792 1786 1848 sicut
1810 1791 2121 1849 delectatio
2170 1791 2478 1850 sensibilis
2526 1794 2618 1849 est
2663 1800 2771 1864 per

349 1864 853 1935 concupiscentiae
885 1863 1228 1934 appetitum.
1264 1865 1363 1919 Est
1393 1863 1575 1932 igitur
1600 1862 1658 1919 in
1690 1864 1811 1918 Deo
1840 1862 2136 1920 voluntas.

419 1938 709 1996 Praeterea,
757 1935 946 1990 forma
991 1947 1096 2004 pei·
1140 1934 1503 1990 intellectum
1553 1932 1928 1990 considerata
1973 1946 2094 1989 non
2138 1937 2353 1998 movet,
2396 1944 2507 1989 nec
2546 1929 2777 2003 aliquid

351 2012 560 2064 causat
585 2005 703 2062 nisi
737 2004 1031 2061 mediante
1059 2004 1381 2072 voluntate,
1411 2005 1584 2072 cujus
1609 2003 1903 2074 obJectum
1930 2011 2022 2061 est
2046 2002 2206 2072 finis,
2237 2008 2296 2060 et
2322 2003 2543 2061 bonum
2584 2016 2622 2060 a
2652 2014 2774 2075 quo

351 2082 622 2135 movetur
668 2075 887 2146 aliquis
934 2074 1007 2131 ad
1054 2074 1370 2146 agendum,
1407 2075 1560 2132 unde
1594 2074 1930 2131 intellectus
1960 2073 2362 2144 speculativus
2392 2087 2510 2129 non
2548 2077 2769 2139 movet,

351 2161 545 2219 neque
573 2145 922 2216 imaginatio
957 2159 1103 2214 pura
1126 2145 1351 2216 absque
1380 2146 1796 2202 aestimatione.
1827 2144 1939 2201 Sed
1983 2146 2173 2201 forma
2200 2144 2537 2200 intellectus
2586 2143 2774 2200 divini

352 2223 443 2275 est
474 2230 656 2274 causa
686 2222 884 2273 motus
913 2221 971 2271 ct
1000 2228 1132 2272 esse
1163 2215 1221 2271 in
1255 2216 1415 2272 aliis.
1447 2216 1581 2286 Agit
1628 2216 1786 2272 enim
1815 2229 1908 2272 res
1936 2229 2041 2287 pei·
2085 2214 2471 2284 intellectum,
2513 2218 2579 2271 ut
2619 2213 2776 2274 infra

352 2287 702 2346 ostendetur
726 2284 897 2343 etsie
927 2290 1158 2356 oportet
1181 2286 1338 2357 quod
1361 2287 1487 2356 ipse
1514 2287 1594 2342 sit
1620 2286 1849 2345 volens.

420 2359 574 2426 Item,
607 2357 666 2413 in
701 2355 1020 2414 virtutibus
1063 2356 1302 2412 motivis
1346 2363 1404 2412 et
1450 2356 1808 2413 habentibus
1851 2355 2217 2414 intellectum
2263 2354 2427 2425 prior
2470 2355 2772 2414 invenitur

350 2429 650 2486 voluntas.
673 2430 818 2484 Nam
841 2428 1119 2484 voluntas
1141 2440 1375 2506 omnem
1410 2427 1734 2496 potentiam
1764 2428 2022 2508 applicat
2050 2427 2121 2484 ad
2154 2439 2327 2484 suum
2357 2432 2575 2484 actum.
2601 2425 2775 2506 intel·

352 2499 599 2571 ligimus
629 2498 789 2555 enim
815 2497 955 2570 quia
979 2499 1292 2567 volumus;
1326 2498 1725 2569 imaginamur
1749 2512 1888 2570 quia
1916 2498 2215 2565 volumuS‚
2255 2501 2312 2554 et
2354 2495 2442 2555 sic
2492 2496 2562 2555 de
2606 2496 2768 2556 aliis.

351 2573 421 2627 Et
444 2570 557 2626 boc
584 2570 779 2637 habet,
802 2569 941 2640 quia
966 2569 1257 2639 objectum
1291 2569 1420 2641 eJus
1451 2574 1542 2625 est
1571 2568 1729 2637 sinis,
1753 2570 2026 2642 quamvis
2057 2569 2395 2625 intellectus
2419 2582 2539 2625 non
2562 2582 2775 2626 secun·

352 2639 492 2697 dum
528 2639 769 2697 modum
796 2653 995 2697 causae
1025 2638 1338 2697 efficientis
1369 2646 1426 2695 et
1455 2640 1770 2709 iiioventiS‚
1803 2641 1904 2698 sed
1939 2640 2266 2699 secundum
2304 2639 2542 2697 modum
2574 2653 2774 2698 causae

351 2708 551 2767 finalis
601 2716 835 2767 moveat
887 2709 1271 2774 voluntatem,
1311 2712 1698 2781 proponendo
1741 2712 1855 2769 sibi
1906 2724 2080 2768 suum
2131 2711 2447 2780 objectum,
2494 2711 2654 2782 quod
2683 2716 2777 2769 est

351 2778 512 2838 finis.
543 2782 738 2838 Primo
769 2781 952 2852 igitur
980 2783 1237 2851 moventi
1269 2783 1548 2838 convenit
1577 2782 1831 2839 maxime
1864 2782 2078 2839 habere
2103 2782 2489 2853 voluntatem.
2575 2850 2586 2860 ⁵

420 2853 706 2918 Praeterea‚
743 2851 990 2907 liberum
1022 2858 1113 2908 est
1141 2852 1297 2924 quod
1329 2853 1422 2907 sui
1452 2867 1636 2909 causa
1664 2858 1774 2920 est,
1803 2858 1860 2909 et
1889 2854 1977 2910 sic
2005 2853 2254 2908 liberum
2279 2851 2453 2912 labet
2479 2858 2775 2908 rationem

352 2921 482 2992 ejus
508 2921 666 2994 quod
697 2927 788 2978 est
819 2935 922 2988 pei·
949 2935 1035 2978 se.
1062 2924 1347 2979 Voluntas
1372 2930 1569 2978 autem
1602 2923 1790 2992 prima
1823 2922 1997 2980 babet
2024 2923 2353 2979 libertatem
2405 2922 2466 2978 in
2514 2921 2766 2991 agendo.

350 2993 418 3050 In
447 2998 730 3064 quantum
763 2991 920 3048 enim
960 2991 1289 3048 voluntarie
1320 2993 1442 3062 agit
1465 2994 1623 3064 quiS,
1655 2993 1871 3050 dicitur
1900 2993 2083 3050 libere
2109 3007 2284 3065 agere
2335 3003 2768 3064 quamcumque

352 3062 668 3119 actionem.
703 3064 900 3117 Primo
930 3061 1115 3132 igitur
1155 3062 1353 3133 agenti
1395 3063 1650 3119 maxime
1698 3064 1980 3135 competit
2018 3078 2124 3135 per
2162 3064 2528 3122 voluntatem
2569 3074 2765 3134 agere,

351 3132 449 3189 cui
481 3132 735 3189 maxime
765 3131 1043 3202 competit
1074 3145 1178 3203 per
1206 3145 1270 3189 se
1297 3146 1492 3202 agere.

421 3203 698 3273 Amplius,
731 3201 869 3259 finis
898 3206 952 3258 et
983 3215 1169 3273 agens
1197 3202 1267 3259 ad
1303 3202 1477 3275 tinem
1528 3218 1762 3275 semper
1808 3206 1990 3263 unius
2029 3203 2262 3262 ordinis
2298 3203 2683 3261 inveniuntur
2705 3201 2774 3259 in

353 3272 534 3331 rebus
569 3291 583 3330 ε
638 3273 794 3329 unde
839 3272 980 3329 finis
1030 3274 1360 3343 proximuS‚
1393 3276 1492 3346 qui
1525 3282 1617 3332 est
1664 3278 2150 3348 proportionatiis
2179 3276 2401 3347 agenti,
2457 3274 2664 3331 incidit
2706 3272 2777 3330 in

351 3343 509 3400 idem
557 3344 754 3413 specie
787 3357 921 3399 cum
953 3349 1186 3413 agente,
1220 3350 1336 3400 tam
1372 3344 1430 3400 in
1464 3348 1841 3404 naturalibus
1863 3360 2038 3419 quam
2072 3346 2132 3402 in
2165 3344 2595 3402 artificialibus.
2627 3346 2775 3403 Nam

353 3414 545 3471 forma
570 3413 714 3471 ariis
743 3428 847 3484 per
874 3426 1049 3485 quam
1080 3414 1289 3471 artifex
1320 3416 1462 3485 agit,
1494 3416 1584 3473 est
1628 3418 1859 3487 species
1895 3419 2120 3485 formae,
2155 3431 2287 3487 quae
2340 3422 2432 3473 est
2479 3416 2542 3473 in
2595 3419 2777 3472 mate-

349 3484 463 3552 ria,
493 3497 625 3554 quae
655 3489 746 3541 est
774 3484 911 3540 finis
942 3484 1209 3552 artificis,
1242 3492 1302 3541 et
1336 3487 1524 3544 soi-ma
1556 3488 1571 3543 i
1620 3490 1714 3545 nis
1761 3488 2124 3560 generantis,
2153 3502 2271 3559 qua
2316 3488 2459 3559 agit,
2491 3492 2584 3543 est
2610 3484 2771 3557 ejus-

353 3551 487 3611 dem
516 3555 740 3634 speciei
771 3567 905 3610 cum
950 3555 1139 3634 sorma
1170 3555 1331 3627 ignis
1376 3572 1594 3629 genera
1623 3560 1662 3626 i,
1688 3572 1819 3630 quae
1870 3563 1961 3616 est
2009 3557 2148 3615 finis
2191 3557 2619 3629 generationis
2652 3558 2777 3613 Deo

352 3629 547 3681 autem
583 3623 732 3705 nibil
774 3624 1157 3683 coordinatur
1184 3627 1354 3697 quasi
1408 3628 1679 3700 eJusdem
1728 3628 1980 3697 ordiniS,
2014 3628 2129 3685 nisi
2185 3630 2335 3699 ipse,
2368 3628 2520 3684 alias
2567 3632 2778 3684 essent

351 3694 524 3774 plura
563 3708 772 3775 prima,
824 3694 994 3766 cujus
1038 3699 1400 3754 contrarium
1450 3713 1629 3770 supra
1661 3697 1813 3770 (cap.
1866 3700 1953 3773 13)
2002 3705 2310 3757 ostensum
2354 3705 2463 3755 est.
2524 3700 2652 3767 lpse
2684 3701 2780 3755 est

352 3769 537 3834 igitur
564 3766 921 3845 principium
948 3780 1133 3837 agens
1165 3776 1404 3839 propter
1429 3768 1629 3834 finem,
1660 3770 1761 3841 qui
1810 3776 1902 3827 est
1941 3770 1958 3827 i
2006 3776 2211 3827 semet.
2263 3772 2392 3840 lpse
2423 3769 2607 3842 igitur
2651 3778 2779 3825 non

353 3834 549 3913 solum
581 3840 673 3893 est
701 3835 837 3892 linis
865 3837 1225 3909 appetibilis,
1258 3839 1359 3895 sed
1393 3846 1699 3910 appetens,
1743 3844 1805 3897 ut
1831 3840 1916 3898 ita
1988 3853 2163 3909 icam,
2204 3853 2271 3896 se
2304 3839 2480 3896 tinem
2506 3846 2566 3895 et
2593 3852 2779 3910 appe·

350 3909 463 4032 2131
492 3904 903 4034 {ffl‘glecmali'
933 3921 1070 3966 cum
1095 3909 1175 3967 sit
1201 3910 1564 3982 intelligenS,
1591 3912 1694 3984 qui
1725 3914 1817 3969 est
1857 3911 2156 3969 voluntas.
2188 3913 2291 3968 Est
2312 3910 2498 3983 igitur
2542 3909 2607 3966 in
2652 3911 2779 3968 Deo

406 4047 584 4125 lianc
616 4051 810 4106 autem
844 4049 947 4106 Dei
988 4049 1353 4109 voluntatem
1406 4052 1723 4123 scripturae
1770 4065 1955 4111 sacrae
2001 4051 2344 4109 testimonia
2392 4050 2778 4109 confitentur.

350 4116 579 4174 Dicitur
607 4119 763 4176 enim
797 4119 857 4177 in
887 4123 985 4177 Ps.
1011 4134 1251 4187 cxxxiv,
1282 4126 1313 4179 6
1346 4140 1358 4178 τ
1393 4124 1589 4179 Omuz'a
1640 4137 1983 4193 quaecumque
2007 4123 2180 4180 voluit
2219 4125 2483 4180 Dominus
2522 4122 2687 4192 lecu,-
2717 4123 2782 4179 et

346 4186 546 4260 Rom„
567 4200 651 4260 lx,
680 4192 747 4248 19
776 4207 794 4248 z
830 4191 1114 4249 Voluntati
1146 4193 1264 4264 ejiis
1290 4194 1413 4264 quis
1435 4195 1693 4252 resistit?
1715 4201 1757 4267 (l
1787 4204 1960 4271 part„
1992 4214 2050 4272 q.
2080 4212 2204 4272 xlx,
2231 4208 2340 4261 art.
2375 4202 2451 4276 1.)
