3076 5025
419 306 524 359 216
1286 296 1419 352 LIB.
1460 296 1531 362 ΙΙ,
1572 295 1725 351 CAP.
1766 295 1979 351 LXXIX.

491 426 641 484 Item,
687 421 993 502 proprium
1040 416 1425 491 pei-sectivum
1463 417 1729 476 hominis
1771 417 2100 475 secundum
2143 416 2425 485 animam,
2481 420 2573 473 est
2619 415 2849 488 aliquid

422 495 661 552 incorru
710 492 876 549 tibile
906 509 920 560 ;
954 503 1059 562 pro
1101 489 1191 546 ria
1215 488 1376 546 enim
1406 487 1672 559 operatio
1717 487 2002 558 hominis,
2033 488 2097 545 in
2186 494 2430 545 uantum
2474 485 2845 559 hujusmodi,

425 571 519 623 est
544 563 667 620 inte
696 562 916 635 ligere3
948 575 1054 632 per
1125 572 1236 617 ane
1273 558 1432 616 enim
1481 556 1680 616 differt
1718 573 1754 615 a
1797 558 1992 616 brutis
2035 564 2151 629 etp
2176 557 2333 615 antis
2373 564 2430 614 et
2456 557 2842 627 inanimatis;

424 633 758 706 intelligere
788 632 944 690 enim
978 635 1070 688 est
1092 629 1520 688 universalium
1552 634 1611 686 et
1633 628 2176 701 incorruptibilium
2230 627 2295 686 in
2320 632 2611 700 quantum
2634 627 2842 699 hujus-

426 704 609 765 modi,
668 703 1068 760 Pei-sectiones
1109 705 1308 782 autem
1356 704 1589 780 oportet
1619 713 1769 781 ‚esse
1819 671 2291 771 perfectibilibus
2339 697 2843 772 proportionatas.

425 779 501 834 Er
542 789 579 833 o
604 775 807 832 anima
835 773 1097 830 humana
1124 775 1216 829 est
1242 769 1739 841 incorruptibilis.

551 846 773 916 mplius,
803 841 1178 915 impossibile
1207 847 1299 900 est
1328 841 1650 913 appetitum
1678 840 2009 898 naturalem
2040 852 2175 899 esse
2223 840 2467 899 frustra.
2496 838 2610 897 Sed
2660 838 2842 897 homo

428 914 778 975 naturaliter
805 928 879 985 ap
922 913 1028 971 etit
1054 917 1340 985 perpetuo
1383 923 1625 969 manere
1650 929 1664 981 ;
1691 910 1854 984 quod
1896 915 2057 983 patet
2101 925 2174 969 ex
2217 911 2331 969 boc
2372 910 2531 984 quod
2573 922 2711 967 esse
2755 915 2850 966 est

428 985 589 1060 quod
624 984 697 1043 ab
727 928 1007 1043 omnibus
1052 980 1398 1063 appetitur?
1424 982 1606 1039 bomo
1653 987 1849 1063 autem
1930 995 2003 1062 ‚er
2047 981 2410 1063 intellectum
2452 979 2855 1063 ,apprehendit

428 1071 587 1126 esse,
618 1069 740 1114 non
770 1054 967 1114 solum
994 1058 1060 1111 ut
1083 1066 1266 1122 nunc,
1296 1056 1454 1112 sicut
1481 1052 1654 1111 bruta
1699 1066 1899 1110 anima
1925 1066 2004 1122 ia,
2053 1051 2159 1110 sed
2206 1053 2576 1123 simpliciter.
2628 1052 2853 1108 Conse-

428 1127 633 1200 quitur
659 1140 724 1184 er
766 1140 803 1184 o
827 1125 1009 1183 homo
1038 1124 1487 1197 perpetuitatem
1517 1123 1848 1203 secundum
1877 1123 2160 1193 animam,
2191 1136 2309 1197 qua
2333 1136 2468 1181 esse
2497 1120 2858 1193 simpliciter

429 1202 500 1259 et,
511 1211 694 1255 secun
744 1210 855 1255 um.
874 1208 1051 1254 omne
1076 1199 1310 1266 tempus
1338 1192 1745 1266 apprehendit.

498 1270 649 1331 Item,
685 1265 1150 1340 unumquodque
1175 1264 1333 1339 quod
1360 1264 1643 1336 recipitur
1665 1264 1729 1321 in
1758 1263 1980 1336 aliquo,
2015 1262 2298 1335 recipitur
2326 1262 2386 1321 in
2412 1276 2484 1321 eo
2513 1261 2851 1321 secundum

428 1338 673 1399 modum
707 1338 837 1410 ejus
860 1338 923 1394 in
958 1349 1077 1410 quo
1121 1342 1234 1395 est.
1265 1339 1491 1394 Formae
1532 1339 1731 1393 autem
1776 1348 1975 1393 rerum
2019 1333 2390 1404 recipiuntur
2432 1333 2497 1391 in
2542 1332 2854 1391 intellectu

324 1419 329 1425 ·
427 1408 708 1481 possibili
754 1412 931 1480 prout
970 1411 1113 1465 sunt
1155 1405 1568 1487 intelligibiles
1610 1411 1780 1474 actu;
1813 1409 1956 1463 sunt
1988 1409 2185 1463 autem
2241 1403 2651 1476 intelligibiles
2714 1406 2855 1460 actu

429 1485 608 1551 prout
631 1484 774 1537 sunt
801 1475 1224 1558 immateriales
1244 1482 1303 1558 et
1322 1475 1714 1557 universaleS,
1738 1480 1921 1603 etnsser
1941 1487 2319 1555 consequens
2339 1472 2849 1545 incorruptibiles,

431 1553 586 1623 Ergo
617 1548 955 1606 intellectus
1035 1547 1305 1606 ossibilis
1353 1552 1445 1604 est
1486 1552 1814 1617 incorrupti
1862 1546 1980 1603 ilis.
2027 1545 2160 1616 Sed,
2208 1550 2364 1603 sicut
2398 1544 2713 1617 probatum
2761 1546 2858 1601 est

434 1633 620 1691 supra
647 1619 722 1691 (c.
754 1622 821 1675 59
852 1623 910 1676 et
936 1562 1050 1690 615,
1078 1617 1416 1676 intellectus
1444 1615 1756 1689 possibilis
1779 1621 1872 1675 est
1893 1615 2119 1689 aliquid
2161 1615 2374 1674 animae
2420 1615 2720 1673 humanae.
2751 1614 2856 1671 Est

429 1690 617 1764 igitur
644 1689 845 1747 anima
872 1689 1137 1746 humana
1161 1686 1658 1759 incorruptibilis.

500 1759 719 1823 Adhuc,
754 1772 888 1818 esse
920 1758 1297 1831 intelligibile
1323 1764 1416 1815 est
1483 1755 1890 1816 ermanentius
1918 1770 2096 1830 quam
2124 1770 2258 1815 esse
2288 1755 2615 1822 sensibile„
2647 1752 2761 1813 Sed
2789 1753 2852 1813 id

433 1830 594 1902 quod
610 1844 676 1888 se
696 1829 874 1887 habet
891 1829 954 1886 in
974 1830 1154 1888 rebus
1174 1828 1445 1889 sensibili
1493 1841 1567 1886 us
1586 1842 1691 1900 per
1700 1827 1944 1887 modum
1963 1827 2266 1899 proprium
2289 1826 2462 1898 primi
2482 1826 2601 1884 reci
2605 1824 2852 1898 pientiS,

432 1907 528 1959 est
564 1899 1012 1971 incorruptibile
1061 1898 1391 1959 secundum
1433 1912 1605 1957 suam
1654 1897 2073 1967 substantiam,
2103 1898 2331 1956 scilicet
2357 1897 2606 1954 materia
2634 1894 2849 1967 prima.

434 1970 670 2030 Multoi
720 1970 835 2028 ‘tur
860 1970 1075 2028 fortius
1101 1970 1438 2028 intellectus
1525 1969 1815 2038 ossibilis‚
1866 1968 1969 2050 qui
2011 1973 2103 2026 est
2145 1967 2476 2038 receptivus
2522 1967 2853 2025 formarum

428 2041 688 2114 intelligi
735 2040 925 2123 ilium.
957 2044 1195 2123 Ergone-t
1233 2039 1432 2099 anima
1478 1984 1762 2109 flumana,
1807 2052 1980 2112 cujus
2023 2038 2362 2098 intellectus
2401 2037 2714 2111 possibilis
2761 2041 2855 2095 est

430 2125 594 2185 parS,
626 2115 719 2168 est
744 2111 1237 2183 incorruptibilis.

503 2183 778 2254 Amplius,
811 2182 1038 2240 faciens
1077 2187 1169 2239 cst
1208 2181 1625 2240 honorabilius
1670 2180 1850 2251 raom,
1896 2185 1960 2238 ut
2008 2180 2185 2238 etiam
2210 2180 2554 2240 Aristoteles
2583 2178 2729 2237 dicit
2760 2178 2855 2249 (De

434 2256 641 2323 anima,
670 2266 759 2323 ni,
787 2256 928 2310 text.
960 2266 1175 2311 comm.
1203 2251 1310 2324 19).
1340 2251 1454 2311 Sed
1479 2250 1819 2310 intellectus
1860 2264 2047 2333 agens
2079 2250 2220 2309 facit
2247 2257 2381 2309 actu
2422 2249 2612 2308 intelli
2665 2248 2855 2318 bilia,

430 2328 502 2382 ut
528 2338 602 2382 ex
627 2323 956 2395 praemissis
981 2328 1157 2395 patet.
1190 2324 1383 2391 Quum
1412 2322 1431 2379 i
1480 2322 1597 2380 'tur
1618 2321 2019 2395 intelligibilia
2046 2326 2203 2390 actu,
2230 2322 2294 2379 in
2325 2327 2612 2395 quantum
2687 2319 2852 2391 ujus-

431 2393 621 2476 modi‚
653 2393 776 2452 sint
803 2393 1299 2476 incorruptibilia,
1329 2337 1519 2451 muftlo
1545 2392 1759 2474 fortius
1787 2391 2126 2475 intellectus
2149 2405 2337 2520 affens
2386 2392 2497 2450 erit
2540 2391 2855 2462 incorrup-

434 2464 647 2547 tibilis..
679 2467 832 2548 Ergo
861 2470 1151 2593 ettanima
1174 2464 1456 2535 humana,
1486 2475 1659 2536 cujus
1688 2462 1890 2523 lumen
1919 2468 2012 2523 est
2050 2462 2196 2524 intel
2223 2468 2390 2522 ectus
2437 2474 2645 2537 agene,
2686 2465 2857 2521 ulex

477 2548 767 2595 raemissis
836 2551 868 2596 a
896 2551 926 2593 e
957 2579 971 2593 .

432 2549 474 2609 p
505 2610 657 2673 item,
688 2607 793 2665 nul
821 2621 856 2664 a
884 2607 1076 2665 forma
1104 2607 1503 2678 corrumpitur
1529 2605 1652 2664 nisi
1682 2605 1776 2664 vel
1806 2605 2039 2664 actione
2060 2604 2341 2665 contrarii
2367 2603 2458 2662 vel
2488 2618 2594 2675 per
2615 2616 2856 2674 corrup-

430 2677 661 2737 tionem
693 2678 789 2736 sui
819 2678 1093 2750 subjecti,
1119 2677 1211 2735 vel
1236 2691 1341 2749 per
1366 2676 1660 2737 defectum
1703 2690 1828 2735 suae
1848 2689 2045 2734 causae
2075 2694 2089 2733 :
2115 2690 2225 2758 per
2269 2675 2564 2734 actionem
2611 2673 2855 2748 quidem

434 2749 928 2830 contrarii,.sicut
952 2748 1116 2806 calor
1142 2747 1466 2806 destruitur
1501 2762 1607 2819 per
1651 2748 1947 2806 actionem
1993 2746 2231 2819 frigidi3
2261 2760 2368 2817 per
2406 2745 2853 2827 corruptionem

436 2825 635 2878 autem
680 2832 777 2877 sui
826 2818 1098 2890 subjecti,
1150 2819 1325 2882 sicut,
1375 2818 1677 2876 destructo
1730 2817 1928 2888 ocu10,
1974 2816 2300 2876 destruitur
2342 2816 2435 2875 vis
2479 2815 2715 2885 visiva;
2750 2828 2858 2887 per

435 2888 730 2947 defectum
753 2894 949 2946 autem
968 2902 1186 2959 causae,
1205 2888 1364 2947 sicut
1382 2889 1585 2947 lumen
1606 2888 1762 2948 aeris
1778 2887 1994 2958 deficit,
2013 2887 2322 2945 deficiente
2345 2886 2495 2945 solis
2510 2885 2856 2958 praesentia,

432 2973 569 3039 quae
611 2965 735 3016 erat
776 2958 968 3030 ipsius
1005 2972 1215 3040 causa.
1264 2958 1378 3017 Sed
1425 2960 1628 3018 anima
1682 2959 1945 3017 humana
1985 2971 2109 3016 non
2145 2963 2340 3039 potest
2390 2955 2689 3029 corrumpi
2747 2969 2859 3028 per

432 3033 732 3087 actionem
761 3030 1041 3087 contrarii
1071 3048 1086 3099 ;
1117 3042 1239 3087 non
1268 3035 1360 3088 est
1388 3029 1546 3087 enim
1576 3030 1629 3088 ei
1657 3029 1881 3102 aliquid
1911 3034 2298 3097 contrarium,
2329 3041 2512 3101 quum
2542 3041 2647 3099 per
2674 3025 2856 3084 intel-

431 3099 655 3181 lectum
675 3099 1023 3171 possibilem
1045 3099 1178 3171 ipsa
1193 3100 1276 3158 sit
1293 3100 1702 3174 cognoscitiva
1712 3106 1770 3158 et
1788 3100 2082 3172 receptiva
2104 3100 2373 3158 omnium
2392 3097 2855 3156 contrariorum.

434 3171 721 3228 Similiter
749 3176 944 3228 autem
975 3184 1167 3244 neque
1192 3184 1298 3243 per
1324 3171 1769 3243 corruptionem
1794 3170 1889 3230 sui
1921 3170 2169 3243 subjecti
2198 3189 2212 3238 ;
2240 3174 2551 3228 ostensum
2573 3173 2666 3226 est
2688 3167 2855 3225 enim

429 3253 620 3313 supra
648 3241 721 3313 (c.
752 3241 842 3313 68)
868 3241 1026 3313 quod
1057 3241 1258 3299 anima
1294 3241 1559 3300 humana
1586 3247 1679 3300 est
1724 3242 1915 3300 forma
1961 3254 2082 3299 non
2132 3240 2474 3322 dependens
2523 3254 2559 3297 a
2601 3251 2856 3311 corpore

431 3311 766 3393 secundum
794 3325 969 3369 suum
1001 3325 1156 3371 esse.
1188 3312 1473 3370 Similiter
1495 3318 1692 3371 autem
1722 3325 1916 3384 neque
1937 3325 2040 3383 per
2058 3309 2453 3369 deficientiam
2478 3324 2603 3368 suae
2627 3322 2854 3379 causae,

429 3396 579 3511 §uia
604 3396 727 3440 non
752 3388 949 3454 potest
967 3382 1184 3441 babere
1202 3382 1463 3455 aliquam
1479 3396 1724 3442 causam
1744 3383 1862 3440 nisi
1884 3387 2185 3447 aeternam,
2216 3388 2281 3439 ut
2303 3381 2460 3440 infra
2479 3379 2853 3439 ostendetur.

486 3452 609 3511 ullo
636 3452 821 3534 igitur
841 3453 1020 3511 modo
1049 3453 1248 3512 anima
1277 3452 1542 3513 humana
1570 3452 1868 3525 corrumpi
1900 3458 2115 3525 potest.

505 3523 724 3594 Adhuc,
767 3536 820 3581 si
879 3524 1079 3582 anima
1131 3523 1394 3584 humana
1448 3523 1847 3595 corrumpitur
1899 3537 2004 3594 per
2056 3523 2499 3594 corruptionem
2554 3519 2855 3592 corporis,

345 3597 352 3618 '
434 3599 668 3676 oportet
693 3594 854 3666 quod
878 3594 1007 3653 e'us
1027 3607 1160 3652 esse
1181 3594 1522 3653 debilitetur
1533 3610 1640 3669 per
1659 3594 2021 3652 debilitatem
2043 3593 2332 3666 corporis.
2351 3594 2408 3651 Si
2429 3597 2625 3651 autem
2649 3591 2857 3664 aliqua

345 3704 351 3730 2
431 3670 623 3745 yirtus
644 3664 858 3722 animae
920 3663 1236 3746 ebilitetur,
1264 3664 1572 3725 debilitato
1595 3678 1866 3746 corpore,
1884 3665 1999 3724 boc
2014 3677 2137 3724 non
2159 3670 2249 3724 est
2278 3663 2396 3722 nisi
2413 3677 2526 3744 per
2544 3661 2854 3742 accidens),

345 3763 349 3769 Δ
431 3749 497 3793 in
533 3740 821 3817 quantum
850 3735 1080 3818 scilicet
1105 3734 1294 3795 virtus
1338 3737 1554 3795 animae
1600 3735 1830 3864 infflffet
1868 3749 2096 3810 organo
2133 3734 2449 3807 corporali,
2479 3733 2638 3792 sicut
2678 3745 2854 3791 visus

344 3865 348 3873 Δ
433 3804 796 3887 debilitatur²
824 3805 1131 3866 debilitato
1170 3819 1419 3881 organ0,
1452 3821 1561 3878 per
1597 3808 1718 3865 acci
1766 3821 1875 3866 ens
1916 3812 2112 3865 tamen
2139 3825 2155 3876 ;
2187 3805 2344 3879 quod
2389 3819 2461 3862 ex
2490 3805 2611 3868 ¹hoc
2639 3806 2851 3875 patet:

425 3876 492 3932 Si
514 3877 671 3934 enim
683 3877 799 3949 ipsi
817 3876 1017 3935 virtuti
1037 3891 1144 3958 per
1161 3890 1228 3936 se
1240 3877 1533 3937 accideret
1551 3877 1750 3951 aliqua
1761 3877 2053 3942 debilitas,
2074 3889 2379 3951 nunquam
2393 3878 2851 3956 restauraretur,

431 3957 662 4016 organo
687 3953 956 4029 reparato
980 3966 995 4017 ;
1026 3948 1297 4007 videmus
1325 3952 1523 4007 autem
1552 3949 1735 4022 quod,
1766 3954 2312 4022 quantumcumque
2337 3947 2427 4004 vis
2467 3947 2659 4004 visiva
2684 3944 2853 4001 vide-

433 4019 571 4096 atur
597 4015 920 4089 debilitata,
949 4018 1001 4077 si
1023 4031 1322 4093 ‘organum
1350 4025 1675 4091 reparetur,
1705 4019 1798 4079 vis
1844 4018 2035 4078 visiva
2076 4023 2474 4086 restauratum
2506 4013 2663 4075 unde
2706 4014 2856 4072 dicit

428 4087 780 4170 ‚Aristoteles
808 4088 912 4170 (De
928 4091 1131 4153 anima,
1161 4104 1206 4161 i,
1232 4093 1371 4149 text.
1401 4102 1620 4149 comm.
1653 4090 1744 4164 65)
1776 4090 1957 4163 quod,
1983 4090 2036 4148 si
2080 4102 2266 4150 senex
2307 4088 2558 4160 accipiat
2602 4085 2851 4166 oculum

425 4168 688 4236 jurenis,
721 4158 944 4217 videbit
970 4160 1173 4235 utique
1202 4159 1359 4220 sicut
1394 4159 1655 4232 juvenis.
1687 4163 1881 4232 Quum
1922 4160 2106 4233 igitur
2143 4159 2483 4218 intellectus
2534 4157 2614 4216 sit
2656 4160 2851 4213 virtus

430 4237 670 4296 animae,
740 4243 832 4310 iiae
858 4243 982 4288 non
1005 4231 1234 4305 indiget
1261 4245 1513 4305 orgum,
1544 4238 1612 4292 ut
1638 4247 1711 4292 ex
1736 4231 2067 4305 praemissis
2095 4231 2169 4305 (c.
2198 4234 2265 4288 68
2295 4237 2353 4289 et
2381 4230 2469 4311 69)
2501 4232 2678 4301 patet,
2711 4227 2846 4297 ipse

432 4308 560 4379 non
590 4296 723 4355 debi
752 4303 932 4380 itatur
953 4315 1146 4380 neque
1191 4315 1297 4375 per
1333 4315 1423 4375 se,
1469 4316 1665 4377 neque
1705 4317 1811 4385 per
1857 4302 2137 4362 accidens
2178 4315 2284 4374 per
2327 4314 2562 4360 senium
2607 4298 2697 4355 vel
2742 4309 2853 4367 per

435 4367 698 4449 aliquam
729 4368 906 4428 aliam
938 4370 1296 4432 debilitatem
1327 4374 1599 4447 corporis
1626 4393 1642 4447 ;
1673 4388 1725 4433 si
1769 4378 1965 4434 autem
2009 4374 2075 4431 in
2115 4371 2458 4457 operatione
2503 4370 2851 4428 intellectus

435 4437 655 4501 accidit
685 4438 954 4514 fatigatio
986 4448 1090 4505 aut
1132 4443 1621 4520 impedimentum
1665 4450 1905 4521 propter
1945 4445 2349 4508 infirmitatem
2392 4444 2685 4517 corporis,
2728 4441 2850 4500 boc
