3076 5025
1037 313 1171 370 Lm.
1209 313 1300 375 lv.
1335 312 1495 369 CAP.
1532 313 1777 369 Lxxxn.
2519 317 2624 372 62³

182 434 345 508 quia
387 433 606 505 aliquis
628 438 965 505 praeventus
993 438 1086 492 est
1129 440 1322 493 morte
1347 438 1666 509 antequam
1695 440 1912 493 natura
1949 450 1970 492 1
2050 448 2148 493 um
2196 434 2273 494 ad
2299 435 2622 507 perfectam

235 504 585 562 uantitatem
636 504 970 571 deduceret,
997 503 1091 562 vel
1142 505 1285 576 quia
1334 505 1489 563 forte
1543 506 1765 577 aliquis
1816 506 1962 565 muti
1993 512 2130 563 atus
2173 510 2267 563 est
2311 506 2621 577 membro,

189 574 440 633 aiunde
481 573 596 631 hoc
634 574 832 632 divina
876 573 1177 647 supplebit
1223 575 1508 647 potentia.
1563 578 1681 632 Nec
1727 581 1927 634 tamen
1958 576 2074 634 boc
2100 575 2383 648 impediet
2423 591 2625 635 resur·

241 706 246 711 ,
273 645 398 701 ntis
444 644 712 715 corporis
749 645 1033 704 unitatem
1059 663 1074 714 3
1106 646 1247 719 quia
1290 646 1470 703 etiam
1516 658 1698 717 opere
1724 652 1955 704 naturas
1980 659 2164 729 super
2198 646 2259 704 id
2289 646 2449 719 quod
2478 660 2627 718 puer

192 658 397 782 gabei,
425 714 932 795 aliquidadditur
976 716 1235 783 aliunde,
1266 723 1333 773 ut
1378 716 1452 773 ad
1494 716 1815 786 perfectam
1845 722 2148 787 pervemat
2192 717 2628 789 quantitatem;

191 785 480 912 gtoedtallts
503 785 726 843 additio
755 786 892 845 facit
912 786 1094 845 alium
1122 799 1395 856 numero,
1420 785 1581 845 idem
1607 787 1768 845 enim
1791 799 2044 844 numero
2060 791 2157 845 est
2181 788 2366 846 homo
2396 793 2457 846 et
2480 800 2631 861 puer

265 927 355 983 Ex
395 938 516 1006 quo
554 926 731 984 etiam
775 931 937 998 patet
989 927 1150 1001 quod
1196 941 1309 986 nec
1353 927 1812 986 resurrectionis
1858 927 2039 986 fidem
2084 928 2370 999 impedire
2407 933 2626 1001 potest,

191 997 438 1053 etiamsi
484 996 668 1068 aliqui
708 998 989 1056 carnibus
1035 997 1313 1056 humanis
1337 1003 1676 1067 vescantur,
1706 1002 1775 1056 ut
1812 999 2022 1072 quinto
2057 998 2467 1057 obiciebatur.
2498 1002 2627 1059 Non

187 1066 359 1123 enim
395 1071 495 1147 est
542 1069 967 1136 necessarium,
995 1073 1065 1126 ut
1102 1075 1412 1127 ostensum
1463 1074 1577 1137 est,
1606 1069 1769 1142 quod
1802 1068 2082 1150 quicquid
2152 1070 2236 1126 uit
2278 1069 2341 1126 in
2385 1069 2628 1129 homine

192 1136 587 1218 materialiter
626 1144 900 1213 resurgat
941 1139 1004 1195 in
1052 1153 1171 1198 eo:
1204 1139 1522 1208 etiterum,
1553 1139 1607 1197 si
1655 1139 1883 1212 aliquid
1911 1140 2099 1210 deest,
2126 1140 2391 1212 suppleri
2431 1143 2629 1211 potest

189 1221 302 1280 per
329 1212 660 1278 potentiam
690 1209 813 1265 Dei.
844 1210 994 1267 Caro
1021 1209 1206 1283 igitur
1232 1216 1496 1269 comesta
1547 1216 1823 1282 resurget
1845 1211 1909 1268 in
1936 1224 2011 1269 eo
2039 1210 2104 1268 in
2129 1223 2251 1283 quo
2297 1211 2485 1282 primo
2517 1211 2628 1268 fuit

191 1278 407 1336 anima
455 1278 767 1336 rationalis
826 1280 1087 1351 perfecta
1119 1297 1136 1351 ;
1193 1281 1257 1338 in
1310 1280 1581 1338 secundo.
1630 1294 1773 1338 vero
1794 1322 1812 1350 ,
1872 1281 1925 1339 si
1979 1293 2105 1339 non
2146 1281 2298 1339 solis
2343 1280 2627 1342 carnibus

191 1347 484 1429 humanis
535 1353 629 1406 est
655 1354 885 1419 pastus,
932 1350 1039 1409 sed
1073 1354 1132 1408 et
1156 1351 1295 1410 aliis
1322 1349 1495 1420 cibis,
1523 1363 1839 1424 resurgere
1865 1352 2083 1423 poterit
2134 1354 2365 1409 tantum
2404 1352 2477 1410 de
2506 1351 2626 1411 alio

191 1418 361 1491 quod
407 1433 461 1476 ei
514 1420 895 1478 materialiter
942 1420 1178 1478 advenit
1220 1422 1381 1494 quod
1415 1421 1526 1479 erit
1566 1422 1973 1480 necessarium
2002 1421 2079 1480 ad
2106 1421 2365 1481 debitam
2395 1422 2627 1495 quanti·

192 1492 380 1547 tatem
411 1490 683 1571 corporis
708 1491 1179 1549 restaurandam.
1210 1492 1270 1549 Si
1296 1505 1439 1550 vero
1468 1491 1618 1549 solis
1661 1492 1942 1550 humanis
1973 1492 2256 1551 carnibus
2285 1493 2361 1550 sit
2396 1499 2627 1564 pastus,

193 1565 477 1632 resurget
510 1574 575 1617 in
603 1573 675 1619 eo
716 1561 877 1633 quod
909 1575 946 1619 a
973 1562 1400 1634 generantibus
1435 1563 1647 1628 traxit;
1686 1567 1745 1620 et
1767 1561 1929 1635 quod
1955 1563 2228 1631 defuerit,
2257 1562 2630 1636 supplebitur

193 1630 635 1712 omnipotentia
662 1630 975 1709 creatoris.
1007 1632 1176 1700 Quod
1223 1638 1283 1689 et
1326 1633 1378 1690 si
1426 1638 1705 1704 parentes
1732 1647 1807 1691 ex
1833 1632 1986 1691 solis
2035 1634 2318 1692 humanis
2346 1634 2629 1693 carnibus

191 1705 352 1773 pasn
404 1701 641 1769 fuerint,
674 1705 741 1758 ut
776 1702 866 1759 sic
912 1708 970 1761 et
1016 1715 1223 1760 eorum
1253 1716 1481 1773 semen,
1512 1702 1673 1775 quod
1702 1708 1794 1760 est
1821 1703 2191 1776 superfluum
2240 1704 2529 1773 alimenti,
2555 1716 2628 1762 ex

190 1771 484 1829 carnibus
530 1771 742 1852 alienis
825 1776 1130 1830 eneratum
1174 1773 1271 1853 sit,
1303 1776 1578 1845 resurget
1621 1773 1859 1846 quidem
1903 1787 2111 1832 semen
2158 1774 2222 1831 in
2270 1788 2342 1832 eo
2379 1774 2481 1847 qui
2532 1778 2628 1833 est

191 1847 380 1901 natus
410 1852 488 1900 ex
530 1854 777 1911 semine,
832 1856 945 1901 oco
985 1843 1158 1915 cujus
1186 1857 1239 1900 ei
1272 1843 1446 1914 cujus
1489 1857 1708 1901 carnes
1748 1847 2028 1903 comestae
2074 1849 2217 1903 sunt
2255 1844 2631 1917 supplebitur

189 1910 467 1970 aliunde.
496 1913 619 1968 Hoc
638 1912 798 1970 enim
825 1913 887 1970 in
918 1913 1352 1971 resurrectione
1373 1914 1707 1971 servabitur
1724 1914 1906 1987 quod,
1932 1916 1985 1973 si
2007 1914 2233 1989 aliquid
2249 1915 2632 1973 materialiter

193 1980 307 2040 fuit
333 1983 402 2039 in
473 1981 705 2041 Iuribus
751 1982 1119 2055 bominibus,
1147 1988 1421 2057 resurget
1446 1984 1510 2041 in
1541 1998 1617 2042 eo
1642 1984 1715 2042 ad
1749 1985 1924 2056 cujus
1968 1986 2393 2057 perfectionem
2435 1984 2630 2057 magis

191 2052 431 2133 pertine
513 2058 535 2109 t
566 2067 582 2106 τ
611 2051 791 2123 unde,
820 2054 874 2112 si
899 2053 1013 2112 fuit
1038 2055 1101 2112 in
1130 2067 1253 2113 uno
1282 2061 1350 2112 ut
1371 2054 1630 2112 radicale
1658 2068 1886 2123 semen,
1911 2068 1985 2113 ex
2012 2068 2132 2128 quo
2164 2060 2258 2113 est
2285 2061 2628 2129 generatae,

190 2135 254 2181 in
297 2123 432 2181 alio
477 2135 624 2181 vero
667 2123 824 2204 sicut
873 2125 1303 2197 superveniens
1331 2125 1783 2194 nutrimentum,
1812 2130 2085 2198 resurget
2112 2125 2177 2184 in
2205 2139 2277 2183 eo
2306 2127 2411 2198 qui
2449 2138 2631 2199 gene·

190 2198 366 2251 ratus
411 2207 486 2251 ex
527 2194 644 2251 boc
689 2199 845 2252 sicut
889 2209 963 2263 ex
1007 2196 1259 2254 semine.
1286 2195 1348 2253 Si
1376 2196 1609 2253 veroin
1653 2208 1778 2255 uno
1806 2195 1917 2253 fuit
1944 2203 2011 2253 ut
2086 2197 2353 2254 ertinens
2381 2196 2455 2254 ad
2503 2208 2631 2266 per·

190 2262 863 2344 sectionem-individui,
892 2266 957 2323 in
986 2267 1107 2324 alio
1134 2272 1329 2324 autem
1360 2269 1426 2323 ut
1453 2265 1799 2337 deputatum
1825 2266 1899 2324 ad
1933 2210 2359 2338 pei-Fectionem
2390 2266 2631 2347 speciei,

192 2339 477 2409 resurget
518 2348 581 2390 in
633 2348 705 2392 eo
749 2335 821 2392 ad
869 2349 1046 2407 quem
1091 2336 1422 2408 pertinebat
1467 2336 1801 2394 secundum
1839 2336 2266 2408 perfectionem
2296 2337 2583 2394 individui
2610 2348 2632 2392 ε

191 2405 357 2464 unde
409 2418 617 2462 semen
666 2410 940 2478 resurget
980 2405 1040 2462 in
1092 2407 1319 2478 genite,
1376 2410 1436 2463 et
1474 2407 1599 2463 bon
1649 2406 1714 2462 in
1769 2411 2112 2476 generante,
2169 2409 2228 2463 et
2279 2411 2450 2463 costa
2490 2405 2631 2463 Adae

190 2480 477 2550 resurget
519 2475 581 2534 in
624 2477 761 2545 Eva,
791 2487 916 2533 non
957 2474 1020 2533 in
1064 2474 1269 2545 Adam,
1308 2474 1373 2532 in
1403 2488 1522 2556 quo
1554 2474 1667 2532 suit
1700 2474 2199 2556 sicutoinonaturae
2225 2474 2536 2547 principio.
2567 2474 2629 2535 Si

189 2555 397 2606 autem
430 2547 761 2604 secundum
792 2545 1068 2604 eumdem
1095 2545 1479 2619 perfectionis
1506 2545 1753 2603 modum
1786 2544 1897 2602 t'uit
1940 2558 2006 2603 in
2042 2551 2319 2619 utroque,
2356 2550 2629 2620 resurget

191 2617 250 2675 in
278 2618 456 2677 eoin
486 2630 608 2689 quo
633 2617 911 2689 primitus
939 2616 1072 2674 suit.

257 2688 352 2747 Ad
383 2687 440 2745 id
470 2701 613 2744 vero
641 2686 803 2760 quod
853 2692 1024 2745 sexto
1052 2685 1348 2759 objectum
1377 2691 1489 2755 est,
1536 2699 1613 2744 ex
1643 2685 1740 2743 bis
1767 2698 1901 2768 qum
1931 2684 2277 2768 dicta-sunt,
2302 2686 2427 2758 jam
2466 2691 2630 2759 patet

192 2757 447 2818 solutio.
479 2757 854 2816 Resurrectio
881 2758 1044 2815 enim
1064 2762 1292 2815 tantum
1322 2755 1398 2816 ad
1425 2756 1607 2814 finem
1634 2757 1923 2814 naturalis
1947 2762 2062 2820 est,
2079 2763 2435 2828 mqnantum
2464 2762 2630 2815 natu-

190 2830 316 2888 rale
347 2833 445 2886 est
463 2829 682 2886 animae
708 2841 844 2886 esse
871 2828 1106 2899 corpori
1132 2827 1356 2886 unitam
1380 2845 1398 2897 ;
1428 2827 1535 2885 sed
1562 2827 1916 2899 principium
1944 2826 2079 2899 ejus
2104 2827 2364 2885 activum
2384 2840 2508 2885 non
2536 2832 2629 2885 est

195 2898 498 2964 naturale,
528 2899 635 2957 sed
670 2900 803 2957 sola
827 2899 1042 2957 virtute
1068 2898 1274 2956 divina
1296 2904 1600 2956 causatur.

258 2974 391 3028 Nec
446 2969 624 3027 etiam
683 2968 1025 3043 negandum
1097 2972 1192 3027 est
1240 2968 1509 3026 omnium
1582 2967 2083 3027 resurrectionem
2144 2981 2281 3028 esse
2344 2968 2602 3027 suturam

193 3040 473 3115 quamvis
503 3054 624 3096 non
654 3052 866 3098 omnes
893 3053 1001 3110 per
1025 3037 1203 3096 fidem
1232 3038 1466 3097 Christo
1494 3038 1855 3107 adhaereant,
1884 3051 1996 3097 nec
2018 3038 2151 3112 ejus
2180 3040 2480 3113 mysteriis
2506 3038 2602 3097 sin

191 3110 435 3170 imbuti.
468 3111 656 3168 Filius
679 3110 840 3168 enim
869 3110 972 3167 Dei
990 3114 1230 3181 propter
1255 3108 1372 3167 boc
1397 3115 1671 3167 naturam
1701 3109 2025 3167 humanam
2055 3111 2381 3183 assumpsit
2410 3116 2475 3168 ut
2494 3122 2627 3169 eam

193 3185 519 3255 repararet.
553 3181 615 3238 ld
644 3180 828 3254 igitur
873 3180 1033 3254 quod
1078 3185 1171 3238 est
1199 3179 1468 3238 defectus
1497 3186 1727 3239 naturae
1762 3179 1827 3237 in
1873 3179 2157 3238 omnibns
2213 3173 2625 3253 reparabitu'r:

193 3253 358 3310 unde
387 3265 603 3309 omnes
627 3265 664 3309 a
708 3255 900 3309 morte
927 3250 1207 3309 redibunt
1230 3251 1305 3309 ad
1328 3252 1386 3308 vi
1415 3264 1536 3318 am,
1565 3249 1673 3309 sed
1723 3249 1991 3310 defectus
2020 3251 2278 3323 perfecte
2308 3264 2431 3308 non
2459 3263 2628 3321 repa·

195 3323 426 3381 rabitur
482 3321 602 3379 nisi
641 3322 706 3378 in
745 3322 868 3381 illis
947 3322 1010 3379 ui
1058 3321 1293 3379 Christo
1339 3336 1372 3378 a
1420 3322 1743 3389 haeserunt,
1790 3321 1883 3378 vel
1928 3333 2036 3393 per
2075 3321 2382 3395 proprium
2427 3327 2627 3380 actum

196 3392 586 3453 credendoin
607 3392 829 3463 ipsum,
859 3405 932 3450 ve
986 3391 1198 3450 saltem
1216 3404 1328 3465 per
1349 3390 1489 3450 fidei
1518 3397 1983 3451 sacramentum.

1126 3605 1716 3677 CAPUTLXXXII.

789 3791 943 3846 onon
976 3790 1240 3839 nomm
1275 3789 1616 3857 usuram
1649 3789 2049 3840 unionum

268 3961 356 4018 Ex
413 3970 534 4031 quo
585 3956 763 4038 etiam
793 3959 960 4037 patet
1001 3954 1184 4036 quod·
1207 3955 1271 4013 in
1291 3954 1515 4036 ,sutura
1561 3956 2001 4016 resurrectione
2031 3955 2312 4017 homines
2356 3966 2482 4015 non
2537 3953 2633 4018 sic

275 4031 617 4180 Νοιέῗεὲξτξὲ
637 4030 1591 4179 ὃὲἓῖῐιιιωῖἒξίθᾞὲἷιὲξῗῇοἰθοῑυε
1615 4097 1934 4179 inmatura
1979 4095 2245 4156 bumana
2284 4110 2358 4154 ex
2385 4100 2632 4168 peccato

207 4180 587 4241 proveniens,
616 4167 886 4226 Christus
914 4171 1110 4225 autem
1139 4170 1350 4224 merito
1379 4179 1505 4223 suae
1543 4180 1846 4237 passionis
1893 4171 2119 4226 naturae
2147 4167 2413 4226 defectus
2462 4180 2630 4238 repa·

209 4240 378 4311 ravit,
406 4240 508 4313 qui
543 4239 607 4308 'm
655 4239 851 4310 ipsum
895 4250 969 4294 ex
1006 4242 1251 4309 peccato
1296 4243 1699 4307 provenerunt
1734 4256 1751 4295 ε
1801 4242 1867 4295 ut
1904 4236 2063 4295 enim
2101 4236 2243 4295 dicit
2287 4236 2631 4308 Apostolus,

209 4311 402 4379 Rom„
431 4323 496 4378 v,
539 4314 606 4366 15
634 4327 649 4365 t
689 4310 810 4365 Non
833 4310 976 4365 simii
1003 4307 1275 4373 delictum,
1305 4310 1388 4362 ita
1416 4311 1470 4362 et
1501 4306 1737 4374 donum
1765 4309 1817 4363 si
1863 4310 2007 4364 enim
2049 4311 2215 4364 nnius
2256 4307 2447 4363 delicto
2472 4306 2634 4359 multi

209 4383 411 4438 mortui
436 4383 582 4443 sitiit,
611 4380 780 4435 mune
804 4380 986 4449 magis
1010 4380 1196 4447 gratia
1221 4379 1339 4445 Dei,
1367 4379 1429 4432 in
1475 4379 1661 4444 qratia
1702 4379 1869 4434 unius
1895 4378 2128 4434 hominis
2152 4380 2279 4434 ,lesu
2325 4375 2526 4453 Christi·
2568 4375 2634 4428 iu

203 4453 396 4523 plum
432 4450 755 4508 abundauit.
796 4451 878 4509 Ex
903 4461 1028 4522 quo
1072 4447 1324 4508 babetur
1348 4447 1510 4521 quod
1537 4447 1846 4508 efficacius
1874 4454 1968 4508 est
2008 4449 2285 4510 meritum
2310 4445 2520 4502 Christi
2551 4439 2631 4501 ad
