3076 5025
426 345 494 401 90
792 335 803 344 ’
1302 338 1434 394 LIB.
1477 339 1523 406 Ι,
1564 338 1717 395 GAP.
1759 338 1988 396 LXXXV.

1334 609 1587 675 CAPUT
1637 607 1952 674 Lxxer.

736 792 887 847 01101)
917 790 1221 838 VOLUNTAS
1248 790 1349 837 nm
1384 788 1503 835 nott
1527 789 1638 836 lts’r
1665 788 2102 835 messmam
2127 788 2436 835 smmum(
2461 788 2550 834 SR.

497 958 579 1013 Ex
606 955 724 1013 hoc
751 959 992 1026 apparet
1015 952 1175 1028 quod
1210 951 1490 1011 voluntas
1536 951 1639 1009 Dei
1691 963 1811 1009 non
1853 955 2048 1022 potest
2095 964 2231 1008 esse
2281 964 2488 1008 eorum
2534 964 2670 1022 quie
2721 956 2872 1009 sunt

428 1026 757 1085 secundum
780 1026 948 1082 seim
992 1023 1285 1082 ossibilia.
1312 1022 1661 1095 Hujnsmodi
1687 1022 1845 1078 enim
1865 1026 2006 1079 sunt
2034 1035 2165 1093 quae
2196 1021 2257 1077 in
2287 1022 2508 1092 seipsis
2526 1033 2866 1094 repugnan-

425 1098 571 1154 tiam
600 1096 836 1165 babent‚
868 1101 931 1151 ut
999 1095 1260 1152 ominem
1286 1107 1421 1151 esse
1452 1094 1718 1161 asinum,
1746 1093 1808 1150 in
1858 1104 1976 1164 quo
2024 1091 2352 1148 includitur
2389 1091 2682 1148 rationale
2728 1104 2868 1151 esse

427 1167 792 1225 irrationale.
821 1165 990 1233 Quod
1021 1170 1218 1223 autem
1251 1171 1542 1236 repugnat
1566 1164 1745 1220 alicui
1794 1161 2057 1220 excludit
2083 1162 2309 1234 aliquid
2352 1175 2559 1220 eorum
2601 1175 2738 1233 quae
2788 1162 2868 1220 ad

426 1238 625 1310 ipsum
678 1236 1082 1309 requiruntur,
1128 1235 1285 1293 sicut
1342 1249 1477 1292 esse
1522 1235 1762 1292 asinum
1812 1232 2074 1290 excludit
2111 1232 2379 1290 bominis
2432 1233 2750 1289 rationem.
2803 1233 2868 1292 Si

427 1308 617 1380 igitur
641 1307 982 1365 necessario
1012 1306 1140 1363 vult
1168 1321 1239 1362 ea
1267 1319 1397 1377 quae
1428 1305 1812 1377 requiruntur
1840 1303 1913 1361 ad
1958 1305 2068 1361 hoc
2098 1303 2258 1376 quod
2290 1304 2650 1374 supponitur
2688 1302 2868 1372 velle,

428 1377 802 1449 impossibile
833 1383 925 1434 est
952 1391 1088 1434 eum
1114 1377 1263 1433 velle
1295 1391 1365 1433 ea
1391 1390 1521 1446 quae
1565 1376 1654 1432 eis
1697 1378 2064 1454 repugnant;
2113 1379 2171 1430 et
2212 1373 2301 1432 sic
2345 1373 2724 1445 impossibile
2771 1378 2874 1433 est

428 1462 563 1506 eum
597 1448 741 1504 velle
768 1462 899 1518 quae
929 1454 1071 1505 sunt
1098 1445 1476 1517 impossibile
1503 1445 1874 1515 simpliciter.

497 1520 650 1580 Item,
681 1517 839 1574 sicut
866 1529 1048 1587 supra
1076 1517 1226 1588 (cap.
1251 1516 1345 1587 75)
1376 1521 1686 1573 ostensum
1709 1522 1819 1583 est,
1839 1518 2017 1583 Deus,
2039 1514 2293 1573 volendo
2319 1528 2493 1574 suum
2518 1528 2676 1584 esse,
2700 1513 2870 1586 quod

428 1595 519 1647 est
549 1602 661 1646 sua
685 1587 947 1655 bonitas,
977 1587 1100 1643 vult
1129 1586 1332 1642 omnia
1357 1588 1493 1654 alia,
1522 1587 1582 1641 in
1615 1592 1903 1658 quantum
1935 1585 2155 1643 babent
2194 1585 2323 1658 ejus
2375 1585 2863 1643 similitudinem.

427 1658 761 1717 Secundum
791 1658 907 1715 hoc
935 1662 1132 1714 autem
1163 1655 1386 1728 aliquid
1418 1661 1710 1736 repugnat
1733 1656 1949 1713 rationi
1997 1657 2173 1725 entis,
2207 1658 2272 1713 in
2310 1663 2597 1737 quantum
2652 1653 2870 1725 buius·

429 1728 614 1796 modi,
648 1742 764 1785 non
793 1732 989 1798 potest
1016 1728 1075 1783 in
1106 1740 1176 1784 eo
1206 1726 1420 1784 salvari
1454 1727 1784 1783 similitudo
1815 1726 1986 1798 primi
2024 1740 2179 1795 esse,
2212 1726 2442 1785 scilicet
2462 1726 2669 1794 divini,
2698 1725 2870 1797 quod

430 1805 521 1858 est
567 1799 705 1855 fons
756 1797 1016 1857 essendi.
1044 1799 1175 1855 Non
1219 1802 1415 1867 potest
1456 1797 1641 1868 igitur
1685 1800 1841 1854 Deus
1887 1797 2037 1854 velle
2087 1797 2310 1870 aliquid
2363 1797 2523 1868 quod
2571 1801 2874 1869 repugnet

428 1869 647 1928 rationi
677 1869 855 1938 entis,
902 1868 965 1923 in
1005 1874 1290 1940 quantum
1345 1867 1710 1938 huiusmodi.
1762 1867 1928 1925 Sicut
1972 1871 2169 1925 autem
2208 1868 2424 1925 rationi
2465 1867 2755 1935 bominis,
2799 1866 2870 1924 in

428 1946 717 2012 quantum
744 1943 836 1996 est
861 1938 1065 2006 hom0‚
1095 1944 1385 2012 repugnat
1402 1951 1537 1996 esse
1563 1937 1926 2000 irrationale,
1949 1938 2030 1995 ita
2052 1939 2267 1995 rationi
2294 1938 2451 1996 entis
2473 1939 2535 1994 in
2568 1943 2865 2010 quantum

429 2009 795 2080 hujusmodi,
828 2015 1118 2080 repugnat
1145 2008 1303 2081 quod
1332 2007 1558 2089 aliquid
1588 2009 1668 2066 sit
1695 2009 2015 2067 simulens
2045 2013 2103 2065 et
2147 2022 2269 2065 non
2315 2022 2445 2066 ens.
2477 2012 2609 2066 Non
2654 2011 2858 2078 potest

428 2080 615 2153 igitur
640 2083 797 2137 Deus
821 2079 969 2136 velle
994 2079 1153 2159 quod
1182 2078 1498 2136 affirmatio
1528 2084 1586 2134 et
1634 2079 1872 2152 negatio
1901 2079 2025 2137 sint
2053 2078 2232 2136 simul
2279 2093 2454 2137 verae.
2488 2081 2609 2137 Hoc
2658 2083 2866 2136 autem

428 2151 756 2208 includitur
784 2151 845 2207 in
871 2163 1034 2207 omni
1068 2163 1169 2220 per
1215 2164 1280 2207 se
1329 2149 1709 2230 impossibili,
1761 2149 1921 2230 quod
1963 2148 2037 2206 ad
2083 2150 2351 2220 seipsum
2397 2150 2864 2221 repugnantiam

430 2221 628 2289 habet,
661 2221 721 2277 in
753 2228 1042 2292 quantum
1076 2219 1610 2279 contradictionem
1640 2220 1925 2292 implicat.
1957 2219 2244 2279 Voluntas
2290 2220 2448 2277 enim
2499 2232 2622 2277 non
2665 2225 2866 2291 potest

431 2304 567 2351 esse
591 2306 695 2363 per
723 2305 788 2350 se
816 2291 1301 2361 impossibilium.
1338 2305 1351 2322 ⁸
2821 2319 2828 2324 —

498 2363 1057 2433 Amplius,voluntas
1087 2375 1209 2418 non
1235 2366 1326 2418 est
1353 2361 1470 2418 nisi
1493 2360 1748 2433 aliqu'us
1777 2360 1921 2418 boni
1947 2359 2232 2418 intellecti
2266 2379 2281 2431 3
2313 2360 2459 2417 illud
2490 2360 2676 2433 igitur
2696 2361 2858 2433 quod

429 2447 554 2491 non
581 2434 738 2489 cadit
762 2433 822 2488 in
851 2433 1156 2489 intellectu
1196 2445 1316 2488 non
1356 2437 1554 2502 potest
1578 2433 1792 2488 cadere
1822 2431 1882 2488 in
1913 2432 2255 2488 voluntate:
2288 2432 2393 2488 sed
2424 2446 2495 2487 ea
2534 2446 2667 2502 quae
2717 2437 2861 2489 sunt

429 2503 761 2564 secundum
782 2518 848 2562 se
876 2502 1276 2574 impossibilia
1301 2516 1422 2559 non
1450 2502 1671 2560 cadunt
1713 2503 1772 2559 in
1804 2502 2191 2572 intellectum,
2215 2517 2349 2560 cum
2387 2502 2661 2573 sibiipsis
2685 2517 2860 2574 repu-

427 2579 635 2703 {nem’
666 2574 784 2632 nisi
804 2577 952 2632 sorte
984 2588 1086 2645 per
1112 2587 1369 2631 errorem
1405 2587 1525 2631 non
1553 2574 1944 2645 intelligentis
1971 2587 2168 2630 rerum
2208 2574 2651 2645 proprietatem.
2683 2573 2858 2641 Quod

469 2661 502 2702 e
532 2648 651 2702 Deo
680 2644 799 2702 dici
824 2658 943 2701 non
974 2649 1187 2715 potest.
1214 2647 1277 2700 ln
1309 2644 1569 2700 divinam
1603 2645 1787 2716 igitur
1814 2644 2179 2701 voluntatem
2211 2658 2333 2701 non
2364 2650 2621 2715 possunt
2642 2644 2856 2702 cadere

428 2730 561 2790 quae
591 2715 921 2773 secundum
951 2728 1016 2772 se
1046 2719 1188 2773 suut
1216 2714 1634 2785 impossibilia.

495 2786 712 2851 Adhuc,
750 2784 1080 2843 secundum
1133 2785 1293 2857 quod
1336 2784 1806 2857 unumquodque
1852 2797 1918 2841 se
1960 2783 2242 2842 habetati
2277 2797 2434 2852 esse,
2466 2782 2551 2840 ita
2577 2797 2644 2841 se
2676 2784 2860 2841 babet

425 2857 500 2914 ad
530 2857 892 2920 bonitatem:
937 2856 1043 2913 sed
1088 2854 1487 2926 impossibilia
1543 2860 1683 2913 sunt
1734 2867 2018 2925 quaenon
2047 2861 2303 2926 possunt
2355 2867 2511 2912 esse.
2544 2855 2698 2926 Ergo
2733 2867 2866 2912 non

424 2932 684 2998 possunt
711 2941 845 2985 esse
873 2927 1052 2984 bona.
1083 2928 1235 2998 Ergo
1262 2939 1374 2983 nec
1391 2925 1578 2984 volita
1608 2940 1646 2982 a
1673 2927 1818 2995 Deo,
1839 2926 1941 2998 qui
1968 2938 2092 2984 non
2119 2926 2246 2986 vult
2272 2925 2393 2985 nisi
2428 2938 2500 2983 ea
2521 2938 2656 2997 quae
2685 2930 2856 2990 suut.

422 2998 518 3055 vel
543 3003 800 3070 possunt
827 3009 965 3055 esse
994 2997 1178 3054 bona.

1340 3215 1593 3281 CAPUT
1650 3214 1940 3280 LXXXV.

643 3399 796 3453 0110»
829 3396 1044 3443 1³1va
1078 3396 1383 3443 VOLUNTAS
1420 3396 1542 3442 NON
1576 3397 1779 3447 ‘rom'r
1812 3395 2291 3445 commeat-mult
2335 3397 2382 3442 A
2413 3393 2623 3444 BEBUS-

492 3562 576 3617 Ex
600 3557 901 3630 praedictis
928 3563 1126 3616 autem
1174 3558 1376 3639 baberi
1406 3564 1603 3631 potest
1645 3558 1804 3632 quod
1836 3560 2035 3620 divina
2064 3561 2344 3620 voluntas
2371 3561 2860 3634 contingentiam

420 3642 544 3688 non
590 3630 766 3697 tollit,
799 3643 908 3686 nec
964 3635 1380 3687 necessitatem
1431 3630 1766 3688 absolutam
1816 3631 1994 3690 rebus
2025 3633 2297 3704 imponit.
2329 3634 2465 3691 vult
2495 3635 2656 3689 enim
2689 3634 2855 3692 Deus

421 3700 625 3758 omnia
653 3712 784 3772 quae
841 3699 1225 3771 requiruntur
1252 3701 1324 3758 ad
1356 3715 1479 3758 rem
1510 3715 1688 3774 quam
1731 3700 1875 3770 vult,
1908 3708 1974 3759 ut
2000 3702 2223 3760 dictum
2254 3709 2367 3760 est.
2399 3703 2512 3761 Sed
2543 3703 2862 3775 aliquibus

418 3773 602 3828 rebus
630 3770 959 3827 secundum
1013 3770 1255 3828 modum
1289 3785 1413 3829 suae
1444 3778 1670 3829 naturae
1710 3773 2015 3843 competit,
2099 3774 2214 3831 uod
2251 3774 2375 3831 sint
2403 3774 2856 3846 contingentes,

418 3853 539 3898 non
572 3841 948 3921 necessariae.
978 3841 1165 3922 Igitur
1213 3844 1338 3899 vult
1367 3843 1601 3915 aliquas
1633 3855 1727 3899 res
1784 3856 1919 3900 esse
1949 3788 2393 3915 conqingentes..
2429 3843 2709 3901 Efficacia
2738 3857 2856 3902 au·

417 3915 537 3992 tem
568 3910 783 3968 divlnae
827 3911 1151 3970 voluntatis
1200 3914 1405 3985 exigit3
1436 3920 1646 3970 utnon
1674 3913 1872 3970 solum
1901 3913 1980 3971 sit
2009 3914 2170 3986 quod
2201 3916 2358 3971 Deus
2387 3915 2513 3971 vult
2547 3928 2708 3983 esse,
2742 3913 2858 3973 sed

419 3986 597 4038 etiam
628 3986 689 4037 ut
724 3983 839 4039 hoc
868 3982 1046 4039 modo
1095 3983 1193 4051 sit,
1216 3984 1371 4040 sicut
1418 3986 1576 4040 Deus
1603 3983 1731 4040 vult
1788 3984 1934 4041 illud
1961 3998 2119 4043 esse.
2146 3986 2292 4042 Nam
2330 3989 2388 4041 et
2434 3984 2494 4040 in
2523 3984 2860 4053 agentibus

416 4052 815 4123 naturalibus,
867 4066 1003 4110 cum
1040 4053 1227 4110 virtus
1254 4067 1440 4125 agens
1468 4060 1560 4111 est
1591 4053 1785 4118 fortis,
1817 4054 2112 4113 assimilat
2165 4053 2281 4112 sibi
2316 4068 2492 4113 suum
2541 4053 2856 4124 effectum,

416 4134 540 4179 non
570 4123 764 4180 solum
798 4129 1083 4194 quantum
1106 4124 1182 4180 ‘ad
1225 4125 1507 4195 speciem,
1537 4124 1642 4181 sed
1673 4125 1849 4181 etiam
1898 4129 2188 4196 quantum
2215 4123 2290 4183 ad
2315 4124 2671 4191 accidentia,
2709 4139 2854 4197 quae

416 4198 575 4317 sunt⁸
609 4193 879 4318 quidamt
901 4194 1063 4320 nlilotdi
1090 4194 1286 4266 ipsius
1325 4194 1430 4251 rei.
1463 4195 1650 4268 Igitur
1677 4194 1946 4253 efficacia
1976 4196 2194 4253 divinae
2242 4196 2574 4253 voluntatis
2604 4197 2854 4253 contin-

457 4277 529 4320 en
561 4277 677 4318 iam
712 4276 828 4320 non
885 4277 921 4320 o
970 4279 986 4320 1
1022 4308 1036 4321 .

415 4276 456 4334 g
481 4333 757 4400 Amplius,
794 4335 949 4392 Deus
977 4330 1363 4407 principalius
1389 4334 1514 4391 vult
1541 4335 1768 4393 bonum
1786 4335 2195 4395 universitatis
2213 4348 2463 4393 suorum
2493 4332 2854 4405 effectuum,

412 4417 590 4474 quam
626 4403 849 4476 aliquid
884 4404 1103 4462 bonum
1134 4406 1505 4473 particulare,
1529 4412 1753 4478 quanto
1784 4407 1846 4462 in
1878 4406 1981 4465 illo
2004 4408 2357 4479 completior
2381 4406 2686 4463 invenitur
2712 4420 2850 4464 suae

408 4470 699 4534 bonitatis
727 4474 1082 4534 similitudo.
1113 4477 1441 4548 completio
1470 4485 1668 4535 autem
1699 4476 1961 4536 universi
1991 4478 2194 4551 exigit,
2228 4482 2290 4535 ut
2317 4476 2440 4535 sint
2468 4476 2673 4550 aliqua
2701 4491 2862 4535 con-
