3076 5025
1095 360 1240 424 Lm.
1274 361 1346 422 Π.
1385 359 1537 417 cAP.
1570 359 1708 418 ml.
2503 365 2613 422 243

247 484 536 556 Amplius,
565 495 744 541 omne
772 482 934 556 quod
968 488 1062 541 est
1086 481 1160 540 de
1187 481 1424 540 ratione
1449 482 1692 555 generis
1723 485 1957 554 oportet
1993 481 2067 541 de
2107 482 2343 541 ratione
2384 485 2611 555 speciei

181 569 359 623 essm
389 560 536 613 sunt
560 558 759 611 autem
789 553 1062 625 quaedam
1096 565 1230 625 quae
1270 558 1413 612 sunt
1464 553 1538 611 de
1571 554 1804 613 ratione
1848 553 2095 624 speciei,
2122 566 2247 611 non
2286 559 2485 612 autem
2538 555 2611 613 de

174 627 420 686 -retione
450 624 713 695 generiS,
742 624 900 681 sicut
927 623 1217 681 rationale
1259 628 1352 682 est
1395 622 1468 681 de
1510 625 1743 682 ratione
1790 624 2078 692 hominia,
2125 638 2248 682 non
2295 630 2493 682 autem
2539 626 2614 684 de

181 697 418 756 ratione
443 694 745 774 animalia.
775 693 1077 766 Quidquid
1106 699 1306 751 autem
1331 699 1422 752 est
1449 694 1521 751 de
1564 695 1799 753 ratione
1848 694 2093 766 speciei,
2130 707 2257 753 non
2291 701 2489 754 autem
2537 695 2612 756 de

183 768 417 826 ratione
462 778 724 837 generis,
778 777 901 821 non
947 769 1039 822 est
1079 777 1328 822 necesse
1377 765 1661 823 omnibus
1708 764 2024 836 speciebus
2116 764 2314 823 eneris
2368 766 2611 837 inesse3

187 838 393 896 multra
432 836 596 893 enim
641 835 875 907 species
920 839 1067 894 sunt
1109 835 1545 894 irrationalium
1586 835 1959 894 animalium.
2007 836 2087 893 Su
2132 835 2366 895 stantiae
2411 842 2613 898 autem

184 907 579 968 intellectuali
639 906 969 965 secundum
1020 918 1199 967 suum
1241 919 1434 978 genus
1476 906 1757 965 convenit
1787 905 1949 978 quod
1993 905 2076 964 sit
2192 920 2224 964 r
2266 920 2334 964 se
2378 908 2613 966 subsis-

178 982 338 1046 tens,
370 990 559 1049 quum
589 975 806 1034 habeat
846 990 954 1049 per
980 989 1047 1035 se
1100 977 1530 1049 operationem,
1580 976 1738 1035 sicut
1779 976 2058 1047 superius
2131 991 2184 1035 c.
2212 979 2282 1035 5⁰
2303 983 2363 1034 et
2390 979 2483 1049 51)
2517 984 2613 1037 est

181 1056 498 1108 ostensum
527 1066 542 1116 3
573 1045 645 1104 de
672 1047 908 1105 ratione
945 1053 1145 1106 autem
1173 1047 1260 1105 rei
1286 1062 1393 1119 per
1429 1060 1495 1105 se
1530 1046 1919 1105 subsistentis
1949 1059 2073 1105 non
2101 1052 2196 1105 est
2236 1046 2394 1120 quod
2440 1048 2610 1106 alteri

183 1118 451 1179 uniatur.
479 1120 613 1174 Non
667 1123 762 1175 est
818 1117 1003 1191 igitur
1029 1118 1102 1176 de
1145 1118 1378 1176 ratione
1415 1117 1766 1176 substantiae
1812 1117 2237 1176 intellectualis
2278 1119 2611 1178 secundum

180 1202 366 1250 suum
413 1201 611 1260 genus
658 1186 822 1261 quod
874 1188 956 1246 sit
1006 1188 1243 1260 corpori
1289 1188 1478 1257 unita,
1508 1189 1621 1246 etsi
1669 1188 1899 1246 sithoc
1949 1187 2025 1247 de
2074 1188 2306 1246 ratione
2354 1188 2612 1262 alicujus

186 1260 312 1319 inte
363 1259 617 1317 ectualis
643 1259 1000 1339 substantiae
1036 1272 1169 1332 quaa
1209 1264 1302 1340 est
1329 1258 1550 1317 anima.
1582 1261 1733 1317 Sunt
1775 1258 1960 1332 igitur
1992 1257 2208 1331 aliquae
2262 1257 2613 1319 substantiae

179 1330 313 1389 inte
399 1329 629 1387 cuiales
657 1329 1012 1400 corporibus
1033 1344 1162 1388 non
1195 1335 1398 1388 unitoe.

253 1400 475 1469 Adhuc,
501 1405 718 1457 natura
747 1401 1022 1472 superior
1044 1401 1106 1458 in
1133 1413 1252 1459 suo
1276 1399 1487 1458 infimo
1526 1399 1823 1472 contingit
1849 1404 2122 1458 naturam
2161 1399 2507 1458 inferiorem
2546 1401 2614 1460 in

181 1471 318 1544 ejus
346 1482 650 1543 supremo.
681 1473 901 1529 Natura
929 1477 1128 1529 autem
1156 1470 1578 1533 intellectualis
1604 1476 1696 1529 est
1723 1471 1999 1542 superior
2028 1471 2325 1539 corporali
2348 1488 2362 1540 ;
2385 1471 2616 1530 contin·

182 1544 276 1673 git
301 1547 502 1600 autem
529 1554 658 1599 eam
687 1541 1016 1600 secundum
1040 1542 1302 1614 aliquam
1331 1546 1557 1613 partem
1584 1542 1707 1609 sui,
1736 1555 1869 1614 quai
1889 1547 1979 1600 est
2005 1541 2208 1599 anima
2229 1540 2611 1600 intellectiva.

235 1616 433 1684 portet
450 1611 634 1683 igitur
664 1611 846 1684 quod,
876 1613 1035 1670 sicut
1057 1625 1280 1684 corpus
1304 1612 1631 1683 perfectum
1658 1626 1765 1683 per
1792 1612 2054 1670 animam
2078 1612 2501 1669 intellectivam
2520 1617 2614 1671 est

171 1694 534 1754 ’supremum
563 1683 630 1741 in
657 1696 878 1754 genere
902 1694 1241 1755 corporum,
1270 1682 1356 1740 ita
1375 1682 1581 1741 anima
1604 1682 1968 1740 intellectiva
1990 1695 2123 1754 quae
2145 1682 2348 1741 unitur
2374 1683 2612 1753 corpori

185 1754 270 1813 sit
292 1753 502 1811 infima
543 1753 608 1834 in
647 1766 867 1824 genere
912 1753 1388 1835 substantiarum
1428 1752 1947 1833 intellectualium.
1978 1753 2129 1835 Sunt
2162 1752 2347 1823 igitur
2396 1753 2612 1882 aliguae

185 1824 544 1884 substantiae
587 1824 1024 1883 intellectuales
1062 1836 1188 1883 non
1231 1828 1418 1884 unitae
1465 1823 1841 1896 corporibus,
1884 1836 2233 1895 superiores
2278 1835 2465 1884 secun
2514 1836 2612 1883 um

185 1901 418 1954 naturae
447 1894 719 1952 ordinem
748 1893 968 1952 anima.

251 1968 414 2029 itera,
432 1965 485 2022 si
517 1970 609 2022 est
632 1964 856 2037 aliquid
888 1964 1298 2037 imperfectum
1322 1965 1388 2022 in
1412 1965 1618 2038 aliquo
1640 1978 1879 2038 genere,
1908 1966 2211 2025 invenitur
2256 1970 2394 2024 ante
2438 1966 2612 2038 illud,

185 2036 522 2096 secundum
553 2040 781 2093 naturas
819 2035 1113 2105 ordinem,
1139 2035 1366 2107 aliquid
1392 2036 1454 2093 in
1484 2050 1703 2108 genere
1731 2037 1839 2095 illo
1882 2037 2244 2108 perrectum
2286 2037 2612 2108 perfectum

186 2107 353 2167 enim
384 2112 602 2164 natura
628 2106 798 2178 prius
817 2111 909 2164 est
935 2107 1544 2177 imperfecto.Formae
1571 2112 1769 2164 autem
1792 2109 2159 2180 quassantia
2188 2108 2455 2166 materiis
2474 2112 2618 2167 sunt

185 2184 362 2236 actus
391 2177 745 2249 imperfecti,
778 2177 1069 2250 quianon
1107 2176 1328 2235 habent
1380 2190 1517 2235 esse
1560 2178 1945 2250 completum.
1974 2181 2129 2238 Sunt
2171 2178 2356 2260 igitur
2398 2179 2619 2253 aliquae

171 2249 397 2306 ‚formae
426 2261 561 2320 quae
591 2246 733 2306 sunt
757 2253 928 2306 actus
955 2248 1236 2319 completi
1264 2259 1372 2319 per
1397 2261 1464 2306 se
1492 2247 1896 2308 subsistentes
1942 2256 2003 2308 et
2044 2261 2304 2322 speciem
2352 2250 2616 2322 comple—

185 2323 310 2377 tam
334 2318 647 2399 habentes.
679 2318 887 2375 Omnis
916 2326 1116 2376 autem
1141 2319 1336 2375 forma
1370 2330 1569 2389 perse
1597 2319 1939 2378 subsistens
1965 2320 2194 2393 absque
2219 2321 2470 2379 materia
2524 2324 2617 2379 est

188 2389 532 2448 substantia
555 2388 1015 2459 intellectualis3
1042 2389 1391 2447 immunitas
1419 2394 1619 2448 autem
1647 2391 1911 2449 materiae
1939 2392 2169 2449 confert
2205 2404 2342 2449 esse
2394 2390 2615 2448 intelli-

231 2460 397 2529 ibile,
431 2464 493 2517 ut
522 2474 595 2517 ex
621 2459 951 2531 praemissis
983 2459 1056 2533 (c.
1087 2460 1178 2532 51)
1207 2463 1386 2532 patet.
1420 2461 1569 2518 Sunt
1596 2473 1739 2534 ergo
1778 2460 1993 2533 aliquae
2036 2460 2386 2520 substantiae
2441 2460 2615 2520 intel-

215 2530 483 2589 ectuales
513 2531 863 2602 corporibus
888 2544 1008 2589 non
1035 2533 1254 2599 unitae3
1286 2543 1468 2590 omne
1491 2536 1690 2589 autem
1717 2544 1935 2602 corpus
1964 2532 2270 2589 materiam
2312 2531 2508 2588 habet.

260 2602 537 2671 Amplius,
579 2601 917 2659 substantia
967 2607 1163 2673 potest
1221 2614 1355 2659 esse
1404 2601 1535 2659 sine
1576 2602 1924 2681 quantitate,
1950 2602 2090 2660 licet
2137 2602 2439 2673 quantitas
2483 2602 2617 2661 sine

191 2673 532 2730 substantia
559 2685 694 2729 esse
724 2685 846 2729 non
875 2672 1108 2744 possit;
1138 2670 1476 2731 substantia
1506 2685 1666 2729 enim
1695 2672 1953 2730 aliorum
1979 2685 2268 2746 generum
2310 2672 2501 2742 prima
2523 2678 2619 2732 est

189 2750 480 2813 tempore,
513 2742 744 2799 ratione
772 2747 831 2800 et
876 2742 1240 2814 cognitione.
1274 2742 1387 2798 Sed
1428 2741 1598 2800 nulla
1635 2740 1971 2800 substantia
2025 2754 2314 2813 corporea
2351 2748 2443 2799 est
2484 2742 2617 2802 sine

190 2813 545 2886 quantitate.
579 2815 842 2871 Possunt
863 2813 1049 2886 igitur
1094 2812 1366 2885 quaedam
1412 2824 1549 2869 esse
1600 2811 1663 2868 in
1754 2825 1931 2871 enere
1968 2812 2320 2870 substantiae
2367 2814 2617 2871 omnino

191 2884 422 2955 absque
451 2896 553 2942 cor
595 2896 720 2941 ore.
749 2885 973 2942 Omnes
1000 2887 1198 2941 autem
1227 2888 1454 2941 naturai
1481 2882 1713 2953 possibi
1740 2896 1805 2941 es
1848 2884 1915 2941 in
1966 2897 2165 2942 rerum
2207 2882 2417 2940 ordine
2460 2883 2621 2942 inve·

191 2954 478 3021 nimitum
519 2967 552 3010 a
580 2953 694 3012 iter
719 2955 879 3012 enim
908 2960 1070 3014 esset
1093 2954 1440 3012 universum
1467 2953 1917 3025 imperfectum3
1946 2954 2011 3011 in
2040 2954 2422 3025 sempiternis
2438 2954 2619 3014 etiam

191 3038 322 3083 non
351 3022 549 3082 differt
581 3037 715 3082 esse
741 3030 800 3081 et
826 3039 1028 3096 posse.
1055 3026 1208 3083 Sunt
1227 3024 1412 3095 igitur
1437 3025 1655 3097 aliquae
1686 3024 2037 3084 substantiae
2076 3023 2305 3097 absque
2354 3025 2619 3097 corpori-

192 3095 313 3154 bus
342 3094 744 3153 subsistentes
771 3101 909 3167 post
935 3096 1187 3167 primam
1217 3096 1638 3165 substantiam,
1667 3109 1800 3167 quae
1836 3098 1993 3154 Deus
2040 3102 2152 3165 est,
2196 3108 2330 3169 quie
2366 3109 2489 3154 non
2526 3099 2621 3155 est

187 3166 260 3226 in
283 3178 522 3292 genere,
550 3171 619 3222 ut
642 3179 826 3237 supra
853 3166 931 3239 (c.
959 3166 1016 3236 2)
1045 3173 1358 3230 ostensum
1385 3170 1499 3236 est,
1529 3172 1591 3223 et
1616 3178 1802 3238 supra
1822 3166 2089 3227 animam
2116 3179 2250 3240 quae
2268 3171 2363 3226 est
2380 3166 2620 3241 corpori

175 3329 184 3336 ·
263 3306 481 3387 Adhuc,
511 3307 564 3364 si
596 3321 670 3364 ex
696 3306 1000 3382 aliquibus
1027 3307 1266 3367 duobus
1282 3307 1588 3366 invenitur
1603 3305 1848 3382 aliquod
1866 3309 2267 3381 compositum
2286 3313 2346 3366 et
2365 3308 2619 3367 alterum

194 3390 406 3436 eorum
435 3379 740 3437 invenitur
765 3392 870 3449 per
899 3392 965 3436 se
993 3379 1154 3451 quod
1183 3385 1278 3437 est
1298 3380 1500 3437 minus
1543 3379 1889 3450 perfectum,
1920 3386 1980 3437 et
2022 3380 2296 3448 alterum,
2326 3377 2487 3450 quod
2528 3382 2621 3437 est

193 3449 393 3521 magis
439 3449 765 3519 perfectum
795 3453 854 3505 et
882 3450 1084 3508 minus
1131 3451 1363 3521 reliquo
1406 3448 1532 3507 indi
1580 3463 1708 3518 enS,
1738 3464 1844 3522 pei·
1871 3464 1937 3507 se
1962 3450 2282 3508 invenitur.
2318 3447 2623 3510 invenitur

190 3526 393 3578 autem
423 3518 627 3590 aliqua
652 3519 990 3577 substantia
1017 3521 1354 3592 composita
1378 3534 1454 3577 ex
1480 3533 1512 3578 s
1631 3520 1818 3578 tantia
1846 3520 2235 3578 intellectuali
2263 3524 2320 3576 et
2345 3531 2621 3590 corpore,

189 3595 263 3649 ut
287 3605 361 3647 ex
374 3589 710 3661 praemissis
740 3589 815 3662 (c.
846 3589 937 3661 68)
966 3597 1163 3662 patet;
1190 3603 1408 3672 corpus
1439 3596 1637 3648 autem
1665 3591 1969 3648 invenitur
1992 3604 2099 3662 per
2141 3604 2228 3653 se,
2262 3591 2418 3649 sicut
2461 3594 2622 3661 patet

190 3660 260 3719 in
283 3660 571 3718 omnibus
618 3659 974 3732 corporibus
1004 3661 1370 3720 inanimatis.
1399 3661 1583 3719 Multo
1612 3662 1800 3735 igitur
1814 3660 2031 3719 fortius
2048 3661 2435 3720 inveniuntur
2449 3659 2620 3719 subs·

187 3732 396 3790 tantiae
424 3730 864 3790 intellectuales
890 3732 1243 3803 corporibus
1272 3745 1395 3790 non
1424 3732 1627 3790 unitae.

262 3804 418 3883 Item,
449 3801 846 3861 substantiam
873 3802 960 3860 rei
987 3807 1226 3874 oportet
1244 3816 1379 3860 esse
1400 3803 1908 3885 proportionatam
1937 3816 2065 3862 suae
2091 3803 2448 3876 operationi,
2477 3801 2621 3874 quia

191 3879 463 3945 operatio
510 3878 601 3930 est
642 3878 814 3932 actus
859 3877 919 3930 et
959 3873 1184 3931 bonum
1233 3874 1584 3932 substantlae
1629 3874 1953 3946 operantis.
1993 3874 2107 3932 Sed
2148 3873 2622 3953 intelligar-aest

189 3944 438 4026 propria
477 3944 746 4014 operatio
799 3944 1151 4003 substantiae
1205 3944 1646 4002 intellectualis.
1697 3946 1943 4016 Oportet
1981 3944 2169 4017 igitur
2221 3943 2618 4002 substantiam

187 4015 664 4074 intellectualem
691 4015 873 4073 talem
920 4028 1055 4073 esse
1088 4028 1221 4088 quae
1250 4019 1548 4085 competat
1573 4015 1871 4087 praedictae
1898 4015 2256 4086 operationi.
2278 4015 2618 4087 Intelligere

189 4091 420 4155 autem,
467 4099 655 4158 quum
691 4085 774 4145 sit
825 4086 1094 4158 operatio
1140 4100 1246 4157 per
1277 4099 1569 4166 organum
1615 4099 1967 4156 corporeum
2015 4099 2138 4143 non
2185 4085 2462 4153 exercita,
2496 4097 2620 4143 non

186 4156 428 4229 indiget
452 4155 876 4235 corpora-nisi
919 4156 983 4213 in
1013 4162 1300 4230 quantum
1343 4156 1531 4212 intelli
1584 4155 1749 4214 'bilia
1770 4161 2090 4214 sumuntur
2133 4169 2173 4214 a
2202 4154 2616 4215 sensibilibus.

194 4228 306 4285 Hic
349 4232 550 4286 autem
597 4231 689 4284 est
731 4227 1115 4298 imperfectus
1152 4227 1374 4285 modus
1413 4227 1534 4283 inte
1584 4227 1818 4298 igendi;
1844 4228 2142 4298 perfectus
2194 4227 2355 4284 enim
2402 4227 2623 4285 modus

5 4361 8 4372 s
111 4306 124 4312 ’
185 4296 572 4370 intelligendi
602 4300 697 4355 est
748 4301 816 4354 ut
840 4296 1253 4370 intelligantur
1280 4312 1351 4355 ea
1397 4312 1529 4369 quae
1576 4304 1719 4355 sunt
1768 4298 2097 4357 secundum
2143 4301 2415 4355 naturam
2446 4308 2621 4356 suam

187 4368 635 4448 intelligibilia3
666 4366 827 4448 quod
848 4372 1044 4425 autem
1065 4382 1188 4426 non
1221 4367 1411 4426 intelli
1460 4372 1638 4448 antur
1668 4368 1787 4426 nisi
1817 4382 1888 4426 ea
1914 4383 2047 4441 quae
2075 4382 2197 4427 non
2227 4374 2372 4426 sunt
2403 4379 2618 4427 secun-

189 4438 342 4498 dum
375 4452 462 4496 =se
514 4437 941 4510 intelligibilia,
969 4438 1076 4495 sed
1101 4438 1252 4497 fiunt
1299 4440 1420 4496 inte
1449 4438 1704 4510 ligibilia
1736 4453 1841 4510 per
1864 4439 2251 4508 intellectum,
2282 4446 2372 4497 est
2402 4440 2619 4508 imper-

185 4510 394 4572 fectus
420 4509 640 4571 modus
666 4507 1063 4583 intelligendi.
1094 4509 1154 4568 Si
1186 4510 1369 4583 igitur
1396 4514 1531 4568 ante
1566 4522 1746 4568 omne
1786 4510 2197 4583 imperfectum
2226 4513 2460 4585 oportet
2482 4517 2619 4565 esse
