3076 5025
433 271 536 327 456
1265 267 1399 322 LIB.
1439 266 1537 333 111,
1578 266 1730 322 CAP.
1772 264 2025 320 CXXXIX.

1334 517 1589 582 CAPUT
1640 517 1955 582 CXXXIX.

856 706 1010 761 QUOD
1045 707 1239 760 NEQUE
1271 705 1497 752 malm
1536 706 1732 759 mtomt
1765 704 2031 752 PBGGATA
2065 703 2216 751 sum·
2247 702 2448 750 Pam.

510 885 592 940 Ex
621 880 719 939 his
760 885 956 938 autem
1003 879 1384 938 manifestum
1428 878 1707 951 estquod
1755 892 1949 952 neque
1993 877 2199 937 omnia
2236 875 2396 934 bona
2443 888 2633 947 opera
2677 887 2823 946 nequ

440 952 646 1012 omnia
669 955 913 1031 peccata
935 956 1078 1007 sunt
1106 950 1272 1021 paria
2748 1014 2761 1025 ‚
2791 1014 2802 1024 ,

511 1022 840 1080 Consilium
867 1021 1027 1077 enim
1059 1032 1182 1079 non
1210 1019 1383 1077 datur
1409 1018 1529 1078 nisi
1558 1017 1632 1077 de
1654 1018 1889 1077 meliori
1919 1017 2099 1078 bon0.
2125 1019 2350 1075 Dantur
2366 1022 2569 1074 autem
2588 1014 2855 1084 consilia

441 1093 508 1152 in
551 1094 683 1164 lege
733 1091 953 1160 divina,
982 1089 1055 1147 de
1095 1095 1464 1218 Raupertate,
1494 1089 1864 1170 commentia
1890 1093 1952 1147 et
1994 1087 2132 1147 aliis
2180 1086 2548 1169 hujusmodi,
2581 1092 2650 1167 ut
2693 1099 2863 1157 supra

443 1164 519 1235 (c.
552 1163 674 1235 130)
705 1162 927 1220 dictum
955 1166 1066 1218 est.
1144 1175 1227 1219 aec
1253 1161 1440 1232 igitur
1463 1161 1715 1218 meliora
1743 1165 1887 1217 sunt
1911 1172 2088 1231 quam
2121 1164 2503 1216 matrimonio
2534 1163 2624 1214 uu
2649 1163 2709 1213 et
2730 1162 2865 1213 tem-

441 1233 671 1306 poralia
699 1232 1027 1304 possidere,
1058 1231 1385 1289 secundum
1418 1245 1552 1303 quae
1576 1237 1772 1287 tamen
1801 1229 2095 1301 contingit
2121 1228 2386 1286 virtuose
2424 1242 2628 1300 agere,
2660 1225 2865 1285 ordine

441 1304 698 1363 rationis
741 1308 996 1372 servato,
1027 1307 1093 1358 ut
1140 1314 1323 1373 supra
1349 1302 1425 1372 (c.
1453 1300 1577 1373 134)
1606 1306 1917 1359 ostensum
1946 1306 2058 1358 est.
2088 1301 2220 1357 Non
2247 1299 2432 1371 igitur
2454 1310 2675 1356 omnes
2700 1301 2864 1355 actus

442 1374 728 1433 virtutum
755 1378 897 1432 sunt
921 1385 1117 1445 pares.
2534 1437 2548 1450 .

514 1445 734 1513 Adhuc,
764 1449 934 1501 actus
959 1442 1217 1514 speciem
1247 1441 1541 1513 recipiunt
1568 1456 1654 1521 ex·
1668 1440 1937 1513 obiectis.
1970 1441 2203 1509 Quanto
2233 1440 2416 1512 igitur
2451 1439 2868 1521 objectumest

444 1515 684 1584 meliuS,
712 1519 879 1571 tanto
926 1517 984 1570 et
1029 1518 1198 1570 actus
1247 1512 1358 1569 erit
1405 1513 1731 1569 virtuosior
1780 1510 2108 1569 secundum
2167 1512 2425 1582 speciem
2474 1523 2674 1568 suam.
2708 1512 2869 1567 Fims

448 1591 643 1644 autem
694 1584 905 1642 melior
931 1589 1021 1640 est
1067 1582 1319 1654 hisquae
1360 1581 1603 1639 suntad
1646 1580 1826 1638 finem
1856 1598 1871 1651 ;
1903 1593 2153 1663 quorum
2203 1587 2369 1639 tanto
2395 1579 2472 1640 ali
2521 1580 2624 1639 uid
2653 1580 2868 1660 melius

447 1662 560 1723 est,
586 1661 810 1727 quanto
852 1659 944 1712 est
967 1652 1069 1710 fini
1098 1653 1513 1725 propinquius.
1540 1654 1699 1709 Inter
1725 1657 1894 1710 actus
1921 1651 2104 1724 igitur
2130 1651 2427 1710 humanos
2466 1651 2484 1707 i
2514 1651 2570 1708 le
2597 1657 2696 1708 est
2721 1656 2867 1721 opti·

445 1738 585 1783 mus
611 1726 712 1797 qui
742 1725 805 1782 in
851 1724 1125 1781 ultimum
1153 1721 1354 1789 finem,
1385 1722 1617 1780 scilicet
1657 1723 1864 1790 Deum,
1894 1722 2233 1802 immediate
2262 1722 2486 1790 fertur;
2515 1728 2659 1792 post
2694 1733 2868 1793 quem

445 1800 614 1875 tanto
642 1801 811 1875 actus
838 1793 1052 1852 melior
1077 1799 1171 1851 est
1197 1792 1525 1851 secundum
1557 1803 1729 1850 suam
1755 1805 2038 1864 speciem,
2070 1797 2295 1864 quanto
2319 1792 2618 1864 objectum
2637 1797 2733 1849 est
2749 1793 2865 1848 Deo

491 1878 557 1923 ro
600 1878 658 1921 in
705 1877 865 1921 mus·

450 1878 487 1935 p
519 1879 793 2004 Αξηρῗῐιιε,
823 1934 1047 1991 bouum
1078 1934 1141 1990 in
1187 1931 1419 1991 actibus
1448 1932 1730 1991 humanis
1759 1938 1848 1991 est
1879 1932 2209 1991 secundum
2232 1932 2392 2006 quod
2421 1932 2657 1991 ratione
2698 1945 2869 2005 regu·

448 2005 668 2064 lantur.
698 2004 999 2076 Contingit
1017 2008 1214 2060 autem
1242 2004 1479 2075 aliquos
1501 2004 1642 2060 aliis
1662 2002 1735 2060 ad
1756 2003 2046 2061 rationem
2077 2002 2271 2076 magis
2300 2003 2606 2069 accedere,
2629 2001 2869 2074 quando

450 2080 621 2133 actus
649 2074 750 2147 qui
783 2080 923 2131 sunt
955 2073 1149 2144 ipsius
1178 2073 1428 2130 rationis
1457 2073 1652 2144 magis
1677 2072 1897 2131 habent
1924 2072 1997 2131 de
2020 2074 2182 2132 hono
2207 2074 2459 2132 rationis
2493 2087 2678 2145 quam
2704 2078 2870 2130 actus

447 2144 803 2275 {inferiorum
820 2144 1055 2270 virilum,
1078 2142 1296 2215 quibus
1324 2143 1476 2200 ratio
1505 2143 1776 2216 imperat.
1808 2145 1959 2201 Sunt
1979 2143 2164 2217 igitur
2189 2143 2345 2204 inter
2370 2149 2542 2202 actus
2571 2143 2869 2202 humanos

512 2231 530 2272 1
579 2229 637 2272 ιιι
666 2228 703 2272 a
729 2228 804 2272 us
831 2226 925 2271 me
952 2226 1133 2272 iores,

518 2230 673 2354 ptem,
702 2289 994 2357 praecepta
1036 2283 1190 2364 legis
1217 2284 1439 2356 optime
1465 2297 1538 2342 ex
1583 2281 1900 2343 dilectione
1946 2284 2269 2357 implentur
2319 2289 2385 2344 ut
2429 2283 2719 2356 supra(c.
2750 2281 2870 2356 ¹28)

453 2354 676 2437 dictum
707 2360 817 2413 est.
855 2355 1155 2427 Contingit
1181 2360 1378 2435 autem
1426 2354 1687 2436 aliquem
1733 2355 1853 2413 alio
1880 2369 1953 2413 ex
1993 2355 2204 2427 majori
2253 2327 2575 2437 dilectione
2646 2352 2769 2435 uod
2790 2355 2872 2412 fa·

452 2426 731 2485 ciendum
759 2431 849 2484 est
876 2426 1094 2506 iacere.
1124 2427 1242 2482 Erit
1269 2430 1452 2497 lgltur
1477 2430 1880 2484 virtuosorum
1910 2431 2149 2484 actuum
2178 2438 2337 2484 unus
2371 2426 2490 2484 alio
2530 2440 2628 2483 me
2655 2438 2768 2483 ror.

520 2499 804 2561 Praeterea,
838 2509 890 2554 si
919 2510 991 2555 ex
1016 2501 1231 2554 virtute
1261 2501 1429 2555 actus
1471 2495 1736 2555 hominis
1762 2496 1902 2557 boni
1947 2496 2293 2566 redduntur,
2324 2496 2624 2569 contingit
2678 2500 2873 2554 autem

449 2567 845 2628 intentionem
884 2568 1058 2625 etiam
1089 2566 1355 2626 eamdem
1406 2568 1691 2639 majorem
1721 2582 1857 2627 esse
1902 2568 1966 2625 in
1993 2581 2117 2627 uno
2163 2581 2343 2641 quam
2371 2568 2437 2625 in
2463 2567 2610 2635 ali0,
2644 2573 2873 2638 oportet

453 2651 521 2698 er
562 2651 598 2697 o
626 2638 787 2712 quod
815 2638 1211 2696 humanorum
1235 2642 1475 2697 actuum
1505 2639 1585 2695 sit
1613 2651 1774 2697 unus
1800 2638 1920 2697 alio
1950 2639 2180 2697 melior.

552 2713 675 2779 tem,
703 2709 753 2767 si
789 2722 861 2765 ex
887 2708 1205 2766 virtutibus
1231 2713 1401 2766 actus
1452 2708 1697 2766 humani
1739 2709 1881 2767 boni
1911 2710 2257 2779 redduntur,
2288 2712 2522 2780 oportet
2563 2708 2871 2767 meliorem

454 2792 590 2838 esse
617 2785 813 2836 actum
849 2779 950 2850 qui
980 2788 1073 2835 est
1114 2777 1381 2836 melioris
1420 2779 1676 2836 virtutis.
1710 2780 2011 2852 Contingit
2037 2785 2237 2837 autem
2265 2779 2544 2837 virtutem
2573 2792 2763 2837 unam
2790 2779 2868 2837 al·

452 2854 582 2907 tera
608 2850 912 2929 meliorem
937 2861 1105 2929 steev.
1123 2854 1267 2920 puta
1293 2848 1796 2920 magnificentiam
1826 2849 2199 2930 liberalitate,
2229 2854 2289 2906 et
2315 2850 2868 2922 magnanimitatem

453 2918 845 2977 moderantia.
879 2922 998 2976 Erit
1025 2934 1044 2975 ι
1089 2924 1209 2976 itur
1235 2919 1630 2976 humanorum
1662 2927 1901 2977 actuum
1931 2933 2089 2978 unus
2118 2920 2239 2978 alio
2266 2920 2498 2978 melior.

526 2990 674 3047 Hinc
705 2996 797 3047 est
823 2988 982 3061 quod
1070 2989 1245 3047 icitur
1274 3007 1288 3046 ε
1319 2989 1426 3056 Qui
1451 2993 1796 3046 matrimonio
1821 2991 2013 3060 junqit
2037 2993 2305 3059 virginem
2335 3005 2493 3048 suam
2544 2991 2676 3046 bene
2700 2993 2871 3059 facin

453 3064 505 3118 et
532 3063 629 3130 qai
652 3075 761 3115 non
779 3059 973 3130 ,innuit
999 3060 1187 3115 melius
1211 3061 1371 3127 facit.
1399 3060 1455 3129 (1
1479 3060 1622 3124 Gor„
1654 3074 1763 3130 vn,
1784 3060 1898 3133 38.)

523 3133 592 3187 Et
618 3130 843 3188 eisdem
872 3130 1046 3187 etiam
1073 3129 1407 3187 rationibus
1433 3136 1676 3200 apparet
1702 3131 1860 3203 quod
1883 3144 2006 3188 non
2026 3131 2231 3189 omnia
2257 3136 2498 3203 peccata
2516 3136 2667 3189 sunt
2688 3132 2869 3204 paria,

452 3214 637 3274 quum
681 3213 785 3272 per
827 3213 1011 3258 unum
1051 3204 1358 3280 peccatum
1404 3201 1598 3280 magis
1646 3200 1987 3259 discedatur
2013 3215 2050 3258 a
2078 3201 2193 3258 fiue
2244 3215 2419 3274 quam
2474 3215 2581 3272 per
2606 3201 2874 3269 aliud‚et

451 3271 648 3343 magis
676 3275 1040 3342 pervertatur
1065 3269 1212 3328 ordo
1241 3275 1493 3327 rationis
1514 3275 1574 3327 et
1599 3270 1794 3342 majus
1819 3277 2243 3329 nocumentum
2265 3271 2537 3343 proximo
2559 3271 2870 3330 inseratur.

452 3341 601 3399 Hinc
629 3346 722 3482 esg
746 3340 906 3413 quod
934 3340 1188 3399 dicitur:
1221 3340 1598 3397 sceleratior-ia
1643 3343 1825 3409 fecisti
1849 3342 1963 3397 iuis
1984 3344 2049 3396 in
2073 3341 2318 3397 omnibus
2342 3344 2449 3398 viis
2468 3343 2601 3398 tuis.
2635 3343 2870 3413 (Ezcclm

450 3422 580 3479 xvl,
605 3416 697 3470 47.

524 3482 771 3608 Perthoc
794 3480 1350 3562 autemexcluditur
1374 3480 1770 3553 quorumdam
1794 3494 1961 3542 error
1981 3480 2306 3541 dicentium
2333 3482 2540 3541 omnia
2576 3484 2797 3542 merita
2816 3488 2869 3540 et

451 3565 634 3624 pecca
660 3566 696 3609 a
725 3565 860 3610 esse
929 3566 1073 3610 aria.
1824 3558 1834 3567 ’

523 3621 693 3690 Quod
734 3566 931 3702 tameg
964 3635 1174 3680 omnes
1220 3622 1468 3682 virtuosi
1498 3629 1670 3682 actus
1713 3622 2145 3703 sintaequateS,
2176 3636 2249 3680 ex
2276 3623 2390 3681 hoc
2416 3623 2737 3684 videbatur
2769 3623 2870 3683 ali·

454 3706 630 3765 quam
661 3699 951 3751 rationem
980 3692 1216 3763 habere,
1243 3695 1382 3764 quia
1402 3696 1602 3752 omnis
1621 3697 1792 3752 aetus
1811 3698 2116 3752 virtuosus
2141 3699 2326 3751 estex
2345 3694 2463 3752 fine
2485 3695 2630 3754 boni
2656 3713 2672 3764 3
2695 3694 2867 3762 unde,

451 3762 511 3891 {ei
538 3764 807 3891 ossnnium
852 3763 1146 3823 bonorum
1189 3768 1426 3823 actuum
1456 3771 1549 3823 est
1575 3762 1733 3822 idem
1764 3763 1904 3822 finis
1929 3764 2097 3833 honi,
2128 3770 2361 3836 oportet
2387 3778 2601 3824 omnes
2630 3764 2867 3838 aequali·

524 3904 682 3962 Licet
700 3911 895 3962 autem
921 3904 1002 3962 sit
1029 3917 1189 3963 unus
1230 3904 1371 3963 finis
1403 3905 1650 3965 ultimus
1691 3905 1859 3975 boni,
1890 3911 2060 3965 actus
2081 3911 2283 3963 tamen
2326 3906 2429 3978 qui
2460 3920 2535 3963 ex
2563 3905 2674 3965 illo
2700 3905 2865 3965 boni-

449 3978 630 4032 tatem
684 3975 922 4045 habent‚
948 3974 1252 4034 diversum
1302 3976 1589 4035 bonitatis
1640 3976 1888 4049 gradum
1945 3976 2282 4047 accipiunt;
2308 3983 2402 4034 est
2448 3978 2612 4035 enim
2667 3978 2734 4035 in
2777 3976 2865 4034 his

447 4042 630 4103 bonis
657 4061 789 4119 quae
817 4045 891 4105 ad
919 4046 1189 4104 ultimum
1212 4045 1390 4104 finem
1430 4047 1784 4105 ordinantur
1809 4044 2146 4105 differentia
2181 4046 2497 4119 graduum,
2539 4045 2862 4106 secundum

452 4115 612 4186 quod
659 4117 928 4187 quaedam
978 4122 1120 4174 sunt
1163 4116 1301 4175 aliis
1342 4117 1591 4176 meliora
1617 4124 1676 4175 et
1703 4116 1808 4175 fini
1852 4118 2064 4175 ultimo
2109 4118 2557 4189 propinquiora.
2592 4117 2863 4186 Unde,in

448 4183 752 4243 voluntate
779 4192 838 4244 et
886 4188 1119 4245 actibus
1162 4186 1316 4269 ejus,
1345 4188 1566 4260 gradus
1615 4188 1901 4247 bonitatis
1939 4188 2056 4245 erit
2096 4187 2424 4247 secuudum
2461 4187 2859 4246 diversitatem

448 4251 745 4381 ffeffirum
778 4255 853 4314 ad
879 4270 1013 4330 quae
1040 4263 1391 4317 terminatur
1420 4259 1699 4318 voluntas
1721 4265 1781 4318 et
1807 4257 1940 4330 ejus
1967 4263 2158 4328 actus,
2185 4258 2326 4316 lieet
2346 4258 2599 4316 ultimus
2627 4258 2771 4318 finis
2790 4257 2862 4315 sit

522 4392 806 4454 Similiter
845 4396 1045 4467 etiam,
1074 4399 1235 4470 quod
1265 4399 1469 4458 omnia
1491 4404 1735 4471 peccata
1761 4403 1905 4461 sunt
1930 4398 2120 4473 paria,
2146 4399 2381 4459 videtur
2407 4413 2482 4460 ex
2504 4398 2625 4459 hoc
2650 4398 2860 4459 habere
