3076 5025
1052 262 1186 319 Lis.
1227 262 1326 331 ιιι,
1365 261 1519 319 car.
1560 261 1705 320 cm.
2442 223 2445 228 ’
2487 265 2589 318 ioi

156 397 297 444 mus
318 389 596 443 motuum
622 387 715 442 est
739 386 940 441 motus
968 381 1202 452 localis,
1242 381 1405 441 unde
1431 387 1492 440 et
1533 395 1722 440 causa
1769 380 2026 440 aliorum
2064 380 2287 440 existit.
2323 382 2589 442 Primum

156 454 323 514 enim
354 455 419 511 in
445 452 715 527 quolibet
740 466 959 526 genere
979 467 1163 512 causa
1189 453 1493 512 invenitur
1515 466 1723 511 eorum
1754 466 1888 526 quae
1916 452 1980 510 in
2006 451 2112 511 illo
2136 465 2356 525 genere
2378 466 2591 511 conse-

156 529 447 598 quuntur.
489 523 700 582 Omnis
745 529 944 582 autem
993 523 1243 582 effectus
1281 524 1387 606 qui
1430 524 1496 581 in
1540 523 1638 582 his
1665 523 2056 582 inferioribus
2085 523 2452 596 producitur,
2489 537 2595 595 per

156 593 425 669 aliquam
455 593 904 667 generationem
956 595 1051 652 vel
1081 595 1494 654 alterationem
1523 607 1775 652 necesse
1798 599 1981 652 estut
2007 591 2388 664 producatur.
2415 596 2597 666 Opor-

155 671 244 724 tet
271 664 459 740 igitur
481 663 641 738 quod
667 678 776 736 per
802 664 1030 738 aliquid
1058 663 1330 723 localiter
1347 671 1577 723 motum
1604 665 1720 722 hoc
1743 664 2073 737 proveniat,
2096 666 2149 723 si
2174 663 2278 722 fiat
2296 664 2370 723 ab
2390 665 2595 738 aliquo

160 741 379 810 agente
407 735 793 808 incorporali,
822 735 981 809 quod
1011 735 1249 808 proprie
1274 734 1547 795 localiter
1569 736 1795 794 moveri
1822 749 1947 794 non
1971 735 2185 808 possit.
2206 734 2467 795 Effectus
2495 750 2597 794 au-

158 811 278 865 tem
298 806 402 880 qui
422 805 577 865 flunt
599 821 635 865 a
654 805 1011 865 substantiis
1034 806 1409 878 incorporeis
1432 821 1537 880 per
1557 819 1846 878 corporea
1860 806 2285 877 instrumenta,
2308 820 2433 865 non
2454 811 2599 866 sunt

155 877 533 936 miraculosi.
553 877 815 959 Corpora
841 877 1003 935 enim
1032 890 1157 935 non
1182 882 1503 950 operantur
1531 877 1650 936 nisi
1680 877 2051 936 naturaliter.
2079 879 2211 937 Non
2239 877 2425 958 igitur
2453 877 2595 936 sub-

155 948 400 1007 stantiae
421 952 632 1006 creatae
661 960 1029 1019 incorporeae
1049 954 1305 1020 possunt
1334 947 1538 1021 aliqua
1563 947 1856 1006 miracula
1880 948 2076 1005 facere
2091 961 2334 1020 propria
2352 948 2591 1018 virtute,

152 1023 219 1078 et
244 1018 439 1077 multo
468 1018 671 1077 minus
698 1018 1052 1077 substantiae
1080 1032 1153 1077 co
1228 1032 1406 1088 oreae,
1436 1032 1692 1092 quarum
1737 1018 1938 1077 omnis
1967 1018 2126 1077 actio
2155 1017 2446 1076 naturalis
2477 1025 2589 1076 est.

154 1088 365 1149 Solius
391 1088 575 1163 igitur
599 1089 704 1147 Dei
734 1094 827 1149 est
853 1088 1144 1148 miracula
1195 1104 1390 1148 acere.
1414 1091 1549 1161 Ipse
1579 1090 1740 1148 enim
1764 1094 1857 1148 est
1901 1089 2178 1161 superior
2217 1088 2429 1147 ordine
2473 1102 2594 1172 quo

151 1161 444 1219 universa
470 1160 873 1230 continentur,
900 1160 1059 1219 sicut
1092 1173 1130 1218 a
1155 1160 1332 1219 cu‘us
1359 1160 1735 1233 providentia
1767 1164 1931 1218 totus
1958 1160 2059 1217 hic
2084 1159 2233 1218 ordo
2276 1158 2430 1217 fluit.
2456 1162 2595 1232 EJus

155 1231 336 1289 etiam
368 1230 578 1300 virtus,
605 1243 743 1289 cum
773 1230 853 1288 sit
881 1230 1129 1294 omnino
1158 1231 1221 1289 in
1269 1231 1414 1302 nita,
1446 1244 1569 1288 non
1612 1230 2040 1289 determinatur
2071 1229 2147 1289 ad
2175 1230 2436 1303 aliquem
2469 1244 2499 1288 s
2542 1245 2598 1289 e-

156 1300 378 1383 cialein
409 1299 708 1371 effectum,
741 1301 1034 1384 neque-ad
1063 1301 1180 1361 hoc
1199 1301 1361 1376 quod
1389 1300 1641 1361 effectus
1668 1301 1864 1373 ipsius
1888 1300 2253 1373 producatur
2276 1301 2480 1375 aliquo
2501 1245 2596 1359 ge-

154 1376 481 1431 terminato
510 1371 691 1430 modo
709 1372 804 1429 vel
825 1372 1056 1431 ordine.
1451 1415 1459 1424 ,

224 1442 380 1502 Hinc
408 1447 499 1502 est
524 1441 685 1515 quod
707 1442 773 1499 in
803 1444 902 1502 Ps.
937 1454 1159 1516 cxxxv,
1182 1447 1241 1515 4,
1264 1442 1485 1503 dicitur
1513 1442 1587 1502 de
1612 1445 1736 1503 Deo
1757 1460 1773 1502 ε
1794 1443 1903 1512 Qui
1916 1444 2060 1512 tacit
2084 1442 2367 1501 mirabilia
2390 1457 2597 1513 maana

153 1513 322 1571 sotus.
353 1511 404 1586 (Ι
427 1518 605 1586 part„
624 1527 685 1586 q.
716 1524 812 1584 cir,
841 1517 951 1572 art.
981 1512 1062 1587 4.)

1147 1723 1402 1789 CAPUT
1441 1723 1600 1789 cin.

157 1893 440 1950 cuonone
466 1894 845 1943 sensnum
880 1894 1255 1943 srm'mms
1287 1896 1510 1949 mom
1534 1894 1838 1943 mmm-A
1864 1895 2212 1943 omummt
2237 1895 2370 1951 QUAE
2393 1894 2597 1945 um

964 1983 1086 2030 Non
1112 1983 1263 2030 sum·
1285 1983 1782 2032 vmimcm.

225 2145 365 2210 Fuit
389 2152 589 2210 autem
614 2146 839 2219 positio
865 2146 1178 2205 Avicennae
1207 2145 1312 2218 (De
1344 2146 1549 2210 anima
1574 2145 1679 2204 lib.
1708 2157 1798 2215 vr,
1828 2158 1960 2218 cap.
1990 2149 2025 2204 2
2049 2163 2065 2216 ;
2098 2150 2158 2205 et
2182 2144 2285 2205 lib.
2304 2160 2441 2217 vm,
2461 2163 2592 2221 cap.

156 2217 291 2291 ult.)
321 2218 483 2293 quod
511 2217 869 2277 substantiis
898 2217 1192 2289 separatis
1215 2216 1409 2274 multo
1437 2217 1634 2298 magis
1681 2216 1885 2274 obedit
1920 2216 2172 2276 materia
2222 2217 2296 2275 ad
2340 2219 2595 2290 produc·

152 2290 382 2348 tionem
426 2288 682 2362 alicuius
730 2286 1000 2358 effectus,
1047 2300 1227 2361 quani
1273 2288 1598 2345 contrariis
1640 2287 1959 2360 agentibus
2005 2288 2069 2344 in
2118 2293 2333 2347 natura
2374 2307 2389 2346 :
2437 2290 2597 2349 unde

153 2360 329 2433 ponit
358 2359 520 2432 quod
546 2359 621 2417 ad
648 2373 723 2429 ap
767 2359 1188 2416 rehensionem
1217 2358 1634 2439 praedictarum
1662 2358 2137 2416 substantiarum
2185 2373 2250 2417 se
2296 2360 2457 2417 uitur
2500 2361 2595 2419 in·

151 2430 393 2490 terdum
423 2428 673 2488 effectus
701 2443 735 2487 a
762 2429 922 2502 iquis
950 2429 1013 2486 in
1042 2427 1179 2488 istis
1221 2428 1632 2498 inferioribuS,
1662 2428 1757 2485 vel
1804 2428 2162 2500 pluviarum,
2193 2444 2262 2488 ve
2314 2431 2594 2490 sanitatis

154 2501 418 2575 alicujus
446 2499 691 2572 infirmi,
723 2499 950 2573 absque
978 2498 1182 2573 aliquo
1210 2511 1500 2570 corporeo
1540 2504 1754 2572 agente
1783 2499 2003 2558 medio.
2028 2500 2210 2573 Cujus
2237 2500 2475 2574 quidem
2508 2502 2592 2561 si-

154 2585 347 2647 gnum
373 2572 449 2630 ab
482 2572 685 2630 anima
712 2575 921 2630 nostra
935 2569 1170 2642 accipit,
1187 2584 1320 2642 quae
1347 2583 1484 2628 cum
1508 2570 1686 2628 fuerit
1717 2570 1968 2629 fortisin
1990 2584 2102 2629 sua
2135 2571 2593 2645 imaginatione,

154 2643 232 2702 ad
261 2641 456 2701 solam
482 2641 1020 2715 apprehensionem
1050 2641 1399 2698 immutatur
1426 2654 1689 2713 corpus;
1721 2640 1880 2700 sicut
1922 2655 2057 2699 cum
2097 2642 2235 2714 quis
2275 2643 2594 2703 ambulans

156 2726 344 2786 super
364 2712 594 2772 trabem
622 2713 686 2770 in
717 2713 837 2770 alto
864 2711 1122 2783 positam
1142 2709 1312 2792 ‚cadit
1339 2710 1411 2769 de
1455 2711 1640 2781 facili,
1684 2711 1826 2784 quia
1873 2712 2238 2786 imaginatur
2284 2727 2490 2772 casum
2522 2730 2596 2774 ex

153 2784 408 2854 timore;
435 2797 562 2842 non
592 2788 791 2841 autem
821 2782 1079 2849 caderet,
1105 2794 1158 2839 si
1185 2787 1347 2839 esset
1369 2781 1570 2841 trabes
1603 2782 1706 2840 illa
1730 2782 1930 2855 posita
1957 2797 2139 2855 super
2158 2789 2400 2855 terram,
2427 2786 2591 2844 unde

154 2868 368 2923 casum
400 2854 608 2913 timere
628 2867 751 2912 non
780 2856 1004 2925 posset.
1035 2851 1414 2911 Manifestum
1445 2858 1538 2911 est
1562 2853 1739 2910 etiam
1762 2853 1922 2927 quod
1948 2854 2021 2911 ad
2048 2853 2242 2913 solam
2269 2855 2595 2927 apprehen-

155 2925 396 2985 sionem
423 2925 642 2983 animae
663 2924 910 2983 calescit
935 2935 1177 3003 corpus,
1207 2923 1365 2982 sicut
1379 2923 1601 3005 accidit
1628 2924 1692 2981 in
1716 2924 2307 2997 concupiscentibuS,
2337 2925 2431 2984 vel
2471 2926 2590 2984 ira—

151 2997 279 3066 tis3
311 2995 620 3055 autetiam
646 2994 1050 3068 infrigidatur,
1080 2997 1240 3052 sicut
1268 2993 1486 3052 accidit
1524 2995 1588 3051 in
1616 2995 1988 3054 timentibus,
2021 2995 2392 3070 Quandoque
2407 2996 2588 3056 etiam

152 3067 511 3126 immutatur
539 3080 613 3124 ex
642 3065 779 3124 forti
807 3064 1284 3138 apprehensione
1311 3063 1384 3122 ad
1409 3064 1672 3147 aliquem
1701 3066 2139 3139 aegritudinem,
2168 3072 2311 3139 puta
2340 3067 2589 3139 febrem,

151 3138 254 3198 vel
284 3135 464 3195 etiam
503 3137 754 3210 lepram.
790 3138 859 3193 Et
878 3150 985 3208 per
1011 3134 1174 3193 hunc
1202 3134 1448 3193 modum
1475 3135 1620 3193 dicit
1649 3136 1830 3209 quod,
1856 3137 1909 3195 si
1937 3138 2139 3195 anima
2168 3138 2250 3196 sit
2275 3153 2446 3210 pura,
2467 3152 2593 3198 non

153 3206 433 3279 subjecta
459 3207 873 3280 corporalibus
898 3204 1287 3278 passionibus
1316 3210 1374 3264 et
1402 3206 1576 3265 fortis
1606 3207 1668 3264 in
1711 3221 1825 3266 sua
1861 3222 1895 3266 a
1937 3209 2360 3280 prehensione,
2391 3209 2595 3269 obedit

154 3277 627 3351 apprehensioni
655 3278 787 3350 ejus
822 3290 946 3336 non
978 3276 1176 3336 solum
1200 3289 1420 3348 corpus
1449 3277 1777 3349 proprium,
1809 3291 1872 3337 se
1943 3278 2122 3337 etiam
2149 3280 2445 3340 exteriora
2468 3294 2598 3339 cor·

154 3361 354 3429 pora3
384 3347 535 3407 adeo
558 3348 720 3422 quod
748 3348 824 3407 ad
852 3348 984 3422 eJ'us
1034 3347 1577 3428 apprehensionem
1611 3353 1857 3407 sanetur
1901 3349 2123 3422 aliquis
2170 3349 2469 3421 infirmus,
2498 3349 2593 3410 vel

158 3418 394 3493 aliquid
418 3418 764 3491 hujusmodi
794 3419 957 3478 aliud
986 3418 1235 3477 accidat.
1267 3420 1337 3475 Et
1362 3418 1479 3476 hoc
1503 3420 1673 3500 ponit
1701 3433 1836 3477 esse
1874 3433 2118 3478 causam
2150 3420 2591 3493 fascinationis»,

153 3490 305 3563 quia
350 3490 555 3549 anima
591 3490 868 3562 alicujus,
891 3489 1277 3547 vehementer
1305 3487 1520 3547 affecta
1565 3502 1632 3547 in
1676 3490 2116 3560 malevolentia,
2140 3490 2321 3550 habet
2346 3493 2596 3565 impres·

155 3560 402 3620 sionem
448 3560 794 3620 nocumenti
835 3561 900 3618 in
947 3559 1248 3640 aliquem„
1271 3560 1529 3618 maxime
1576 3574 1850 3633 puerum,
1890 3562 1994 3635 qui
2040 3568 2283 3635 propter
2322 3565 2594 3634 corporis

153 3630 624 3690 teneritudinem
653 3635 748 3690 est
776 3630 952 3689 facile
985 3634 1366 3701 susceptivus
1396 3630 1840 3702 impressionis.
1865 3632 2031 3691 Unde
2055 3632 2181 3691 vult
2209 3632 2371 3705 quod
2401 3633 2593 3693 multo

154 3701 424 3774 amplius
450 3701 526 3762 ad
559 3701 1099 3783 apprehensionem
1126 3700 1600 3783 substantiarum
1630 3707 2061 3774 separatarum,
2091 3717 2244 3786 quas
2312 3703 2442 3761 onit
2472 3703 2597 3761 ani—

151 3784 315 3845 mas,
338 3771 434 3831 vel
458 3779 725 3833 motores
752 3772 1010 3842 orbium,
1038 3776 1324 3852 sequatur
1365 3771 1587 3844 aliquis
1616 3772 1867 3834 affectus
1907 3774 1974 3831 in
2018 3774 2158 3834 istis
2205 3774 2268 3831 in
2296 3773 2595 3834 erioribus

158 3843 395 3916 absque
423 3844 659 3904 actione
686 3842 945 3916 alicujus
973 3841 1305 3915 corporalis
1334 3845 1589 3915 agentis.

231 3915 369 3974 Haec
398 3920 599 3973 autem
630 3914 854 3987 positio
883 3915 1035 3973 satis
1056 3924 1328 3972 consona
1355 3919 1448 3971 est
1474 3914 1612 3973 aliis
1633 3915 1763 3974 suis
1780 3912 2207 3990 positionibus.
2231 3915 2407 3974 Ponit
2433 3914 2597 3976 enim

153 3984 327 4060 quod
353 3998 568 4059 omnes
600 3986 808 4045 sormae
843 3983 1276 4044 substantiales
1302 3982 1552 4065 effluant
1595 3986 1660 4043 in
1690 3986 1818 4046 htec
1859 3987 2145 4046 inferiora
2175 4000 2214 4044 a
2257 3986 2600 4047 substantia

151 4061 458 4129 separata,
489 4061 549 4114 et
616 4057 737 4116 uod
765 4054 1097 4129 corporalia
1131 4058 1371 4128 agentia
1398 4066 1522 4112 non
1550 4056 1673 4115 sint
1701 4058 1820 4116 nisi
1859 4056 2242 4129 disponentia
2283 4058 2598 4119 materiam

153 4127 234 4188 ad
263 4126 577 4199 suscipien
621 4141 716 4187 am
746 4126 1209 4199 impressionem
1239 4125 1474 4206 agentis
1518 4128 1798 4199 separati.
1832 4128 2003 4196 Quod
2048 4125 2292 4199 quidem
2333 4142 2459 4186 non
2504 4135 2599 4189 est

153 4211 396 4269 verum,
425 4198 759 4258 secundum
781 4196 1120 4257 Aristotelis
1158 4196 1513 4266 doctrinam,
1544 4198 1646 4270 qui
1692 4198 1906 4270 probat
1946 4198 2013 4255 in
2059 4196 2315 4278 septimo
2355 4201 2596 4272 Metapa.

153 4267 328 4398 pext.
371 4280 593 4328 comm.
622 4272 693 4328 28
743 4273 805 4328 et
847 4282 973 4343 seq.
1029 4267 1190 4342 quod
1232 4268 1439 4326 formae
1488 4281 1622 4340 quae
1664 4268 1898 4326 suntin
1937 4270 2207 4337 materia,
2237 4281 2360 4326 non
2391 4277 2535 4328 sunt
2562 4283 2600 4327 a

182 4338 377 4398 ormis
407 4340 725 4411 separatis,
755 4338 862 4421 sed
893 4353 930 4397 a
978 4339 1166 4397 ormis
1190 4351 1323 4413 quae
1351 4338 1586 4397 suntin
1630 4338 1879 4399 materia
1909 4356 1926 4396 e
1957 4337 2046 4397 sic
2088 4336 2249 4396 enim
2295 4339 2600 4398 invenitur

155 4409 499 4471 similitudo
521 4410 678 4470 inter
704 4411 934 4470 faciens
958 4414 1019 4468 et
1044 4408 1285 4469 sactum.

2348 4524 2412 4570 26
