3076 5025
399 152 510 209 224
1249 148 1383 204 Lm.
1421 148 1496 216 11,
1534 147 1688 204 GAP.
1723 147 1995 205 Lxxxm.

405 272 558 332 ratio
595 270 811 329 animae
839 268 1093 328 brutalis
1132 273 1331 340 potest
1357 283 1492 328 esse
1540 269 1767 342 absque
1794 282 2043 341 corpore
2067 288 2087 335 ;
2116 284 2189 328 ex
2217 284 2337 343 quo
2367 270 2439 329 de
2466 272 2829 334 necessitate

404 341 685 405 concludi
709 346 907 413 potest
933 339 1096 414 quod
1121 340 1327 399 anima
1351 338 1609 399 brutalis
1636 353 1775 399 cum
1804 354 2057 414 corpore
2085 340 2359 400 intereat.

1304 559 1563 625 CAPUT
1600 558 1920 625 LXXXIII.

469 740 622 795 QUOD
642 739 835 787 mm
865 737 1116 785 animm
1140 737 1262 786 NON
1284 738 1548 786 INCIPIAT
1573 739 1691 787 GUH
1713 739 1993 798 CORPORE,
2027 738 2138 786 sm)
2164 740 2376 786 FUERIT
2400 739 2481 787 AB
2502 739 2763 790 AE‘muno.

479 902 595 962 Sed
635 900 779 974 quia
818 900 1040 960 eaedem
1075 914 1175 960 res
1215 901 1603 960 inveniuntur
1629 906 1690 960 et
1711 915 1847 961 esse
1871 901 2134 975 incipere
2162 906 2223 961 et
2248 902 2428 961 finem
2457 903 2705 963 essendi
2733 904 2832 967 ha·

400 973 568 1042 bere,
594 977 793 1045 potest
821 972 1002 1030 alicui
1029 971 1215 1030 videri
1244 972 1427 1044 quod,
1457 987 1531 1030 ex
1560 987 1681 1045 quo
1709 974 1912 1031 anima
1935 973 2201 1032 bumana
2226 971 2407 1032 finem
2443 974 2688 1033 essendi
2709 988 2832 1034 non

407 1043 606 1112 habet,
641 1056 747 1101 nec
779 1042 1137 1116 principium
1167 1042 1405 1102 essendi
1437 1043 1734 1115 habuerit,
1757 1043 1868 1103 sed
1893 1043 2074 1102 fuerit
2099 1057 2368 1116 semper:
2399 1044 2558 1117 quod
2582 1045 2828 1118 quidem

406 1114 643 1172 videtur
672 1113 770 1171 bis
797 1112 1134 1171 rationibus
1164 1126 1344 1184 posse
1368 1112 1630 1186 probari.

477 1187 623 1243 Nam
652 1183 713 1241 id
742 1183 903 1255 quod
930 1196 1236 1256 nunquam
1257 1198 1391 1242 esse
1417 1183 1652 1243 desinet
1678 1182 1857 1242 habet
1870 1183 2147 1243 virtutem
2177 1189 2243 1242 ut
2270 1184 2350 1243 sit
2377 1197 2503 1242 seni
2585 1200 2635 1243 r.
2656 1186 2831 1255 Quod

405 1259 606 1316 autem
630 1252 810 1312 habet
833 1253 1110 1313 virtutem
1129 1260 1196 1312 ut
1223 1255 1302 1313 sit
1327 1268 1581 1327 semper,
1609 1267 1914 1326 nunquam
1949 1253 2023 1311 de
2045 1267 2117 1312 eo
2144 1268 2350 1313 verum
2373 1261 2466 1313 est
2531 1255 2695 1314 icere
2710 1270 2833 1315 non

407 1338 581 1395 esse;
612 1324 757 1398 quia
782 1330 1071 1397 quantum
1099 1330 1166 1383 se
1195 1325 1458 1383 extendit
1483 1325 1674 1383 virtus
1702 1324 1968 1405 essendi,
1999 1330 2230 1383 tantum
2256 1338 2355 1383 res
2378 1324 2554 1384 durat
2577 1326 2644 1384 in
2670 1339 2829 1387 esse.

409 1399 597 1456 Omne
637 1400 835 1454 autern
879 1394 1040 1466 quod
1084 1395 1308 1467 incepit
1350 1409 1508 1465 esse,
1556 1401 1651 1455 est
1690 1395 2013 1466 aliquando
2044 1410 2250 1454 verum
2281 1395 2477 1454 dicere
2516 1409 2643 1455 non
2671 1410 2829 1457 esse.

408 1466 578 1537 Quod
606 1464 791 1538 igitur
817 1478 1125 1538 nunquam
1155 1466 1391 1524 desinet
1414 1480 1570 1529 esse,
1601 1479 1711 1524 nec
1741 1479 1878 1526 esse
1909 1465 2234 1539 aliquando
2263 1467 2528 1538 incipiet.

476 1537 697 1604 Adhuc,
734 1536 954 1617 veritas
981 1535 1451 1609 intelligibilium
1481 1538 1641 1595 sicut
1658 1540 1753 1594 est
1778 1537 2269 1610 incorruptibilis,
2299 1537 2401 1600 ita,
2429 1541 2722 1618 quantum
2741 1545 2835 1596 est

409 1604 484 1667 de
512 1620 600 1675 se,
644 1609 738 1664 est
763 1610 942 1667 etiam
986 1610 1239 1666 aeterna·
1272 1614 1366 1665 est
1388 1607 1548 1665 enim
1580 1608 1940 1666 necessaria.
1974 1608 2160 1666 Omne
2185 1611 2384 1666 autem
2418 1620 2831 1667 necessarium

401 1683 503 1736 est
544 1681 853 1746 aeternum,
895 1677 1039 1750 quia
1080 1650 1243 1751 quod
1285 1692 1532 1758 necesse
1578 1683 1670 1758 est
1710 1691 1846 1758 esse
1870 1678 2247 1759 impossibile
2276 1685 2517 1759 estnon
2556 1692 2717 1737 esse.
2748 1679 2831 1736 Ex

409 1747 970 1819 incorruptibilitate
1017 1753 1218 1807 autem
1266 1749 1530 1806 veritatis
1573 1747 1991 1819 intelligibilis,
2021 1749 2355 1808 ostenditur
2382 1761 2585 1807 anima
2613 1763 2828 1808 secun·

408 1818 551 1899 dum
582 1830 717 1899 esse
745 1818 1238 1898 incorruptibilis.
1278 1819 1412 1876 Pari
1437 1831 1581 1891 ergo
1610 1818 1842 1877 ratione
1871 1832 1945 1878 ex
1968 1818 2101 1891 ejus
2124 1819 2450 1879 aeternitate
2472 1824 2673 1890 potest
2698 1833 2828 1892 pro·

407 1889 535 1950 bari
568 1901 784 1947 animae
811 1893 1132 1948 aetermtas.
2700 1910 2709 1919 ’

476 1959 752 2031 Amplius,
783 1957 934 2018 illud
960 1971 1084 2017 non
1108 1964 1201 2018 est
1241 1960 1569 2032 perrectum
1606 1960 1705 2018 cui
1732 1959 2007 2031 plurimae
2032 1971 2279 2018 suarum
2321 1959 2580 2030 partium
2603 1960 2827 2032 princi·

404 2030 632 2103 palium
661 2030 898 2089 desunt.
929 2031 1095 2088 Patet
1123 2033 1321 2088 autem
1350 2029 1709 2102 principales
1728 2035 1927 2102 partes
1947 2030 2209 2089 universi
2226 2042 2362 2088 esse
2387 2030 2826 2089 intellectuales

408 2100 799 2168 substantias,
820 2098 912 2181 .i¹.¹
945 2113 1211 2181 ‚quarum
1240 2113 1458 2182 genere
1503 2106 1815 2161 ostensum
1862 2106 1957 2182 est
1982 2115 2166 2229 suflra
2190 2100 2264 2172 (c.
2293 2099 2382 2173 68)
2421 2113 2559 2182 esse
2588 2101 2825 2183 animas

407 2171 725 2230 humanas.
773 2171 835 2228 Si
874 2175 1060 2243 igitur
1101 2171 1367 2243 quotidie
1410 2172 1484 2229 de
1513 2184 1669 2229 novo
1698 2176 1785 2231 tot
1811 2184 2025 2230 animae
2102 2185 2336 2228 umanae
2366 2184 2501 2229 esse
2530 2177 2829 2245 incipiant

408 2241 566 2314 quod
594 2240 869 2299 homines
900 2247 1249 2312 nascuntur,
1277 2245 1437 2313 patet
1464 2241 1729 2314 quotidie
1757 2242 2038 2300 universo
2066 2242 2356 2313 plurimas
2397 2242 2823 2314 principalium

407 2325 654 2370 suarum
691 2311 947 2382 partium
985 2311 1120 2370 addi
1166 2317 1223 2369 et
1266 2312 1556 2383 plurimas
1599 2313 1654 2370 ei
1679 2312 1912 2371 deesse.
1942 2312 2219 2385 sequitur
2259 2312 2445 2385 igitur
2470 2313 2822 2372 universum

408 2395 543 2442 esse
568 2381 977 2453 imperfectum
999 2399 1016 2451 ς
1045 2381 1207 2464 quod
1233 2388 1326 2440 est
1352 2381 1748 2453 impossibile.

478 2452 695 2517 Adhuc,
745 2451 925 2510 etiam
969 2452 1212 2525 quidam
1253 2458 1744 2537 argumentantur
1788 2467 1861 2511 ex
1888 2453 2239 2514 auctoritate
2270 2466 2455 2512 sacrae
2483 2453 2826 2526 Scriptum.

407 2522 635 2582 Dicitur
675 2523 835 2583 enim
882 2522 1044 2595 quod
1082 2525 1366 2595 complevit
1399 2528 1541 2581 Deus
1587 2524 1677 2582 die
1699 2528 1927 2595 septimo
1969 2541 2105 2597 opus
2130 2540 2290 2583 suum
2334 2525 2479 2595 quod
2502 2527 2746 2593 fecerat.-
2774 2530 2830 2584 et

403 2595 674 2664 requievit
697 2593 787 2651 die
810 2597 1036 2676 septimo
1060 2596 1130 2650 ab
1154 2597 1405 2652 universo
1423 2610 1580 2675 opere
1605 2596 1750 2666 quod
1770 2601 2031 2666 patrarat
2059 2597 2250 2681 (ἂρα,
2279 2609 2346 2664 11,
2367 2595 2448 2677 ἓ).
2480 2597 2605 2654 Ηοο
2622 2603 2825 2656 autem

408 2676 534 2722 non
563 2669 744 2733 esset,
772 2677 827 2722 si
859 2664 1125 2737 quotidie
1153 2679 1341 2724 novas
1370 2679 1605 2724 animas
1635 2666 1873 2724 faceret.
1904 2670 2035 2727 Non
2068 2671 2251 2739 igitur
2283 2679 2497 2724 animae
2543 2667 2827 2727 humanae

401 2747 542 2793 esse
566 2734 884 2806 incipiunt,
914 2735 1020 2794 sed
1047 2750 1085 2793 a
1109 2736 1404 2817 principio
1425 2736 1636 2795 mundi
1669 2737 1927 2796 fuerunt.

478 2807 724 2877 Propter
767 2804 878 2885 has
922 2811 1121 2863 autem
1165 2811 1224 2864 et
1269 2806 1502 2865 similes
1544 2807 1831 2878 rationeS,
1873 2804 2140 2887 quidam,
2190 2807 2580 2866 aeternitatem
2612 2808 2828 2868 mundi

403 2880 720 2947 ponentes,
746 2873 1022 2932 dixerunt
1040 2875 1304 2936 animam
1331 2877 1679 2947 humanam,
1708 2878 1866 2937 sicut
1891 2882 1985 2937 est
2011 2877 2503 2948 incorruptibilis,
2529 2878 2616 2937 ita
2643 2878 2829 2938 etiam

401 2949 467 3001 et
492 2943 565 3025 ab
592 2950 815 3002 aeterno
843 2944 1072 3025 fuisse3
1099 2945 1258 3005 unde
1294 2946 1396 3019 qui
1424 2953 1757 3018 posuerunt
1796 2947 2029 3006 animas
2057 2946 2353 3006 humanas
2377 2949 2441 3006 in
2478 2961 2594 3007 sua
2620 2949 2828 3008 multi-

404 3015 614 3072 tudine
659 3027 795 3072 esse
838 3016 1226 3087 immortales,
1269 3017 1500 3078 scilicet
1535 3017 1844 3089 platonici,
1874 3023 2207 3090 posuerunt
2228 3017 2469 3077 easdem
2494 3018 2568 3077 ab
2597 3024 2828 3079 aeterno

405 3084 617 3166 fuisse,
665 3089 724 3143 et
763 3098 924 3167 nunc
967 3086 1206 3168 quidem
1250 3088 1605 3159 corporibus
1633 3087 1814 3170 uniri,
1853 3102 2014 3147 nunc
2043 3094 2241 3146 autem
2270 3103 2306 3148 a
2334 3088 2689 3170 corporibus
2717 3090 2829 3150 ab·

404 3154 580 3284 scari,
610 3169 683 3214 ac
721 3156 1136 3215 vicissitudine
1185 3158 1517 3218 secundum
1556 3158 1943 3218 determinata
1971 3172 2267 3218 annorum
2296 3160 2593 3219 curricula
2623 3160 2831 3221 ohser-

474 3295 588 3376 Qui
634 3310 776 3356 vero
816 3303 1149 3368 posuerunt
1192 3298 1427 3358 animas
1474 3298 1772 3358 humanas
1801 3313 1936 3358 esse
1965 3300 2334 3361 immortales
2363 3302 2833 3362 secundumali-

401 3366 562 3448 quid·
590 3380 776 3426 unum
803 3365 965 3439 quod
994 3381 1069 3425 ex
1108 3368 1391 3429 omnibus
1418 3369 1766 3428 hominibus
1794 3375 1996 3429 manet
2020 3376 2159 3443 post
2183 3378 2457 3441 mortem,
2489 3377 2834 3445 posuerunt

401 3436 518 3496 hoc
545 3450 746 3509 ipsum
775 3451 961 3495 unum
987 3437 1062 3496 ab
1089 3444 1312 3499 aeterno
1342 3441 1555 3509 fuisse,
1584 3440 1709 3499 sive
1732 3441 1848 3499 hoc
1876 3441 1956 3499 sit
1982 3442 2320 3501 intellectus
2347 3456 2383 3500 a
2427 3456 2537 3501 ens
2563 3449 2832 3513 tautum,

301 3537 311 3547 ·
397 3513 468 3566 ut
512 3509 715 3579 posuit
750 3507 1098 3579 Alexander,
1148 3510 1273 3568 sive
1314 3523 1452 3569 cum
1478 3524 1553 3570 eo
1579 3512 1758 3570 etiam
1782 3511 2121 3570 intellectus
2151 3512 2381 3584 possibi
2410 3513 2485 3583 is,
2524 3519 2592 3571 ut
2616 3514 2835 3587 posuit

316 3587 320 3592 ’
398 3579 750 3638 AverrhoeS.
797 3581 919 3637 Hoc
949 3579 1129 3637 etiam
1164 3580 1441 3639 videntur
1484 3594 1702 3640 sonare
1731 3587 1790 3639 et
1816 3582 2156 3641 Aristotelis
2181 3584 2398 3653 verba;
2431 3597 2594 3654 nam,
2625 3584 2701 3642 de
2728 3585 2828 3643 in·

393 3647 638 3728 {ellectu
683 3649 959 3730 loquenS,
1003 3649 1148 3710 dicit
1192 3650 1291 3724 (De
1332 3654 1538 3722 anima,
1566 3665 1658 3722 111,
1700 3657 1841 3712 text.
1871 3666 2090 3713 comm.
2117 3653 2210 3726 29)
2238 3654 2438 3725 ipsum
2466 3667 2592 3714 non
2619 3654 2826 3715 solum

398 3719 937 3800 incorruptibilem,
973 3719 1082 3780 sed
1107 3721 1286 3803 etiam
1356 3727 1665 3794 erpetuum
1691 3736 1849 3782 esse.

469 3789 722 3869 Quidam
750 3804 892 3849 vero
923 3791 1280 3871 catholicam
1351 3794 1484 3852 dem
1514 3792 1883 3865 profitentes,
1912 3795 2352 3864 platonicorum
2381 3794 2679 3855 doctrinis
2706 3797 2827 3856 im·

396 3855 547 3939 buti,
593 3861 752 3922 viam
796 3860 1052 3920 mediam
1098 3867 1436 3921 tenuerunt.
1479 3864 1632 3933 Quia
1661 3865 1843 3934 enim,
1873 3864 2205 3924 secundum
2233 3864 2410 3924 fidem
2436 3867 2825 3930 catholicam.

395 3928 550 3986 nihil
579 3936 670 3989 est
712 3935 1000 3992 aeternum
1041 3939 1254 4004 praeter
1279 3935 1488 4004 Deum,
1519 3935 1816 3994 humanas
1857 3935 2097 4007 quidem
2128 3936 2365 3996 animas
2400 3942 2658 3995 aeternae
2696 3948 2826 3996 non

369 4008 748 4073 posuerunt,
800 4002 907 4061 sed
935 4016 1040 4061 eas
1068 4017 1204 4063 cuin
1250 4004 1476 4064 mundo
1503 4005 1631 4064 sive
1660 4005 1862 4078 potius
1888 4010 2025 4063 ante
2053 4007 2343 4066 mundum
2368 4006 2671 4067 visibilem
2700 4020 2831 4067 cre·

393 4072 526 4146 atas
556 4083 738 4152 esse„
761 4078 822 4129 et
846 4078 1046 4132 tamen
1087 4087 1192 4133 eas
1220 4074 1293 4133 de
1322 4088 1478 4135 novo
1509 4075 1861 4148 corporibus
1883 4075 2139 4148 alligari.
2172 4078 2359 4147 Quam
2383 4077 2627 4150 quidem
2654 4080 2831 4149 posi·

399 4141 883 4219 tionemprimus
911 4144 1069 4202 inter
1093 4144 1437 4204 christianae
1466 4144 1604 4204 fidei
1634 4146 2008 4219 professores
2037 4147 2328 4220 origenes
2357 4147 2489 4220 (Πιρὶ
2517 4147 2674 4220 vim,
2704 4149 2746 4206 l.
2774 4161 2829 4219 1,

394 4220 448 4265 c.
475 4213 508 4263 7
538 4213 598 4265 et
624 4212 801 4284 iseq.)
845 4214 1127 4284 posuisse
1153 4215 1473 4287 invenitur,
1503 4222 1564 4275 et
1630 4222 1728 4275 ost
1778 4229 1915 4275 eum
1966 4217 2171 4289 plures
2200 4219 2399 4290 ipsum
2450 4231 2516 4276 se
2560 4224 2829 4300 nentes,-2

391 4291 526 4351 quae
564 4279 783 4353 qudem
810 4283 1016 4355 opinio
1042 4298 1235 4359 usque
1262 4286 1441 4347 hodie
1466 4230 1626 4359 apug
1645 4286 1958 4347 haereticos
1984 4293 2204 4361 manet,
2225 4301 2479 4363 quorum
2557 4289 2830 4349 anichaei
