3076 5025
463 299 570 355 590
1327 330 1334 335 ,
1369 276 1502 332 LlB.
1542 275 1633 343 lv,
1672 280 1833 339 CAP.
1874 275 1982 336 IN·

464 418 639 479 diens
665 415 804 483 fuit3
836 413 1041 473 nullus
1068 412 1232 471 enim
1254 415 1348 470 est
1372 415 1546 469 actus
1571 409 1879 468 charitatis
1921 407 2241 480 perfectior
2280 420 2462 480 quam
2507 404 2678 487 quod

507 502 576 546 ro
603 500 806 544 amore
834 484 1089 557 alicujus
1131 484 1310 541 etiam
1360 486 1612 539 mortem
1661 480 1978 550 sustineat,
2041 479 2375 562 secundum
2431 476 2597 550 quod
2653 489 2721 547 ip

515 558 756 618 ominus
783 555 928 613 dicit
960 575 974 612 ι
1005 555 1269 625 majorem
1297 554 1399 609 hac
1426 552 1764 608 ditectionem
1791 566 1943 607 nemo
1972 551 2129 606 habet
2156 553 2220 606 ut
2245 563 2491 604 animam
2536 562 2700 604 suam

411 646 429 691 κ
465 632 591 701 quis
635 644 738 698 pro
789 628 978 683 amicis
1049 627 1189 680 suis.
1257 623 1497 694 (Iocum,
1542 635 1640 690 xv,
1695 621 1801 693 13).
1865 621 1962 678 Sic
2027 620 2211 693 igitur
2254 619 2563 700 invenitur
2604 618 2693 698 Ch

425 700 720 765 {mortem
749 697 1059 754 sustinens
1126 708 1196 753 ro
1234 693 1428 753 salute
1479 692 1793 750 hominum
1839 699 1899 748 et
1940 690 2015 748 ad
2059 690 2318 763 gloriam
2361 692 2465 747 Dei
2513 691 2763 761 Patria,

462 770 723 833 maxime
752 765 1040 826 obediens
1093 765 1282 834 uisse,
1311 769 1509 822 actum
1535 762 1845 820 charitatis
1872 761 2197 842 perfectum
2231 759 2641 841 exsequenda

537 843 658 898 Nec
693 838 812 896 hoc
851 843 1144 909 repugnat
1173 834 1461 894 divinitati
1489 834 1703 905 ipsius,
1729 838 1795 890 ut
1836 836 2048 905 quarta
2071 833 2306 889 decima
2330 836 2480 889 ratio
2510 828 2747 901 proced

467 910 566 969 Sic
622 909 781 967 enim
839 909 994 965 facta
1055 909 1148 965 est
1193 906 1333 964 unio
1374 906 1440 962 in
1487 917 1747 977 persona
1802 908 1867 960 ut
1917 903 2249 975 proprietas
2309 902 2627 982 utriusque
2682 914 2728 957 n

466 982 755 1049 maneret,
786 977 997 1036 divinae
1025 976 1253 1035 scilicet
1274 980 1335 1034 et
1357 975 1658 1042 humanae,
1684 978 1751 1031 ut
1773 986 1845 1031 su
1893 988 1957 1030 ra
1985 973 2060 1045 (c.
2090 977 2159 1030 44
2185 979 2244 1030 et
2269 972 2358 1044 4⁶)
2391 971 2667 1029 habitum
2698 985 2738 1027 e

369 1108 388 1115 ,
467 1050 628 1117 ide0,
657 1049 912 1130 patiente
941 1048 1175 1105 Christo
1203 1047 1378 1127 etiam
1407 1051 1656 1126 mortem
1710 1049 1769 1102 et
1811 988 1932 1101 afia
1966 1058 2098 1124 quai
2131 1042 2522 1101 humanitatis
2564 1046 2745 1122 sun-t,

469 1121 627 1179 nitas
658 1118 1047 1191 impassibilis
1078 1121 1319 1185 mansit,
1349 1129 1647 1196 quamviS,
1676 1120 1915 1186 propter
1962 1118 2249 1196 unitatem
2300 1126 2599 1194 personat,
2634 1112 2695 1169 di

470 1192 657 1250 Deum
687 1203 933 1261 passum
962 1195 1021 1246 et
1048 1193 1350 1247 mortuum
1376 1205 1392 1255 ;
1422 1200 1596 1258 cujus
1623 1185 1961 1256 exemplum
1981 1184 2320 1256 aliqualiter
2349 1197 2413 1240 in
2437 1183 2613 1241 nobis
2640 1197 2679 1241 a

472 1261 636 1335 quia,
667 1261 955 1318 moriente
987 1273 1188 1327 carne,
1220 1259 1420 1316 anima
1445 1262 1714 1314 remanet
1744 1255 2124 1313 immortalis.
2423 1324 2435 1335 ⁸
2808 1315 2835 1325 ..

544 1330 862 1389 Sciendum
913 1334 1008 1389 est
1058 1329 1238 1387 etiam
1291 1326 1448 1399 quod
1475 1369 1489 1395 ‚
1538 1327 1678 1384 licet
1728 1327 2005 1383 voluntas
2058 1325 2161 1382 Dei
2188 1338 2332 1383 non
2384 1330 2468 1382 sit
2519 1323 2593 1381 ad
2657 1326 2905 1385 nor-

472 1401 808 1470 hominum,
839 1405 905 1458 ut
930 1400 1136 1472 quinta
1167 1398 1397 1457 decima
1425 1397 1577 1455 ratio
1608 1395 1996 1468 proponebat,
2023 1400 2118 1453 est
2142 1401 2343 1453 tamen
2368 1394 2442 1452 ad
2467 1394 2773 1474 virtutem,
2800 1402 2907 1469 μ

473 1487 681 1601 ‘Atta
701 1469 1432 1599 Ῥῖᾞέιῗῖῗῶᾞέηῧὲἶ
1461 1468 1723 1595 itit?
1746 1472 1949 1594 ,ἓξὲξ
1966 1458 2907 1609 ἕξῧᾞῗῑῗηρέἓξέἑὲἒωᾶωψ·

478 1627 611 1671 eam
641 1585 719 1669 ex'
742 1610 1026 1669 charitate
1055 1609 1324 1681 suscepit
1351 1615 1409 1667 et
1437 1608 1669 1666 fortiter
1694 1607 2006 1665 sustinuit.
2187 1579 2203 1608 ’

549 1681 713 1740 Unde
742 1687 902 1753 patet
929 1681 1090 1754 quod
1120 1694 1244 1738 non
1273 1680 1384 1737 fuit
1410 1679 1661 1750 impium
1686 1683 1745 1735 et
1771 1678 2009 1736 crudele
2037 1677 2199 1750 quod
2228 1680 2385 1735 Deus
2414 1680 2590 1735 Pater
2613 1677 2901 1735 Cir-istim

473 1754 628 1812 mori
658 1753 866 1822 voluit,
900 1757 964 1808 ut
992 1755 1159 1810 sexta
1176 1750 1406 1809 decima
1435 1750 1587 1807 ratio
1616 1748 2042 1817 concludebaet;
2073 1761 2197 1805 non
2225 1748 2384 1806 enim
2412 1747 2613 1820 coegit
2641 1747 2899 1809 iivitum.

474 1823 582 1882 sed
607 1822 970 1893 complacuit
998 1822 1053 1879 ei
1081 1821 1360 1879 voluntas
1387 1834 1507 1892 qua
1534 1834 1609 1877 ex
1636 1819 1921 1876 charitate
1941 1817 2211 1876 Christus
2235 1824 2489 1876 mortem
2519 1818 2817 1890 suscipi13
2846 1822 2905 1875 et

483 1892 640 1950 hanc
665 1892 843 1949 etiam
873 1892 1224 1949 charitatem
1251 1892 1312 1948 in
1341 1890 1474 1962 ejus
1502 1890 1704 1947 anima
1731 1895 2011 1961 operatus
2039 1893 2155 1946 est.

549 1962 830 2019 Similiter
872 1965 1049 2019 etiam
1098 1974 1222 2019 non
1275 1961 1762 2019 inconvenienter
1790 1960 2007 2017 dicitur
2034 1957 2216 2040 quod,
2245 1965 2487 2039 propter
2511 1957 2899 2038 humiitatem

477 2031 1031 2100 demonstrandam,
1065 2030 1336 2088 Christus
1376 2035 1627 2088 mortem
1674 2030 1872 2087 crucis
1912 2029 2102 2088 voluit
2141 2035 2283 2101 pati.
2314 2032 2381 2086 Et
2428 2043 2637 2086 revera
2676 2030 2899 2087 cuidem

483 2100 798 2160 humilitas
823 2101 887 2157 in
918 2103 1102 2158 Deum
1149 2113 1273 2158 non
1300 2101 1480 2169 cadit,
1506 2106 1571 2158 ut
1601 2101 1832 2158 decima
1860 2100 2113 2171 septima
2136 2099 2286 2157 ratio
2328 2099 2731 2171 proponeba⁴.;
2760 2102 2899 2172 quia

484 2173 672 2230 virtus
699 2170 1052 2229 humilitatis
1087 2171 1151 2229 in
1178 2171 1294 2228 hoc
1321 2171 1599 2229 consistit
1625 2176 1692 2230 ut
1718 2171 1934 2243 aliquis
1958 2171 2116 2229 infra
2141 2183 2287 2229 suos
2313 2171 2608 2229 terminos
2632 2171 2895 2229 seconti-

486 2249 646 2322 neat,
680 2241 755 2323 ad
811 2255 882 2299 ea
927 2255 1061 2368 311ae
1112 2254 1295 2313 supra
1343 2255 1410 2299 se
1461 2246 1605 2299 sunt
1659 2254 1781 2322 non
1830 2256 1897 2299 se
1949 2240 2295 2323 extendens,
2340 2240 2449 2298 sed
2502 2241 2782 2312 superori·
2826 2254 2893 2298 se

482 2312 762 2384 auinciat
793 2327 808 2364 ε
840 2325 921 2369 un
967 2326 998 2368 e
1015 2316 1174 2382 patet
1243 2311 1364 2370 uod
1391 2315 1510 2369 Deo
1540 2311 1845 2369 humilitas
1874 2325 2195 2370 convenire
2219 2325 2340 2369 non
2360 2314 2585 2382 potest,
2607 2327 2693 2392 qu
2718 2325 2892 2383 supe-

478 2383 695 2441 riorem
751 2395 872 2439 non
913 2381 1108 2450 habet,
1139 2395 1204 2440 se
1289 2382 1417 2453 ipse
1464 2395 1644 2452 super
1693 2382 1897 2440 omnia
1947 2382 2164 2441 existit.
2209 2383 2270 2440 Si
2322 2388 2522 2440 autem
2562 2382 2763 2455 aliqiis
2798 2381 2891 2439 vel

477 2453 692 2526 aequali
729 2452 823 2510 vel
868 2451 1140 2511 inferiori
1180 2465 1248 2512 se
1288 2467 1357 2510 ex
1402 2452 1736 2510 humilitate
1789 2453 2110 2526 aliquando
2148 2451 2445 2526 subjiciat,
2491 2453 2607 2511 hoc
2656 2458 2733 2510 eit
2758 2453 2893 2526 quia

478 2524 811 2605 secundum
844 2524 920 2580 ali
969 2524 1069 2581 uid
1096 2538 1232 2605 euin
1253 2525 1355 2606 qui
1386 2523 1736 2651 siigssliciter
1753 2524 2000 2596 aequalis
2027 2525 2117 2582 vel
2146 2523 2398 2604 ⁸inferior
2417 2531 2509 2581 est
2539 2526 2889 2605 supen'orem

477 2608 545 2653 se
573 2594 908 2652 arbitratur.
994 2608 1223 2653 uamVis
1250 2601 1433 2667 igitur
1551 2600 1717 2664 risto,
1749 2595 2077 2653 secundum
2100 2595 2358 2653 divinam
2389 2600 2692 2664 naturam,
2716 2609 2890 2654 :iumi-

476 2665 660 2723 litatis
705 2665 892 2722 vii-tus
933 2678 1055 2722 non
1100 2669 1416 2735 competat,
1446 2665 1728 2736 competit
1773 2671 1972 2723 tamen
2017 2665 2151 2734 sibi,
2201 2665 2533 2723 secundum
2584 2666 2883 2726 huminem

477 2741 773 2792 naturam.
795 2737 862 2792 Et
879 2735 1010 2806 ejus
1029 2734 1337 2793 humilitas
1360 2749 1435 2793 ex
1461 2735 1593 2792 e‘us
1612 2735 1916 2793 divinitate
1940 2734 2300 2794 laudabilior
2315 2735 2583 2794 redditur
2604 2755 2619 2804 ;
2648 2736 2889 2809 dignitas

477 2805 640 2862 enim
685 2819 955 2885 personae
1006 2804 1206 2886 adjicit
1251 2804 1325 2863 ad
1373 2804 1472 2863 lau
1517 2819 1611 2863 em
1663 2805 2031 2874 humilitatis
2063 2813 2207 2877 puta
2261 2807 2504 2879 quando
2549 2821 2659 2877 pro
2715 2807 2886 2878 aiqiia

475 2880 835 2933 necessitate
883 2877 1116 2946 expedit
1168 2875 1427 2948 aliquem
1471 2889 1756 2956 magnum
1799 2875 1996 2948 aliqua
2038 2875 2245 2933 infima
2283 2877 2448 2947 pati;
2490 2878 2662 2935 nulla
2716 2883 2883 2935 aitem

477 2949 640 3002 tanta
668 2945 927 3017 dignitas
965 2959 1099 3003 esse
1141 2951 1338 3016 potest
1364 2947 1631 3004 hominis
1675 2961 1853 3019 quain
1882 2946 2040 3019 quod
2085 2947 2162 3005 sit
2207 2950 2401 3016 Deus;
2438 2947 2595 3004 unde
2646 2947 2884 3005 honinis

476 3015 579 3072 Dei
607 3015 914 3073 humilitas
943 3017 1199 3074 maxime
1225 3016 1540 3075 laudabilis
1567 3017 1891 3088 invenitur,
1915 3018 2058 3076 dum
2078 3016 2309 3089 abjecta
2332 3018 2623 3076 sustinuit
2648 3032 2766 3091 que
2782 3031 2880 3088 pro

478 3085 670 3143 salute
719 3084 1032 3144 hominum
1079 3086 1278 3158 ipsum
1322 3086 1444 3158 pati
1491 3087 1855 3158 expediebat.
1895 3091 2073 3146 Erant
2114 3088 2276 3145 enim
2319 3087 2619 3156 homineS‚
2676 3094 2885 3159 popter

479 3155 837 3226 superbiam,
869 3156 1186 3214 mundanae
1221 3157 1428 3229 gloriae
1478 3163 1797 3215 amatores,
1849 3161 1918 3215 Ut
1961 3160 2142 3231 igitur
2178 3157 2493 3216 hominum
2542 3159 2762 3218 animis
2815 3158 2881 3215 ab

476 3239 680 3283 amore
709 3225 1026 3284 mundanae
1070 3226 1277 3299 gloriae
1319 3227 1381 3284 in
1429 3240 1693 3285 amorem
1742 3228 1956 3286 divinae
1995 3228 2203 3302 gloriae
2249 3235 2699 3300 transmutaret,
2734 3228 2885 3286 oluit
2934 3297 2937 3300 ¹

477 3302 729 3375 mortem
787 3296 1104 3366 sustinere,
1146 3310 1270 3355 non
1323 3298 1842 3370 qualemcumque,
1884 3299 1989 3356 sed
2037 3298 2518 3370 abjectissimam.
2561 3301 2878 3358 Sunteniiii

476 3366 2877 3509 ἓὲίἰῗιῗὲῃέἓὶῐὲὲὲῑοῗὲἷθῑὲᾟέηοὲαέἐωὸἓὲἇῐῃῖἓῇῧῗὲἳὲἑξᾞίἱ-’ἕὲἳῖἑθῖηὲῑΞοῗῖε

477 3521 645 3564 exem
694 3507 708 3562 Ι
757 3546 772 3561 .

480 3646 495 3660 ⁸
549 3580 632 3645 Et,
653 3520 793 3658 figit
810 3576 1083 3659 homines
1103 3577 1177 3637 ad
1195 3577 1590 3660 humilitatem
1618 3579 1927 3638 informari
1954 3580 2257 3651 potuerint
2282 3581 2501 3640 divinis
2528 3580 2873 3659 sermoiibus

475 3652 772 3716 instructi,
815 3651 883 3705 ut
911 3648 1138 3706 decima
1186 3652 1395 3708 octava
1427 3655 1577 3708 ratio
1625 3651 2011 3722 proponebat,
2037 3656 2238 3709 tamen
2266 3652 2343 3711 ad
2384 3652 2687 3725 agendum
2716 3662 2872 3724 ¹1³3ss

475 3718 1008 3799 prouocantssacta
1061 3733 1242 3800 quam
1274 3718 1472 3790 verba,
1503 3724 1775 3792 et„tanto
1822 3720 2123 3779 efficacius
2169 3723 2326 3780 facta
2370 3729 2635 3793 movent,
2683 3729 2871 3797 qianto

476 3795 690 3868 certior
720 3802 942 3869 ‘opimo
993 3788 1274 3870 bonitatis
1324 3789 1576 3848 habetur
1615 3790 1686 3849 de
1734 3805 1805 3849 eo
1836 3793 1934 3864 qui
1980 3792 2329 3864 hujusmodi
2372 3799 2676 3864 operatur.
2726 3791 2867 3859 inde,

475 3856 612 3914 licet
657 3859 905 3939 aliorum
955 3859 1264 3917 hominum
1300 3861 1489 3919 multa
1532 3861 1888 3921 humilitatis
1928 3863 2197 3935 exempla
2250 3864 2679 3934 invenirentur,
2708 3869 2868 3921 tmen

475 3929 1059 3998 expedientissimum
1111 3929 1226 3988 fuit
1271 3936 1334 3988 ut
1379 3931 1574 3990 adhuc
1622 3932 1886 3992 hominis
1938 3933 2041 3990 Dei
2090 3938 2557 4014 provocarentur
2606 3949 2755 3993 exen
2796 3933 2862 3998 lo,

450 4013 649 4096 'quem
680 4006 915 4081 constat
937 4014 1133 4058 errare
1158 4014 1282 4081 non
1308 4003 1576 4072 potuisse
1607 4008 1667 4060 et
1692 4004 1864 4076 eujus
1908 4003 2214 4063 humilitas
2242 4009 2413 4064 tanto
2445 4011 2540 4064 est
2577 4006 2707 4064 mii·
2756 4005 2766 4015 ‘
2794 4003 2869 4059 ‘or

478 4076 702 4137 quanto
732 4075 1011 4141 majestas
1042 4071 1380 4129 sublimior.
1714 4081 1726 4089 ·

545 4139 914 4215 Manifestum
962 4147 1053 4200 est
1099 4142 1277 4200 etiam
1322 4157 1394 4200 ex
1442 4144 1737 4215 praedictis
1776 4144 1934 4217 quod
1981 4146 2237 4216 oportuit
2294 4146 2595 4205 Christum
2653 4149 2863 4205 mii-tem

471 4210 612 4286 pati,
655 4223 771 4288 tion
827 4212 1024 4269 solum
1069 4217 1134 4269 ut
1180 4214 1513 4284 exemplum
1564 4215 1853 4285 praeberet
1890 4223 2141 4275 mortem
2192 4218 2617 4275 contemnendi
2666 4231 2755 4289 pio
2792 4219 2864 4270 ter

475 4282 730 4334 vei-itatis
772 4295 1058 4352 amorem,
1084 4282 1189 4340 sed
1220 4290 1286 4340 ut
1313 4284 1492 4341 etiam
1536 4285 1789 4343 aliorum
1819 4292 2060 4356 peccata
2102 4292 2414 4360 purgaret3
2457 4288 2617 4360 quod
2664 4288 2745 4360 qii
2782 4296 2862 4340 eiii

473 4347 689 4427 sactum
735 4354 826 4429 est
876 4351 1015 4432 duni
1062 4352 1213 4424 ipse,
1242 4354 1342 4425 qui
1379 4355 1487 4412 abs
1533 4370 1606 4435 ue
1677 4363 1877 4436 eccato
1904 4363 2049 4426 erat,
2080 4365 2331 4437 mortem
2356 4364 2606 4429 peccato
2640 4357 2863 4432 deiitain

471 4425 591 4488 pati
637 4417 840 4490 voluit,
872 4425 935 4477 ut
980 4436 1048 4479 in
1091 4437 1160 4481 se
1200 4438 1438 4495 poenam
1672 4426 1890 4486 ebitam
1919 4442 2026 4499 pro
2071 4428 2205 4487 aliis
2238 4428 2666 4488 satisfaciendo
2708 4438 2865 4485 susci-
