3076 5025
425 310 532 367 362
1283 300 1415 356 LIB.
1456 300 1554 362 111,
1596 298 1749 353 CAP.
1789 297 2004 354 LXXIX.

426 434 576 488 turae
602 426 787 499 igitur
811 422 1248 483 intellectuales
1274 435 1380 492 per
1408 434 1583 478 suam
1612 419 2019 491 operationem
2048 421 2192 477 sunt
2219 416 2458 475 motivae
2487 420 2544 474 et
2587 413 2854 488 regitivae

429 500 681 557 aliarum
713 501 1139 554 creaturarum.

1367 708 1623 774 CAPUT
1658 707 1921 772 LXXIX.

435 895 590 951 QUOD
642 889 1015 941 SUBSTANTIAE
1048 888 1549 936 INTELLEGTUALES
1585 886 1929 934 mamimus
1967 886 2278 933 nmmum.
2310 886 2425 933 PER
2478 887 2858 933 sormones·

507 1057 653 1118 Cum
681 1058 881 1114 autem
907 1053 1065 1112 inter
1089 1056 1393 1111 creaturas
1439 1050 1876 1110 intellectuales
1923 1050 2198 1124 quaedam
2244 1050 2368 1109 sint
2411 1051 2549 1109 aliis
2598 1049 2866 1121 altioreS,

437 1133 506 1187 ut
545 1141 620 1186 ex
663 1124 1078 1198 superioribus
1106 1122 1232 1195 (lib.
1264 1135 1332 1191 11,
1363 1135 1493 1194 cap.
1524 1121 1714 1194 91-95)
1738 1125 1917 1193 patet,
1953 1126 2189 1193 oportet
2232 1121 2391 1196 quod
2439 1126 2497 1179 et
2546 1120 2868 1180 inferiores

436 1197 932 1259 intellectualium
961 1200 1310 1252 naturarum
1338 1205 1445 1273 per
1473 1192 1816 1263 superiores
1841 1191 2273 1272 gubernentur.
2529 1261 2541 1274 ⁶

506 1269 724 1331 Adhuc,
753 1268 1003 1324 virtutes
1030 1264 1225 1337 magis
1248 1262 1621 1321 universales
1649 1267 1793 1321 sunt
1818 1263 2055 1321 motivae
2085 1267 2366 1321 virtutum
2392 1262 2867 1334 part1cularium.

438 1338 598 1398 sicut
623 1338 848 1396 dictum
875 1341 967 1394 est
997 1334 1148 1408 (cap‘.
1173 1332 1291 1406 78).
1324 1333 1674 1403 Superiores
1703 1338 1898 1391 autem
1931 1333 2087 1392 inter
2137 1332 2574 1392 intellectuales
2615 1338 2869 1393 naturas

439 1409 663 1468 habent
702 1408 930 1467 formas
978 1405 1175 1486 magis
1219 1403 1615 1485 universales,
1645 1408 1735 1484 ‘ut
1798 1418 1981 1475 supra
2007 1402 2134 1486 (lib.
2165 1417 2231 1468 11,
2263 1417 2393 1475 cap.
2424 1403 2515 1475 98)
2547 1410 2869 1463 ostensum

441 1485 553 1538 est.
578 1481 725 1539 Sunt
755 1478 941 1550 igitur
966 1475 1229 1549 regitivae
1256 1474 1611 1532 inferiorum
1639 1474 2135 1534 intellectualium
2171 1480 2541 1533 naturarum.

507 1552 661 1620 Ιιεηςι,
689 1547 956 1621 potentia
977 1544 1340 1604 intellectiva
1365 1559 1500 1626 quae
1528 1550 1622 1604 est
1649 1545 2041 1618 propinquior
2073 1544 2372 1616 principio
2419 1558 2659 1616 semper
2706 1544 2871 1602 inve·

440 1620 604 1678 nitur
632 1620 883 1692 regitiva
907 1615 1331 1676 intellectualis
1354 1615 1592 1673 virtutis
1620 1629 1753 1686 quae
1800 1616 1994 1688 magis
2029 1631 2068 1675 a
2109 1615 2406 1687 principio
2454 1615 2656 1674 distat.
2690 1614 2869 1683 Quod

440 1689 680 1764 quidem
711 1693 955 1760 apparet
978 1687 1195 1746 tamin
1239 1685 1510 1744 scientiis
1560 1685 1965 1757 speculativis,
1992 1699 2172 1758 quam
2223 1688 2288 1744 in
2334 1685 2567 1744 activis.
2601 1684 2870 1746 scientia

442 1759 605 1818 enim
648 1758 1016 1831 speculativa
1058 1771 1191 1831 quae
1236 1756 1454 1828 accipit
1505 1755 1581 1814 ab
1637 1756 1757 1815 alia
1797 1757 2095 1828 principia
2161 1771 2235 1815 ex
2297 1756 2517 1830 quibus
2582 1755 2876 1815 deliberat

441 1829 662 1888 dicitur
688 1842 824 1887 esse
851 1829 939 1885 illi
971 1826 1396 1896 subalternata,
1426 1830 1485 1884 et
1514 1827 1770 1885 scientia
1795 1826 1988 1885 activa
2015 1840 2148 1900 quae
2173 1833 2266 1887 est
2294 1827 2694 1901 propinquior
2738 1826 2873 1897 fini,

483 1900 546 1958 ui
590 1904 684 1957 est
734 1899 1091 1970 principium
1137 1898 1203 1955 in
1264 1896 1609 1978 operativiS‚
1659 1903 1752 1956 est
1809 1897 2275 1957 architectonica
2336 1902 2613 1970 respectu
2672 1897 2873 1970 magis

441 1914 742 2029 distantis.
776 1971 921 2027 Cum
951 1981 1095 2042 ergo
1119 1967 1277 2025 inter
1303 1966 1740 2025 intellectuales
1767 1967 2136 2027 substantias
2224 1968 2451 2027 uaedam
2501 1968 2626 2025 sint
2673 1967 2873 2039 primo

439 2040 766 2119 principio„
791 2039 1022 2097 scilicet
1046 2040 1198 2119 θοοὶ
1217 2038 1699 2119 propinquiore&
1731 2043 1797 2095 ut
1847 2038 1912 2095 in
1962 2038 2156 2111 primo
2210 2054 2339 2111 cap.
2371 2043 2440 2096 48
2469 2043 2529 2095 et
2551 2037 2647 2111 78)
2672 2043 2876 2096 osten-

443 2123 579 2169 sum
609 2115 722 2178 est,
751 2122 896 2180 lpsae
921 2114 1096 2167 erunt
1121 2109 1373 2166 aliarum
1404 2110 1689 2178 regitivae.

510 2180 729 2242 Adhuc,
753 2179 1094 2252 superiores
1122 2178 1558 2237 intellectuales
1585 2178 1934 2237 substantiae
1961 2178 2284 2249 perfectius
2314 2178 2530 2237 divinae
2551 2178 2866 2251 sapientiae

440 2249 814 2308 influentiam
871 2250 935 2306 in
977 2249 1198 2320 seipsis
1235 2248 1568 2320 recipiunt,
1613 2262 1750 2307 cum
1793 2248 2261 2324 unumquodque
2329 2248 2574 2322 recipiat
2640 2249 2722 2308 ali
2769 2249 2871 2309 uid

441 2320 775 2380 secundum
802 2319 1047 2379 modum
1073 2332 1271 2377 suum.
1303 2319 1415 2375 Per
1441 2318 1799 2390 sapientiam
1843 2324 2040 2376 autem
2089 2318 2351 2378 divinam
2401 2320 2609 2378 omnia
2648 2333 2734 2401 gu
2813 2333 2871 2378 r-

443 2395 680 2454 uamur,
705 2392 872 2448 etsie
897 2395 1131 2461 oportet
1151 2388 1312 2462 quod
1332 2403 1404 2447 ea
1429 2403 1563 2462 quae
1592 2390 1786 2461 magis
1814 2388 2075 2447 divinam
2100 2390 2456 2461 sapientiam
2509 2391 2873 2472 participant

442 2461 569 2520 sint
594 2459 984 2535 gubernativa
1011 2473 1216 2519 eorum
1246 2474 1378 2533 quae
1405 2460 1611 2520 minus
1648 2460 2025 2543 participant.
2054 2459 2410 2521 Substantia}
2461 2459 2649 2534 igitur
2692 2461 2873 2520 intel·

442 2531 732 2590 lectuales
759 2533 1076 2590 inferiores
1104 2531 1516 2604 gubernantur
1543 2546 1648 2603 per
1674 2544 2036 2604 superiores.

513 2602 803 2660 Dicuntur
853 2616 994 2675 ergo
1050 2602 1392 2673 superiores
1445 2602 1695 2674 spiritus
1742 2608 1804 2660 et
1844 2601 2043 2676 angeli
2094 2601 2159 2660 in
2203 2607 2495 2676 quantum
2546 2602 2869 2662 inferiores

443 2673 692 2744 spiritus
708 2673 993 2744 dirigunt,
1015 2673 1189 2745 quasi
1218 2673 1309 2731 eis
1326 2673 1762 2733 annuntiandO.
1781 2675 1929 2731 Nam
1950 2672 2148 2745 angeli
2176 2673 2351 2745 quasi
2371 2673 2569 2730 nuntii
2585 2671 2874 2733 dicuntur

444 2749 504 2801 et
529 2742 810 2809 ministri,
838 2744 901 2800 in
933 2747 1222 2816 quantum
1250 2757 1355 2814 per
1383 2756 1558 2802 suam
1593 2744 2001 2815 operationem
2032 2750 2405 2816 exequuntur
2428 2744 2609 2801 etiam
2644 2744 2709 2801 in
2739 2757 2893 2802 cor·-

442 2812 752 2883 poralibus
772 2812 987 2870 divinae
1009 2813 1395 2883 providentiae
1415 2813 1688 2872 ordinem
1706 2833 1722 2885 ;
1740 2827 1879 2872 nam
1899 2813 2174 2871 minister
2192 2818 2287 2872 est
2308 2814 2481 2887 quasi
2502 2813 2875 2872 instrumen-

440 2888 569 2941 tum
627 2883 975 2952 animatum‚
1008 2883 1337 2941 secundum
1388 2884 1821 2957 Philosophum
1878 2883 2112 2957 (Ethic.‚
2136 2896 2271 2955 vm,
2298 2899 2352 2943 c.
2391 2890 2448 2941 ’7.
2479 2887 2538 2942 et
2591 2884 2793 2955 polit„
2828 2898 2871 2949 1,

443 2966 498 3011 c.
526 2953 600 3025 1).
634 2955 700 3010 Et
725 2954 841 3011 hoc
878 2959 970 3011 est
1009 2953 1172 3026 quod
1198 2952 1418 3012 dicitur
1442 2955 1506 3013 in
1551 2957 1661 3014 Ps.·
1679 2967 1803 3025 om,
1826 2958 1861 3013 4
1879 2972 1896 3012 ε
1917 2955 2024 3022 Qui
2058 2956 2202 3024 tacit
2227 2956 2444 3026 angelos
2469 2969 2595 3012 suos
2613 2958 2873 3027 spiritus,

444 3025 725 3079 ministros
753 3038 877 3080 suos
904 3026 1179 3092 flammam
1205 3026 1375 3093 iqnis.

1374 3240 1631 3306 CAPUT
1686 3240 1922 3306 LXXX.

994 3420 1071 3466 ΒΕ
1108 3419 1505 3468 ΟΒΒΙΝΑΤῙΟΝΒ
1541 3420 1897 3469 monor-tm
1930 3418 2013 3466 An
2049 3419 2320 3468 mmmm.

512 3586 658 3643 Cum
687 3589 886 3642 autem
914 3581 1249 3654 corporalia
1264 3595 1372 3655 per
1388 3581 1727 3655 spiritualia
1747 3588 2054 3656 regantur,
2072 3587 2139 3641 ut
2165 3586 2478 3643 ostensum
2506 3587 2621 3657 est,
2651 3596 2873 3659 corpo·

440 3652 657 3713 ralium
697 3659 896 3713 autem
951 3659 1046 3711 est
1089 3653 1334 3726 quidam
1385 3653 1554 3722 ord0,
1603 3657 1838 3725 oportet
1879 3652 2041 3726 quod
2095 3654 2413 3725 superiora
2451 3668 2708 3728 corpora
2760 3670 2875 3728 per

440 3735 513 3783 su
558 3724 784 3783 eriores
799 3722 1237 3803 intellectuales
1248 3723 1916 3805 substantias-regantur
1929 3741 1945 3782 ε
1957 3724 2245 3783 inferiora
2253 3736 2395 3784 vero
2405 3725 2870 3808 perinferioreS.

562 3795 664 3854 uia
681 3808 821 3852 vero
861 3798 1085 3868 quanto
1114 3793 1316 3867 aliqua
1342 3792 1681 3852 substantia
1727 3798 1822 3852 est
1848 3795 2142 3866 superior,
2163 3799 2329 3854 tanto
2370 3801 2563 3855 virtus
2598 3797 2734 3869 ejus
2773 3801 2874 3856 est

438 3865 855 3936 universalior,
881 3864 1069 3923 virtus
1085 3876 1227 3922 vero
1276 3864 1700 3925 intellectualis
1722 3863 2075 3925 substantiae
2101 3871 2195 3924 est
2218 3866 2620 3925 universalior
2644 3868 2872 3927 virtute

438 3936 710 4007 corporis
738 3978 753 4005 ,
813 3935 1154 4007 superiores
1208 3934 1450 4008 quidem
1505 3935 1666 3995 inter
1729 3935 2164 3995 intellectuales
2219 3936 2589 3997 substantias
2642 3936 2873 3996 habent

437 4005 687 4065 virtutes
728 4018 852 4064 non
902 4004 1285 4079 explicabiles
1322 4019 1430 4079 per
1461 4005 1723 4080 aliquam
1774 4005 2050 4064 virtutem
2078 4019 2451 4078 corpoream,
2471 4012 2530 4066 et
2569 4006 2709 4066 ideo
2737 4020 2871 4067 non

440 4082 582 4133 sunt
604 4076 957 4148 corporibus
982 4076 1199 4146 unitae3
1229 4076 1548 4136 inferiores
1572 4090 1715 4136 vero
1749 4076 1972 4135 habent
1988 4076 2237 4135 virtutes
2260 4078 2652 4149 particulatas
2678 4078 2871 4150 expli·

438 4143 665 4271 cakbiles
706 4147 1058 4275 pertaliqua
1084 4147 1422 4219 corporalia
1472 4148 1894 4215 instrumenta,
1914 4152 1974 4203 et
2020 4147 2158 4206 ideo
2187 4153 2421 4221 oportet
2459 4149 2621 4223 quod
2644 4161 2869 4222 corpo·

436 4226 487 4270 r1
534 4228 607 4273 us
635 4229 821 4275 unian
849 4232 939 4277 ur.

464 4353 476 4365 ο
508 4284 696 4367 Sicut·
713 4291 910 4347 autem
939 4290 1289 4362 superiores
1323 4289 1482 4348 inter
1515 4289 1884 4349 substantias
1913 4288 2348 4348 intellectuales
2377 4294 2522 4348 sunt
2544 4288 2866 4349 universa—

432 4352 607 4435 lioris
636 4359 900 4438 virtutis,
929 4359 1014 4416 ita
1032 4361 1210 4418 etiam
1240 4364 1299 4417 et
1321 4359 1643 4431 perfectius
1671 4359 1931 4418 divinam
1958 4359 2521 4432 dispositionemab
2542 4360 2680 4432 ipso
2708 4361 2868 4419 reci·

431 4430 605 4497 plunt
630 4440 695 4486 in
721 4427 840 4488 hoc
865 4428 1046 4503 quod,
1077 4444 1267 4503 usque
1288 4430 1363 4490 ad
1389 4430 1743 4503 singularia,
1772 4429 2004 4492 ordinis
2031 4431 2325 4493 rationem
2348 4435 2732 4503 cognoscunt
2748 4442 2869 4506 per
