<?xml version="1.0" encoding="UTF-8"?>
<!DOCTYPE html PUBLIC "-//W3C//DTD XHTML 1.0 Transitional//EN"
    "http://www.w3.org/TR/xhtml1/DTD/xhtml1-transitional.dtd">
<html xmlns="http://www.w3.org/1999/xhtml" xml:lang="en" lang="en">
 <head>
  <title>
</title>
<meta http-equiv="Content-Type" content="text/html;charset=utf-8" />
  <meta name='ocr-system' content='tesseract 3.04.00' />
  <meta name='ocr-capabilities' content='ocr_page ocr_carea ocr_par ocr_line ocrx_word'/>
</head>
<body>
  <div class='ocr_page' id='page_1' title='image "./deveritatecatho00rubegoog_0500.png"; bbox 0 0 3076 5025; ppageno 0'>
   <div class='ocr_carea' id='block_1_1' title="bbox 483 274 2069 342">
    <p class='ocr_par' dir='ltr' id='par_1_1' title="bbox 483 274 2069 342">
     <span class='ocr_line' id='line_1_1' title="bbox 483 274 2069 342; baseline -0.004 -6"><span class='ocrx_word' id='word_1_1' title='bbox 483 282 588 337; x_wconf 73' lang='lat'>466</span> <span class='ocrx_word' id='word_1_2' title='bbox 1325 276 1456 331; x_wconf 73' lang='grc' dir='ltr'>ΗΒ.</span> <span class='ocrx_word' id='word_1_3' title='bbox 1499 276 1595 342; x_wconf 90' lang='lat'>111,</span> <span class='ocrx_word' id='word_1_4' title='bbox 1636 274 1787 329; x_wconf 76' lang='lat' dir='ltr'>CAP.</span> <span class='ocrx_word' id='word_1_5' title='bbox 1828 274 2069 329; x_wconf 82' lang='lat' dir='ltr'>CXLVII.</span> 
     </span>
    </p>
   </div>
   <div class='ocr_carea' id='block_1_2' title="bbox 1421 497 2009 562">
    <p class='ocr_par' dir='ltr' id='par_1_2' title="bbox 1421 497 2009 562">
     <span class='ocr_line' id='line_1_2' title="bbox 1421 497 2009 562; baseline -0.002 0"><span class='ocrx_word' id='word_1_6' title='bbox 1421 497 1677 562; x_wconf 84' lang='lat' dir='ltr'>CAPUT</span> <span class='ocrx_word' id='word_1_7' title='bbox 1730 497 2009 562; x_wconf 84' lang='lat' dir='ltr'>chvn.</span> 
     </span>
    </p>
   </div>
   <div class='ocr_carea' id='block_1_3' title="bbox 571 667 2824 732">
    <p class='ocr_par' dir='ltr' id='par_1_3' title="bbox 571 667 2824 732">
     <span class='ocr_line' id='line_1_3' title="bbox 571 667 2824 732; baseline -0.004 -9"><span class='ocrx_word' id='word_1_8' title='bbox 571 676 725 732; x_wconf 76' lang='grc'>01101)</span> <span class='ocrx_word' id='word_1_9' title='bbox 758 673 923 720; x_wconf 68' lang='lat' dir='ltr'>HOMO</span> <span class='ocrx_word' id='word_1_10' title='bbox 955 672 1196 718; x_wconf 67' lang='lat' dir='ltr'>mmo-m·</span> <span class='ocrx_word' id='word_1_11' title='bbox 1228 670 1435 716; x_wconf 73' lang='lat' dir='ltr'>DWIRO</span> <span class='ocrx_word' id='word_1_12' title='bbox 1471 669 1712 715; x_wconf 77' lang='lat' dir='ltr'>AUXILIO</span> <span class='ocrx_word' id='word_1_13' title='bbox 1742 669 1823 715; x_wconf 72' lang='lat' dir='ltr'>An</span> <span class='ocrx_word' id='word_1_14' title='bbox 1856 667 2295 715; x_wconf 67' lang='lat' dir='ltr'>nummu</span> <span class='ocrx_word' id='word_1_15' title='bbox 2337 667 2824 721; x_wconf 64' lang='lat' dir='ltr'>constemu-</span> 
     </span>
    </p>
   </div>
   <div class='ocr_carea' id='block_1_4' title="bbox 487 830 2921 4216">
    <p class='ocr_par' dir='ltr' id='par_1_4' title="bbox 487 830 2915 2312">
     <span class='ocr_line' id='line_1_4' title="bbox 561 830 2905 910; baseline -0.003 -13"><span class='ocrx_word' id='word_1_16' title='bbox 561 838 714 910; x_wconf 83' lang='lat' dir='ltr'>Quia</span> <span class='ocrx_word' id='word_1_17' title='bbox 754 849 896 895; x_wconf 82' lang='lat' dir='ltr'>vero</span> <span class='ocrx_word' id='word_1_18' title='bbox 946 848 1020 892; x_wconf 86' lang='lat' dir='ltr'>ex</span> <span class='ocrx_word' id='word_1_19' title='bbox 1055 831 1467 904; x_wconf 87' lang='lat' dir='ltr'>superioribus</span> <span class='ocrx_word' id='word_1_20' title='bbox 1511 831 1895 889; x_wconf 82' lang='lat' dir='ltr'>manifestum</span> <span class='ocrx_word' id='word_1_21' title='bbox 1942 837 2036 890; x_wconf 91' lang='lat' dir='ltr'>est</span> <span class='ocrx_word' id='word_1_22' title='bbox 2129 831 2248 888; x_wconf 89' lang='lat' dir='ltr'>uod</span> <span class='ocrx_word' id='word_1_23' title='bbox 2298 830 2500 888; x_wconf 84' lang='lat' dir='ltr'>divina</span> <span class='ocrx_word' id='word_1_24' title='bbox 2542 830 2905 910; x_wconf 75' lang='lat' dir='ltr'>providentia</span> 
     </span>
     <span class='ocr_line' id='line_1_5' title="bbox 489 901 2904 982; baseline -0.005 -11"><span class='ocrx_word' id='word_1_25' title='bbox 489 912 663 972; x_wconf 89' lang='lat' dir='ltr'>aliter</span> <span class='ocrx_word' id='word_1_26' title='bbox 703 905 968 978; x_wconf 76' lang='lat' dir='ltr'>disponit</span> <span class='ocrx_word' id='word_1_27' title='bbox 1007 909 1308 962; x_wconf 90' lang='lat' dir='ltr'>creaturas</span> <span class='ocrx_word' id='word_1_28' title='bbox 1356 902 1684 960; x_wconf 81' lang='lat' dir='ltr'><strong>rationales</strong></span> <span class='ocrx_word' id='word_1_29' title='bbox 1726 917 1905 982; x_wconf 87' lang='lat' dir='ltr'>quam</span> <span class='ocrx_word' id='word_1_30' title='bbox 1933 916 2030 960; x_wconf 88' lang='lat' dir='ltr'>res</span> <span class='ocrx_word' id='word_1_31' title='bbox 2081 916 2115 959; x_wconf 91' lang='lat' dir='ltr'>a</span> <span class='ocrx_word' id='word_1_32' title='bbox 2143 902 2252 971; x_wconf 93' lang='lat' dir='ltr'>ias,</span> <span class='ocrx_word' id='word_1_33' title='bbox 2290 901 2627 960; x_wconf 89' lang='lat' dir='ltr'>secundum</span> <span class='ocrx_word' id='word_1_34' title='bbox 2669 901 2904 973; x_wconf 82' lang='lat' dir='ltr'>quodni</span> 
     </span>
     <span class='ocr_line' id='line_1_6' title="bbox 487 971 2903 1052; baseline -0.005 -12"><span class='ocrx_word' id='word_1_35' title='bbox 487 980 837 1041; x_wconf 84' lang='lat' dir='ltr'>conditione</span> <span class='ocrx_word' id='word_1_36' title='bbox 882 980 1107 1033; x_wconf 80' lang='lat' dir='ltr'>naturae</span> <span class='ocrx_word' id='word_1_37' title='bbox 1151 972 1391 1046; x_wconf 89' lang='lat' dir='ltr'>propria</span> <span class='ocrx_word' id='word_1_38' title='bbox 1419 971 1493 1030; x_wconf 89' lang='lat' dir='ltr'>ab</span> <span class='ocrx_word' id='word_1_39' title='bbox 1521 973 1660 1030; x_wconf 90' lang='lat' dir='ltr'>aliis</span> <span class='ocrx_word' id='word_1_40' title='bbox 1702 971 2004 1042; x_wconf 81' lang='lat' dir='ltr'>differunt,</span> <span class='ocrx_word' id='word_1_41' title='bbox 2033 978 2218 1030; x_wconf 87' lang='lat' dir='ltr'>restat</span> <span class='ocrx_word' id='word_1_42' title='bbox 2261 972 2707 1030; x_wconf 88' lang='lat' dir='ltr'>ostendendum</span> <span class='ocrx_word' id='word_1_43' title='bbox 2738 971 2903 1052; x_wconf 89' lang='lat' dir='ltr'>quod,</span> 
     </span>
     <span class='ocr_line' id='line_1_7' title="bbox 492 1042 2906 1114; baseline -0.005 -4"><span class='ocrx_word' id='word_1_44' title='bbox 492 1053 672 1110; x_wconf 88' lang='lat' dir='ltr'>etiam</span> <span class='ocrx_word' id='word_1_45' title='bbox 701 1064 774 1107; x_wconf 83' lang='lat' dir='ltr'>ex</span> <span class='ocrx_word' id='word_1_46' title='bbox 797 1048 853 1105; x_wconf 89' lang='lat' dir='ltr'>di</span> <span class='ocrx_word' id='word_1_47' title='bbox 944 1046 1084 1103; x_wconf 88' lang='lat' dir='ltr'>itate</span> <span class='ocrx_word' id='word_1_48' title='bbox 1112 1043 1274 1113; x_wconf 75' lang='lat' dir='ltr'>tinia,</span> <span class='ocrx_word' id='word_1_49' title='bbox 1301 1043 1535 1102; x_wconf 90' lang='lat' dir='ltr'>altioris</span> <span class='ocrx_word' id='word_1_50' title='bbox 1577 1042 2030 1114; x_wconf 79' lang='lat' dir='ltr'>gubernationis</span> <span class='ocrx_word' id='word_1_51' title='bbox 2062 1043 2278 1101; x_wconf 89' lang='lat' dir='ltr'>modus</span> <span class='ocrx_word' id='word_1_52' title='bbox 2305 1056 2341 1100; x_wconf 89' lang='lat' dir='ltr'>a</span> <span class='ocrx_word' id='word_1_53' title='bbox 2378 1043 2585 1100; x_wconf 83' lang='lat' dir='ltr'>divina</span> <span class='ocrx_word' id='word_1_54' title='bbox 2613 1042 2906 1113; x_wconf 78' lang='lat' dir='ltr'>providen-</span> 
     </span>
     <span class='ocr_line' id='line_1_8' title="bbox 490 1119 1054 1180; baseline -0.012 -1"><span class='ocrx_word' id='word_1_55' title='bbox 490 1123 578 1179; x_wconf 86' lang='lat' dir='ltr'>t‘a</span> <span class='ocrx_word' id='word_1_56' title='bbox 604 1122 694 1178; x_wconf 86' lang='lat' dir='ltr'>eis</span> <span class='ocrx_word' id='word_1_57' title='bbox 721 1119 859 1177; x_wconf 89' lang='lat' dir='ltr'>adbi</span> <span class='ocrx_word' id='word_1_58' title='bbox 904 1122 1054 1180; x_wconf 87' lang='lat' dir='ltr'>etur.</span> 
     </span>
     <span class='ocr_line' id='line_1_9' title="bbox 517 1138 2905 1254; baseline -0.003 -5"><span class='ocrx_word' id='word_1_59' title='bbox 517 1138 534 1180; x_wconf 67' lang='lat'>¹</span> <span class='ocrx_word' id='word_1_60' title='bbox 563 1191 941 1250; x_wconf 75' lang='lat' dir='ltr'>Manifestum</span> <span class='ocrx_word' id='word_1_61' title='bbox 968 1190 1058 1245; x_wconf 91' lang='lat' dir='ltr'>est</span> <span class='ocrx_word' id='word_1_62' title='bbox 1087 1189 1285 1242; x_wconf 90' lang='lat' dir='ltr'>autem</span> <span class='ocrx_word' id='word_1_63' title='bbox 1356 1184 1495 1253; x_wconf 92' lang='lat' dir='ltr'>uod,</span> <span class='ocrx_word' id='word_1_64' title='bbox 1525 1184 1857 1241; x_wconf 85' lang='lat' dir='ltr'>secundum</span> <span class='ocrx_word' id='word_1_65' title='bbox 1885 1183 2363 1241; x_wconf 80' lang='lat' dir='ltr'>convenientiam</span> <span class='ocrx_word' id='word_1_66' title='bbox 2405 1197 2533 1241; x_wconf 84' lang='lat' dir='ltr'>suae</span> <span class='ocrx_word' id='word_1_67' title='bbox 2566 1190 2815 1254; x_wconf 68' lang='lat' dir='ltr'>naturae,</span> <span class='ocrx_word' id='word_1_68' title='bbox 2843 1183 2905 1240; x_wconf 81' lang='lat' dir='ltr'>ad</span> 
     </span>
     <span class='ocr_line' id='line_1_10' title="bbox 492 1254 2907 1335; baseline -0.004 -14"><span class='ocrx_word' id='word_1_69' title='bbox 492 1263 765 1322; x_wconf 90' lang='lat' dir='ltr'>altiorem</span> <span class='ocrx_word' id='word_1_70' title='bbox 794 1255 1304 1330; x_wconf 77' lang='lat' dir='ltr'>participationem</span> <span class='ocrx_word' id='word_1_71' title='bbox 1376 1255 1470 1311; x_wconf 90' lang='lat' dir='ltr'>nis</span> <span class='ocrx_word' id='word_1_72' title='bbox 1498 1255 1870 1335; x_wconf 83' lang='lat' dir='ltr'>perveniunt.</span> <span class='ocrx_word' id='word_1_73' title='bbox 1895 1254 2046 1321; x_wconf 85' lang='lat' dir='ltr'>Quia</span> <span class='ocrx_word' id='word_1_74' title='bbox 2074 1255 2234 1312; x_wconf 88' lang='lat' dir='ltr'>enim</span> <span class='ocrx_word' id='word_1_75' title='bbox 2252 1254 2685 1311; x_wconf 89' lang='lat' dir='ltr'>intellectualis</span> <span class='ocrx_word' id='word_1_76' title='bbox 2716 1260 2907 1311; x_wconf 80' lang='lat' dir='ltr'>natura</span> 
     </span>
     <span class='ocr_line' id='line_1_11' title="bbox 493 1324 2903 1402; baseline -0.005 -11"><span class='ocrx_word' id='word_1_77' title='bbox 493 1339 656 1398; x_wconf 84' lang='lat' dir='ltr'>sunt,</span> <span class='ocrx_word' id='word_1_78' title='bbox 685 1343 791 1402; x_wconf 91' lang='lat' dir='ltr'>per</span> <span class='ocrx_word' id='word_1_79' title='bbox 830 1341 1001 1386; x_wconf 89' lang='lat' dir='ltr'>snam</span> <span class='ocrx_word' id='word_1_80' title='bbox 1047 1326 1454 1397; x_wconf 78' lang='lat' dir='ltr'>operationem</span> <span class='ocrx_word' id='word_1_81' title='bbox 1496 1324 1933 1396; x_wconf 76' lang='lat' dir='ltr'>intelligibilem</span> <span class='ocrx_word' id='word_1_82' title='bbox 1964 1325 2269 1382; x_wconf 81' lang='lat' dir='ltr'>veritatem</span> <span class='ocrx_word' id='word_1_83' title='bbox 2298 1325 2591 1396; x_wconf 86' lang='lat' dir='ltr'>attingere</span> <span class='ocrx_word' id='word_1_84' title='bbox 2624 1331 2903 1395; x_wconf 85' lang='lat' dir='ltr'>possunt;</span> 
     </span>
     <span class='ocr_line' id='line_1_12' title="bbox 495 1393 2901 1478; baseline -0.003 -18"><span class='ocrx_word' id='word_1_85' title='bbox 495 1402 657 1478; x_wconf 89' lang='lat' dir='ltr'>quod</span> <span class='ocrx_word' id='word_1_86' title='bbox 685 1400 822 1458; x_wconf 91' lang='lat' dir='ltr'>aliis</span> <span class='ocrx_word' id='word_1_87' title='bbox 868 1398 1047 1456; x_wconf 91' lang='lat' dir='ltr'>rebus</span> <span class='ocrx_word' id='word_1_88' title='bbox 1073 1410 1196 1453; x_wconf 92' lang='lat' dir='ltr'>non</span> <span class='ocrx_word' id='word_1_89' title='bbox 1240 1393 1524 1466; x_wconf 90' lang='lat' dir='ltr'>competit</span> <span class='ocrx_word' id='word_1_90' title='bbox 1550 1408 1682 1466; x_wconf 71' lang='lat' dir='ltr'>quaa</span> <span class='ocrx_word' id='word_1_91' title='bbox 1712 1394 2008 1451; x_wconf 86' lang='lat' dir='ltr'>intellectu</span> <span class='ocrx_word' id='word_1_92' title='bbox 2040 1400 2262 1453; x_wconf 86' lang='lat' dir='ltr'>carent.</span> <span class='ocrx_word' id='word_1_93' title='bbox 2294 1398 2362 1452; x_wconf 84' lang='lat' dir='ltr'>Et</span> <span class='ocrx_word' id='word_1_94' title='bbox 2390 1395 2733 1454; x_wconf 89' lang='lat' dir='ltr'>secundum</span> <span class='ocrx_word' id='word_1_95' title='bbox 2765 1394 2901 1467; x_wconf 86' lang='lat' dir='ltr'>quod</span> 
     </span>
     <span class='ocr_line' id='line_1_13' title="bbox 493 1465 2903 1550; baseline -0.005 -17"><span class='ocrx_word' id='word_1_96' title='bbox 493 1474 568 1533; x_wconf 90' lang='lat' dir='ltr'>ad</span> <span class='ocrx_word' id='word_1_97' title='bbox 597 1467 1033 1550; x_wconf 78' lang='lat' dir='ltr'>intelligibilem</span> <span class='ocrx_word' id='word_1_98' title='bbox 1071 1466 1375 1523; x_wconf 84' lang='lat' dir='ltr'>veritatem</span> <span class='ocrx_word' id='word_1_99' title='bbox 1426 1465 1681 1522; x_wconf 90' lang='lat' dir='ltr'>naturali</span> <span class='ocrx_word' id='word_1_100' title='bbox 1730 1465 2075 1536; x_wconf 84' lang='lat' dir='ltr'>operatione</span> <span class='ocrx_word' id='word_1_101' title='bbox 2120 1465 2494 1546; x_wconf 46' lang='lat' dir='ltr'>perueniunt,</span> <span class='ocrx_word' id='word_1_102' title='bbox 2526 1466 2903 1546; x_wconf 63' lang='lat' dir='ltr'>manifestum</span> 
     </span>
     <span class='ocr_line' id='line_1_14' title="bbox 495 1535 2899 1608; baseline -0.004 -6"><span class='ocrx_word' id='word_1_103' title='bbox 495 1549 584 1602; x_wconf 92' lang='lat' dir='ltr'>est</span> <span class='ocrx_word' id='word_1_104' title='bbox 617 1543 706 1601; x_wconf 92' lang='lat' dir='ltr'>eis</span> <span class='ocrx_word' id='word_1_105' title='bbox 734 1541 905 1598; x_wconf 84' lang='lat' dir='ltr'>aliter</span> <span class='ocrx_word' id='word_1_106' title='bbox 989 1535 1245 1595; x_wconf 87' lang='lat' dir='ltr'>rovideri</span> <span class='ocrx_word' id='word_1_107' title='bbox 1291 1535 1579 1593; x_wconf 85' lang='lat' dir='ltr'>divinitus</span> <span class='ocrx_word' id='word_1_108' title='bbox 1628 1549 1805 1608; x_wconf 84' lang='lat' dir='ltr'>quain</span> <span class='ocrx_word' id='word_1_109' title='bbox 1835 1535 1972 1592; x_wconf 90' lang='lat' dir='ltr'>aliis</span> <span class='ocrx_word' id='word_1_110' title='bbox 2014 1535 2214 1604; x_wconf 80' lang='lat' dir='ltr'>rebuS,</span> <span class='ocrx_word' id='word_1_111' title='bbox 2249 1549 2313 1592; x_wconf 86' lang='lat' dir='ltr'>in</span> <span class='ocrx_word' id='word_1_112' title='bbox 2360 1541 2654 1607; x_wconf 88' lang='lat' dir='ltr'>quantum</span> <span class='ocrx_word' id='word_1_113' title='bbox 2692 1536 2899 1594; x_wconf 84' lang='lat' dir='ltr'>bomim</span> 
     </span>
     <span class='ocr_line' id='line_1_15' title="bbox 495 1552 2904 1687; baseline -0.005 -15"><span class='ocrx_word' id='word_1_114' title='bbox 495 1614 671 1672; x_wconf 87' lang='lat' dir='ltr'>datus</span> <span class='ocrx_word' id='word_1_115' title='bbox 701 1615 794 1668; x_wconf 91' lang='lat' dir='ltr'>est</span> <span class='ocrx_word' id='word_1_116' title='bbox 818 1552 1158 1667; x_wconf 49' lang='lat' dir='ltr'>intellectus</span> <span class='ocrx_word' id='word_1_117' title='bbox 1201 1610 1260 1664; x_wconf 90' lang='lat' dir='ltr'>et</span> <span class='ocrx_word' id='word_1_118' title='bbox 1287 1606 1459 1687; x_wconf 77' lang='lat' dir='ltr'>ratio,</span> <span class='ocrx_word' id='word_1_119' title='bbox 1487 1621 1593 1687; x_wconf 80' lang='lat' dir='ltr'>per</span> <span class='ocrx_word' id='word_1_120' title='bbox 1616 1620 1750 1686; x_wconf 69' lang='lat' dir='ltr'>quaa</span> <span class='ocrx_word' id='word_1_121' title='bbox 1794 1606 2100 1687; x_wconf 32' lang='lat' dir='ltr'>verita-tem</span> <span class='ocrx_word' id='word_1_122' title='bbox 2124 1612 2182 1664; x_wconf 91' lang='lat' dir='ltr'>et</span> <span class='ocrx_word' id='word_1_123' title='bbox 2210 1605 2549 1687; x_wconf 79' lang='lat' dir='ltr'>discernere</span> <span class='ocrx_word' id='word_1_124' title='bbox 2593 1613 2655 1663; x_wconf 87' lang='lat' dir='ltr'>et</span> <span class='ocrx_word' id='word_1_125' title='bbox 2685 1605 2904 1687; x_wconf 78' lang='lat' dir='ltr'>investi-</span> 
     </span>
     <span class='ocr_line' id='line_1_16' title="bbox 497 1675 2905 1765; baseline -0.003 -24"><span class='ocrx_word' id='word_1_126' title='bbox 497 1698 639 1765; x_wconf 83' lang='lat' dir='ltr'>gare</span> <span class='ocrx_word' id='word_1_127' title='bbox 670 1682 881 1753; x_wconf 87' lang='lat' dir='ltr'>possit.</span> <span class='ocrx_word' id='word_1_128' title='bbox 913 1683 1072 1737; x_wconf 82' lang='lat' dir='ltr'>Datae</span> <span class='ocrx_word' id='word_1_129' title='bbox 1099 1682 1239 1735; x_wconf 92' lang='lat' dir='ltr'>sunt</span> <span class='ocrx_word' id='word_1_130' title='bbox 1285 1682 1462 1734; x_wconf 84' lang='lat' dir='ltr'>etiam</span> <span class='ocrx_word' id='word_1_131' title='bbox 1492 1692 1545 1733; x_wconf 85' lang='lat' dir='ltr'>ei</span> <span class='ocrx_word' id='word_1_132' title='bbox 1593 1690 1751 1734; x_wconf 81' lang='lat' dir='ltr'>vires</span> <span class='ocrx_word' id='word_1_133' title='bbox 1781 1683 2103 1745; x_wconf 64' lang='lat' dir='ltr'>sensitiva),</span> <span class='ocrx_word' id='word_1_134' title='bbox 2128 1682 2186 1733; x_wconf 91' lang='lat' dir='ltr'>et</span> <span class='ocrx_word' id='word_1_135' title='bbox 2224 1681 2564 1748; x_wconf 72' lang='lat' dir='ltr'>interiores,</span> <span class='ocrx_word' id='word_1_136' title='bbox 2595 1676 2825 1750; x_wconf 81' lang='lat' dir='ltr'>quibus</span> <span class='ocrx_word' id='word_1_137' title='bbox 2848 1675 2905 1733; x_wconf 70' lang='lat' dir='ltr'>ad</span> 
     </span>
     <span class='ocr_line' id='line_1_17' title="bbox 494 1746 2905 1823; baseline -0.004 -12"><span class='ocrx_word' id='word_1_138' title='bbox 494 1750 973 1823; x_wconf 86' lang='lat' dir='ltr'>investigandam</span> <span class='ocrx_word' id='word_1_139' title='bbox 1002 1750 1306 1806; x_wconf 84' lang='lat' dir='ltr'>veritatem</span> <span class='ocrx_word' id='word_1_140' title='bbox 1354 1746 1681 1818; x_wconf 86' lang='lat' dir='ltr'>adjuvetur.</span> <span class='ocrx_word' id='word_1_141' title='bbox 1714 1749 1896 1804; x_wconf 90' lang='lat' dir='ltr'>Datus</span> <span class='ocrx_word' id='word_1_142' title='bbox 1924 1752 2015 1804; x_wconf 89' lang='lat' dir='ltr'>est</span> <span class='ocrx_word' id='word_1_143' title='bbox 2041 1747 2219 1803; x_wconf 90' lang='lat' dir='ltr'>etiam</span> <span class='ocrx_word' id='word_1_144' title='bbox 2248 1747 2303 1804; x_wconf 93' lang='lat' dir='ltr'>ei</span> <span class='ocrx_word' id='word_1_145' title='bbox 2333 1746 2589 1818; x_wconf 83' lang='lat' dir='ltr'>loquelae</span> <span class='ocrx_word' id='word_1_146' title='bbox 2619 1761 2802 1815; x_wconf 89' lang='lat' dir='ltr'>usus,</span> <span class='ocrx_word' id='word_1_147' title='bbox 2824 1760 2905 1818; x_wconf 83' lang='lat' dir='ltr'>per</span> 
     </span>
     <span class='ocr_line' id='line_1_18' title="bbox 493 1817 2905 1898; baseline -0.003 -17"><span class='ocrx_word' id='word_1_148' title='bbox 493 1823 671 1895; x_wconf 76' lang='lat' dir='ltr'>quus</span> <span class='ocrx_word' id='word_1_149' title='bbox 700 1821 963 1878; x_wconf 85' lang='lat' dir='ltr'>officium</span> <span class='ocrx_word' id='word_1_150' title='bbox 1004 1819 1307 1876; x_wconf 81' lang='lat' dir='ltr'>veritatem</span> <span class='ocrx_word' id='word_1_151' title='bbox 1338 1832 1516 1898; x_wconf 84' lang='lat' dir='ltr'>quam</span> <span class='ocrx_word' id='word_1_152' title='bbox 1547 1818 1768 1889; x_wconf 87' lang='lat' dir='ltr'>aliquis</span> <span class='ocrx_word' id='word_1_153' title='bbox 1810 1823 2005 1875; x_wconf 87' lang='lat' dir='ltr'>mente</span> <span class='ocrx_word' id='word_1_154' title='bbox 2031 1817 2295 1889; x_wconf 90' lang='lat' dir='ltr'>concipit</span> <span class='ocrx_word' id='word_1_155' title='bbox 2332 1817 2502 1875; x_wconf 90' lang='lat' dir='ltr'>alteri</span> <span class='ocrx_word' id='word_1_156' title='bbox 2535 1818 2905 1876; x_wconf 81' lang='lat' dir='ltr'>manifestare</span> 
     </span>
     <span class='ocr_line' id='line_1_19' title="bbox 496 1886 2907 1968; baseline -0.002 -19"><span class='ocrx_word' id='word_1_157' title='bbox 496 1892 696 1966; x_wconf 86' lang='lat' dir='ltr'>possit</span> <span class='ocrx_word' id='word_1_158' title='bbox 721 1909 737 1960; x_wconf 78' lang='lat'>3</span> <span class='ocrx_word' id='word_1_159' title='bbox 767 1896 832 1947; x_wconf 91' lang='lat' dir='ltr'>ut</span> <span class='ocrx_word' id='word_1_160' title='bbox 859 1892 948 1948; x_wconf 92' lang='lat' dir='ltr'>sic</span> <span class='ocrx_word' id='word_1_161' title='bbox 981 1888 1258 1946; x_wconf 87' lang='lat' dir='ltr'>homines</span> <span class='ocrx_word' id='word_1_162' title='bbox 1284 1900 1521 1959; x_wconf 85' lang='lat' dir='ltr'>seipsos</span> <span class='ocrx_word' id='word_1_163' title='bbox 1556 1888 1764 1959; x_wconf 84' lang='lat' dir='ltr'>juvent</span> <span class='ocrx_word' id='word_1_164' title='bbox 1792 1888 1856 1944; x_wconf 92' lang='lat' dir='ltr'>in</span> <span class='ocrx_word' id='word_1_165' title='bbox 1898 1887 2242 1960; x_wconf 84' lang='lat' dir='ltr'>cognitione</span> <span class='ocrx_word' id='word_1_166' title='bbox 2266 1886 2554 1968; x_wconf 76' lang='lat' dir='ltr'>veritatis,</span> <span class='ocrx_word' id='word_1_167' title='bbox 2587 1889 2755 1945; x_wconf 88' lang='lat' dir='ltr'>sicut</span> <span class='ocrx_word' id='word_1_168' title='bbox 2782 1887 2907 1944; x_wconf 88' lang='lat' dir='ltr'>etin</span> 
     </span>
     <span class='ocr_line' id='line_1_20' title="bbox 499 1957 2907 2025; baseline -0.004 -3"><span class='ocrx_word' id='word_1_169' title='bbox 499 1963 638 2022; x_wconf 87' lang='lat' dir='ltr'>aliis</span> <span class='ocrx_word' id='word_1_170' title='bbox 667 1962 846 2019; x_wconf 90' lang='lat' dir='ltr'>rebus</span> <span class='ocrx_word' id='word_1_171' title='bbox 892 1958 1251 2016; x_wconf 89' lang='lat' dir='ltr'>necessariis</span> <span class='ocrx_word' id='word_1_172' title='bbox 1285 1958 1441 2025; x_wconf 86' lang='lat' dir='ltr'>vitae,</span> <span class='ocrx_word' id='word_1_173' title='bbox 1487 1971 1624 2014; x_wconf 91' lang='lat' dir='ltr'>cum</span> <span class='ocrx_word' id='word_1_174' title='bbox 1672 1959 1751 2015; x_wconf 90' lang='lat' dir='ltr'>sit</span> <span class='ocrx_word' id='word_1_175' title='bbox 1793 1957 1975 2015; x_wconf 89' lang='lat' dir='ltr'>homo</span> <span class='ocrx_word' id='word_1_176' title='bbox 2021 1958 2243 2016; x_wconf 89' lang='lat' dir='ltr'>animal</span> <span class='ocrx_word' id='word_1_177' title='bbox 2286 1959 2640 2015; x_wconf 80' lang='lat' dir='ltr'>naturaliter</span> <span class='ocrx_word' id='word_1_178' title='bbox 2680 1958 2907 2016; x_wconf 78' lang='lat' dir='ltr'>sociale.</span> 
     </span>
     <span class='ocr_line' id='line_1_21' title="bbox 498 2026 2913 2099; baseline -0.003 -9"><span class='ocrx_word' id='word_1_179' title='bbox 498 2033 611 2091; x_wconf 90' lang='lat' dir='ltr'>Sed</span> <span class='ocrx_word' id='word_1_180' title='bbox 637 2031 889 2089; x_wconf 86' lang='lat' dir='ltr'>ulterius</span> <span class='ocrx_word' id='word_1_181' title='bbox 918 2030 1166 2086; x_wconf 90' lang='lat' dir='ltr'>ultimus</span> <span class='ocrx_word' id='word_1_182' title='bbox 1194 2028 1333 2085; x_wconf 84' lang='lat' dir='ltr'>tinis</span> <span class='ocrx_word' id='word_1_183' title='bbox 1377 2026 1643 2084; x_wconf 86' lang='lat' dir='ltr'>hominis</span> <span class='ocrx_word' id='word_1_184' title='bbox 1672 2028 1733 2084; x_wconf 90' lang='lat' dir='ltr'>in</span> <span class='ocrx_word' id='word_1_185' title='bbox 1758 2028 2013 2099; x_wconf 90' lang='lat' dir='ltr'>quadam</span> <span class='ocrx_word' id='word_1_186' title='bbox 2039 2029 2302 2087; x_wconf 89' lang='lat' dir='ltr'>veritatis</span> <span class='ocrx_word' id='word_1_187' title='bbox 2326 2042 2397 2085; x_wconf 92' lang='lat' dir='ltr'>co</span> <span class='ocrx_word' id='word_1_188' title='bbox 2444 2028 2681 2086; x_wconf 92' lang='lat' dir='ltr'>nitione</span> <span class='ocrx_word' id='word_1_189' title='bbox 2711 2029 2913 2087; x_wconf 86' lang='lat' dir='ltr'>consti-</span> 
     </span>
     <span class='ocr_line' id='line_1_22' title="bbox 495 2097 2913 2178; baseline -0.002 -18"><span class='ocrx_word' id='word_1_190' title='bbox 495 2108 664 2162; x_wconf 90' lang='lat' dir='ltr'>tutus</span> <span class='ocrx_word' id='word_1_191' title='bbox 692 2107 804 2169; x_wconf 86' lang='lat' dir='ltr'>est,</span> <span class='ocrx_word' id='word_1_192' title='bbox 835 2113 966 2172; x_wconf 83' lang='lat' dir='ltr'>quae</span> <span class='ocrx_word' id='word_1_193' title='bbox 991 2098 1320 2156; x_wconf 88' lang='lat' dir='ltr'>naturalem</span> <span class='ocrx_word' id='word_1_194' title='bbox 1351 2097 1688 2178; x_wconf 80' lang='lat' dir='ltr'>facultatem</span> <span class='ocrx_word' id='word_1_195' title='bbox 1734 2098 1928 2169; x_wconf 87' lang='lat' dir='ltr'>ipsius</span> <span class='ocrx_word' id='word_1_196' title='bbox 1958 2099 2206 2167; x_wconf 82' lang='lat' dir='ltr'>excedit,</span> <span class='ocrx_word' id='word_1_197' title='bbox 2241 2106 2304 2156; x_wconf 93' lang='lat' dir='ltr'>ut</span> <span class='ocrx_word' id='word_1_198' title='bbox 2327 2101 2412 2156; x_wconf 90' lang='lat' dir='ltr'>sci</span> <span class='ocrx_word' id='word_1_199' title='bbox 2441 2099 2557 2156; x_wconf 90' lang='lat' dir='ltr'>icet</span> <span class='ocrx_word' id='word_1_200' title='bbox 2586 2100 2788 2170; x_wconf 86' lang='lat' dir='ltr'>ipsam</span> <span class='ocrx_word' id='word_1_201' title='bbox 2818 2098 2913 2171; x_wconf 88' lang='lat' dir='ltr'>pri·</span> 
     </span>
     <span class='ocr_line' id='line_1_23' title="bbox 496 2168 2913 2239; baseline -0.002 -8"><span class='ocrx_word' id='word_1_202' title='bbox 496 2187 658 2231; x_wconf 91' lang='lat' dir='ltr'>mam</span> <span class='ocrx_word' id='word_1_203' title='bbox 704 2170 1004 2227; x_wconf 87' lang='lat' dir='ltr'>veritatem</span> <span class='ocrx_word' id='word_1_204' title='bbox 1040 2168 1235 2225; x_wconf 87' lang='lat' dir='ltr'>videat</span> <span class='ocrx_word' id='word_1_205' title='bbox 1262 2168 1327 2224; x_wconf 93' lang='lat' dir='ltr'>in</span> <span class='ocrx_word' id='word_1_206' title='bbox 1374 2181 1594 2237; x_wconf 81' lang='lat' dir='ltr'>seipsa,</span> <span class='ocrx_word' id='word_1_207' title='bbox 1624 2169 1781 2225; x_wconf 90' lang='lat' dir='ltr'>sicut</span> <span class='ocrx_word' id='word_1_208' title='bbox 1823 2182 2007 2239; x_wconf 88' lang='lat' dir='ltr'>supra</span> <span class='ocrx_word' id='word_1_209' title='bbox 2054 2176 2364 2227; x_wconf 90' lang='lat' dir='ltr'>ostensum</span> <span class='ocrx_word' id='word_1_210' title='bbox 2413 2174 2523 2226; x_wconf 89' lang='lat' dir='ltr'>est.</span> <span class='ocrx_word' id='word_1_211' title='bbox 2554 2171 2682 2227; x_wconf 84' lang='lat' dir='ltr'>Hoc</span> <span class='ocrx_word' id='word_1_212' title='bbox 2731 2175 2913 2228; x_wconf 87' lang='lat' dir='ltr'>autem</span> 
     </span>
     <span class='ocr_line' id='line_1_24' title="bbox 495 2239 2915 2312; baseline -0.003 -11"><span class='ocrx_word' id='word_1_213' title='bbox 495 2241 886 2301; x_wconf 81' lang='lat' dir='ltr'>inferioribus</span> <span class='ocrx_word' id='word_1_214' title='bbox 913 2239 1200 2296; x_wconf 89' lang='lat' dir='ltr'>creaturis</span> <span class='ocrx_word' id='word_1_215' title='bbox 1229 2251 1351 2295; x_wconf 90' lang='lat' dir='ltr'>non</span> <span class='ocrx_word' id='word_1_216' title='bbox 1380 2239 1683 2309; x_wconf 87' lang='lat' dir='ltr'>competit,</span> <span class='ocrx_word' id='word_1_217' title='bbox 1707 2244 1771 2295; x_wconf 94' lang='lat' dir='ltr'>ut</span> <span class='ocrx_word' id='word_1_218' title='bbox 1794 2240 2026 2296; x_wconf 89' lang='lat' dir='ltr'>scilicet</span> <span class='ocrx_word' id='word_1_219' title='bbox 2050 2239 2125 2297; x_wconf 88' lang='lat' dir='ltr'>ad</span> <span class='ocrx_word' id='word_1_220' title='bbox 2153 2239 2331 2297; x_wconf 88' lang='lat' dir='ltr'>finem</span> <span class='ocrx_word' id='word_1_221' title='bbox 2350 2241 2666 2310; x_wconf 87' lang='lat' dir='ltr'>pervenire</span> <span class='ocrx_word' id='word_1_222' title='bbox 2692 2240 2915 2312; x_wconf 86' lang='lat' dir='ltr'>possint</span> 
     </span>
    </p>

    <p class='ocr_par' dir='ltr' id='par_1_5' title="bbox 496 2309 2917 2524">
     <span class='ocr_line' id='line_1_25' title="bbox 539 2309 2917 2382; baseline -0 -13"><span class='ocrx_word' id='word_1_223' title='bbox 539 2313 603 2370; x_wconf 90' lang='lat' dir='ltr'>ui</span> <span class='ocrx_word' id='word_1_224' title='bbox 633 2325 838 2369; x_wconf 88' lang='lat' dir='ltr'>eorum</span> <span class='ocrx_word' id='word_1_225' title='bbox 887 2309 1223 2367; x_wconf 80' lang='lat' dir='ltr'>facultatem</span> <span class='ocrx_word' id='word_1_226' title='bbox 1265 2309 1594 2366; x_wconf 84' lang='lat' dir='ltr'>naturalem</span> <span class='ocrx_word' id='word_1_227' title='bbox 1625 2309 1888 2367; x_wconf 86' lang='lat' dir='ltr'>excedat.</span> <span class='ocrx_word' id='word_1_228' title='bbox 1917 2311 2158 2381; x_wconf 86' lang='lat' dir='ltr'>Oportet</span> <span class='ocrx_word' id='word_1_229' title='bbox 2192 2310 2377 2382; x_wconf 88' lang='lat' dir='ltr'>igitur</span> <span class='ocrx_word' id='word_1_230' title='bbox 2402 2316 2468 2366; x_wconf 90' lang='lat' dir='ltr'>ut</span> <span class='ocrx_word' id='word_1_231' title='bbox 2495 2312 2680 2367; x_wconf 90' lang='lat' dir='ltr'>etiam</span> <span class='ocrx_word' id='word_1_232' title='bbox 2713 2326 2789 2368; x_wconf 85' lang='lat' dir='ltr'>ex</span> <span class='ocrx_word' id='word_1_233' title='bbox 2818 2310 2917 2368; x_wconf 82' lang='lat' dir='ltr'>boc</span> 
     </span>
     <span class='ocr_line' id='line_1_26' title="bbox 498 2328 2917 2451; baseline -0.002 -10"><span class='ocrx_word' id='word_1_234' title='bbox 498 2328 619 2442; x_wconf 59' lang='lat' dir='ltr'>gne</span> <span class='ocrx_word' id='word_1_235' title='bbox 649 2381 984 2440; x_wconf 87' lang='lat' dir='ltr'>attendatur</span> <span class='ocrx_word' id='word_1_236' title='bbox 1005 2379 1277 2437; x_wconf 84' lang='lat' dir='ltr'>diversus</span> <span class='ocrx_word' id='word_1_237' title='bbox 1307 2378 1760 2451; x_wconf 85' lang='lat' dir='ltr'>gubernationis</span> <span class='ocrx_word' id='word_1_238' title='bbox 1786 2381 2000 2437; x_wconf 88' lang='lat' dir='ltr'>modus</span> <span class='ocrx_word' id='word_1_239' title='bbox 2019 2381 2178 2438; x_wconf 89' lang='lat' dir='ltr'>circa</span> <span class='ocrx_word' id='word_1_240' title='bbox 2204 2380 2479 2439; x_wconf 87' lang='lat' dir='ltr'>homines</span> <span class='ocrx_word' id='word_1_241' title='bbox 2506 2386 2567 2438; x_wconf 92' lang='lat' dir='ltr'>et</span> <span class='ocrx_word' id='word_1_242' title='bbox 2596 2382 2757 2439; x_wconf 88' lang='lat' dir='ltr'>alias</span> <span class='ocrx_word' id='word_1_243' title='bbox 2786 2381 2917 2438; x_wconf 80' lang='lat' dir='ltr'>infe-</span> 
     </span>
     <span class='ocr_line' id='line_1_27' title="bbox 496 2450 2916 2524; baseline -0.002 -11"><span class='ocrx_word' id='word_1_244' title='bbox 496 2453 692 2514; x_wconf 85' lang='lat' dir='ltr'>riores</span> <span class='ocrx_word' id='word_1_245' title='bbox 742 2457 1063 2509; x_wconf 88' lang='lat' dir='ltr'>creaturas.</span> <span class='ocrx_word' id='word_1_246' title='bbox 1095 2452 1175 2507; x_wconf 86' lang='lat' dir='ltr'>Ea</span> <span class='ocrx_word' id='word_1_247' title='bbox 1201 2450 1360 2506; x_wconf 90' lang='lat' dir='ltr'>enim</span> <span class='ocrx_word' id='word_1_248' title='bbox 1387 2463 1519 2523; x_wconf 83' lang='lat' dir='ltr'>quae</span> <span class='ocrx_word' id='word_1_249' title='bbox 1567 2456 1709 2507; x_wconf 90' lang='lat' dir='ltr'>sunt</span> <span class='ocrx_word' id='word_1_250' title='bbox 1736 2450 1810 2508; x_wconf 89' lang='lat' dir='ltr'>ad</span> <span class='ocrx_word' id='word_1_251' title='bbox 1856 2450 2035 2511; x_wconf 85' lang='lat' dir='ltr'>finem</span> <span class='ocrx_word' id='word_1_252' title='bbox 2079 2463 2325 2509; x_wconf 90' lang='lat' dir='ltr'>necesse</span> <span class='ocrx_word' id='word_1_253' title='bbox 2354 2456 2445 2508; x_wconf 89' lang='lat' dir='ltr'>est</span> <span class='ocrx_word' id='word_1_254' title='bbox 2490 2450 2596 2508; x_wconf 83' lang='lat' dir='ltr'>fini</span> <span class='ocrx_word' id='word_1_255' title='bbox 2628 2465 2775 2510; x_wconf 89' lang='lat' dir='ltr'>esse</span> <span class='ocrx_word' id='word_1_256' title='bbox 2802 2463 2916 2524; x_wconf 85' lang='lat' dir='ltr'>prc-</span> 
     </span>
    </p>

    <p class='ocr_par' dir='ltr' id='par_1_6' title="bbox 497 2520 2917 2736">
     <span class='ocr_line' id='line_1_28' title="bbox 541 2520 2917 2603; baseline -0.001 -22"><span class='ocrx_word' id='word_1_257' title='bbox 541 2525 858 2583; x_wconf 87' lang='lat' dir='ltr'>ortionata.</span> <span class='ocrx_word' id='word_1_258' title='bbox 890 2522 949 2580; x_wconf 89' lang='lat' dir='ltr'>Si</span> <span class='ocrx_word' id='word_1_259' title='bbox 980 2522 1162 2594; x_wconf 89' lang='lat' dir='ltr'>igitur</span> <span class='ocrx_word' id='word_1_260' title='bbox 1186 2520 1368 2578; x_wconf 89' lang='lat' dir='ltr'>homo</span> <span class='ocrx_word' id='word_1_261' title='bbox 1396 2521 1708 2578; x_wconf 88' lang='lat' dir='ltr'>ordinatur</span> <span class='ocrx_word' id='word_1_262' title='bbox 1734 2522 1797 2578; x_wconf 90' lang='lat' dir='ltr'>in</span> <span class='ocrx_word' id='word_1_263' title='bbox 1828 2521 2004 2579; x_wconf 81' lang='lat' dir='ltr'>finem</span> <span class='ocrx_word' id='word_1_264' title='bbox 2029 2523 2130 2603; x_wconf 88' lang='lat' dir='ltr'>qui</span> <span class='ocrx_word' id='word_1_265' title='bbox 2159 2522 2288 2593; x_wconf 89' lang='lat' dir='ltr'>ejus</span> <span class='ocrx_word' id='word_1_266' title='bbox 2315 2522 2662 2580; x_wconf 88' lang='lat' dir='ltr'>facultatem</span> <span class='ocrx_word' id='word_1_267' title='bbox 2696 2528 2917 2580; x_wconf 85' lang='lat' dir='ltr'>natura·</span> 
     </span>
     <span class='ocr_line' id='line_1_29' title="bbox 497 2538 2914 2665; baseline -0.001 -12"><span class='ocrx_word' id='word_1_268' title='bbox 497 2538 616 2653; x_wconf 57' lang='lat' dir='ltr'>Bm</span> <span class='ocrx_word' id='word_1_269' title='bbox 646 2594 896 2661; x_wconf 83' lang='lat' dir='ltr'>excedit,</span> <span class='ocrx_word' id='word_1_270' title='bbox 928 2605 1174 2650; x_wconf 89' lang='lat' dir='ltr'>necesse</span> <span class='ocrx_word' id='word_1_271' title='bbox 1202 2597 1294 2649; x_wconf 93' lang='lat' dir='ltr'>est</span> <span class='ocrx_word' id='word_1_272' title='bbox 1321 2592 1373 2649; x_wconf 92' lang='lat' dir='ltr'>ei</span> <span class='ocrx_word' id='word_1_273' title='bbox 1407 2592 1652 2664; x_wconf 88' lang='lat' dir='ltr'>aliquod</span> <span class='ocrx_word' id='word_1_274' title='bbox 1695 2593 1984 2651; x_wconf 82' lang='lat' dir='ltr'>auxilium</span> <span class='ocrx_word' id='word_1_275' title='bbox 2010 2592 2297 2650; x_wconf 81' lang='lat' dir='ltr'>divinitus</span> <span class='ocrx_word' id='word_1_276' title='bbox 2320 2593 2592 2650; x_wconf 90' lang='lat' dir='ltr'>adbiberi</span> <span class='ocrx_word' id='word_1_277' title='bbox 2620 2606 2914 2665; x_wconf 84' lang='lat' dir='ltr'>superna-</span> 
     </span>
     <span class='ocr_line' id='line_1_30' title="bbox 498 2660 1553 2736; baseline -0.002 -15"><span class='ocrx_word' id='word_1_278' title='bbox 498 2666 692 2723; x_wconf 89' lang='lat' dir='ltr'>turale</span> <span class='ocrx_word' id='word_1_279' title='bbox 718 2678 823 2735; x_wconf 92' lang='lat' dir='ltr'>per</span> <span class='ocrx_word' id='word_1_280' title='bbox 846 2663 1004 2736; x_wconf 92' lang='lat' dir='ltr'>quod</span> <span class='ocrx_word' id='word_1_281' title='bbox 1033 2661 1235 2720; x_wconf 88' lang='lat' dir='ltr'>tendat</span> <span class='ocrx_word' id='word_1_282' title='bbox 1259 2662 1320 2718; x_wconf 91' lang='lat' dir='ltr'>in</span> <span class='ocrx_word' id='word_1_283' title='bbox 1349 2660 1553 2719; x_wconf 85' lang='lat' dir='ltr'>finem.</span> 
     </span>
    </p>

    <p class='ocr_par' dir='ltr' id='par_1_7' title="bbox 495 2731 2920 3227">
     <span class='ocr_line' id='line_1_31' title="bbox 569 2731 2914 2806; baseline -0 -15"><span class='ocrx_word' id='word_1_284' title='bbox 569 2736 787 2797; x_wconf 76' lang='lat' dir='ltr'>Adhuc,</span> <span class='ocrx_word' id='word_1_285' title='bbox 820 2748 916 2791; x_wconf 90' lang='lat' dir='ltr'>res</span> <span class='ocrx_word' id='word_1_286' title='bbox 940 2733 1242 2791; x_wconf 78' lang='lat' dir='ltr'>inferioris</span> <span class='ocrx_word' id='word_1_287' title='bbox 1266 2738 1492 2791; x_wconf 64' lang='lat' dir='ltr'>naturae</span> <span class='ocrx_word' id='word_1_288' title='bbox 1517 2734 1580 2790; x_wconf 91' lang='lat' dir='ltr'>in</span> <span class='ocrx_word' id='word_1_289' title='bbox 1599 2731 1661 2789; x_wconf 91' lang='lat' dir='ltr'>id</span> <span class='ocrx_word' id='word_1_290' title='bbox 1691 2733 1850 2806; x_wconf 92' lang='lat' dir='ltr'>quod</span> <span class='ocrx_word' id='word_1_291' title='bbox 1880 2738 1972 2792; x_wconf 90' lang='lat' dir='ltr'>est</span> <span class='ocrx_word' id='word_1_292' title='bbox 1995 2733 2303 2805; x_wconf 85' lang='lat' dir='ltr'>proprium</span> <span class='ocrx_word' id='word_1_293' title='bbox 2332 2733 2667 2804; x_wconf 90' lang='lat' dir='ltr'>superioris</span> <span class='ocrx_word' id='word_1_294' title='bbox 2698 2738 2914 2792; x_wconf 67' lang='lat' dir='ltr'>nature</span> 
     </span>
     <span class='ocr_line' id='line_1_32' title="bbox 496 2803 2915 2877; baseline 0 -14"><span class='ocrx_word' id='word_1_295' title='bbox 496 2818 621 2863; x_wconf 88' lang='lat' dir='ltr'>non</span> <span class='ocrx_word' id='word_1_296' title='bbox 652 2810 846 2877; x_wconf 87' lang='lat' dir='ltr'>potest</span> <span class='ocrx_word' id='word_1_297' title='bbox 890 2804 1128 2875; x_wconf 89' lang='lat' dir='ltr'>perduci</span> <span class='ocrx_word' id='word_1_298' title='bbox 1172 2803 1291 2860; x_wconf 91' lang='lat' dir='ltr'>nisi</span> <span class='ocrx_word' id='word_1_299' title='bbox 1320 2803 1533 2860; x_wconf 86' lang='lat' dir='ltr'>virtute</span> <span class='ocrx_word' id='word_1_300' title='bbox 1560 2804 1726 2861; x_wconf 90' lang='lat' dir='ltr'>illius</span> <span class='ocrx_word' id='word_1_301' title='bbox 1759 2803 2089 2875; x_wconf 89' lang='lat' dir='ltr'>superioris</span> <span class='ocrx_word' id='word_1_302' title='bbox 2114 2810 2359 2873; x_wconf 83' lang='lat' dir='ltr'>naturae,</span> <span class='ocrx_word' id='word_1_303' title='bbox 2391 2804 2549 2861; x_wconf 88' lang='lat' dir='ltr'>sicut</span> <span class='ocrx_word' id='word_1_304' title='bbox 2592 2805 2765 2867; x_wconf 86' lang='lat' dir='ltr'>luna,</span> <span class='ocrx_word' id='word_1_305' title='bbox 2795 2817 2915 2877; x_wconf 70' lang='lat' dir='ltr'>quae</span> 
     </span>
     <span class='ocr_line' id='line_1_33' title="bbox 502 2872 2917 2948; baseline -0.001 -15"><span class='ocrx_word' id='word_1_306' title='bbox 502 2889 575 2933; x_wconf 84' lang='lat' dir='ltr'>ex</span> <span class='ocrx_word' id='word_1_307' title='bbox 604 2889 668 2933; x_wconf 92' lang='lat' dir='ltr'>se</span> <span class='ocrx_word' id='word_1_308' title='bbox 698 2888 820 2932; x_wconf 91' lang='lat' dir='ltr'>non</span> <span class='ocrx_word' id='word_1_309' title='bbox 869 2874 1047 2942; x_wconf 90' lang='lat' dir='ltr'>lucet,</span> <span class='ocrx_word' id='word_1_310' title='bbox 1077 2872 1143 2929; x_wconf 86' lang='lat' dir='ltr'>tit</span> <span class='ocrx_word' id='word_1_311' title='bbox 1170 2872 1370 2930; x_wconf 91' lang='lat' dir='ltr'>lucida</span> <span class='ocrx_word' id='word_1_312' title='bbox 1414 2874 1628 2931; x_wconf 85' lang='lat' dir='ltr'>virtute</span> <span class='ocrx_word' id='word_1_313' title='bbox 1654 2880 1714 2931; x_wconf 92' lang='lat' dir='ltr'>et</span> <span class='ocrx_word' id='word_1_314' title='bbox 1751 2875 1987 2932; x_wconf 88' lang='lat' dir='ltr'>actione</span> <span class='ocrx_word' id='word_1_315' title='bbox 2016 2874 2204 2945; x_wconf 82' lang='lat' dir='ltr'>solis3</span> <span class='ocrx_word' id='word_1_316' title='bbox 2238 2881 2297 2931; x_wconf 91' lang='lat' dir='ltr'>et</span> <span class='ocrx_word' id='word_1_317' title='bbox 2341 2888 2516 2948; x_wconf 90' lang='lat' dir='ltr'>aqua,</span> <span class='ocrx_word' id='word_1_318' title='bbox 2543 2889 2684 2947; x_wconf 73' lang='lat' dir='ltr'>quaa</span> <span class='ocrx_word' id='word_1_319' title='bbox 2728 2888 2839 2946; x_wconf 90' lang='lat' dir='ltr'>per</span> <span class='ocrx_word' id='word_1_320' title='bbox 2862 2887 2917 2932; x_wconf 82' lang='lat' dir='ltr'>se</span> 
     </span>
     <span class='ocr_line' id='line_1_34' title="bbox 498 2943 2915 3017; baseline 0 -15"><span class='ocrx_word' id='word_1_321' title='bbox 498 2958 623 3004; x_wconf 92' lang='lat' dir='ltr'>non</span> <span class='ocrx_word' id='word_1_322' title='bbox 652 2946 826 3013; x_wconf 88' lang='lat' dir='ltr'>calet,</span> <span class='ocrx_word' id='word_1_323' title='bbox 855 2943 923 3000; x_wconf 87' lang='lat' dir='ltr'>fit</span> <span class='ocrx_word' id='word_1_324' title='bbox 944 2943 1139 3001; x_wconf 87' lang='lat' dir='ltr'>calida</span> <span class='ocrx_word' id='word_1_325' title='bbox 1158 2944 1374 3000; x_wconf 85' lang='lat' dir='ltr'>virtute</span> <span class='ocrx_word' id='word_1_326' title='bbox 1399 2948 1459 3000; x_wconf 90' lang='lat' dir='ltr'>et</span> <span class='ocrx_word' id='word_1_327' title='bbox 1485 2944 1720 3002; x_wconf 89' lang='lat' dir='ltr'>actione</span> <span class='ocrx_word' id='word_1_328' title='bbox 1763 2945 1944 3016; x_wconf 89' lang='lat' dir='ltr'>ignis.</span> <span class='ocrx_word' id='word_1_329' title='bbox 1975 2944 2181 3002; x_wconf 87' lang='lat' dir='ltr'>Videre</span> <span class='ocrx_word' id='word_1_330' title='bbox 2209 2949 2405 3002; x_wconf 90' lang='lat' dir='ltr'>autem</span> <span class='ocrx_word' id='word_1_331' title='bbox 2436 2946 2630 3016; x_wconf 89' lang='lat' dir='ltr'>ipsam</span> <span class='ocrx_word' id='word_1_332' title='bbox 2670 2948 2915 3017; x_wconf 87' lang='lat' dir='ltr'>primam</span> 
     </span>
     <span class='ocr_line' id='line_1_35' title="bbox 496 3014 2920 3089; baseline -0 -16"><span class='ocrx_word' id='word_1_333' title='bbox 496 3016 806 3073; x_wconf 82' lang='lat' dir='ltr'>veritatem</span> <span class='ocrx_word' id='word_1_334' title='bbox 854 3015 917 3071; x_wconf 93' lang='lat' dir='ltr'>in</span> <span class='ocrx_word' id='word_1_335' title='bbox 946 3014 1147 3086; x_wconf 89' lang='lat' dir='ltr'>seipsa</span> <span class='ocrx_word' id='word_1_336' title='bbox 1184 3014 1268 3071; x_wconf 89' lang='lat' dir='ltr'>ita</span> <span class='ocrx_word' id='word_1_337' title='bbox 1293 3014 1658 3071; x_wconf 89' lang='lat' dir='ltr'>transcendit</span> <span class='ocrx_word' id='word_1_338' title='bbox 1711 3015 2047 3072; x_wconf 86' lang='lat' dir='ltr'>facultatem</span> <span class='ocrx_word' id='word_1_339' title='bbox 2081 3016 2356 3073; x_wconf 83' lang='lat' dir='ltr'>humanae</span> <span class='ocrx_word' id='word_1_340' title='bbox 2384 3021 2610 3074; x_wconf 78' lang='lat' dir='ltr'>naturae</span> <span class='ocrx_word' id='word_1_341' title='bbox 2640 3016 2810 3089; x_wconf 89' lang='lat' dir='ltr'>quod</span> <span class='ocrx_word' id='word_1_342' title='bbox 2841 3020 2920 3072; x_wconf 64' lang='lat' dir='ltr'>ast</span> 
     </span>
     <span class='ocr_line' id='line_1_36' title="bbox 496 3083 2917 3160; baseline 0.002 -19"><span class='ocrx_word' id='word_1_343' title='bbox 496 3086 806 3158; x_wconf 88' lang='lat' dir='ltr'>proprium</span> <span class='ocrx_word' id='word_1_344' title='bbox 852 3083 1045 3143; x_wconf 87' lang='lat' dir='ltr'>solius</span> <span class='ocrx_word' id='word_1_345' title='bbox 1092 3083 1219 3154; x_wconf 89' lang='lat' dir='ltr'>Dei,</span> <span class='ocrx_word' id='word_1_346' title='bbox 1248 3089 1314 3141; x_wconf 88' lang='lat' dir='ltr'>ut</span> <span class='ocrx_word' id='word_1_347' title='bbox 1342 3098 1523 3155; x_wconf 89' lang='lat' dir='ltr'>supra</span> <span class='ocrx_word' id='word_1_348' title='bbox 1554 3084 1626 3155; x_wconf 88' lang='lat' dir='ltr'>(c.</span> <span class='ocrx_word' id='word_1_349' title='bbox 1659 3086 1749 3156; x_wconf 79' lang='lat'>52)</span> <span class='ocrx_word' id='word_1_350' title='bbox 1780 3092 2090 3144; x_wconf 90' lang='lat' dir='ltr'>ostensum</span> <span class='ocrx_word' id='word_1_351' title='bbox 2125 3091 2235 3144; x_wconf 90' lang='lat' dir='ltr'>est.</span> <span class='ocrx_word' id='word_1_352' title='bbox 2268 3086 2498 3158; x_wconf 78' lang='lat' dir='ltr'>indiget</span> <span class='ocrx_word' id='word_1_353' title='bbox 2523 3086 2715 3160; x_wconf 88' lang='lat' dir='ltr'>igitur</span> <span class='ocrx_word' id='word_1_354' title='bbox 2740 3087 2917 3146; x_wconf 81' lang='lat' dir='ltr'>homo</span> 
     </span>
     <span class='ocr_line' id='line_1_37' title="bbox 495 3154 2279 3227; baseline 0 -14"><span class='ocrx_word' id='word_1_355' title='bbox 495 3155 725 3213; x_wconf 84' lang='lat' dir='ltr'>auxilio</span> <span class='ocrx_word' id='word_1_356' title='bbox 750 3155 953 3213; x_wconf 85' lang='lat' dir='ltr'>divino</span> <span class='ocrx_word' id='word_1_357' title='bbox 981 3155 1051 3213; x_wconf 91' lang='lat' dir='ltr'>ad</span> <span class='ocrx_word' id='word_1_358' title='bbox 1085 3155 1199 3212; x_wconf 88' lang='lat' dir='ltr'>hoc</span> <span class='ocrx_word' id='word_1_359' title='bbox 1224 3156 1384 3227; x_wconf 90' lang='lat' dir='ltr'>qnod</span> <span class='ocrx_word' id='word_1_360' title='bbox 1406 3159 1465 3211; x_wconf 89' lang='lat' dir='ltr'>in</span> <span class='ocrx_word' id='word_1_361' title='bbox 1496 3154 1717 3212; x_wconf 84' lang='lat' dir='ltr'>dictum</span> <span class='ocrx_word' id='word_1_362' title='bbox 1749 3155 1927 3212; x_wconf 82' lang='lat' dir='ltr'>finem</span> <span class='ocrx_word' id='word_1_363' title='bbox 1959 3157 2279 3227; x_wconf 88' lang='lat' dir='ltr'>perveniat.</span> 
     </span>
    </p>

    <p class='ocr_par' dir='ltr' id='par_1_8' title="bbox 495 3224 2921 3706">
     <span class='ocr_line' id='line_1_38' title="bbox 566 3224 2919 3302; baseline 0.002 -21"><span class='ocrx_word' id='word_1_364' title='bbox 566 3228 721 3294; x_wconf 73' lang='lat' dir='ltr'>Itm,</span> <span class='ocrx_word' id='word_1_365' title='bbox 747 3239 1118 3298; x_wconf 84' lang='lat' dir='ltr'>unaquaeque</span> <span class='ocrx_word' id='word_1_366' title='bbox 1142 3239 1239 3283; x_wconf 90' lang='lat' dir='ltr'>res</span> <span class='ocrx_word' id='word_1_367' title='bbox 1268 3239 1372 3295; x_wconf 89' lang='lat' dir='ltr'>per</span> <span class='ocrx_word' id='word_1_368' title='bbox 1400 3226 1807 3295; x_wconf 85' lang='lat' dir='ltr'>operationem</span> <span class='ocrx_word' id='word_1_369' title='bbox 1833 3240 2004 3284; x_wconf 87' lang='lat' dir='ltr'>suam</span> <span class='ocrx_word' id='word_1_370' title='bbox 2050 3228 2324 3285; x_wconf 90' lang='lat' dir='ltr'>ultimum</span> <span class='ocrx_word' id='word_1_371' title='bbox 2369 3224 2548 3284; x_wconf 86' lang='lat' dir='ltr'>finem</span> <span class='ocrx_word' id='word_1_372' title='bbox 2597 3227 2919 3302; x_wconf 83' lang='lat' dir='ltr'>consequi·</span> 
     </span>
     <span class='ocr_line' id='line_1_39' title="bbox 497 3296 2921 3370; baseline 0.001 -16"><span class='ocrx_word' id='word_1_373' title='bbox 497 3299 616 3354; x_wconf 88' lang='lat' dir='ltr'>tur.</span> <span class='ocrx_word' id='word_1_374' title='bbox 651 3297 926 3367; x_wconf 86' lang='lat' dir='ltr'>Operatio</span> <span class='ocrx_word' id='word_1_375' title='bbox 955 3302 1152 3353; x_wconf 88' lang='lat' dir='ltr'>autem</span> <span class='ocrx_word' id='word_1_376' title='bbox 1180 3296 1456 3353; x_wconf 79' lang='lat' dir='ltr'>virtutem</span> <span class='ocrx_word' id='word_1_377' title='bbox 1504 3297 1753 3353; x_wconf 87' lang='lat' dir='ltr'>sortitur</span> <span class='ocrx_word' id='word_1_378' title='bbox 1798 3311 1870 3354; x_wconf 84' lang='lat' dir='ltr'>ex</span> <span class='ocrx_word' id='word_1_379' title='bbox 1918 3298 2212 3368; x_wconf 88' lang='lat' dir='ltr'>principio</span> <span class='ocrx_word' id='word_1_380' title='bbox 2253 3304 2569 3369; x_wconf 86' lang='lat' dir='ltr'>operante;</span> <span class='ocrx_word' id='word_1_381' title='bbox 2611 3299 2777 3356; x_wconf 90' lang='lat' dir='ltr'>unde</span> <span class='ocrx_word' id='word_1_382' title='bbox 2826 3310 2921 3370; x_wconf 81' lang='lat' dir='ltr'>pet·</span> 
     </span>
     <span class='ocr_line' id='line_1_40' title="bbox 495 3366 2919 3441; baseline 0.002 -18"><span class='ocrx_word' id='word_1_383' title='bbox 495 3368 796 3424; x_wconf 88' lang='lat' dir='ltr'>actionem</span> <span class='ocrx_word' id='word_1_384' title='bbox 828 3367 1078 3424; x_wconf 90' lang='lat' dir='ltr'>seminis</span> <span class='ocrx_word' id='word_1_385' title='bbox 1105 3372 1425 3437; x_wconf 87' lang='lat' dir='ltr'>generatur</span> <span class='ocrx_word' id='word_1_386' title='bbox 1473 3366 1703 3439; x_wconf 91' lang='lat' dir='ltr'>aliquid</span> <span class='ocrx_word' id='word_1_387' title='bbox 1737 3366 1804 3424; x_wconf 92' lang='lat' dir='ltr'>in</span> <span class='ocrx_word' id='word_1_388' title='bbox 1842 3366 2234 3425; x_wconf 88' lang='lat' dir='ltr'>determinata</span> <span class='ocrx_word' id='word_1_389' title='bbox 2269 3369 2489 3439; x_wconf 87' lang='lat' dir='ltr'>specie,</span> <span class='ocrx_word' id='word_1_390' title='bbox 2528 3368 2707 3441; x_wconf 73' lang='lat' dir='ltr'>cuius</span> <span class='ocrx_word' id='word_1_391' title='bbox 2737 3369 2919 3427; x_wconf 81' lang='lat' dir='ltr'>virtus</span> 
     </span>
     <span class='ocr_line' id='line_1_41' title="bbox 496 3436 2768 3510; baseline 0.002 -18"><span class='ocrx_word' id='word_1_392' title='bbox 496 3436 562 3493; x_wconf 91' lang='lat' dir='ltr'>in</span> <span class='ocrx_word' id='word_1_393' title='bbox 591 3437 821 3495; x_wconf 91' lang='lat' dir='ltr'>semine</span> <span class='ocrx_word' id='word_1_394' title='bbox 850 3436 1191 3508; x_wconf 77' lang='lat' dir='ltr'>praeexistit.</span> <span class='ocrx_word' id='word_1_395' title='bbox 1223 3438 1353 3494; x_wconf 84' lang='lat' dir='ltr'>Non</span> <span class='ocrx_word' id='word_1_396' title='bbox 1379 3442 1575 3508; x_wconf 90' lang='lat' dir='ltr'>potest</span> <span class='ocrx_word' id='word_1_397' title='bbox 1604 3438 1789 3508; x_wconf 87' lang='lat' dir='ltr'>igitur</span> <span class='ocrx_word' id='word_1_398' title='bbox 1815 3436 1997 3496; x_wconf 90' lang='lat' dir='ltr'>homo</span> <span class='ocrx_word' id='word_1_399' title='bbox 2026 3451 2132 3510; x_wconf 89' lang='lat' dir='ltr'>per</span> <span class='ocrx_word' id='word_1_400' title='bbox 2154 3439 2556 3509; x_wconf 85' lang='lat' dir='ltr'>operationem</span> <span class='ocrx_word' id='word_1_401' title='bbox 2594 3452 2768 3496; x_wconf 89' lang='lat' dir='ltr'>suam</span> 
     </span>
     <span class='ocr_line' id='line_1_42' title="bbox 495 3505 2918 3580; baseline 0.002 -17"><span class='ocrx_word' id='word_1_402' title='bbox 495 3507 704 3564; x_wconf 77' lang='lat' dir='ltr'>venire</span> <span class='ocrx_word' id='word_1_403' title='bbox 736 3507 798 3564; x_wconf 89' lang='lat' dir='ltr'>in</span> <span class='ocrx_word' id='word_1_404' title='bbox 836 3507 1113 3565; x_wconf 90' lang='lat' dir='ltr'>ultimum</span> <span class='ocrx_word' id='word_1_405' title='bbox 1157 3505 1338 3565; x_wconf 82' lang='lat' dir='ltr'>finem</span> <span class='ocrx_word' id='word_1_406' title='bbox 1385 3520 1580 3577; x_wconf 87' lang='lat' dir='ltr'>suam,</span> <span class='ocrx_word' id='word_1_407' title='bbox 1610 3508 1712 3580; x_wconf 91' lang='lat' dir='ltr'>qui</span> <span class='ocrx_word' id='word_1_408' title='bbox 1760 3509 2130 3567; x_wconf 89' lang='lat' dir='ltr'>transcendit</span> <span class='ocrx_word' id='word_1_409' title='bbox 2172 3509 2509 3567; x_wconf 81' lang='lat' dir='ltr'>facultatem</span> <span class='ocrx_word' id='word_1_410' title='bbox 2553 3510 2918 3569; x_wconf 83' lang='lat' dir='ltr'>naturalium</span> 
     </span>
     <span class='ocr_line' id='line_1_43' title="bbox 495 3577 2919 3706; baseline 0.002 -73"><span class='ocrx_word' id='word_1_411' title='bbox 495 3578 1070 3706; x_wconf 52' lang='lat' dir='ltr'>{memiamffi’tnisi</span> <span class='ocrx_word' id='word_1_412' title='bbox 1123 3577 1255 3648; x_wconf 88' lang='lat' dir='ltr'>ejus</span> <span class='ocrx_word' id='word_1_413' title='bbox 1299 3579 1567 3650; x_wconf 85' lang='lat' dir='ltr'>operatio</span> <span class='ocrx_word' id='word_1_414' title='bbox 1617 3592 1693 3636; x_wconf 83' lang='lat' dir='ltr'>ex</span> <span class='ocrx_word' id='word_1_415' title='bbox 1728 3577 1929 3637; x_wconf 86' lang='lat' dir='ltr'>divina</span> <span class='ocrx_word' id='word_1_416' title='bbox 1973 3579 2190 3638; x_wconf 80' lang='lat' dir='ltr'>virtute</span> <span class='ocrx_word' id='word_1_417' title='bbox 2235 3578 2563 3638; x_wconf 83' lang='lat' dir='ltr'>efficaciam</span> <span class='ocrx_word' id='word_1_418' title='bbox 2610 3582 2815 3652; x_wconf 84' lang='lat' dir='ltr'>capiat</span> <span class='ocrx_word' id='word_1_419' title='bbox 2850 3578 2919 3639; x_wconf 77' lang='lat' dir='ltr'>ad</span> 
     </span>
    </p>

    <p class='ocr_par' dir='ltr' id='par_1_9' title="bbox 540 3660 1080 3705">
     <span class='ocr_line' id='line_1_44' title="bbox 540 3660 1080 3705; baseline 0 0"><span class='ocrx_word' id='word_1_420' title='bbox 540 3661 674 3705; x_wconf 89' lang='lat' dir='ltr'>nem</span> <span class='ocrx_word' id='word_1_421' title='bbox 755 3662 832 3705; x_wconf 82' lang='lat' dir='ltr'>rae</span> <span class='ocrx_word' id='word_1_422' title='bbox 878 3662 930 3704; x_wconf 84' lang='lat' dir='ltr'>ic</span> <span class='ocrx_word' id='word_1_423' title='bbox 961 3660 1080 3705; x_wconf 88' lang='lat' dir='ltr'>um.</span> 
     </span>
    </p>

    <p class='ocr_par' dir='ltr' id='par_1_10' title="bbox 493 3718 2917 3986">
     <span class='ocr_line' id='line_1_45' title="bbox 569 3718 2917 3793; baseline 0.002 -18"><span class='ocrx_word' id='word_1_424' title='bbox 569 3719 862 3788; x_wconf 80' lang='lat' dir='ltr'>Ampius,</span> <span class='ocrx_word' id='word_1_425' title='bbox 908 3719 1140 3775; x_wconf 92' lang='lat' dir='ltr'>nullum</span> <span class='ocrx_word' id='word_1_426' title='bbox 1176 3718 1642 3777; x_wconf 86' lang='lat' dir='ltr'>instrumentum</span> <span class='ocrx_word' id='word_1_427' title='bbox 1690 3721 2023 3778; x_wconf 87' lang='lat' dir='ltr'>secundum</span> <span class='ocrx_word' id='word_1_428' title='bbox 2074 3720 2354 3780; x_wconf 83' lang='lat' dir='ltr'>virtutem</span> <span class='ocrx_word' id='word_1_429' title='bbox 2398 3721 2657 3793; x_wconf 84' lang='lat' dir='ltr'>propriae</span> <span class='ocrx_word' id='word_1_430' title='bbox 2712 3722 2917 3780; x_wconf 72' lang='lat' dir='ltr'>sormae</span> 
     </span>
     <span class='ocr_line' id='line_1_46' title="bbox 493 3788 2917 3871; baseline 0.002 -25"><span class='ocrx_word' id='word_1_431' title='bbox 493 3794 694 3860; x_wconf 87' lang='lat' dir='ltr'>potest</span> <span class='ocrx_word' id='word_1_432' title='bbox 707 3788 780 3846; x_wconf 90' lang='lat' dir='ltr'>ad</span> <span class='ocrx_word' id='word_1_433' title='bbox 807 3788 1075 3847; x_wconf 89' lang='lat' dir='ltr'>ultimam</span> <span class='ocrx_word' id='word_1_434' title='bbox 1107 3789 1425 3860; x_wconf 88' lang='lat' dir='ltr'>perducere</span> <span class='ocrx_word' id='word_1_435' title='bbox 1446 3790 1895 3871; x_wconf 79' lang='lat' dir='ltr'>perfectionem,</span> <span class='ocrx_word' id='word_1_436' title='bbox 1924 3791 2028 3849; x_wconf 91' lang='lat' dir='ltr'>sed</span> <span class='ocrx_word' id='word_1_437' title='bbox 2058 3793 2256 3850; x_wconf 84' lang='lat' dir='ltr'>solum</span> <span class='ocrx_word' id='word_1_438' title='bbox 2277 3792 2609 3851; x_wconf 88' lang='lat' dir='ltr'>secundum</span> <span class='ocrx_word' id='word_1_439' title='bbox 2641 3792 2917 3851; x_wconf 77' lang='lat' dir='ltr'>virtutem</span> 
     </span>
     <span class='ocr_line' id='line_1_47' title="bbox 493 3859 2915 3986; baseline 0.002 -71"><span class='ocrx_word' id='word_1_440' title='bbox 493 3859 843 3986; x_wconf 61' lang='lat' dir='ltr'>grincipalis</span> <span class='ocrx_word' id='word_1_441' title='bbox 899 3859 1133 3932; x_wconf 86' lang='lat' dir='ltr'>agentis</span> <span class='ocrx_word' id='word_1_442' title='bbox 1152 3902 1168 3929; x_wconf 91' lang='lat'>,</span> <span class='ocrx_word' id='word_1_443' title='bbox 1222 3874 1494 3933; x_wconf 80' lang='lat' dir='ltr'>quamvis</span> <span class='ocrx_word' id='word_1_444' title='bbox 1562 3862 1893 3919; x_wconf 89' lang='lat' dir='ltr'>secundum</span> <span class='ocrx_word' id='word_1_445' title='bbox 1951 3862 2249 3934; x_wconf 90' lang='lat' dir='ltr'>propriam</span> <span class='ocrx_word' id='word_1_446' title='bbox 2317 3864 2595 3921; x_wconf 85' lang='lat' dir='ltr'>virtutem</span> <span class='ocrx_word' id='word_1_447' title='bbox 2651 3864 2915 3935; x_wconf 85' lang='lat' dir='ltr'>aliquam</span> 
     </span>
    </p>

    <p class='ocr_par' dir='ltr' id='par_1_11' title="bbox 494 3930 2915 4216">
     <span class='ocr_line' id='line_1_48' title="bbox 536 3930 2915 4003; baseline 0.002 -17"><span class='ocrx_word' id='word_1_448' title='bbox 536 3930 953 4000; x_wconf 80' lang='lat' dir='ltr'>ispositionem</span> <span class='ocrx_word' id='word_1_449' title='bbox 1011 3930 1203 3988; x_wconf 85' lang='lat' dir='ltr'>facere</span> <span class='ocrx_word' id='word_1_450' title='bbox 1259 3931 1452 4001; x_wconf 90' lang='lat' dir='ltr'>possit</span> <span class='ocrx_word' id='word_1_451' title='bbox 1493 3930 1569 3988; x_wconf 92' lang='lat' dir='ltr'>ad</span> <span class='ocrx_word' id='word_1_452' title='bbox 1614 3931 1882 3990; x_wconf 89' lang='lat' dir='ltr'>ultimam</span> <span class='ocrx_word' id='word_1_453' title='bbox 1927 3934 2384 4003; x_wconf 67' lang='lat' dir='ltr'>perfectionem</span> <span class='ocrx_word' id='word_1_454' title='bbox 2426 3948 2465 3991; x_wconf 89' lang='lat' dir='ltr'>a</span> <span class='ocrx_word' id='word_1_455' title='bbox 2523 3946 2693 3991; x_wconf 85' lang='lat' dir='ltr'>serra</span> <span class='ocrx_word' id='word_1_456' title='bbox 2736 3936 2915 4000; x_wconf 88' lang='lat' dir='ltr'>enim,</span> 
     </span>
     <span class='ocr_line' id='line_1_49' title="bbox 495 4001 2914 4075; baseline 0.002 -18"><span class='ocrx_word' id='word_1_457' title='bbox 495 4001 824 4058; x_wconf 90' lang='lat' dir='ltr'>secundum</span> <span class='ocrx_word' id='word_1_458' title='bbox 857 4001 1147 4059; x_wconf 88' lang='lat' dir='ltr'>rationem</span> <span class='ocrx_word' id='word_1_459' title='bbox 1171 4001 1425 4072; x_wconf 83' lang='lat' dir='ltr'>propriae</span> <span class='ocrx_word' id='word_1_460' title='bbox 1454 4001 1682 4072; x_wconf 82' lang='lat' dir='ltr'>formae,</span> <span class='ocrx_word' id='word_1_461' title='bbox 1713 4008 1805 4061; x_wconf 91' lang='lat' dir='ltr'>est</span> <span class='ocrx_word' id='word_1_462' title='bbox 1856 4003 2044 4062; x_wconf 86' lang='lat' dir='ltr'>sectio</span> <span class='ocrx_word' id='word_1_463' title='bbox 2089 4003 2261 4075; x_wconf 87' lang='lat' dir='ltr'>ligni,</span> <span class='ocrx_word' id='word_1_464' title='bbox 2308 4003 2417 4063; x_wconf 89' lang='lat' dir='ltr'>sed</span> <span class='ocrx_word' id='word_1_465' title='bbox 2462 4003 2657 4062; x_wconf 84' lang='lat' dir='ltr'>forma</span> <span class='ocrx_word' id='word_1_466' title='bbox 2684 4003 2914 4062; x_wconf 89' lang='lat' dir='ltr'>scamni</span> 
     </span>
     <span class='ocr_line' id='line_1_50' title="bbox 494 4071 2911 4147; baseline 0.001 -19"><span class='ocrx_word' id='word_1_467' title='bbox 494 4076 587 4128; x_wconf 86' lang='lat' dir='ltr'>est</span> <span class='ocrx_word' id='word_1_468' title='bbox 614 4071 688 4128; x_wconf 89' lang='lat' dir='ltr'>ab</span> <span class='ocrx_word' id='word_1_469' title='bbox 711 4078 855 4141; x_wconf 89' lang='lat' dir='ltr'>arte,</span> <span class='ocrx_word' id='word_1_470' title='bbox 890 4085 1022 4144; x_wconf 84' lang='lat' dir='ltr'>quae</span> <span class='ocrx_word' id='word_1_471' title='bbox 1049 4072 1236 4129; x_wconf 88' lang='lat' dir='ltr'>utitur</span> <span class='ocrx_word' id='word_1_472' title='bbox 1261 4072 1690 4142; x_wconf 88' lang='lat' dir='ltr'>instrumento;</span> <span class='ocrx_word' id='word_1_473' title='bbox 1723 4074 2000 4131; x_wconf 87' lang='lat' dir='ltr'>similiter</span> <span class='ocrx_word' id='word_1_474' title='bbox 2025 4075 2317 4133; x_wconf 91' lang='lat' dir='ltr'>resolutio</span> <span class='ocrx_word' id='word_1_475' title='bbox 2343 4079 2407 4131; x_wconf 91' lang='lat' dir='ltr'>et</span> <span class='ocrx_word' id='word_1_476' title='bbox 2430 4077 2821 4147; x_wconf 86' lang='lat' dir='ltr'>consumptio</span> <span class='ocrx_word' id='word_1_477' title='bbox 2852 4076 2911 4132; x_wconf 87' lang='lat' dir='ltr'>in</span> 
     </span>
     <span class='ocr_line' id='line_1_51' title="bbox 496 4142 2911 4216; baseline 0.002 -19"><span class='ocrx_word' id='word_1_478' title='bbox 496 4153 743 4211; x_wconf 89' lang='lat' dir='ltr'>corpore</span> <span class='ocrx_word' id='word_1_479' title='bbox 773 4142 1052 4199; x_wconf 87' lang='lat' dir='ltr'>animalis</span> <span class='ocrx_word' id='word_1_480' title='bbox 1080 4148 1172 4199; x_wconf 89' lang='lat' dir='ltr'>est</span> <span class='ocrx_word' id='word_1_481' title='bbox 1199 4156 1236 4200; x_wconf 90' lang='lat' dir='ltr'>a</span> <span class='ocrx_word' id='word_1_482' title='bbox 1265 4142 1460 4199; x_wconf 90' lang='lat' dir='ltr'>calore</span> <span class='ocrx_word' id='word_1_483' title='bbox 1489 4143 1671 4214; x_wconf 89' lang='lat' dir='ltr'>ignis,</span> <span class='ocrx_word' id='word_1_484' title='bbox 1704 4144 1807 4201; x_wconf 90' lang='lat' dir='ltr'>sed</span> <span class='ocrx_word' id='word_1_485' title='bbox 1839 4146 2145 4216; x_wconf 88' lang='lat' dir='ltr'>generatio</span> <span class='ocrx_word' id='word_1_486' title='bbox 2174 4144 2373 4203; x_wconf 88' lang='lat' dir='ltr'>carnis</span> <span class='ocrx_word' id='word_1_487' title='bbox 2400 4151 2458 4203; x_wconf 89' lang='lat' dir='ltr'>et</span> <span class='ocrx_word' id='word_1_488' title='bbox 2494 4145 2911 4203; x_wconf 85' lang='lat' dir='ltr'>determinatio</span> 
     </span>
    </p>
   </div>
   <div class='ocr_carea' id='block_1_5' title="bbox 494 4212 3017 4296">
    <p class='ocr_par' dir='ltr' id='par_1_12' title="bbox 494 4212 3017 4296">
     <span class='ocr_line' id='line_1_52' title="bbox 494 4212 3017 4296; baseline 0.003 -29"><span class='ocrx_word' id='word_1_489' title='bbox 494 4212 798 4282; x_wconf 85' lang='lat' dir='ltr'>augmenti</span> <span class='ocrx_word' id='word_1_490' title='bbox 829 4218 887 4269; x_wconf 89' lang='lat' dir='ltr'>et</span> <span class='ocrx_word' id='word_1_491' title='bbox 915 4213 1031 4270; x_wconf 88' lang='lat' dir='ltr'>alia</span> <span class='ocrx_word' id='word_1_492' title='bbox 1058 4212 1399 4283; x_wconf 86' lang='lat' dir='ltr'>hujusmodi</span> <span class='ocrx_word' id='word_1_493' title='bbox 1430 4214 1674 4271; x_wconf 89' lang='lat' dir='ltr'>suntab</span> <span class='ocrx_word' id='word_1_494' title='bbox 1710 4215 1911 4273; x_wconf 89' lang='lat' dir='ltr'>anima</span> <span class='ocrx_word' id='word_1_495' title='bbox 1956 4215 2294 4287; x_wconf 81' lang='lat' dir='ltr'>vegetabili,</span> <span class='ocrx_word' id='word_1_496' title='bbox 2332 4228 2465 4296; x_wconf 74' lang='lat' dir='ltr'>quae</span> <span class='ocrx_word' id='word_1_497' title='bbox 2494 4217 2684 4274; x_wconf 90' lang='lat' dir='ltr'>utitur</span> <span class='ocrx_word' id='word_1_498' title='bbox 2718 4216 2913 4274; x_wconf 78' lang='lat' dir='ltr'>calore</span> <span class='ocrx_word' id='word_1_499' title='bbox 3016 4272 3017 4275; x_wconf 74' lang='grc'>,</span> 
     </span>
    </p>
   </div>
   <div class='ocr_carea' id='block_1_6' title="bbox 494 4278 2909 4419">
    <p class='ocr_par' dir='ltr' id='par_1_13' title="bbox 494 4278 2909 4419">
     <span class='ocr_line' id='line_1_53' title="bbox 494 4278 2909 4359; baseline 0.004 -24"><span class='ocrx_word' id='word_1_500' title='bbox 494 4278 675 4351; x_wconf 88' lang='lat' dir='ltr'>igneo</span> <span class='ocrx_word' id='word_1_501' title='bbox 736 4281 891 4340; x_wconf 91' lang='lat' dir='ltr'>sicut</span> <span class='ocrx_word' id='word_1_502' title='bbox 953 4284 1371 4341; x_wconf 88' lang='lat' dir='ltr'>instrumento.</span> <span class='ocrx_word' id='word_1_503' title='bbox 1430 4285 1550 4341; x_wconf 90' lang='lat' dir='ltr'>Sub</span> <span class='ocrx_word' id='word_1_504' title='bbox 1590 4287 1710 4342; x_wconf 90' lang='lat' dir='ltr'>Deo</span> <span class='ocrx_word' id='word_1_505' title='bbox 1752 4291 1972 4354; x_wconf 89' lang='lat' dir='ltr'>autem,</span> <span class='ocrx_word' id='word_1_506' title='bbox 2011 4286 2113 4358; x_wconf 90' lang='lat' dir='ltr'>qui</span> <span class='ocrx_word' id='word_1_507' title='bbox 2149 4291 2242 4344; x_wconf 86' lang='lat' dir='ltr'>est</span> <span class='ocrx_word' id='word_1_508' title='bbox 2290 4299 2521 4359; x_wconf 80' lang='lat' dir='ltr'>primus</span> <span class='ocrx_word' id='word_1_509' title='bbox 2567 4287 2909 4345; x_wconf 78' lang='lat' dir='ltr'>intellectus</span> 
     </span>
     <span class='ocr_line' id='line_1_54' title="bbox 495 4350 2909 4419; baseline 0.003 -12"><span class='ocrx_word' id='word_1_510' title='bbox 495 4353 553 4407; x_wconf 89' lang='lat' dir='ltr'>et</span> <span class='ocrx_word' id='word_1_511' title='bbox 593 4350 821 4419; x_wconf 77' lang='lat' dir='ltr'>volenS,</span> <span class='ocrx_word' id='word_1_512' title='bbox 853 4351 1205 4411; x_wconf 91' lang='lat' dir='ltr'>ordinantur</span> <span class='ocrx_word' id='word_1_513' title='bbox 1230 4367 1439 4412; x_wconf 90' lang='lat' dir='ltr'>omnes</span> <span class='ocrx_word' id='word_1_514' title='bbox 1469 4355 1809 4414; x_wconf 87' lang='lat' dir='ltr'>intellectus</span> <span class='ocrx_word' id='word_1_515' title='bbox 1847 4362 1905 4412; x_wconf 91' lang='lat' dir='ltr'>et</span> <span class='ocrx_word' id='word_1_516' title='bbox 1938 4357 2277 4414; x_wconf 86' lang='lat' dir='ltr'>voluntates</span> <span class='ocrx_word' id='word_1_517' title='bbox 2318 4356 2477 4414; x_wconf 88' lang='lat' dir='ltr'>sicut</span> <span class='ocrx_word' id='word_1_518' title='bbox 2511 4357 2909 4415; x_wconf 73' lang='lat' dir='ltr'>instrumenta</span> 
     </span>
    </p>
   </div>
   <div class='ocr_carea' id='block_1_7' title="bbox 494 4417 2904 4500">
    <p class='ocr_par' dir='ltr' id='par_1_14' title="bbox 494 4417 2904 4500">
     <span class='ocr_line' id='line_1_55' title="bbox 494 4417 2904 4500; baseline 0.005 -23"><span class='ocrx_word' id='word_1_519' title='bbox 494 4417 607 4478; x_wconf 86' lang='lat' dir='ltr'>sub</span> <span class='ocrx_word' id='word_1_520' title='bbox 654 4419 969 4493; x_wconf 90' lang='lat' dir='ltr'>principali</span> <span class='ocrx_word' id='word_1_521' title='bbox 995 4428 1228 4497; x_wconf 81' lang='lat' dir='ltr'>agente.</span> <span class='ocrx_word' id='word_1_522' title='bbox 1260 4426 1503 4498; x_wconf 89' lang='lat' dir='ltr'>Oportet</span> <span class='ocrx_word' id='word_1_523' title='bbox 1544 4426 1728 4499; x_wconf 84' lang='lat' dir='ltr'>igitur</span> <span class='ocrx_word' id='word_1_524' title='bbox 1754 4426 1916 4499; x_wconf 88' lang='lat' dir='ltr'>quod</span> <span class='ocrx_word' id='word_1_525' title='bbox 1944 4441 2151 4487; x_wconf 88' lang='lat' dir='ltr'>eorum</span> <span class='ocrx_word' id='word_1_526' title='bbox 2179 4427 2559 4500; x_wconf 81' lang='lat' dir='ltr'>operationes</span> <span class='ocrx_word' id='word_1_527' title='bbox 2577 4428 2904 4490; x_wconf 82' lang='lat' dir='ltr'>efficaciam</span> 
     </span>
    </p>
   </div>
   <div class='ocr_carea' id='block_1_8' title="bbox 3015 4284 3017 4515">
    <p class='ocr_par' dir='ltr' id='par_1_15' title="bbox 3015 4284 3017 4515">
     <span class='ocr_line' id='line_1_56' title="bbox 3015 4284 3017 4515; baseline 0 510"><span class='ocrx_word' id='word_1_528' title='bbox 3015 4284 3017 4515; x_wconf 95' lang='lat' dir='ltr'> </span> 
     </span>
    </p>
   </div>
  </div>
 </body>
</html>
