3076 5025
1015 260 1150 318 Liss.
1188 260 1280 329 w,
1320 260 1473 317 GAP.
1511 259 1692 316 XXIV.
2472 259 2575 315 537

201 386 362 445 Item.
399 397 437 441 a
465 386 638 440 Patre
666 387 759 440 est
784 387 844 441 et
870 381 1056 440 Filius
1105 387 1163 439 et
1209 380 1462 453 Spiritus
1509 384 1778 438 sanctus.
1831 380 2075 451 Oportet
2117 379 2137 436 i
2186 378 2303 438 ‘tur
2342 382 2579 439 Patrem

129 455 349 513 referri
378 462 442 512 et
465 454 539 511 ad
572 453 786 511 Filium
816 458 874 510 et
902 452 976 511 ad
1005 452 1285 524 Spiritum
1315 457 1612 519 sanctum,
1643 455 1711 507 ut
1731 450 2093 532 principium
2114 464 2150 508 a
2217 450 2279 508 id
2308 450 2467 524 quod
2485 456 2581 510 est

129 540 171 584 a
195 524 522 597 principio.
549 524 825 581 Refertur
848 529 1048 582 autem
1074 523 1148 581 ad
1173 523 1387 582 Filium
1425 522 1658 580 ratione
1689 522 2086 593 paternitatiS,
2117 533 2242 580 non
2269 525 2469 579 autem
2502 521 2579 580 ad

125 596 426 666 Spiritum
478 600 776 657 sanctum,
817 594 960 677 quia
997 599 1141 652 tunc
1183 594 1222 651 S
1268 592 1441 651 iritus
1491 596 1740 650 sanctus
1786 598 1949 651 esset
1980 592 2202 660 Filius;
2247 592 2578 667 paternitas

129 667 301 724 enim
330 679 456 723 non
486 665 702 723 dicitur
730 664 848 723 nisi
879 664 949 723 ad
981 663 1193 722 fllium.
1268 669 1461 736 portet
1483 664 1670 737 igitur
1693 664 1756 720 in
1784 665 1955 721 Patre
1977 676 2117 721 esse
2137 662 2316 721 aliam
2337 663 2579 721 relatio-

127 751 299 806 nem,
333 750 457 817 qua
484 737 776 794 referatur
809 735 884 794 ad
934 735 1211 807 Spiritum
1253 740 1551 803 sanctum,
1578 739 1636 790 et
1681 738 1928 792 vocetur
1965 733 2237 805 spirati0.
2267 733 2576 805 Similiter,

131 821 331 889 quum
353 820 421 865 in
438 806 585 865 Filio
603 807 684 864 sit
706 806 975 889 quaedam
996 805 1207 864 relatio
1232 820 1350 880 qua
1376 806 1630 863 refertur
1658 803 1733 862 ad
1754 807 2006 868 Patrem,
2033 818 2166 878 quae
2181 803 2401 862 dicitur
2427 802 2580 863 fllia-

123 884 239 941 tio,
264 883 505 950 oportet
531 877 693 959 quod
721 890 786 934 in
817 877 1036 950 Spiritu
1065 882 1276 935 sancto
1304 876 1382 935 sit
1405 877 1587 934 etiam
1615 874 1737 934 alia
1764 874 1977 957 relatio
2060 889 2148 957 Q
2184 876 2476 934 referatur
2502 875 2579 934 ad

125 951 400 1017 Patrem,
431 954 490 1006 et
517 949 750 1005 dicatur
777 947 1106 1020 processio,
1135 950 1205 1005 Et
1227 947 1318 1006 sic
1347 946 1680 1006 secundum
1709 946 2006 1020 originem
2064 946 2150 1003 ilii
2181 960 2218 1002 a
2244 948 2413 1004 Patre
2435 953 2582 1004 sunt

126 1020 270 1077 duae
301 1019 644 1089 relationes,
678 1031 800 1076 una
825 1018 890 1075 in
916 1017 1273 1091 originante,
1305 1017 1424 1076 alia
1451 1018 1513 1075 in
1542 1017 1863 1091 originato,
1904 1016 2137 1074 scilicet
2164 1017 2492 1088 paternitas
2520 1022 2580 1075 et

127 1089 390 1158 filiati03
418 1095 478 1147 et
501 1090 632 1146 aliae
657 1089 788 1147 duae
817 1103 888 1146 ex
910 1094 1082 1170 parte
1110 1088 1367 1171 originis
1394 1087 1654 1169 Spiritus
1684 1087 1898 1169 sanct-i,
1944 1086 2176 1146 scilicet
2221 1087 2471 1159 spiratio
2520 1092 2581 1146 et

125 1160 478 1234 processio.
530 1159 859 1217 paternitas
905 1174 923 1216 i
971 1164 1091 1217 itur
1133 1163 1195 1217 et
1231 1163 1479 1232 spiratio
1508 1171 1633 1216 non
1670 1163 2043 1216 constituunt
2078 1158 2228 1216 duas
2255 1171 2571 1229 personas,

128 1232 562 1313 sed-adunam
593 1243 912 1312 personam
928 1173 1495 1311 {atris-pertinent,
1534 1229 1678 1310 quia
1706 1241 1829 1286 non
1869 1227 2093 1287 habent
2133 1229 2577 1311 oppositionem

129 1303 210 1362 ad
242 1315 528 1360 invicem.
558 1304 760 1374 Neque
787 1305 973 1373 igitur
999 1299 1205 1358 filiatio
1221 1305 1280 1358 et
1296 1313 1607 1371 processio
1628 1299 1781 1358 duas
1798 1312 2096 1381 personas
2115 1305 2573 1365 constituerent,

128 1373 245 1432 sed
294 1372 375 1431 ad
406 1385 583 1429 unam
631 1371 1017 1443 pertinerent,
1064 1371 1185 1429 nisi
1232 1370 1523 1429 haberent
1551 1370 1994 1442 oppositionem
2025 1370 2097 1428 ad
2129 1370 2403 1428 invicem.
2447 1373 2580 1429 Non

127 1450 229 1502 est
259 1449 464 1501 autem
500 1441 640 1499 dare
694 1442 870 1500 aliam
919 1441 1364 1514 oppositionem
1409 1441 1529 1499 nisi
1578 1441 1926 1521 secundum·
1965 1440 2282 1513 originem.
2337 1443 2584 1513 Oportet

125 1515 326 1642 igmff
352 1513 515 1586 quod
544 1513 625 1571 sit
663 1511 967 1641 1σξρριοείῑίο
1015 1511 1269 1585 originis
1299 1511 1456 1570 inter
1481 1511 1697 1570 Filium
1727 1517 1786 1569 et
1829 1512 2115 1584 Spiritum
2158 1517 2461 1583 sanctum,
2493 1512 2579 1572 ita

178 1598 266 1643 uo
335 1597 498 1642 unus
530 1583 664 1642 sita
740 1598 777 1641 a
802 1582 883 1641 io.

133 1600 174 1658 q
215 1655 435 1723 Adhuc,
467 1666 856 1727 quaecumque
885 1652 1252 1712 conveniunt
1272 1653 1336 1711 in
1366 1653 1571 1727 aliquo
1600 1652 1924 1720 communi,
1953 1653 2007 1711 si
2035 1653 2481 1726 distinguantur
2502 1655 2578 1715 ad

133 1726 421 1788 invicem,
454 1729 688 1797 oportet
708 1723 869 1797 quod
897 1723 1346 1797 distinguantur
1373 1724 1706 1783 secundum
1731 1723 1966 1796 aliquas
1990 1722 2362 1784 differentias
2378 1740 2486 1797 per
2502 1740 2574 1785 se

135 1802 200 1857 et
226 1809 356 1854 non
385 1809 492 1877 per
518 1794 796 1854 accidens
859 1794 1185 1876 ertinentes
1212 1793 1286 1853 ad
1316 1794 1465 1853 illud
1490 1808 1809 1877 commune
1835 1812 1851 1864 ;
1879 1794 2036 1852 sicut
2081 1795 2263 1853 homo
2294 1802 2354 1854 et
2382 1811 2577 1871 equus

132 1871 511 1928 conveniunt
537 1867 602 1923 in
629 1865 788 1925 anim
851 1865 956 1922 iet
982 1865 1160 1923 distin
1252 1870 1391 1922 ntur
1417 1864 1490 1923 ab
1517 1866 1795 1935 invicem,
1842 1878 1964 1923 non
2007 1880 2114 1937 per
2144 1867 2343 1924 album
2378 1874 2437 1924 et
2482 1868 2578 1924 ni-

127 1952 343 2013 grum,
375 1951 507 2010 quae
536 1950 605 1995 se
631 1936 855 1996 habent
879 1949 986 2008 per
1026 1935 1152 1993 acci
1195 1949 1305 1994 ens
1350 1935 1423 1994 ad
1470 1935 1716 2007 animal,
1750 1936 1857 1994 sed
1887 1950 1993 2009 per
2018 1937 2311 1995 rationale
2343 1944 2402 1995 et
2429 1938 2574 1997 irra-

134 2008 395 2071 tionale,
421 2022 555 2081 quae
580 2021 688 2079 per
714 2019 782 2065 se
810 2006 886 2064 ad
912 2005 1133 2087 animal
1174 2006 1493 2088 pertinent,
1523 2007 1686 2080 quia,
1717 2021 1902 2080 quum
1948 2007 2173 2065 animal
2219 2009 2299 2066 sit
2340 2008 2573 2069 habens

133 2080 432 2149 animam,
462 2082 695 2150 oportet
721 2076 882 2151 quod
907 2077 1024 2135 hoc
1053 2076 1457 2151 distinguatur
1483 2092 1589 2149 per
1615 2078 1729 2135 hoc
1790 2077 1910 2137 uod
1940 2084 2032 2136 est
2061 2077 2277 2136 habere
2306 2080 2572 2138 animam

129 2151 327 2209 talem
359 2149 451 2208 vel
481 2148 681 2218 talem,
713 2154 778 2205 ut
818 2152 924 2206 uta
947 2147 1299 2206 rationalem
1332 2147 1427 2206 vel
1467 2147 1758 2206 irrationa
1782 2163 1898 2207 em.
1929 2149 2307 2208 Manifestum
2357 2155 2449 2209 est
2477 2165 2582 2209 au-

127 2227 262 2280 tem
294 2219 463 2294 quod
490 2219 669 2278 Filius
689 2223 747 2276 et
815 2218 1031 2290 piritus
1059 2223 1306 2277 sanctus
1331 2219 1696 2277 conveniunt
1736 2219 1802 2277 in
1848 2220 1963 2278 hoc
1988 2220 2150 2293 quod
2197 2227 2291 2279 est
2328 2235 2465 2279 esse
2503 2220 2579 2280 ab

132 2293 288 2360 alic,
320 2290 469 2418 Ἇυίθ,
491 2296 738 2371 uterque
768 2294 862 2348 est
895 2303 933 2347 a
959 2291 1161 2359 Patre3
1187 2294 1246 2371 et
1272 2289 1606 2374 secundum
1649 2290 1970 2372 liqcpater
1999 2292 2441 2373 ,convenienter
2470 2291 2584 2373 dif-

133 2363 259 2421 fert
287 2376 326 2419 a
397 2366 534 2418 utro
576 2375 672 2431 ue,
700 2364 1068 2433 inquantum
1084 2366 1175 2417 est
1201 2360 1595 2419 innascibilis.
1627 2362 1686 2417 Si
1712 2368 1896 2431 igitur
1914 2361 2167 2432 Spiritus
2190 2366 2440 2420 sanctus
2462 2363 2584 2420 dis-

131 2433 459 2505 tinguatur
482 2444 518 2489 a
536 2376 715 2500 ἷῖιίο,
737 2429 1144 2511 oportetquod
1175 2430 1396 2511 hocsit
1423 2444 1529 2501 per
1557 2429 1924 2488 differentias
1950 2444 2083 2504 quae
2101 2446 2210 2512 per
2229 2445 2294 2512 se
2313 2430 2579 2489 dividant

133 2504 262 2564 hoc
334 2500 455 2561 uod
482 2507 739 2560 estesse
766 2501 839 2560 ab
873 2500 1023 2570 alio;
1053 2515 1186 2574 quae
1214 2501 1451 2583 quidem
1489 2514 1615 2559 non
1646 2506 1905 2572 possunt
1928 2515 2065 2560 esse
2087 2515 2205 2559 nisi
2230 2500 2577 2560 differentiae

137 2576 281 2633 e'us
327 2587 422 2631 em
455 2573 713 2647 generis,
740 2572 969 2631 scilicet
996 2571 1069 2629 ad
1100 2572 1394 2644 originem
1429 2572 1814 2642 pertinentes,
1847 2578 1911 2628 ut
1945 2585 2133 2629 unum
2162 2585 2371 2630 eorum
2398 2573 2479 2631 sit
2501 2572 2576 2631 ab

135 2591 286 2705 alic.
317 2644 696 2716 Relinquitur
713 2657 857 2725 ergo
914 2641 1055 2712 uod,
1077 2641 1153 2700 ad
1172 2642 1288 2702 hoc
1308 2649 1373 2700 ut
1385 2642 1639 2715 Spiritus
1659 2647 1907 2700 sanctus
1930 2642 2330 2717 distinguatur
2351 2657 2388 2701 a
2411 2643 2581 2714 Filio,

138 2728 405 2774 necesse
429 2720 522 2772 est
549 2713 711 2795 quod
739 2722 819 2772 sit
842 2729 879 2772 a
948 2712 1076 2770 ilio.

214 2787 504 2857 Amplius,
534 2797 587 2842 si
617 2785 755 2856 quis
781 2784 939 2842 dicat
966 2782 1250 2855 Spiritum
1280 2787 1556 2842 sanctum
1586 2783 1878 2857 distingui
1908 2799 1945 2843 a
1979 2784 2151 2848 Filio,
2182 2799 2307 2843 non
2337 2785 2481 2859 quia
2505 2784 2589 2843 sit

135 2873 180 2917 a
208 2856 390 2920 Filio,
423 2854 527 2912 sed
577 2860 815 2927 propter
862 2854 1178 2935 diversam·
1201 2854 1496 2936 originem
1540 2855 1856 2935 utriusque
1884 2869 1922 2913 a
1952 2857 2145 2926 Patre,
2174 2855 2240 2913 in
2285 2856 2442 2914 idem
2469 2856 2586 2923 hoc

139 2926 398 2986 realiter
439 2925 632 2984 redire
681 2938 932 2984 neccsse
976 2931 1087 2984 est.
1119 2925 1180 2982 Si
1211 2937 1373 2982 emm
1400 2925 1656 3006 Spiritus
1703 2932 1950 2984 sanctus
1996 2931 2090 2984 est
2135 2926 2290 2985 alius
2338 2941 2372 2984 a
2412 2925 2586 2997 Filio,

140 3002 393 3070 oportet
419 2995 579 3068 quod
609 2996 729 3054 alia
755 2996 837 3055 sit
863 2995 1034 3077 origo
1062 2995 1156 3053 vel
1182 3008 1493 3068 processio
1538 2996 1872 3078 utriusque.
1902 2999 2042 3055 Duae
2072 3002 2272 3055 autem
2315 2997 2584 3071 origines

140 3082 278 3128 non
305 3071 569 3140 possunt
595 3065 886 3148 distingui
915 3066 1034 3124 nisi
1062 3079 1169 3137 per
1188 3067 1534 3135 terminum,
1565 3066 1657 3124 vel
1685 3067 2048 3140 principium
2076 3068 2171 3126 vel
2199 3068 2532 3142 subjectum
2569 3085 2586 3139 ;

117 3141 312 3199 -sicut
352 3137 528 3210 origo
557 3138 695 3210 equi
748 3135 947 3196 differt
973 3136 1048 3195 ab
1094 3136 1328 3215 origine
1376 3137 1596 3196 bovis:
1627 3151 1702 3195 ex
1742 3142 1908 3210 parte
1951 3139 2216 3209 termini,
2250 3138 2586 3198 secundum

143 3208 320 3282 quod
349 3208 442 3266 hae
471 3208 603 3266 duee
631 3207 899 3280 origines
939 3207 1338 3266 terminantur
1362 3208 1439 3267 ad
1468 3212 1716 3266 naturas
1745 3209 1945 3281 specie
1975 3208 2284 3280 diversam
2317 3224 2390 3269 ex
2416 3214 2601 3283 parte*

141 3286 354 3340 autem
394 3278 694 3350 principii,
724 3283 791 3336 ut
816 3278 871 3337 si
918 3290 1350 3351 supponamus,
1380 3279 1443 3337 in
1491 3279 1699 3337 eadem
1745 3279 1948 3351 specie
1974 3280 2278 3351 animalis,
2314 3280 2587 3355 quiedam

139 3350 430 3425 generari
458 3354 538 3407 ex'
573 3349 789 3408 virtute
832 3349 1026 3407 activa
1053 3347 1205 3407 solis
1254 3353 1507 3419 tanturn,
1535 3349 1810 3423 quaedam
1840 3356 2039 3408 autem
2069 3351 2252 3409 simul
2299 3366 2439 3411 cum
2472 3351 2585 3408 hac

141 3436 221 3481 ex
252 3421 474 3478 virtute
501 3420 694 3478 activa
735 3419 989 3478 seminis
1011 3437 1028 3489 3
1055 3433 1129 3477 ex
1154 3425 1321 3492 parte
1348 3433 1490 3478 vero
1530 3420 1806 3494 subjecti,
1837 3419 2038 3479 differt
2062 3423 2372 3495 generatio
2396 3420 2579 3494 hujus

141 3491 290 3565 equi
324 3497 386 3548 et
412 3490 600 3559 illiue,
630 3490 962 3548 secundum
980 3489 1142 3563 quod
1171 3494 1386 3549 natura
1412 3491 1634 3563 speciei
1663 3491 1725 3548 in
1751 3491 1985 3550 diversa
2011 3492 2261 3551 materia
2278 3492 2582 3565 recipitur.

143 3565 292 3621 Haec
319 3566 523 3620 autem
551 3560 872 3630 distincti0,
902 3573 1035 3633 quae
1051 3564 1144 3619 est
1171 3565 1427 3633 exparte
1456 3561 1729 3634 subjecti,
1758 3562 1823 3620 in
1852 3562 2065 3622 divinis
2085 3564 2362 3635 personis
2384 3563 2584 3622 locum

141 3633 381 3691 habere
411 3645 530 3688 non
587 3636 803 3703 potest,
833 3644 1019 3712 quum
1066 3631 1187 3689 sint
1214 3631 1462 3690 omnino
1510 3632 1974 3703 immateriales3
2009 3634 2281 3692 similiter
2302 3634 2478 3692 etiam
2515 3648 2590 3691 ex

141 3709 323 3776 parte
352 3701 610 3771 termini,
637 3706 701 3759 ut
727 3701 812 3759 ita
836 3701 1012 3759 liceat
1033 3700 1219 3775 loqui,
1249 3715 1373 3761 non
1401 3707 1599 3774 potest
1621 3718 1757 3761 esse
1785 3704 2242 3775 processionum
2264 3703 2589 3775 distinctio,

141 3773 298 3847 quia
326 3785 509 3830 unam
554 3777 615 3829 et
655 3771 927 3830 eamdem
955 3771 1213 3830 divinam
1261 3777 1560 3855 naturam,
1591 3787 1771 3846 quam
1801 3774 2015 3846 accipit
2042 3775 2225 3834 Filius
2251 3775 2578 3845 nascend0,

57 3876 60 3881 -
144 3842 375 3923 accipit
415 3843 453 3901 S
484 3841 667 3924 ,iritus
713 3847 960 3902 sanctus
1002 3842 1402 3914 procedendo.
1433 3844 1803 3917 Relinquitur
1843 3844 2025 3925 igitur
2111 3845 2232 3904 uod
2278 3846 2589 3923 utriusque

59 4024 64 4087 i

144 3915 411 3985 originis
479 3912 741 3973 istinctio
775 3926 897 3971 non
925 3919 1123 3986 potest
1173 3928 1308 3973 esse
1330 3913 1447 3972 nisi
1475 3928 1550 3972 ex
1581 3920 1747 3986 parte
1769 3916 2060 3987 principii.
2148 3916 2469 3976 anifestum
2498 3921 2594 3975 est

139 3990 360 4042 autem
388 3982 550 4065 quod
586 3983 939 4056 principium
984 3983 1232 4057 originis
1256 3983 1384 4043 Filii
1411 3991 1504 4042 est
1529 3987 1703 4044 Pater
1741 3987 1932 4044 solus,
1963 3987 2023 4044 Si
2045 3986 2227 4061 igitur
2253 3988 2592 4059 processio·

61 4092 66 4133 Ξ
145 4054 253 4113 nis
279 4053 536 4126 Spiritus
563 4053 757 4112 sancti
783 4053 1139 4126 principium
1166 4054 1243 4113 sit
1270 4054 1441 4113 solus
1469 4056 1663 4124 Pater,
1691 4069 1813 4114 non
1841 4057 1953 4114 erit
1979 4058 2099 4116 alia
2126 4058 2435 4129 processio
2465 4058 2589 4129 Spi-

143 4125 312 4184 ritus
356 4124 548 4182 sancti‘
577 4139 612 4182 a
664 4124 1050 4197 generatione
1094 4124 1243 4193 Filii,
1273 4130 1333 4182 et
1359 4125 1446 4185 sic
1488 4138 1600 4183 nec
1628 4126 1880 4199 Spiritus
1910 4133 2158 4186 sanctus
2210 4128 2525 4187 distinctus
2554 4141 2592 4185 a

83 4222 100 4235 -
145 4195 330 4255 Filio.
355 4193 440 4253 Ad
468 4195 584 4254 hoc
631 4195 814 4267 igitur
881 4194 1001 4253 uod
1038 4193 1162 4253 sint
1186 4194 1316 4254 aliae
1369 4196 1793 4267 processiones
1818 4203 1876 4256 et
1909 4197 2010 4254 alii
2038 4197 2451 4269 procedentes,
2484 4213 2590 4255 ne-

141 4270 459 4395 gessssieigst
488 4264 684 4323 dicere
727 4277 849 4340 quo
921 4264 1171 4338 Spiritus
1216 4271 1464 4324 sanctus
1509 4279 1635 4352 non
1663 4267 1742 4326 sit
1767 4283 1803 4326 a
1833 4268 1967 4326 solo
1996 4270 2187 4338 Patre,
2219 4268 2327 4326 sed
2355 4282 2391 4328 a
2419 4272 2592 4327 Patre

222 4406 293 4467 Si
320 4405 462 4481 quis
492 4419 636 4465 vero
663 4407 882 4466 iterum
902 4405 1058 4466 dieat
1084 4405 1248 4481 quod
1267 4404 1550 4466 differunt
1571 4408 1993 4482 processiones
2017 4411 2347 4469 secundum
2375 4407 2592 4481 princi-
