3076 5025
381 341 486 396 620
1237 333 1370 390 LIB.
1409 332 1500 401 IV,
1541 332 1693 388 CAP.
1733 331 1947 388 mxl.

381 474 629 530 corpore
656 462 946 528 separata.
974 453 1349 528 Impossibile
1400 454 1587 527 igitur
1622 454 1856 512 videtur
1903 450 2063 525 quod
2110 451 2294 509 homo
2348 451 2507 510 idem
2553 465 2815 510 numero

380 544 557 590 resur
599 533 676 587 at.

451 545 665 665 Adffuc,
696 597 854 668 quod
886 610 1007 655 non
1036 603 1127 655 est
1152 596 1525 663 continuum,
1560 594 1716 652 idem
1748 606 1995 652 numero
2025 606 2161 652 esse
2190 606 2312 650 non
2343 592 2577 649 videtur
2610 594 2815 667 :quod

383 671 616 745 quidem
665 682 782 725 non
813 668 1010 725 solum
1050 667 1113 724 in
1151 666 1663 739 magnitudinibus
1706 670 1764 721 et
1817 664 2079 745 motibus
2133 663 2519 743 manifestum
2548 669 2675 744 est,
2706 664 2817 722 sed

382 740 559 799 etiam
592 741 652 793 in
684 737 1071 809 qualitatibus
1115 742 1174 794 et
1214 736 1421 793 formis
1452 754 1466 793 ε
1498 737 1552 793 si
1583 737 1740 793 enim
1773 740 1909 806 post
1936 737 2246 792 sanitatem
2292 733 2511 814 aliquis
2544 733 2817 792 infirma·

380 817 481 869 tus
511 810 721 866 iterato
751 814 1013 870 sanetur,
1047 821 1166 866 non
1198 806 1415 864 redibit
1454 807 1657 863 eadem
1695 806 1925 863 sanitas
1968 818 2238 862 numero.
2292 804 2671 885 Manifestum
2724 810 2819 863 est

383 888 578 939 autem
601 878 757 950 quod
785 891 886 949 per
912 884 1161 935 mortem
1189 890 1325 934 esse
1353 877 1618 935 hominis
1649 877 1913 933 aufertur
1936 894 1951 944 ;
1980 888 2115 933 cum
2141 875 2444 955 cor-ruptio
2463 880 2540 930 sit
2558 876 2815 934 mutatio

382 951 455 1010 de
481 963 615 1007 esse
634 949 693 1004 in
732 961 849 1005 non
880 961 1036 1006 esse.
1069 946 1445 1017 Impossibile
1463 954 1557 1004 est
1570 947 1748 1017 igitur
1764 946 1924 1018 quod
1938 959 2076 1003 esse
2095 946 2351 1003 bom1n1s
2373 944 2531 1001 idem
2561 958 2818 1004 numero

387 1021 719 1079 reiteretur.
749 1021 949 1090 Neque
976 1017 1157 1090 igitur
1183 1018 1296 1075 erit
1337 1017 1494 1098 idem
1541 1017 1725 1075 homo
1753 1029 2004 1073 numero
2042 1033 2057 1072 ε
2087 1028 2219 1089 quae
2245 1015 2406 1072 enim
2432 1022 2576 1073 sunt
2604 1015 2815 1075 eadem

381 1104 634 1148 numero
666 1088 992 1146 secundum
1023 1101 1158 1146 esse
1186 1092 1330 1146 sunt
1356 1087 1535 1145 idem.
2337 1156 2348 1168 ⁸
2475 1157 2488 1169 ·

453 1160 728 1229 Amplius,
755 1158 805 1216 si
834 1158 990 1215 idem
1017 1157 1283 1215 hominis
1302 1171 1519 1229 corpus
1550 1163 1858 1228 reparatur
1884 1156 1956 1215 ad
1986 1157 2189 1223 vitam,
2224 1170 2352 1227 pari
2379 1163 2613 1215 ratione
2642 1171 2817 1229 opor-

382 1236 470 1289 tet
506 1229 664 1302 quod
695 1228 979 1301 quidquid
1007 1229 1062 1287 id
1086 1241 1334 1301 corpore
1364 1228 1626 1286 hominis
1656 1229 1785 1295 suit,
1818 1226 2009 1285 eidem
2030 1227 2394 1307 restituatur.
2438 1228 2522 1284 Ad
2566 1228 2689 1286 hoc
2719 1243 2815 1286 au-

380 1306 501 1358 tem
531 1301 794 1357 maxima
823 1299 1153 1358 indecentia
1172 1298 1463 1371 sequitur,
1486 1312 1606 1355 non
1638 1298 1837 1356 solum
1874 1302 2113 1369 propter
2139 1297 2436 1377 capulos„
2455 1303 2514 1354 et
2552 1313 2810 1371 ungues,

384 1377 445 1429 et
467 1371 643 1442 pilos,
674 1370 776 1442 qui
795 1370 1108 1427 manifeste
1135 1369 1480 1441 quotidiana
1503 1368 1855 1440 praecisione
1884 1367 2194 1435 tolluntur,
2226 1367 2330 1447 sed
2361 1372 2540 1449 etiam
2570 1375 2814 1439 propter

384 1441 540 1499 alias
576 1446 773 1511 partes
803 1440 1072 1510 corporis
1100 1453 1231 1511 quae
1274 1439 1503 1496 occulte
1527 1492 1538 1503 ς
1550 1453 1655 1509 per
1690 1439 1981 1496 actionem
2022 1437 2312 1495 naturalis
2357 1440 2580 1497 caloris
2625 1440 2810 1497 resol-

383 1517 645 1569 vuntur:
677 1523 808 1582 quae
835 1509 1034 1567 omnia
1064 1510 1117 1567 si
1144 1509 1533 1567 restituantur
1563 1509 1790 1565 bomini
1840 1508 2194 1588 resurgenti,
2240 1507 2527 1566 indecens
2576 1509 2809 1582 magni-

381 1580 530 1639 tudo
568 1586 911 1651 consurget.
932 1582 1064 1638 Non
1085 1579 1317 1637 videtur
1344 1579 1528 1652 igitur
1554 1579 1714 1651 quod
1764 1579 1945 1638 bomo
1995 1582 2076 1636 slt
2116 1582 2254 1649 post
2308 1584 2559 1636 mortem
2612 1593 2808 1639 resur·

384 1657 682 1709 recturus.
2194 1670 2197 1673 ·

454 1724 739 1785 Praeterea,
771 1721 1130 1791 contingens
1159 1725 1252 1778 est
1277 1719 1637 1794 quandoque
1667 1720 1901 1801 aliquos
1920 1719 2197 1800 homines
2217 1719 2502 1801 carnibus
2527 1719 2812 1780 humanis

383 1792 565 1861 vesci,
597 1798 654 1849 et
678 1792 875 1849 solum
899 1791 1003 1848 tali
1045 1791 1409 1848 nutrimento
1453 1790 1687 1856 nutriri,
1737 1796 1795 1847 et
1838 1804 1928 1848 sic
1979 1796 2237 1848 nutritos
2293 1789 2453 1847 filios
2501 1804 2810 1863 generare.

385 1863 536 1919 Caro
567 1862 745 1934 igitur
773 1862 978 1919 eadem
1014 1860 1077 1916 in
1108 1861 1379 1931 pluribus
1408 1860 1755 1918 hominibus
1784 1861 2102 1918 invenitur.
2134 1862 2265 1917 Non
2293 1866 2386 1918 est
2429 1867 2629 1919 autem
2674 1875 2813 1934 pos-

385 1932 562 1989 sibile
592 1930 751 2001 quod
780 1933 839 1989 in
872 1931 1145 2002 pluribus
1173 1936 1447 2011 resurgat
1475 1949 1489 1988 ε
1524 1944 1634 1987 nec
1662 1931 1836 1988 aliter
1872 1930 2103 1988 videtur
2141 1943 2277 2010 esse
2317 1931 2677 2012 universalis
2725 1946 2813 1990 re-

384 2001 677 2058 surrectio
725 2006 783 2057 et
821 2002 1072 2073 integra,
1092 2002 1143 2057 si
1176 2001 1495 2073 unicuique
1516 2014 1638 2057 non
1659 2001 2004 2059 restituatur
2021 2000 2181 2073 quod
2202 2001 2298 2057 hic
2321 2000 2550 2061 habuit.
2570 2002 2814 2065 Videtur

386 2071 573 2144 igitur
600 2070 969 2140 impossibile
997 2070 1158 2142 quod
1184 2071 1259 2127 sit
1279 2070 1591 2128 hominum
1622 2071 1981 2128 resurrectio
2011 2071 2226 2128 futura.

454 2143 606 2210 Item,
636 2140 784 2196 illud
815 2141 972 2212 quod
998 2145 1091 2197 est
1118 2153 1436 2198 commune
1465 2140 1748 2198 omnibus
1789 2140 2182 2199 existentibus
2219 2141 2289 2221 'in
2335 2142 2540 2214 aliqua
2590 2143 2811 2225 specie,

384 2209 619 2267 videtur
644 2223 778 2267 esse
809 2210 1078 2268 naturale
1102 2210 1187 2267 illi
1225 2209 1469 2281 speciei.
1497 2212 1624 2268 Non
1658 2216 1752 2267 est
1779 2217 1977 2268 autem
2007 2211 2268 2269 hominis
2316 2220 2680 2272 resurrectio
2710 2228 2813 2272 na-

381 2280 593 2338 turalis
625 2299 637 2336 :
671 2293 790 2338 non
821 2280 974 2337 enirn
1017 2279 1218 2352 aliqua
1242 2281 1431 2338 virtus
1460 2280 1749 2338 naturalis
1771 2296 1805 2338 a
1849 2281 2006 2340 entis
2035 2281 2255 2339 sufficit
2277 2282 2350 2339 ad
2378 2282 2495 2341 hoc
2515 2285 2811 2356 agendum

382 2356 448 2476 Et
488 2350 884 2407 communiter
910 2362 1125 2408 omnes
1149 2349 1426 2408 homines
1454 2357 1793 2423 resurgant.
1874 2365 1955 2409 on
1983 2351 2168 2423 igitur
2183 2353 2582 2411 communiter
2599 2367 2810 2413 omnes

428 2421 661 2477 omines
694 2433 862 2477 resur
906 2426 1025 2477 ent.

452 2490 671 2554 Adhuc,
703 2491 752 2549 si
783 2434 1210 2562 pergem-istum
1242 2491 1567 2551 liberamur
1593 2497 1651 2550 et
1687 2507 1723 2551 a
1746 2493 1920 2565 culpa
1964 2499 2024 2551 et
2055 2509 2092 2553 a
2118 2500 2326 2560 morte,
2361 2508 2493 2567 quae
2540 2501 2637 2554 est
2676 2511 2809 2568 pec-

384 2562 501 2619 cati
525 2561 793 2626 effectus,
824 2562 910 2618 illi
944 2563 1057 2619 soli
1088 2562 1363 2620 videntur
1390 2564 1681 2621 liberandi
1709 2577 1843 2622 esse
1872 2579 1909 2621 a
1937 2570 2125 2622 morte
2209 2579 2272 2622 er
2311 2568 2810 2626 resurrectionem

385 2632 486 2757 aui
521 2632 760 2690 fuerunt
788 2633 1107 2704 participes
1136 2633 1557 2715 mysteriorum
1587 2634 1822 2704 Christi,
1848 2634 2072 2716 quibus
2119 2580 2516 2716 tigerat-entur
2541 2652 2576 2694 a
2616 2638 2807 2709 culpa.

437 2709 887 2830 octautemdnon
912 2709 1006 2761 est
1027 2716 1292 2761 ommum
1323 2703 1655 2762 hominum.
1684 2707 1813 2763 Non
1843 2709 2028 2778 igitur
2055 2718 2265 2765 omnes
2291 2706 2572 2766 hommes
2615 2721 2811 2768 resur-

390 2783 507 2843 gen
537 2813 550 2841 ,
579 2778 645 2830 ut
669 2786 727 2830 vl
770 2780 919 2832 etur.

1313 2939 1567 3005 CAPUT
1606 2940 1868 3006 LXXXI.

1016 3109 1254 3158 sommo
1280 3109 1707 3157 Pumssalum
1749 3112 2165 3161 omncrtomm.

451 3262 536 3321 Ad
562 3263 776 3321 horum
797 3263 979 3337 igitur
999 3265 1365 3323 solutionem
1392 3266 1897 3325 considerandum
1919 3274 2010 3326 est
2046 3267 2207 3340 quod
2238 3270 2416 3339 neue,
2444 3267 2601 3327 sicut
2630 3283 2811 3343 supra

381 3333 533 3459 {Jeep
576 3334 664 3405 52)
718 3334 939 3391 dictum
998 3340 1108 3403 est,
1165 3336 1226 3393 in
1285 3336 1665 3395 institutione
1704 3337 1979 3396 humanae
2024 3344 2250 3397 naturae
2298 3339 2525 3413 aliquid
2575 3343 2809 3412 corpori

428 3417 646 3460 umano
678 3405 941 3461 attribuit
976 3419 1158 3475 supra
1185 3405 1246 3463 id
1275 3406 1433 3478 quod
1473 3407 1525 3464 ei
1578 3422 1649 3464 ex
1692 3409 2064 3467 naturalibus
2109 3410 2417 3481 principiis
2460 3410 2804 3479 debebatur,

382 3473 612 3530 scilicet
641 3474 1258 3546 incorruptibilitatem
1291 3478 1633 3549 quamdam,
1665 3492 1768 3549 per
1800 3493 1977 3551 quam
2004 3479 2426 3537 convenienter
2448 3493 2575 3538 suae
2603 3485 2805 3541 t‘ormae

382 3551 790 3614 coaptaretur3
817 3551 900 3614 ut,
932 3546 1090 3602 sicut
1118 3547 1333 3604 animae
1368 3548 1490 3605 vita
1518 3555 1803 3619 perpetua
1847 3554 1957 3617 est,
2004 3550 2085 3606 ita
2133 3563 2352 3620 corpus
2392 3565 2497 3621 per
2542 3553 2802 3611 animam

378 3620 587 3684 posset
615 3620 893 3684 perpetuo
920 3615 1111 3673 vivere
1162 3635 1176 3672 τ
1220 3622 1278 3674 et
1317 3617 1456 3676 talis
1500 3617 1738 3690 quidem
1778 3619 2329 3691 incorruptibilium,
2359 3623 2536 3678 etiam
2581 3622 2634 3679 si
2686 3636 2803 3681 non

380 3691 542 3742 esset
569 3686 854 3765 naturalis
882 3692 1166 3765 quantum
1198 3687 1269 3744 ad
1300 3688 1556 3746 activum
1590 3689 1966 3770 principium,
1998 3695 2124 3747 erat
2144 3697 2336 3748 tamen
2361 3692 2801 3762 quodammodo

379 3754 669 3835 naturalis
698 3770 767 3811 ex
798 3756 1004 3813 ordine
1035 3756 1108 3814 ad
1155 3755 1357 3827 finem,
1404 3765 1469 3816 ut
1517 3759 1747 3818 scilicet
1792 3760 2039 3818 materia
2081 3762 2635 3833 proportionaretur
2680 3778 2801 3823 suae

376 3826 633 3881 naturali
665 3825 888 3888 sorinae.
916 3841 1048 3897 quae
1080 3832 1172 3884 est
1204 3828 1344 3886 finis
1369 3831 1653 3887 materiae.
1681 3830 1903 3888 Animae
1933 3831 2116 3903 igitur
2141 3837 2352 3902 praeter
2378 3832 2651 3891 ordinem
2680 3847 2801 3893 suae

377 3900 605 3951 naturae
630 3910 663 3952 a
715 3899 830 3953 Deo
860 3911 1080 3955 aversae
1109 3897 1412 3956 subtracta
1441 3906 1530 3956 est
1561 3899 1880 3971 dispositio
1908 3916 2040 3974 quae
2083 3900 2214 3974 eJus
2251 3903 2486 3972 corpori
2513 3902 2798 3963 divinitus

376 3963 566 4043 indita
596 3971 719 4022 erat
748 3973 813 4023 ut
836 3967 949 4024 sibi
985 3969 1502 4039 proportionaliter
1533 3971 1919 4041 responderet
1940 4014 1955 4041 ,
1987 3976 2046 4029 et
2071 3978 2277 4031 secuta
2322 3979 2413 4030 est
2464 3987 2651 4032 mors,
2702 3977 2799 4034 Est

375 4040 561 4112 igitur
590 4049 749 4115 mors
773 4038 944 4117 quasi
974 4052 1079 4109 per
1105 4038 1384 4098 accidens
1409 4042 1838 4112 superveniens
1869 4043 2094 4100 bomini
2136 4058 2242 4125 per
2284 4050 2617 4115 peccatum,
2656 4059 2796 4104 con-

376 4102 633 4161 siderata
664 4108 1032 4165 institutione
1062 4108 1338 4168 humanae
1371 4116 1617 4168 naturae.
1653 4114 1772 4170 Hoc
1799 4119 1995 4171 autem
2026 4114 2303 4172 accidens
2351 4115 2656 4173 subtatum
2706 4122 2794 4174 est

360 4185 480 4299 ,fler
510 4173 825 4253 (gh-ristum.
857 4180 955 4250 qui
985 4179 1193 4237 merito
1224 4193 1349 4238 suae
1385 4183 1692 4251 passionis
1720 4189 1969 4241 mortem
1998 4185 2309 4242 moriendo
2355 4182 2670 4244 destruxit.
2717 4189 2795 4244 Ex

419 4249 695 4323 ocygitur
723 4250 1110 4321 consequitur
1136 4251 1294 4324 quod
1320 4250 1517 4309 divina
1545 4253 1779 4322 virtute,
1820 4268 1951 4326 quae
2000 4255 2235 4327 corpori
2284 4253 2791 4328 incorruptionem

374 4311 551 4381 dedit,
583 4316 791 4372 iterato
820 4331 1035 4390 corpus
1064 4320 1137 4378 de
1164 4325 1354 4379 morte
1382 4322 1458 4379 ad
1486 4324 1660 4380 vitam
1692 4339 1755 4382 re
1798 4330 2015 4382 aretur.

416 4382 922 4465 ‘secundumqhoc
949 4390 1129 4461 igitur
1155 4392 1229 4448 ad
1257 4392 1510 4463 primum
1568 4394 1739 4451 dicen
1787 4407 1885 4452 um
1930 4396 2091 4468 quod
2135 4396 2327 4454 virtus
2377 4402 2605 4456 naturae
2652 4398 2788 4456 deii-

375 4465 545 4511 ciens
571 4460 665 4511 est
690 4468 723 4510 a
751 4464 959 4517 virtute
986 4460 1205 4532 divin-a,
1252 4463 1408 4522 sicut
1446 4464 1635 4522 virtus
1683 4464 2063 4525 instrumenti
2111 4481 2147 4525 a
2183 4466 2395 4529 virtute
2440 4468 2788 4541 principalis

963 4557 992 4618 Ι
