3076 5025
405 299 479 361 ⁸2
1284 296 1419 358 LIB.
1455 296 1505 363 1,
1543 295 1698 355 CAP.
1734 290 1935 355 xtvll.

1363 570 1618 638 CAPUT
1664 570 1870 638 XLVI.

515 749 668 808 QUOD
699 751 851 799 lmus
882 752 997 800 mm
1028 751 1197 801 mim.
1226 750 1406 799 sum>
1440 751 1789 811 utranam,
1827 752 1993 807 Qum
2024 751 2140 800 PER
2173 751 2331 801 ΒΌΔΠ
2365 751 2718 804 nsslmm.

479 918 562 976 Ex
583 916 683 975 his
710 921 906 975 autem
932 930 1065 991 quae
1088 930 1271 988 supra
1295 920 1543 975 ostensa
1575 922 1736 986 sunt,
1763 916 2065 975 evidenter
2093 922 2335 990 apparet
2360 917 2522 992 quod
2563 917 2826 979 intellec—

408 992 513 1047 tus
536 986 775 1047 divinus
803 988 968 1048 nulla
1013 987 1134 1067 alia
1167 987 1364 1068 specie
1408 986 1772 1068 intelligibili
1824 987 2011 1044 intelli
2093 992 2117 1043 t
2157 1001 2334 1060 quam
2380 1001 2493 1047 sua
2537 989 2824 1051 essentia.

409 1058 651 1140 Species
677 1059 835 1117 enim
865 1055 1267 1140 intelligibilis
1291 1057 1648 1129 principium
1679 1057 1928 1115 formale
1956 1072 2022 1115 es
2076 1058 2501 1118 intellectualis
2526 1059 2826 1131 operatio·

411 1141 534 1196 nis,
565 1135 626 1187 et
652 1129 742 1188 sic
770 1131 963 1189 forma
988 1126 1308 1202 quuslibet
1337 1128 1572 1202 agentis
1597 1127 1953 1200 principium
2000 1134 2093 1186 est
2137 1129 2390 1200 propriae
2429 1130 2819 1201 operationis.

409 1198 625 1257 Divina
653 1206 849 1259 autem
881 1199 1149 1282 operatio
1190 1197 1611 1279 intellectualis
1657 1204 1749 1256 est
1780 1198 1910 1271 ejus
1956 1199 2240 1269 essentia,
2280 1206 2346 1258 ut
2392 1206 2706 1259 ostensum
2734 1206 2827 1261 est

406 1267 562 1341 (cap.
586 1271 704 1343 45).
734 1272 906 1329 Esset
932 1285 950 1327 ι
996 1271 1117 1329 itur
1143 1269 1366 1342 ahquid
1398 1268 1561 1328 aliud
1591 1268 1806 1328 divinae
1834 1270 2112 1327 essentiae
2139 1269 2501 1341 principium
2528 1277 2589 1329 et
2616 1285 2823 1342 causa,

404 1338 463 1398 si
492 1339 611 1398 alia
638 1341 951 1414 intelligihi
980 1343 998 1398 i
1028 1339 1226 1419 specie
1245 1354 1421 1413 quam
1459 1354 1573 1399 sua
1594 1340 1858 1398 essentia
1883 1340 2222 1398 intellectus
2250 1340 2490 1400 divinus
2526 1341 2820 1416 intellige-

407 1413 536 1479 ret;
602 1413 724 1470 uod
751 1425 933 1484 supra
960 1417 1224 1490 ostensis
1241 1425 1303 1468 re
1348 1416 1552 1492 ugnat.
2090 1480 2102 1492 .

486 1483 581 1541 Ad
619 1497 705 1563 uc,
734 1496 839 1554 per
867 1482 1126 1563 speciem
1156 1426 1595 1554 intelflgibilem
1627 1479 1691 1538 fit
1715 1480 2056 1563 intellectus
2086 1480 2429 1563 intelligens
2457 1487 2638 1564 actu,
2665 1483 2827 1565 sicut

407 1566 806 1695 fftsslgffiffi
826 1553 1512 1683 {5⁰1⁸1lfsslf50'sse1sssslscfii‘
1527 1553 2824 1697 ἓίἱῗιὲθὲἓθέἒῑῶἳῗὲἒῗέῗξὲὲἑὲἓέἲὲῗὲξὲ

403 1702 510 1757 tus
538 1692 777 1753 divinus
805 1694 1006 1766 aliqua
1034 1694 1152 1754 alia
1180 1694 1378 1767 specie
1406 1692 1772 1764 intelligibili
1801 1692 2159 1766 intelligeret
2198 1706 2375 1765 quam
2407 1694 2631 1766 seipso,
2659 1700 2831 1753 esset

409 1767 473 1831 ‘m
500 1764 766 1839 potentia
792 1770 1064 1836 respectu
1092 1765 1366 1838 alicuine,
1396 1764 1559 1837 quod
1586 1776 1722 1823 esse
1749 1776 1873 1821 non
1898 1767 2114 1836 potest,
2172 1769 2240 1822 ut
2283 1777 2465 1836 supra
2507 1770 2823 1825 ostensum

477 1838 753 1978 Ampgius,
784 1835 1015 1978 species
1044 1905 1460 1979 intelligibilis,
1493 1904 1558 1961 in
1587 1904 1891 1963 intellectu
1919 1908 2132 1976 praeter
2152 1904 2477 1963 essentiam
2502 1905 2636 1978 ejus
2665 1907 2823 1968 exis-

409 1984 564 2047 tens,
594 1991 729 2035 esse
759 1976 1120 2035 accidentale
1149 1977 1347 2046 hahet,
1378 1975 1609 2035 ratione
1636 1974 1808 2047 cujus
1837 1975 2090 2034 scientia
2118 1981 2325 2034 nostra
2351 1976 2507 2034 inter
2546 1977 2824 2036 acciden-

407 2049 491 2108 tia
521 2052 916 2119 computatur.
941 2050 1007 2105 ln
1038 2051 1159 2105 Deo
1188 2052 1384 2106 autem
1412 2059 1535 2105 non
1564 2050 1761 2117 potest
1788 2059 1923 2104 esse
1948 2045 2191 2118 aliquod
2218 2045 2519 2116 accidenS,
2545 2052 2609 2105 ut
2638 2061 2827 2120 supra

409 2125 719 2178 ostensum
749 2123 842 2175 est
890 2132 1017 2198 cap.
1046 2118 1160 2191 23).
1191 2118 1378 2191 Igitur
1404 2130 1528 2175 non
1570 2122 1663 2175 est
1706 2116 1771 2174 in
1815 2116 2121 2175 intellectu
2167 2116 2298 2188 ejus
2343 2116 2546 2190 aliqua
2586 2120 2825 2190 species

407 2194 618 2265 praeter
644 2189 835 2260 ipsam
904 2190 1118 2247 ivinam
1145 2188 1489 2247 essentiam.

478 2260 694 2322 Adhuc,
730 2259 962 2331 species
991 2258 1388 2340 intelligibilis
1417 2257 1749 2316 similitudo
1777 2263 1868 2316 est
1896 2257 2152 2331 alicujus
2203 2257 2510 2317 intellecti.
2541 2259 2601 2318 Si
2637 2260 2825 2333 igitur

406 2330 471 2390 in
493 2330 795 2389 intellectu
815 2330 1018 2388 divino
1038 2330 1118 2388 sit
1136 2330 1337 2402 aliqua
1350 2329 1770 2389 intellectualis
1786 2329 2017 2400 species
2031 2332 2245 2401 praeter
2257 2329 2581 2387 essentiam
2599 2330 2820 2403 ipsiuS‚

408 2401 741 2461 similitudo
768 2400 1023 2472 alicujus
1053 2399 1336 2457 intellecti
1367 2399 1479 2458 erit
1521 2418 1536 2456 ι
1580 2404 1678 2457 aut
1727 2400 1910 2471 igitur
1950 2398 2163 2458 divinae
2202 2400 2498 2469 essentiae‚
2542 2407 2646 2458 aut
2683 2402 2825 2460 alte·

407 2473 536 2532 rius
562 2472 669 2531 rei.
700 2471 896 2544 Ipsius
934 2471 1172 2544 quidem
1204 2469 1419 2529 divinae
1447 2469 1725 2529 essentiae
1751 2482 1872 2529 non
1908 2474 2106 2543 potest
2131 2484 2287 2541 esse,
2319 2471 2461 2543 quia
2488 2470 2578 2531 sic
2617 2471 2825 2531 divina

400 2544 669 2603 essentia
700 2556 821 2601 non
844 2549 1005 2601 esset
1034 2541 1433 2615 intelligibilis
1451 2556 1557 2613 per
1580 2542 1862 2613 seipsam,
1893 2542 1999 2600 sed
2028 2542 2133 2599 illa
2162 2542 2394 2614 species
2423 2543 2642 2600 faceret
2688 2558 2823 2602 eam

405 2613 868 2696 intelligibilem.
899 2617 1016 2671 Nec
1045 2614 1224 2671 etiam
1247 2617 1442 2683 potest
1465 2625 1602 2671 esse
1628 2613 1692 2669 in
1720 2611 2022 2693 intellectu
2051 2613 2183 2694 ejus
2213 2613 2445 2684 species
2465 2613 2583 2695 alia
2606 2620 2827 2695 praeter

405 2690 726 2743 essentiam
767 2683 982 2755 ipsius,
1008 2698 1140 2757 quae
1195 2683 1273 2741 sit
1301 2682 1547 2741 alterius
1585 2683 1671 2742 rei
1710 2682 2071 2755 similitudo;
2109 2683 2217 2742 illa
2269 2684 2428 2741 euim
2484 2685 2821 2744 similitudo

405 2754 843 2827 imprimeretur
868 2755 923 2812 ei
950 2754 1261 2826 abaliquo,
1279 2766 1397 2812 non
1432 2754 2083 2826 autemaseipSO,qui·a
2109 2755 2200 2812 sic
2224 2753 2382 2812 idem
2425 2761 2586 2812 esset
2629 2768 2824 2829 agens

404 2832 464 2884 et
529 2826 741 2884 atiens.
771 2827 941 2883 Esset
967 2825 1205 2897 quidem
1244 2824 1469 2897 aliquid
1496 2838 1684 2898 agens
1710 2825 1870 2897 quod
1900 2837 2021 2882 non
2050 2838 2244 2894 suam,
2282 2824 2389 2883 sed
2440 2825 2690 2885 alterius
2737 2828 2825 2884 si·

403 2840 799 2954 mifitudinem
831 2894 1137 2954 induceret
1164 2896 1229 2951 in
1256 2895 1538 2965 patiente,
1570 2901 1629 2952 et
1654 2894 1742 2954 sic
1764 2909 1888 2952 non
1916 2907 2093 2953 omne
2115 2910 2149 2953 a
2193 2908 2302 2953 ens
2328 2894 2444 2953 sibi
2460 2896 2658 2953 simile
2679 2911 2825 2969 age-

404 2971 511 3024 ret.
540 2968 658 3024 Nec
686 2966 762 3024 ab
786 2965 946 3036 alio;
975 2970 1136 3023 esset
1162 2965 1322 3022 enim
1351 2963 1576 3037 aliquid
1604 2978 1791 3038 agens
1818 2965 1986 3036 prius
2008 2979 2100 3023 eo,
2176 2980 2284 3039 rgo
2316 2965 2689 3038 impossihile
2724 2971 2825 3026 est

403 3033 562 3108 quod
592 3036 656 3092 in
678 3035 814 3106 ipso
842 3035 921 3093 sit
949 3034 1149 3108 aliqua
1179 3035 1411 3106 species
1439 3035 1836 3107 intelligibilis
1861 3041 2075 3107 praeter
2096 3036 2290 3107 ipsius
2323 3037 2666 3095 essentiam.

472 3107 761 3176 Praeterea,
788 3104 1120 3178 intelligere
1149 3107 1253 3162 Dei
1275 3110 1364 3163 est
1389 3105 1519 3177 ejus
1558 3118 1714 3176 esse,
1745 3112 1808 3163 ut
1835 3111 2148 3166 ostensum
2176 3112 2268 3165 est
2308 3106 2457 3188 (cap.
2479 3107 2594 3180 45).
2616 3107 2678 3164 Si
2707 3107 2822 3180 igi-

402 3179 501 3234 tur
526 3176 714 3233 intelli
761 3181 887 3234 eret
908 3188 1017 3247 per
1042 3176 1302 3248 aliquam
1324 3176 1606 3247 speciem,
1636 3191 1767 3249 quae
1795 3189 1916 3234 non
1945 3176 2027 3234 sit
2050 3190 2184 3236 sua>
2208 3184 2493 3249 essentia,
2519 3182 2680 3237 esset
2702 3191 2819 3259 per

404 3246 646 3319 aliquod
693 3189 856 3305 affiud
900 3259 940 3305 a
964 3259 1078 3304 sua
1102 3246 1385 3317 essentia,
1413 3246 1575 3319 quod
1602 3253 1694 3306 est
1721 3246 2116 3318 impossihile.
2144 3249 2275 3307 Non
2300 3246 2488 3321 igitur
2537 3247 2829 3316 intelligit

400 3327 507 3388 per
533 3317 796 3392 aliquam
820 3316 1105 3390 speciem,
1133 3330 1267 3389 quae
1294 3329 1415 3375 non
1446 3317 1529 3377 sit
1552 3330 1664 3380 sua
1682 3317 1964 3378 essentia.
2008 3325 2057 3399 (1
2083 3330 2257 3397 part„
2286 3340 2347 3398 q.
2375 3338 2506 3394 xw,
2536 3332 2645 3382 art.
2675 3327 2757 3394 2.)

1338 3536 1595 3604 CAPUT
1640 3537 1873 3605 XLVII.

957 3715 1110 3778 QUOD
1134 3716 1284 3767 DEUS
1306 3717 1602 3766 marmur.
1631 3718 1959 3767 muman·
1993 3716 2257 3771 smsmt.

466 3880 552 3941 Ex
577 3880 696 3942 hoc
743 3889 941 3942 autem
993 3881 1247 3942 ulterius
1327 3885 1466 3951 atet,
1495 3879 1656 3955 quod
1697 3881 1829 3953 ipse
1882 3881 2150 3956 seipsum
2194 3882 2454 3955 perfecte
2512 3880 2833 3958 intelligit.

392 3951 543 4011 Cum
576 3952 733 4010 enim
803 3967 869 4011 er
885 3953 1145 4026 speciem
1170 3954 1293 4010 inte
1324 3952 1362 4009 li
1413 3951 1613 4009 ‘bilem
1641 3951 1978 4011 intellectus
2023 3953 2088 4012 in
2116 3967 2241 4011 rem
2271 3954 2632 4012 intellectam
2664 3955 2836 4014 fera·

395 4026 517 4091 tur,
548 4035 622 4079 ex
650 4023 770 4081 duo
814 4036 887 4081 us
933 4022 1216 4095 perfectio
1261 4022 1383 4080 inte
1411 4022 1680 4104 lectualis
1734 4024 2101 4096 operationis
2132 4024 2441 4096 dependet.
2475 4027 2668 4083 Unum
2700 4032 2831 4098 est,

394 4096 465 4151 ut
490 4106 522 4150 s
564 4091 726 4151 ecies
749 4092 1148 4166 intelligibilis
1169 4092 1425 4175 perfecte
1451 4094 1537 4151 rei
1591 4093 1904 4175 intellectae
1949 4094 2372 4153 conformetur.
2393 4094 2567 4153 Aliud
2607 4099 2723 4161 est,
2754 4105 2840 4156 ut

393 4175 515 4290 {³13¹}
518 4168 656 4290 Ιείἓὲῗ
658 4163 1042 4292 uigittiellleigttiziu
1051 4169 1450 4293 conigngatur
1477 4181 1493 4221 z
1516 4164 1960 4294 quodffiquidem
1990 4170 2169 4293 thiiiibtot
2186 4164 2254 4293 fllt
2279 4166 2560 4293 amplius,
2588 4172 2837 4293 qduanto

394 4303 680 4384 essenti-a,
710 4317 843 4377 quae
873 4308 968 4384 est
1011 4247 1393 4387 sffiglilesoifftg
1414 4247 1689 4386 (Ιὶίῗίῐιῗίιίξ,
1717 4249 2205 4388 {²35¹ffi011ss03ug
2273 4249 2472 4365 isvainauus
2484 4248 2837 4389 ggltelffgilt?

393 4378 485 4432 est
515 4387 630 4445 ipsi
661 4376 783 4433 Deo
832 4377 1073 4447 penitus
1099 4376 1277 4448 idem,
1310 4381 1517 4450 estque
1554 4377 1880 4436 intellectui
1928 4389 2120 4450 ipsius
2147 4377 2306 4438 idem
2334 4389 2604 4470 ommno.
2637 4377 2822 4452 Seip·

388 4455 528 4506 sum
558 4444 745 4521 igitur
764 4446 927 4508 Deus
950 4445 1384 4521 perfectissime
1414 4447 1746 4521 cognoscit.
