3076 5025
385 261 490 315 ou
1245 255 1377 309 121ss.
1418 255 1506 321 1V,
1548 254 1700 309 CAP.
1742 252 1958 308 LXXVI.

384 378 789 454 principaliter
813 390 882 435 se
907 377 1222 445 extendat;
1248 380 1310 433 et
1337 377 1437 433 hic
1466 381 1560 434 est
1592 375 1741 432 ordo
1784 373 2208 443 sacerdotali83
2262 375 2417 432 alios
2469 379 2673 433 autem
2728 376 2829 456 qni

384 450 579 509 eidem
611 450 874 506 serviant
900 448 1236 520 aliqualiter
1262 447 1570 504 materiam
1599 445 1994 517 disponendO,
2017 445 2151 502 ethi
2179 449 2323 502 sunt
2342 445 2587 503 ordines
2617 447 2826 504 minis·

386 521 691 578 trantium.
721 519 874 586 Quia
900 531 1043 575 vero
1071 517 1459 575 sacerdotalis
1487 523 1775 587 potestas,
1807 524 1872 597 ut
1916 516 2135 573 dictum
2183 521 2275 573 est
2322 515 2475 587 (cap.
2507 516 2716 588 praec.)
2772 530 2831 575 se

389 590 648 649 extendit
675 590 747 646 ad
782 589 924 658 duc,
955 587 1187 646 scilicet
1221 588 1295 645 ad
1334 589 1606 658 corporis
1658 587 1873 644 Christi
1902 587 2414 644 consecrationem
2467 593 2529 643 et
2575 588 2652 644 ad
2698 586 2831 645 red-
2884 636 2903 649 4

389 660 647 718 dandum
683 659 891 717 fideles
919 659 1174 716 idoneos
1202 671 1310 730 per
1350 658 1789 715 absolutionem
1818 672 1851 714 a
1879 658 2139 727 peccatis
2168 657 2239 714 ad
2282 658 2675 714 Eucharistiae
2700 672 2831 728 per·
2872 648 2889 685 ‘

386 732 719 857 ceptionem
744 773 760 798 ,
786 735 1020 802 oportet
1042 729 1202 801 quod
1242 729 1560 809 infe-riores
1588 728 1830 785 ordines
1863 729 1915 784 ei
1948 728 2286 809 deserviant
2311 729 2403 809 vel
2454 728 2528 809 in·
2547 733 2824 808 utroque,

387 815 462 858 ve
509 803 569 856 in
601 801 792 858 altero
824 806 1056 857 tantum
1088 818 1102 856 ε
1129 805 1191 856 et
1217 800 1602 857 manifestum
1625 804 1717 856 est
1780 799 1896 855 uod
1910 803 2081 855 tanto
2102 798 2177 855 ali
2225 804 2490 855 uisinter
2513 799 2834 857 insenores

389 872 634 931 ordines
664 872 942 941 superior
968 876 1081 939 est,
1109 875 1336 943 quanto
1364 869 1721 927 sacerdotali
1789 869 2005 925 eservit
2049 869 2113 925 in
2162 883 2197 939 p
2226 868 2455 936 nribus,
2502 870 2597 925 vel
2630 870 2693 925 in
2725 869 2831 926 ali-

388 956 510 1014 quo
541 941 825 1014 digniori.
861 939 1050 998 infimi
1079 941 1260 1012 igitur
1276 940 1521 997 ordines
1550 940 1897 997 deserviunt
1920 938 2275 997 sacerdotali
2308 939 2503 995 ordini
2537 940 2740 996 solum
2766 940 2827 997 in

470 1012 594 1082 puli
627 1012 1076 1082 praeparatione.
1109 1011 1345 1068 ostiarii
1392 1011 1632 1081 quidem
1679 1010 1937 1067 arcendo
1967 1009 2240 1067 infideles
2268 1024 2305 1066 a
2331 1015 2486 1066 coetu
2514 1009 2828 1077 fidelium;

417 1088 650 1140 ectores
678 1089 874 1138 autem
901 1081 1255 1138 instruendo
1301 1082 1767 1138 catechumenos
1817 1081 1892 1137 de
1936 1079 2075 1137 fidei
2117 1079 2494 1145 rudimentis,
2528 1080 2689 1137 unde
2744 1081 2832 1138 eis

389 1152 699 1223 Scriptura
722 1152 951 1208 Veteris
978 1152 1337 1209 Testamenti
1367 1152 1757 1208 committitur
1794 1149 2084 1223 legenda3
2116 1151 2426 1208 exorcistae
2454 1156 2656 1208 autem
2687 1164 2834 1221 pur-

391 1223 595 1296 gando
624 1236 729 1279 eos
758 1223 861 1295 qui
886 1221 1009 1293 jam
1042 1221 1319 1279 instructi
1340 1228 1504 1290 sunt,
1537 1223 1587 1279 si
1620 1221 1955 1294 aliqualiter
1977 1235 2015 1277 a
2041 1220 2311 1278 daemone
2352 1220 2765 1290 impediuntur
2793 1235 2833 1278 a

391 1294 777 1366 perceptione
808 1298 1319 1351 sacramentorum
1346 1311 1360 1361 ;
1391 1292 1736 1364 superiores
1764 1305 1905 1348 vero
1932 1290 2177 1349 ordines
2222 1292 2577 1350 sacerdotali
2630 1291 2833 1348 deser-

389 1363 555 1420 viunt
587 1370 645 1420 et
676 1363 738 1419 in
769 1363 1197 1434 praeparatione
1223 1363 1453 1435 populi,
1476 1368 1536 1420 et
1564 1363 1634 1420 ad
1662 1362 2238 1419 consummationem
2260 1361 2619 1419 sacramenti
2646 1380 2662 1430 ς
2690 1374 2826 1418 nam

392 1433 654 1506 acolythi
685 1433 905 1491 babent
933 1434 1328 1492 ministerium
1361 1447 1543 1503 super
1570 1447 1717 1490 vasa
1744 1445 1867 1490 non
1893 1445 2084 1501 sacra,
2113 1433 2175 1488 in
2205 1432 2428 1504 quibus
2467 1432 2829 1490 sacramenti

391 1506 645 1562 materia
675 1510 1060 1575 praeparatur,
1088 1505 1248 1562 unde
1273 1504 1362 1561 eis
1385 1505 1611 1561 urceoli
1640 1505 1702 1560 in
1732 1518 1847 1561 sna
1872 1502 2245 1559 ordinatione
2271 1503 2590 1559 traduntur
2616 1522 2634 1570 ;
2688 1502 2825 1560 sub-

395 1573 629 1633 diaconi
661 1581 858 1632 autem
892 1574 1112 1632 babent
1139 1575 1541 1632 ministerium
1574 1587 1756 1644 supra
1790 1586 1937 1631 vasa
1962 1586 2155 1641 sacra,
2185 1578 2243 1629 et
2270 1587 2454 1644 super
2481 1573 2825 1644 dispositio·

393 1657 532 1703 nem
559 1646 820 1702 materiae
847 1645 1113 1702 nondum
1145 1649 1509 1703 consecratae
1534 1663 1551 1713 ;
1578 1644 1817 1701 diaconi
1839 1648 2034 1701 autem
2065 1643 2321 1701 ulterius
2338 1644 2563 1700 babent
2582 1641 2830 1715 aliquod

391 1716 796 1774 ministerium
827 1730 1008 1785 super
1027 1716 1338 1773 materiam
1363 1715 1488 1787 Jam
1519 1721 1951 1782 consecratam,
1979 1720 2161 1785 prout
2198 1715 2556 1785 sanguinem
2609 1711 2830 1771 Christi

403 1784 540 1857 disp
623 1792 760 1844 sant
785 1785 1064 1844 fidelibus
1095 1804 1110 1843 :
1140 1793 1198 1843 et
1230 1786 1365 1843 ideo
1397 1785 1457 1842 bi
1493 1793 1612 1843 tres
1654 1786 1919 1853 ordines,
1948 1784 2608 1866 scilicetsacerdotum,
2641 1784 2837 1864 diaco-

398 1867 482 1914 no
669 1862 730 1914 et
781 1856 1311 1924 subdiaconorum,
1355 1857 1510 1914 sacri
1559 1857 1858 1921 dicuntur,
1904 1869 2046 1927 quia
2087 1861 2387 1925 accipiunt
2426 1856 2832 1912 ministerium

398 1936 582 1996 super
603 1926 808 1997 aliqua
835 1941 1027 1985 sacra.
1059 1928 1410 1984 Deserviunt
1435 1927 1616 1984 etiam
1646 1925 1990 1997 superiores
2017 1925 2261 1982 ordines
2295 1927 2359 1981 in
2397 1924 2835 1997 praeparatione

391 1996 600 2067 populi
630 2015 644 2052 :
675 1997 834 2053 unde
863 2002 923 2053 et
944 1997 1299 2054 diaconibus
1328 1997 1719 2054 committitur
1744 1995 2091 2076 evangelica
2117 1995 2389 2053 doctrina
2435 1996 2663 2068 populo
2705 2007 2835 2067 pro-

479 2065 697 2128 nenda,
737 2066 1214 2125 subdiaconibus
1258 2067 1614 2139 apostolica,
1666 2065 1955 2138 acolythis
2001 2070 2069 2122 ut
2108 2067 2271 2124 circa
2308 2072 2632 2138 utrumque
2681 2064 2835 2124 exhi-

437 2141 575 2193 eant
624 2136 786 2207 quod
832 2137 1088 2207 pertinet
1143 2136 1217 2193 ad
1265 2137 1703 2194 solemnitatem
1761 2136 2063 2204 doctrinae,
2110 2141 2179 2194 ut
2232 2136 2459 2195 scilicet
2512 2135 2836 2194 luminaria

399 2204 687 2276 delerant,
730 2210 793 2263 et
818 2207 940 2264 alia
965 2205 1312 2279 hujusmodi
1338 2207 1775 2266 administrent.
1802 2206 1910 2278 (IV
1923 2207 2097 2269 Sem„
2122 2205 2263 2265 dist.
2292 2206 2492 2278 ηπ.)

1325 2424 1579 2491 CAPUT
1618 2425 1878 2489 LXXVI.

642 2606 720 2654 DE
753 2605 1088 2655 tuscorum
1124 2607 1462 2664 nmmum,
1495 2607 1573 2652 ET
1604 2607 1755 2658 QUOD
1790 2607 1855 2653 m
1894 2607 1977 2653 EA
2005 2606 2156 2653 ‘UNUS
2194 2607 2286 2654 su·
2332 2603 2592 2656 sunus.

471 2769 624 2838 Quia
648 2782 792 2827 vero
817 2769 1088 2827 omnium
1117 2768 1332 2826 horum
1380 2769 1659 2827 ordinum
1688 2769 1929 2827 collatio
1958 2782 2095 2828 cum
2139 2769 2399 2843 quodam
2449 2775 2830 2829 sacramento

396 2839 721 2912 perficitur,
754 2845 816 2897 ut
844 2839 1064 2896 dictum
1087 2844 1178 2896 est
1207 2839 1358 2912 (cap.
1387 2842 1502 2910 74),
1534 2843 1910 2897 sacramenta
1934 2854 2077 2898 vero
2108 2842 2389 2899 Ecclesiae
2414 2847 2565 2898 sunt
2592 2856 2702 2913 per
2728 2842 2830 2900 ali-

400 2923 555 2983 quos
585 2911 898 2967 ministros
927 2909 1205 2967 Ecclesiae
1233 2909 1662 2990 dispensanda,
1714 2910 1850 2967 ideo
1872 2923 2119 2969 necesse
2151 2915 2242 2968 est
2267 2912 2530 2992 aliquam
2560 2912 2835 2983 superio-

398 2992 526 3037 rem
558 2987 911 3051 potestatem
937 2993 1073 3038 esse
1101 2980 1164 3036 in
1195 2980 1456 3037 Ecclesia
1485 2980 1739 3051 alicujus
1787 2981 2019 3039 altioris
2062 2981 2399 3049 ministerii,
2431 2996 2565 3054 quae
2594 2982 2835 3040 Ordinis

399 3056 837 3108 sacramentum
870 3050 1178 3121 dispenset
1213 3068 1225 3105 :
1259 3055 1318 3106 et
1344 3049 1470 3107 haec
1500 3056 1592 3107 est
1623 3051 1987 3121 episcopalis
2001 3057 2289 3124 potestas,
2319 3067 2474 3124 qnae,
2505 3054 2621 3109 etsi
2692 3065 2835 3111 nan—

395 3123 520 3177 tum
553 3121 792 3192 quidem
826 3120 900 3177 ad
928 3121 1443 3178 consecrationem
1472 3121 1744 3190 corporis
1776 3121 1989 3178 Christi
2039 3135 2163 3179 non
2211 3123 2456 3179 excedat
2494 3135 2637 3180 sace
2714 3123 2830 3181 otis

393 3196 770 3270 potestatem,
802 3190 1030 3248 excedit
1051 3194 1250 3248 tamen
1281 3204 1411 3248 eam
1443 3191 1502 3247 in
1537 3191 1633 3248 his
1659 3206 1790 3262 quae
1820 3192 2115 3262 pertinent
2160 3192 2235 3250 ad
2279 3190 2488 3249 fideles
2520 3211 2535 3250 ε
2582 3206 2728 3251 nam
2777 3196 2837 3248 et

396 3273 533 3340 ipsa
560 3260 947 3318 sacerdotalis
980 3266 1245 3332 potestas
1279 3275 1352 3318 ex
1399 3261 1727 3333 episcopali
1775 3262 2089 3331 derivatur,
2138 3269 2198 3319 et
2241 3262 2534 3334 quidquid
2575 3264 2829 3322 arduum

396 3343 558 3387 circa
588 3331 868 3411 populum
899 3330 1131 3388 fidelem
1165 3337 1257 3388 est
1285 3332 1584 3404 agendum
1640 3331 1941 3403 episcopis
1967 3337 2321 3400 reservatur,
2348 3347 2605 3404 quorum
2634 3337 2831 3392 aucto-

394 3401 569 3458 ritate
600 3408 776 3458 etiarn
811 3401 1153 3460 sacerdotes
1183 3408 1443 3473 possunt
1473 3402 1633 3474 quod
1666 3402 1752 3460 eis
1782 3402 2079 3476 agendum
2112 3403 2503 3461 committitur
2534 3422 2548 3460 ε
2577 3404 2743 3461 unde
2769 3408 2829 3463 et

393 3469 459 3528 in
489 3470 586 3529 his
615 3486 745 3540 quae
771 3471 1112 3529 sacerdotes
1140 3477 1346 3544 agunt,
1381 3477 1629 3529 utuntur
1668 3473 1847 3531 rebus
1893 3486 1998 3545 per
2043 3473 2391 3546 episcopum
2430 3473 2825 3542 consecratis

395 3546 465 3599 ut
494 3541 551 3597 in
587 3541 968 3599 Eucharistiae
989 3543 1440 3600 consecratione
1466 3548 1712 3600 utuntur
1731 3544 2096 3601 consecratis
2117 3558 2221 3615 per
2237 3544 2587 3614 episcopum
2620 3545 2825 3612 calice,

395 3609 565 3668 altari
595 3619 652 3669 et
686 3612 881 3683 pallis.
913 3611 1009 3669 Sic
1035 3612 1226 3684 igitur
1241 3613 1622 3670 manifestum
1652 3614 1928 3686 estquod
1960 3611 2199 3672 sumina
2224 3620 2491 3687 potestas
2514 3615 2832 3689 regiminis

395 3679 595 3740 fidelis
625 3683 826 3753 populi
854 3681 927 3740 ad
958 3682 1358 3754 episcopalem
1386 3685 1642 3754 pertinet
1669 3683 2044 3758 dignitatem.

442 3753 845 3834 ,Manifestum
876 3759 970 3836 est
993 3758 1190 3810 autem
1220 3753 1403 3826 quod,
1433 3754 1706 3826 quamvis
1726 3755 1930 3827 populi
1953 3755 2401 3828 distinguantur
2426 3770 2534 3827 per
2557 3756 2828 3816 diversas

393 3820 689 3882 dioeceses
738 3830 796 3881 et
839 3825 1133 3892 civitates,
1179 3828 1382 3882 tamen
1430 3825 1584 3882 sicut
1625 3832 1720 3882 est
1759 3839 1881 3883 una
1923 3826 2226 3894 Ecclesia,
2275 3827 2361 3884 ita
2404 3833 2647 3897 oportet
2690 3840 2825 3886 essa

393 3904 582 3950 unum
635 3894 920 3965 populum
976 3893 1393 3952 christianum.
1445 3895 1611 3953 Sicut
1666 3894 1846 3969 igitur
1890 3894 1954 3952 in
2009 3896 2306 3967 spirituali
2360 3897 2587 3968 populo
2644 3899 2826 3955 nnius

399 3962 680 4022 Ecclesiae
704 3965 1025 4036 requiritur
1052 3978 1214 4023 unus
1241 3966 1583 4036 episcopus,
1609 3980 1711 4038 qul
1738 3966 1820 4023 sit
1845 3965 2032 4024 totius
2050 3967 2257 4037 populi
2274 3974 2471 4038 caput,
2489 3968 2578 4025 ita
2613 3966 2680 4025 in
2703 3972 2828 4025 toto

395 4034 620 4157 wizzi?
649 4034 1063 4163 {ragiatis
1109 4034 1704 4164 aruerint
1723 4036 2659 4165 ⁶i¹uz03132523¹aaa12¹3a2
2685 4120 2798 4166 ..ω

396 4145 656 4253 νᾳηίαῐῇ.
690 4177 856 4234 Circa
878 4189 1022 4234 vero
1045 4191 1119 4234 ea
1144 4190 1276 4250 quae
1303 4122 1483 4234 fldeiq
1495 4183 1656 4259 sunt,
1682 4122 1988 4304 ⁰⁰3³th
2008 4178 2393 4304 ‘JUQSUQQ
2423 4180 2655 4260 moveri
2678 4196 2699 4247 3
2723 4191 2825 4251 per

395 4239 796 4323 diuersitatem
829 4254 1027 4304 autem
1053 4250 1479 4305 sententiarum
1510 4247 1870 4305 divideretur
1989 4262 2025 4305 c
2047 4262 2194 4318 esta,
2223 4261 2344 4305 nisi
2376 4261 2440 4304 in
2468 4254 2703 4306 unitate
2725 4262 2825 4321 pel·

395 4323 579 4370 unius
605 4318 959 4374 sententiam
985 4322 1455 4376 conservaretur.
1489 4319 1755 4390 Exigitur
1781 4330 1945 4392 ergo,
1960 4318 2037 4375 ad
2063 4319 2347 4376 unitatem
2377 4318 2661 4377 Ecclesiae
2689 4329 2822 4376 con·

396 4383 770 4453 servandam,
799 4387 960 4457 quod
986 4388 1065 4445 sit
1095 4401 1254 4447 unus
1279 4388 1382 4461 qui
1407 4389 1518 4445 toti
1545 4387 1823 4447 Ecclesiae
1850 4389 2074 4460 praesit.
2101 4388 2477 4447 Manifestum
2496 4395 2593 4449 est
2618 4396 2814 4449 autem
