3076 5025
426 243 530 298 488
771 275 775 290 ,
1053 227 1087 237 ’·
1244 218 1252 225 ’
1299 215 1320 224 ’
1364 238 1498 293 Lm.
1538 237 1630 304 lv,
1671 237 1824 294 GAP.
1864 238 1935 294 11.

425 360 778 430 manifesta;
815 360 973 418 unde
1004 359 1293 418 Dominus
1352 359 1663 429 discipulis
1698 359 1828 418 suis
1857 359 1998 417 dicit
2028 377 2042 417 :
2074 362 2236 418 Venit
2262 362 2417 430 hora,
2449 376 2570 416 cnm
2614 362 2729 431 ,iam
2752 379 2841 419 non

423 436 486 486 in
512 433 812 502 proverbiis
842 432 1036 501 loquar
1062 432 1229 493 vobis,
1255 429 1351 485 sed
1371 431 1561 499 palam
1588 434 1655 485 de
1684 432 1850 486 Patre
1898 432 2239 487 annuntiabo
2275 434 2429 487 vobis
2474 433 2707 503 (Ionum,
2735 445 2841 504 xvi,

423 502 516 574 25)
542 521 557 569 3
581 502 888 573 signanter
916 514 1060 573 ergo
1084 501 1225 557 dicit
1253 503 1574 568 tonitruum,
1620 499 1696 556 ad
1731 501 2273 560 manifestationem
2296 501 2730 559 insinuandam.

499 575 851 642 competunt
877 577 1073 628 autem
1101 570 1278 628 verba
1319 571 1627 642 praemissa
1671 575 1879 628 nostro
1908 572 2251 644 proposito;
2283 586 2419 629 nam
2449 573 2508 628 in
2552 573 2849 644 praeceden·

424 642 585 699 tibus
616 642 687 698 de
717 641 929 700 divinis
960 655 1160 699 sermo
1186 645 1277 699 est
1293 640 1555 710 habitus,
1588 642 1918 699 secundum
1970 642 2130 715 quod
2178 643 2251 699 ad
2298 643 2695 716 cognitionem
2734 643 2850 701 divi·

428 726 642 770 norum
672 713 962 769 naturalis
990 712 1140 769 ratio
1183 726 1289 784 per
1336 716 1640 770 creaturas
1693 711 2003 783 pervenire
2049 717 2280 784 potest;
2311 713 2650 783 imperfecte
2677 717 2847 771 tamen

429 787 488 838 et
516 782 848 840 secundum
877 782 1098 854 proprii
1127 781 1578 854 possibilitatem
1625 782 1873 855 ingenii,
1914 786 1980 840 ut
2026 784 2114 842 sic
2155 783 2460 855 possimus
2501 784 2695 841 dicere
2733 798 2847 844 cum

426 856 453 910 J
459 853 535 910 ob
562 871 576 909 :
609 856 761 922 Ecce,
793 854 904 909 haec
928 868 997 908 eae
1018 857 1179 926 parte
1205 854 1355 908 dicta
1379 857 1508 908 sunt
1531 855 1750 908 viarum
1773 853 1911 923 ejus.

498 926 701 980 Restat
721 927 917 980 autem
948 937 1146 981 sermo
1173 923 1485 981 habendus
1518 923 1592 980 de
1620 922 1715 980 his
1742 938 1874 995 quae
1906 923 2082 981 nobis
2128 924 2385 982 revelata
2429 929 2570 982 sunt
2602 925 2847 984 divinitus

429 997 494 1050 ut
520 993 834 1062 credenda,
866 994 1209 1051 excedentia
1236 994 1601 1051 intellectum
1634 993 1987 1051 humanum.

501 1064 665 1121 Circa
693 1078 823 1144 quae
851 1065 1105 1138 qualiter
1126 1065 1568 1136 procedendum
1602 1063 1679 1120 sit
1709 1065 2019 1133 praemissa
2046 1064 2225 1121 verba
2263 1077 2377 1121 nos
2420 1065 2654 1122 docent.
2681 1067 2853 1134 Quum

429 1133 587 1191 enim
611 1138 908 1191 veritatem
939 1135 1038 1191 vix
1062 1135 1428 1193 audierimus
1455 1135 1517 1191 in
1547 1135 1930 1193 sermonibus
1952 1149 2137 1193 sacrae
2160 1135 2490 1205 Scripturae,
2518 1137 2688 1208 quasi
2714 1137 2858 1196 stilla

430 1218 610 1275 parva
639 1206 708 1261 ad
744 1218 856 1263 nos
881 1204 1303 1273 descendente,
1335 1218 1445 1262 nec
1465 1205 1656 1276 possit
1680 1205 1897 1277 aliquis
1926 1205 1988 1262 in
2009 1204 2192 1277 hujus
2217 1204 2347 1263 vitae
2366 1209 2521 1263 statu
2551 1207 2857 1265 tonitruum

428 1275 858 1348 magnitudinis
885 1275 1121 1344 intueri,
1150 1276 1264 1333 erit
1295 1275 1391 1333 hic
1422 1275 1638 1333 modus
1668 1275 2000 1334 servandus
2029 1281 2095 1333 ut
2123 1289 2194 1333 ca
2222 1290 2354 1348 quae
2383 1276 2457 1357 in·
2494 1277 2856 1336 sermonibus

429 1359 616 1403 sacrae
645 1346 958 1417 Scripturae
987 1349 1130 1403 sunt
1153 1346 1368 1403 tradita
1396 1347 1568 1419 quasi
1611 1346 1900 1417 principia
1942 1351 2278 1414 sumantur,
2309 1350 2367 1403 et
2408 1360 2499 1404 sic
2538 1362 2611 1406 ea
2651 1349 2857 1420 quaein

429 1416 811 1474 sermonibus
843 1416 1136 1488 praedictis
1166 1417 1396 1474 occulte
1425 1417 1603 1474 nobis
1634 1416 1949 1474 traduntur
1975 1417 2323 1475 studeamus
2353 1420 2654 1490 utcunque
2675 1424 2858 1477 mente

429 1500 661 1556 capere,
695 1501 731 1544 a
759 1487 1119 1545 laceratione
1164 1486 1494 1544 infidelium
1543 1487 1951 1557 defendendo;
1985 1491 2050 1543 ut
2078 1491 2275 1544 tamen
2318 1490 2701 1560 praesumptio
2743 1504 2859 1559 per·

431 1556 581 1613 fecte
611 1557 1017 1630 cognoscendi
1046 1571 1168 1615 non
1218 1557 1392 1616 adsit.
1423 1558 1737 1615 Probanda
1765 1559 1919 1615 enim
1956 1561 2099 1615 sunt
2137 1557 2484 1630 hujusmodi
2526 1560 2857 1619 auctoritate

431 1640 616 1685 sacrae
643 1628 973 1697 scripturae,
1006 1641 1130 1685 non
1184 1633 1379 1686 autem
1429 1629 1661 1685 ratione
1692 1628 1987 1697 naturali;
2022 1627 2125 1685 sed
2175 1632 2391 1685 tamem
2436 1630 2857 1688 ostendendum

429 1704 523 1754 est
550 1698 709 1769 quod
736 1698 950 1756 rationi
977 1698 1229 1756 naturali
1252 1712 1368 1756 non
1402 1703 1544 1755 sunt
1567 1699 1859 1770 opposita,
1880 1704 1945 1755 ut
1972 1698 2046 1755 ab
2066 1700 2518 1780 impugnatione
2546 1700 2854 1759 infidelium

431 1768 845 1837 defendantur,
875 1768 976 1841 qui
1008 1769 1185 1826 etiam
1216 1770 1431 1827 modus
1459 1770 1521 1826 in
1552 1769 1844 1840 principio
1873 1768 2054 1840 hujus
2098 1783 2294 1840 operis
2324 1769 2855 1841 praedeterminatus

430 1842 540 1894 est.
571 1838 722 1904 Quia
750 1853 890 1895 vero
922 1839 1209 1897 naturalis
1240 1840 1390 1897 ratio
1420 1854 1525 1911 per
1555 1845 1857 1898 creaturas
1887 1839 1945 1896 in
1996 1840 2099 1897 Dei
2129 1840 2534 1912 cognitionem
2588 1841 2856 1908 ascendit,

428 1907 566 1963 fidei
595 1922 735 1964 vero
760 1909 1024 1980 cognitio
1053 1923 1090 1965 a
1116 1912 1237 1966 Deo
1269 1911 1331 1965 iu
1355 1923 1469 1967 nos
1495 1925 1527 1966 θ
1557 1924 1849 1968 converso
1880 1910 2080 1968 divina
2108 1911 2394 1967 relatione
2426 1912 2749 1982 descendit,
2775 1916 2858 1970 est

430 1982 626 2034 autem
663 1977 870 2034 cadem
902 1979 996 2035 via
1028 1993 1320 2038 ascensus
1352 1986 1410 2036 et
1437 1980 1790 2050 descensuS‚
1821 1984 2054 2052 oportet
2081 1980 2287 2038 eadem
2318 1981 2415 2038 via
2441 1982 2756 2052 procedere
2802 1982 2858 2040 in

427 2046 526 2104 his
555 2062 688 2119 quae
718 2062 900 2119 supra
942 2050 1230 2107 rationem
1279 2049 1623 2119 creduntur,
1654 2066 1771 2123 qua
1816 2052 1878 2108 in
1929 2051 2341 2123 superioribus
2381 2065 2734 2124 processum
2778 2055 2859 2110 est

429 2118 588 2175 circa
618 2132 689 2175 ea
716 2132 846 2190 quae
875 2120 1105 2177 ratione
1134 2120 1569 2192 investigantur
1598 2120 1669 2177 de
1694 2123 1815 2178 Deo
1847 2139 1861 2178 ε

501 2190 570 2243 Ut
596 2189 789 2259 primo
820 2189 1051 2246 scilicet
1077 2205 1149 2248 ea
1174 2193 1500 2247 tractentur
1524 2205 1656 2262 quae
1708 2191 1778 2248 de
1804 2192 1938 2261 ipso
1970 2194 2093 2250 Deo
2124 2204 2305 2263 supra
2338 2193 2634 2250 rationem
2662 2205 2855 2266 propo-

429 2264 672 2326 nuntur,
706 2259 858 2315 sicut
886 2264 979 2316 est
1006 2260 1310 2318 confessio
1338 2262 1638 2318 Trinitatis
1665 2260 1738 2333 (c.
1768 2263 1937 2334 2-26).

501 2329 776 2386 Secundo
806 2333 1025 2399 autem,
1057 2331 1130 2388 de
1156 2330 1255 2388 his
1284 2346 1415 2403 quae
1444 2346 1627 2402 supra
1653 2332 1942 2390 rationem
1965 2346 1998 2390 a
2020 2334 2142 2390 Deo
2172 2337 2313 2390 sunt
2339 2333 2516 2403 sacta,
2540 2335 2695 2393 sicut
2720 2348 2855 2407 opus

429 2397 863 2457 incarnationis
884 2406 942 2458 et
964 2415 1096 2472 quae
1125 2406 1457 2474 sequuntur
1477 2402 1551 2458 ad
1576 2402 1766 2474 ipsam
1799 2402 1873 2474 (c.
1902 2403 2108 2474 27-78).

501 2469 693 2527 Tertio
720 2483 885 2540 vero,
916 2483 986 2528 ea
1015 2486 1147 2544 quae
1175 2486 1357 2544 supra
1386 2473 1675 2530 rationem
1709 2473 1770 2530 in
1801 2473 2008 2532 ultimo
2045 2472 2355 2532 hominum
2382 2474 2504 2533 fine
2533 2480 2857 2548 exspectan·

428 2543 543 2602 tur,
576 2540 731 2597 sicut
760 2543 1116 2600 resurrectio
1145 2547 1203 2599 et
1231 2543 1586 2616 glorificatio
1626 2558 1965 2617 corporum,
1992 2546 2276 2616 perpetua
2314 2544 2623 2605 beatitudo
2646 2548 2856 2606 anima·

429 2622 562 2669 rum
591 2617 649 2668 et
675 2625 806 2684 quae
834 2611 931 2670 his
953 2618 1390 2671 connectuntur
1417 2614 1490 2686 (c.
1516 2615 1723 2687 79-97).

1463 2836 1717 2900 CAPUT
1758 2836 1833 2899 11.

723 3012 876 3065 QUOD
915 3013 1007 3059 sn·
1043 3015 1391 3072 GENERATIO,
1430 3015 1794 3061 PATERMTAS
1829 3016 1907 3063 ΕΤ
1939 3018 2193 3063 1²·1L1A1'10
2231 3018 2295 3064 m
2328 3017 2578 3064 nrvmts.

500 3174 693 3232 Princi
739 3174 861 3231 ium
893 3178 1090 3232 autem
1120 3175 1626 3234 considerationis
1651 3191 1687 3234 a
1706 3183 1937 3235 secreto
1962 3178 2176 3236 diviuae
2197 3179 2607 3252 generationis
2636 3192 2855 3238 sumeu-

427 3248 541 3325 tes,
575 3189 819 3316 quicfde
848 3245 1276 3326 easecundum
1307 3261 1492 3305 sacrae
1518 3248 1831 3319 Scripturae
1860 3248 2217 3306 documenta
2260 3250 2448 3307 teneri
2494 3251 2707 3308 debeat
2732 3264 2855 3322 prae-

427 3318 772 3385 mittamus3
809 3315 1022 3373 dehinc
1046 3330 1186 3374 vero
1215 3331 1287 3375 ea
1311 3331 1441 3389 quae
1468 3324 1675 3375 contra
1707 3319 2004 3376 veritatem
2036 3318 2173 3377 fidei
2215 3320 2535 3378 infidelitas
2570 3320 2854 3379 adinvenit

428 3390 784 3457 argumenta
833 3398 1166 3456 ponamus:
1196 3401 1451 3459 quorum
1502 3388 1806 3446 solutione
1832 3388 2119 3462 subjecta,
2143 3389 2324 3461 hujus
2365 3391 2852 3450 considerationis

424 3458 797 3525 propositum
825 3470 1283 3528 consequemun

496 3526 693 3582 Tradit
724 3529 739 3583 i
792 3528 904 3583 ‘tur
929 3526 1103 3585 nobis
1133 3541 1300 3585 sacra
1330 3528 1631 3599 Scriptura
1677 3530 1741 3587 in
1795 3530 2010 3588 divinis
2044 3531 2417 3601 paternitatis
2466 3537 2526 3589 et
2562 3531 2851 3591 filiationis

425 3596 694 3663 nomina,
735 3541 937 3655 Jggsum
968 3596 1265 3656 Christum
1305 3598 1511 3656 Filium
1567 3600 1666 3656 Dei
1715 3605 2083 3670 contestans,
2115 3602 2276 3674 quod
2306 3603 2369 3659 in
2398 3604 2698 3673 scriptura
2722 3602 2850 3661 Novi

423 3666 779 3723 Testamenti
816 3668 1300 3739 frequentissime
1325 3669 1646 3727 invenitur.
1678 3670 1900 3728 Dicitur
1929 3671 2087 3728 enim
2120 3689 2135 3728 :
2166 3674 2330 3730 Nemo
2358 3676 2509 3728 novit
2531 3676 2730 3729 Filium
2754 3674 2853 3728 nisi

422 3736 606 3800 Pater,
638 3752 807 3807 neque
853 3740 1069 3794 Patrem
1108 3741 1232 3809 quis
1278 3742 1447 3809 novit,
1477 3743 1592 3796 nisi
1638 3742 1829 3797 Filius
1865 3742 2105 3811 (Haut,
2147 3754 2232 3810 xl,
2263 3743 2374 3814 27).
2407 3743 2613 3800 Adhuc
2642 3746 2849 3801 Marcus

423 3818 600 3864 suum
637 3806 1016 3881 Evangelium
1044 3808 1160 3866 inci
1207 3810 1272 3876 it,
1303 3810 1510 3868 dicens
1550 3813 1813 3867 :Initium
1840 3814 2132 3881 Evanqelii
2168 3814 2294 3869 Jesu
2338 3815 2561 3877 Christi,
2589 3816 2720 3870 Filii
2740 3814 2846 3870 Dei.

422 3877 687 3935 Ioannes
715 3879 892 3936 etiam
937 3825 1302 3952 evangefista
1330 3880 1447 3939 hoc
1495 3881 1835 3953 frequenter
1874 3882 2173 3948 ostendit;
2212 3883 2431 3941 dicitur
2471 3885 2630 3941 enim
2661 3886 2851 3941 :Pater

423 3944 611 4016 diligit
636 3950 876 4017 Filium3
906 3955 957 4005 et
980 3953 1162 4006 omnia
1190 3952 1339 4006 dedit
1376 3955 1438 4007 in
1480 3968 1652 4007 manu
1678 3952 1797 4023 ejus
1828 3952 2069 4025 (Joann.,
2098 3966 2185 4021 111,
2210 3954 2299 4021 35)
2325 3972 2342 4025 ;
2372 3960 2430 4012 et
2461 3973 2477 4012 τ
2512 3956 2666 4012 Sicut
2702 3958 2848 4011 Pater

400 4021 653 4073 :suscitat
673 4025 908 4077 mortuos
936 4025 989 4077 et
1031 4022 1294 4092 vivificat,
1322 4025 1401 4078 sic
1440 4027 1492 4078 et
1533 4024 1708 4079 Filius
1752 4039 1883 4093 quos
1925 4025 2045 4079 vult
2085 4026 2346 4095 vivificat.
2392 4027 2634 4097 (Joann.‚
2663 4038 2722 4089 v,
2744 4024 2845 4095 21.)

401 4086 649 4165 {Paulus
680 4091 854 4147 etiam
887 4091 1199 4163 apostolus
1227 4091 1353 4150 haec
1381 4093 1561 4150 verba
1607 4096 1946 4166 frequenter
1980 4095 2317 4164 interserit3
2347 4094 2492 4153 dicit
2533 4097 2689 4152 enim
2720 4114 2734 4151 :
2769 4093 2846 4150 Se-

420 4166 677 4225 qreqams
707 4162 766 4214 in
792 4164 1150 4230 Evanqelium
1173 4165 1293 4225 Dei,
1313 4163 1458 4233 quod
1487 4168 1611 4219 ante
1649 4167 1975 4234 promiserat
1997 4181 2100 4235 per
2119 4166 2416 4236 prophetas
2448 4182 2573 4222 suos
2592 4168 2651 4221 in
2676 4165 2843 4233 Sor-ip·

422 4228 564 4281 turis
589 4232 812 4293 sanctis,
839 4232 1060 4289 deFilio
1086 4248 1182 4288 suo
1211 4233 1405 4303 (Rom.,
1437 4246 1479 4299 1,
1513 4234 1621 4305 1-3)
1647 4252 1662 4302 ;
1695 4240 1750 4292 et
1782 4252 1796 4291 ε
1821 4237 2191 4304 Multisariam
2217 4237 2511 4307 multisque
2535 4237 2707 4293 modis
2731 4235 2841 4290 olim

419 4297 563 4351 Deus
592 4298 809 4367 loquens
831 4303 1088 4371 patribus
1115 4305 1176 4358 in
1199 4305 1498 4374 prophetis,
1529 4307 1822 4361 novissime
1864 4305 2053 4362 diebus
2094 4308 2217 4364 istis
2262 4308 2470 4363 locutus
2517 4312 2597 4363 est
2622 4306 2767 4363 nobis
2788 4304 2839 4357 ia

420 4366 579 4424 Filio.
612 4370 818 4439 (fleon,
849 4385 893 4440 1,
927 4375 980 4442 1,
1008 4372 1088 4446 2.)
1109 4375 1232 4431 Boc
1256 4375 1432 4432 etiam
1463 4376 1734 4446 traditur,
1763 4376 1903 4434 licet
1941 4378 2158 4448 rarius,
2188 4378 2248 4434 in
2297 4378 2610 4451 sciipturis
2636 4373 2836 4434 Veteris
