3076 5025
400 323 508 394 m
1318 329 1449 386 Lis.
1491 330 1562 396 ii,
1603 328 1755 384 mi».
1794 327 1935 383 xiii.

1440 541 1704 607 CAPUT
1756 542 1890 606 xil.

400 720 553 778 QUOD
575 717 936 766 mucuns
962 715 1152 764 mom
1184 715 1264 761 ΒΕ
1287 713 1403 759 ΒΕΘ
1425 713 1506 759 ΑΒ
1537 712 1878 759 munus
1914 711 2037 758 NON
2074 710 2222 758 sum·
2256 709 2548 758 nssut'rmt
2587 713 2652 759 m
2687 712 2827 759 ΠΕΟ.

472 871 822 945 Huiusmodi
845 877 1044 928 autem
1070 869 1412 935 relationes,
1442 880 1576 940 quae
1600 872 1743 925 sunt
1769 867 1844 925 ad
1869 878 2019 925 suos
2046 865 2316 936 effeetus,
2331 866 2577 948 realiter
2600 866 2665 923 in
2700 868 2821 926 neo

401 956 537 1002 esse
565 955 687 1000 non
717 946 991 1012 possunt.
1021 942 1151 997 Non
1181 939 1341 997 enim
1367 939 1429 995 in
1462 951 1534 995 eo
1564 951 1700 995 esse
1744 943 1994 1008 possent
2024 937 2181 995 sicut
2220 937 2550 995 accidentia
2581 937 2644 994 in
2686 936 2829 995 sul:-

392 1013 574 1086 jecto,
605 1025 741 1070 eum
771 1012 833 1068 in
861 1011 996 1081 ipso
1024 1010 1253 1067 nullum
1283 1009 1363 1067 sit
1388 1008 1689 1076 accidens,
1707 1006 1855 1064 utin
1884 1007 2078 1078 primo
2099 1007 2251 1066 libro
2281 1006 2357 1079 (c.
2387 1009 2479 1080 23)
2502 1012 2820 1066 ostensum

401 1089 512 1142 est.
542 1081 863 1144 Necetiam
892 1085 1141 1151 possent
1168 1091 1303 1138 esse
1332 1078 1465 1150 ipsa
1501 1079 1603 1135 Dei
1649 1077 2014 1146 snbstantia3
2046 1091 2183 1136 curn
2234 1078 2393 1135 enim
2433 1077 2682 1136 relativa
2730 1089 2823 1136 so-

400 1153 661 1212 cundum
686 1165 756 1210 su
767 1165 863 1209 um
892 1162 1030 1209 esse
1055 1149 1130 1208 ad
1150 1149 1312 1208 aliud
1341 1148 1782 1231 quodammodo
1815 1161 1881 1206 se
1903 1147 2143 1217 habent,
2166 1152 2233 1205 ut
2249 1148 2654 1228 Philosophus
2676 1147 2825 1206 dicit

401 1223 465 1281 in
505 1223 964 1285 Ρνεοάἑοαηιεηιῠ,
996 1220 1146 1347 (cap.
1181 1221 1268 1277 Ad
1297 1220 1583 1300 aliquid),
1634 1224 1933 1289 oporteret
1971 1217 2126 1301 quod
2179 1219 2282 1276 Dei
2329 1219 2669 1277 substantia
2711 1219 2827 1299 boc

403 1293 421 1350 i
465 1306 602 1352 sum
629 1292 790 1365 quod
831 1297 923 1349 est
958 1291 1032 1349 ad
1062 1291 1225 1348 aiud
1252 1290 1565 1347 diceretur.
1599 1288 1767 1358 Quod
1797 1295 1994 1346 autem
2022 1301 2221 1360 ipsum
2250 1288 2408 1360 quod
2439 1296 2529 1348 est
2555 1288 2628 1346 ad
2655 1288 2820 1346 aliud

394 1307 637 1431 dicum,
669 1360 1110 1436 quodammodo
1133 1361 1208 1418 ab
1236 1361 1371 1431 ipso
1401 1359 1710 1430 dependet,
1742 1372 1879 1417 cum
1909 1372 2018 1416 nec
2046 1371 2202 1428 esse,
2233 1371 2345 1418 nec
2383 1358 2638 1431 intelligi
2689 1359 2824 1417 sine

402 1446 477 1492 eo
504 1433 717 1504 possit.
743 1433 1052 1503 oporteret
1090 1431 1272 1502 igitur
1319 1430 1478 1502 quod
1509 1431 1612 1487 Dei
1650 1430 1986 1487 substantia
2012 1429 2086 1486 ab
2124 1429 2242 1487 alio
2283 1430 2618 1486 extrinseco
2658 1435 2823 1487 esset

402 1503 779 1574 dependens;
809 1507 869 1559 et
911 1501 1000 1560 sic
1028 1513 1149 1559 non
1181 1506 1339 1558 esset
1366 1514 1470 1570 per
1498 1501 1764 1571 seipsum
1794 1512 2043 1557 necesse
2069 1512 2223 1568 esse,
2254 1498 2409 1557 utin
2445 1499 2639 1571 primo
2668 1499 2825 1558 libro

403 1572 478 1646 (c.
512 1573 599 1654 ¹5)
628 1578 938 1699 (bstensum
992 1574 1103 1628 est.
1127 1572 1256 1628 Non
1289 1576 1435 1628 sunt
1479 1570 1662 1643 igitur
1715 1569 2059 1643 hujusmodi
2108 1570 2429 1628 relationes
2483 1570 2822 1628 secundum

401 1657 527 1701 rem
555 1656 617 1699 in
692 1654 783 1698 eo.

469 1714 622 1780 Item,
651 1717 964 1770 ostensum
992 1714 1085 1768 est
1107 1709 1171 1782 (l.
1201 1723 1244 1779 1,
1274 1724 1327 1767 c.
1357 1709 1448 1782 28)
1499 1710 1658 1782 quod
1702 1712 1862 1770 Deus
1904 1709 2174 1769 omnium
2219 1709 2447 1768 entium
2493 1715 2587 1769 est
2629 1708 2828 1781 prima

403 1794 706 1840 mensura.
739 1783 1123 1866 comparatur
1155 1780 1338 1853 igitur
1364 1782 1523 1837 Deus
1552 1780 1627 1837 ad
1654 1780 1773 1838 alia
1800 1780 1961 1840 entia
1990 1782 2146 1840 sicut
2166 1780 2376 1839 scibile
2396 1779 2470 1838 ad
2495 1781 2816 1839 scientiam

403 1850 875 1924 nostram,quod
902 1850 1035 1923 ejus
1079 1864 1362 1908 mensura
1399 1855 1510 1908 est.
1540 1853 1686 1908 Nam
1725 1866 1798 1908 ex
1841 1865 1915 1910 eo
1956 1851 2116 1923 quod
2140 1864 2237 1909 res
2278 1854 2371 1909 est
2409 1851 2503 1909 vel
2532 1864 2656 1908 non
2706 1856 2824 1921 est,

404 1923 610 1993 opinio
650 1928 707 1978 et
748 1921 940 1980 oratio
967 1934 1109 1979 vera
1134 1920 1227 2001 vel
1251 1922 1416 2001 falsa.
1439 1925 1552 1990 est,
1577 1921 1908 1979 secundum
1960 1921 2391 2004 Philosophum
2438 1921 2502 1979 in
2551 1920 2830 1978 Prandica-

402 1995 596 2050 mentis
624 1993 774 2062 (cap.
807 1995 887 2049 De
916 1990 1294 2061 substantia).
1326 1991 1543 2048 Scibile
1582 1996 1777 2049 autem
1809 1992 1948 2049 licet
1981 1993 2054 2048 ad
2099 1992 2411 2050 scientiam
2440 1991 2685 2049 relative
2734 1992 2829 2048 di-

402 2068 591 2131 catur,
621 2068 821 2120 tamen
847 2061 1057 2119 relatio
1086 2061 1414 2119 secundum
1444 2074 1570 2118 rem
1614 2061 1679 2118 in
1725 2062 1922 2120 scibili
1980 2075 2102 2119 non
2133 2068 2244 2125 est,
2299 2062 2404 2119 sed
2453 2062 2520 2119 in
2568 2063 2828 2119 scientia

403 2138 653 2191 tantum.
678 2132 865 2200 Unde,
885 2131 1213 2191 secundum
1237 2132 1671 2202 Philosophum
1701 2132 1763 2189 in
1786 2132 1995 2205 quinto
2014 2133 2257 2204 Metaplt.
2287 2131 2449 2204 (text.
2467 2144 2686 2190 comm.
2702 2132 2824 2203 20),

404 2203 614 2262 scibile
669 2201 888 2260 dicitur
939 2203 1178 2260 relative
1201 2246 1217 2271 ,
1273 2215 1395 2260 non
1445 2202 1590 2283 quia
1629 2204 1826 2273 ipsum
1875 2203 2200 2272 referatur,
2251 2202 2359 2260 sed
2398 2202 2542 2274 quia
2584 2202 2818 2283 aliquid

403 2273 567 2331 aliud
609 2274 861 2332 refertur
886 2271 962 2330 ad
1001 2273 1220 2343 ipsum.
1249 2273 1428 2330 Dietae
1456 2274 1640 2345 igitur
1666 2271 1988 2331 relationes
2016 2274 2078 2330 in
2105 2275 2226 2331 Deo
2251 2285 2374 2331 non
2394 2278 2537 2331 sunt
2561 2274 2824 2330 realiter.

471 2343 691 2407 Adhuc,
720 2342 1043 2401 relationes
1082 2342 1372 2414 praediciae
1402 2343 1682 2401 dicuntur
1709 2343 1780 2404 de
1809 2345 1931 2402 Deo
1953 2357 2073 2401 non
2095 2344 2290 2402 solum
2313 2349 2586 2415 respectu
2605 2356 2818 2402 eorum

404 2427 537 2486 quae
570 2418 712 2472 sunt
740 2420 896 2482 actu,
925 2413 1030 2472 sed
1070 2413 1247 2471 etiam
1277 2420 1548 2483 respectu
1569 2427 1776 2471 eorum
1805 2428 1937 2494 quae
1966 2419 2107 2471 sunt
2153 2414 2216 2471 in
2263 2413 2549 2485 potentia,
2599 2414 2744 2486 quia
2763 2420 2826 2469 et

402 2497 608 2543 eorum
638 2483 949 2542 scientiam
972 2482 1167 2554 babet,
1184 2490 1242 2543 et
1259 2490 1531 2556 respectu
1556 2498 1762 2543 eorum
1789 2483 2005 2543 dicitur
2030 2490 2088 2542 et
2115 2485 2372 2557 primum
2402 2489 2614 2543 ens.et
2653 2497 2824 2542 suni-

402 2568 566 2612 mum
595 2555 840 2612 bonum.
871 2555 983 2613 Sed
1015 2554 1143 2626 ejus
1173 2555 1332 2627 quod
1362 2560 1454 2613 est
1480 2558 1616 2614 actu
1655 2556 1730 2613 ad
1757 2556 1818 2614 id
1847 2555 2004 2628 quod
2036 2569 2157 2613 non
2188 2562 2280 2614 est
2309 2562 2441 2613 actu
2475 2555 2580 2613 sed
2618 2561 2824 2626 poten-

400 2624 484 2682 tia
526 2638 648 2683 non
703 2631 842 2682 sunt
885 2626 1204 2683 relationes
1253 2626 1485 2684 reales:
1517 2625 1670 2684 alias
1712 2640 1776 2683 se
1822 2629 2061 2683 ueretur
2098 2626 2258 2697 quod
2314 2630 2520 2684 essent
2567 2625 2820 2683 infinitae

402 2695 723 2754 relationes
754 2701 890 2752 actu
919 2696 981 2752 in
1011 2695 1243 2765 eodem,
1269 2710 1406 2754 oum
1449 2696 1683 2754 numeri
1724 2698 1783 2753 in
1836 2696 1941 2754 niti
1992 2696 2056 2752 in
2102 2696 2367 2768 potentia
2404 2696 2528 2754 sint
2559 2695 2824 2767 majores

399 2763 656 2834 binario,
687 2764 907 2838 quibus
929 2765 1211 2824 omnibus
1237 2765 1367 2837 ipse
1394 2772 1487 2825 est
1511 2767 1693 2838 prior.
1723 2768 1879 2825 Deus
1908 2771 2103 2824 autem
2126 2779 2250 2826 non
2265 2766 2438 2824 aliter
2462 2765 2718 2825 refertur
2747 2765 2826 2823 ad

400 2848 474 2893 ea
494 2849 627 2907 quae
653 2840 978 2915 sunt-actu,
1007 2849 1183 2907 quam
1229 2836 1303 2894 ad
1331 2851 1404 2894 ea
1429 2851 1562 2918 quae
1591 2842 1733 2895 sunt
1755 2837 2057 2909 potentia;
2086 2837 2230 2918 quia
2275 2850 2399 2894 non
2444 2842 2709 2894 mutatur
2751 2851 2827 2893 ex

402 2903 519 2985 boc
551 2906 709 2985 quod
736 2905 936 2986 aliqua
964 2905 1278 2977 producit:
1305 2919 1428 2964 non
1453 2908 1638 2979 igitur
1655 2907 1909 2965 refertur
1933 2906 2007 2965 ad
2036 2906 2157 2965 alia
2184 2920 2290 2980 per
2316 2907 2669 2965 relationem
2691 2919 2824 2964 rea·

401 2973 538 3031 liter
565 2987 627 3031 in
655 2987 788 3045 ipso
816 2980 1187 3033 existentem.

469 3045 744 3114 Amplius,
774 3046 991 3118 cuique
1017 3046 1241 3118 aliquid
1273 3045 1346 3103 de
1373 3059 1529 3105 novo
1550 3046 1808 3117 advenit,
1839 3060 2087 3106 necesse
2117 3052 2211 3106 est
2239 3047 2386 3105 illud
2436 3047 2675 3118 mutari,
2720 3047 2821 3104 vel

396 3125 504 3239 ger
534 3126 623 3194 se,
647 3114 740 3171 vel
764 3128 869 3185 per
895 3115 1194 3174 accidens.
1225 3116 1568 3175 Relationes
1596 3124 1795 3175 autem
1820 3118 2091 3189 quaedam
2120 3117 2194 3176 de
2223 3131 2384 3176 novo
2411 3117 2690 3176 dicuntur
2734 3117 2816 3175 de

443 3196 543 3263 ρο,
565 3184 908 3265 sicut-quod
936 3191 1028 3244 est
1055 3185 1356 3257 dominus,
1388 3192 1491 3245 aut
1518 3187 1881 3259 gubernator
1911 3188 2087 3261 liujus
2116 3188 2226 3258 rei,
2249 3202 2382 3260 quae
2402 3188 2477 3246 de
2498 3200 2652 3246 novo
2670 3187 2824 3245 inci-

396 3260 484 3325 prt
510 3267 665 3312 esse.
689 3255 749 3313 Si
779 3261 966 3337 igitur
989 3256 1409 3338 praedicaretur
1430 3257 1631 3331 aliqua
1660 3257 1872 3317 relatio
1900 3258 2139 3316 realiter
2166 3258 2231 3316 in
2260 3261 2383 3317 Deo
2413 3259 2702 3329 existens,
2725 3271 2824 3316 se-

397 3329 675 3396 queretur
703 3325 862 3396 quod
888 3326 1115 3398 ahquid
1145 3329 1267 3385 Deo
1278 3327 1369 3405 ‚de
1397 3340 1554 3386 novo
1584 3328 1908 3398 adveniret,
1933 3334 1993 3387 et
2018 3329 2109 3388 sic
2136 3328 2300 3403 quod
2346 3333 2680 3387 mutaretur
2723 3328 2824 3387 vei

438 3407 503 3450 er
545 3407 635 3466 se,
678 3395 772 3475 vel
816 3408 924 3467 per
966 3396 1291 3456 accidens:
1330 3397 1502 3471 qu'us
1537 3400 1903 3457 contrarium
1930 3397 1996 3471 (l.
2039 3412 2083 3464 1,
2114 3413 2169 3457 c.
2205 3399 2297 3473 13)
2343 3404 2659 3461 ostensum
2707 3404 2823 3459 est.

419 3466 441 3520 Ι
470 3465 640 3530 Sem„
662 3463 800 3526 dist.
833 3469 927 3539 30,
952 3480 1015 3541 q.
1037 3479 1084 3537 1,
1112 3472 1222 3529 art.
1256 3471 1281 3525 1
1312 3486 1330 3539 ;
1357 3474 1417 3526 et
1436 3471 1517 3527 De
1541 3473 1680 3541 pot„
1707 3485 1765 3542 q.
1793 3482 1906 3541 vn,
1933 3472 2044 3529 art.
2077 3468 2194 3544 to.)

1373 3687 1632 3756 CAPUT
1674 3688 1840 3755 XIII.

788 3863 1066 3920 01101οῡ0
1099 3865 1416 3914 Pmlc'rae
1438 3866 1806 3915 mucuns
1839 3867 1921 3916 ΠΙ
1944 3867 2063 3917 mlo
2088 3865 2406 3920 mm

459 4024 590 4081 Non
613 4028 811 4106 autem
843 4029 1042 4108 potest
1066 4024 1184 4086 dici
1210 4025 1371 4101 quod
1400 4027 1724 4088 relationes
1751 4031 2046 4102 praediotae
2102 4031 2229 4092 sint
2266 4032 2594 4093 existentes
2644 4039 2812 4093 exte-

388 4090 538 4161 riuS,
568 4107 736 4166 quasi
768 4109 865 4153 res
889 4095 1107 4169 aliquis
1134 4100 1301 4156 extra
1326 4098 1532 4157 Deum.
1560 4101 1706 4158 cum
1736 4102 1897 4159 enim
1922 4104 2080 4160 Deus
2117 4102 2200 4161 sit
2241 4103 2499 4175 primum
2549 4105 2812 4176 entium,

387 4167 447 4220 et
471 4176 771 4244 suminam
800 4165 1093 4246 bonorum
1143 4172 1442 4240 oporteret
1467 4169 1543 4228 ad
1573 4171 1709 4228 illas
1738 4172 1915 4230 etiam
1930 4172 2270 4244 relationes,
2287 4188 2422 4246 quae
2439 4174 2822 4248 suntaliquo

386 4244 505 4302 res,
537 4234 652 4316 Dei·
691 4234 1013 4316 relationes
1054 4208 1209 4319 alias
1245 4237 1646 4320 considerare.
1669 4243 1736 4298 Et
1777 4241 1830 4300 si
1860 4242 1980 4300 illie
2021 4243 2145 4300 sint
2176 4243 2392 4301 iterum
2422 4256 2521 4301 res
2569 4244 2820 4318 aliqua,

385 4304 681 4385 oportebit
706 4310 920 4364 iterum
946 4311 1152 4366 tertias
1179 4307 1545 4381 adinvenire,
1576 4311 1752 4370 etsie
1787 4312 1853 4369 in
1889 4311 2213 4372 infinitum.
2240 4315 2375 4372 Non
2419 4313 2610 4386 igitur
2657 4316 2817 4374 rela-

369 4375 830 4509 ‚gssjgfgn‘ffggif’us
857 4377 1018 4440 Deus
1062 4378 1138 4440 ad
1185 4392 1285 4443 res
1324 4380 1476 4444 alias
1518 4382 1793 4454 retertur,
1821 4389 1965 4445 sunt
2007 4397 2107 4445 res
2145 4383 2365 4461 aliquae
2408 4390 2578 4445 extra
2613 4386 2816 4448 Deum
