3076 5025
365 283 468 347 302
1219 284 1354 341 LIB.
1395 282 1493 351 111,
1533 283 1688 339 GAP.
1726 280 1943 339 xxxix.

366 409 571 479 tioniS‚
601 421 734 481 quae
760 406 1068 479 tetigimus
1096 405 1160 480 (l.
1186 420 1230 477 1,
1253 421 1305 464 c.
1334 405 1412 478 4).
1443 407 1574 462 Non
1604 409 1696 461 est
1729 403 1914 478 igitur
1938 402 2077 461 talis
2105 400 2375 475 cognitio
2393 401 2803 461 essentialiter

366 483 499 556 ipsa
525 481 787 537 humana
819 478 1098 537 felicitas,
1548 545 1561 556 ‚
1733 545 1744 555 ‚
1830 546 1842 557 ¹
2086 529 2091 540 ,
2130 543 2144 557 ,
2652 543 2666 554 ,
2742 542 2757 555 ‚

433 552 652 615 Adhuc,
682 563 817 607 esse
847 549 910 606 in
944 554 1080 606 actu
1121 551 1214 605 est
1262 546 1402 605 finis
1434 549 1782 604 exsistentis
1824 559 1887 603 in
1917 548 2205 617 potentia,
2229 547 2296 601 ut
2346 556 2419 601 ex
2462 555 2797 614 praemlssls

368 624 442 696 (c.
481 621 571 693 20)
613 625 788 692 patet.
821 619 1094 676 Felicitas
1135 619 1154 675 i
1204 618 1339 686 'tur,
1368 629 1499 689 quae
1544 620 1636 673 est
1680 616 1929 673 ultimus
1981 614 2142 682 finis,
2174 619 2268 671 est
2312 619 2482 672 actus
2532 613 2627 671 cui
2671 627 2797 673 non

367 691 709 766 adjungitur
740 690 1006 773 potentia
1038 689 1112 747 ad
1141 703 1179 746 u
1207 688 1486 745 teriorem
1518 693 1737 744 actum.
1760 686 1918 745 'ralis
1945 694 2142 744 autem
2192 684 2480 765 cognitio,
2553 697 2617 741 er
2639 684 2802 743 viam

367 760 898 822 demonstrationis
936 760 1007 817 de
1055 761 1176 817 Deo
1223 758 1447 827 habita,
1479 761 1749 816 remanet
1788 757 1983 815 adhuc
2027 756 2093 813 in
2134 760 2404 828 potentia
2447 769 2485 813 a
2569 754 2799 829 aliquid

365 834 619 893 ulterius
670 831 740 889 de
782 834 905 888 Deo
933 828 1420 902 cognoscendum
1464 829 1557 885 vel
1599 827 1805 885 eadem
1853 826 2135 886 nobiliori
2181 825 2399 907 modo;
2430 827 2803 907 posteriores

367 905 525 964 enim
573 902 770 960 conati
818 905 961 960 sunt
1008 900 1234 973 aliquid
1278 900 1353 958 ad
1380 899 1641 956 divinam
1672 898 2080 971 cognitionem
2127 901 2433 969 pertinens
2474 896 2799 969 adjungere

367 976 466 1033 his
512 987 644 1046 quae
690 986 727 1030 a
778 971 1081 1043 prioribus
1129 970 1484 1028 invenerunt
1525 969 1764 1027 tradita.
1802 971 1933 1027 Non
1968 973 2059 1027 est
2100 968 2284 1041 igitur
2338 967 2476 1025 talis
2528 967 2797 1040 cognitio

366 1045 579 1103 ultima
607 1042 873 1101 hominis
902 1041 1178 1099 felicitas.

438 1114 713 1184 Amplius,
744 1113 1000 1170 felicitas
1025 1124 1263 1170 omnem
1311 1111 1618 1169 miseriam
1658 1110 1958 1179 excludit;
1994 1122 2172 1167 nemo
2201 1107 2360 1167 enim
2404 1108 2584 1167 simul
2614 1109 2805 1169 miser

369 1190 429 1244 et
446 1186 588 1243 felix
611 1197 747 1242 esse
775 1188 989 1255 potest.
1022 1182 1301 1254 Deceptio
1330 1188 1528 1240 autem
1557 1186 1617 1239 et
1637 1195 1803 1239 error
1820 1194 2041 1254 magna
2066 1193 2207 1251 pars
2236 1181 2494 1238 miseriae
2524 1185 2649 1249 est;
2684 1180 2801 1239 hoc

369 1261 462 1314 est
498 1255 656 1313 enim
701 1253 862 1327 quod
909 1266 1122 1311 omnes
1169 1253 1519 1310 naturaliter
1566 1252 1627 1310 fu
1677 1252 1823 1309 'unt.
1854 1251 2156 1309 Praedictae
2213 1255 2409 1307 autem
2463 1250 2798 1331 cognitioni

369 1340 501 1400 quae
524 1326 596 1383 de
623 1328 743 1382 Deo
772 1324 1024 1382 habetur
1048 1323 1360 1395 multiplex
1397 1337 1566 1381 error
1593 1337 1626 1380 a
1663 1322 1835 1395 jungi
1863 1325 2061 1394 potest
2082 1340 2097 1392 ;
2122 1320 2281 1394 quod
2312 1325 2474 1392 patet
2499 1322 2561 1378 in
2591 1321 2801 1380 multis

370 1398 471 1469 qui
497 1397 699 1469 aliqua
733 1409 873 1453 vera
897 1395 969 1452 de
997 1396 1119 1451 Deo
1143 1408 1249 1464 per
1273 1395 1430 1452 viam
1460 1393 1993 1452 demonstrationis
2028 1397 2458 1473 cognorerunt,
2490 1392 2617 1464 qui,
2656 1405 2804 1473 suas

369 1467 799 1526 aestimationes
830 1470 1172 1537 sequenteS,
1203 1464 1344 1521 dum
1371 1464 1802 1522 demonstratio
1835 1464 1925 1522 eis
1949 1463 2204 1531 deesset,
2236 1475 2299 1518 in
2331 1476 2566 1520 errores
2599 1462 2802 1520 multi-

368 1539 555 1619 plices
602 1535 959 1593 inciderunt.
992 1534 1054 1592 Si
1092 1539 1289 1591 autem
1332 1534 1517 1607 aliqui
1565 1536 1805 1592 suerunt
1854 1535 1957 1609 qui
1986 1535 2075 1592 sic
2123 1533 2197 1590 de
2225 1532 2447 1590 divinis
2494 1533 2806 1592 veritatem

374 1611 754 1676 invenerunt,
784 1604 1316 1663 demonstrationis
1359 1606 1475 1673 via,
1508 1605 1669 1677 quod
1714 1619 1920 1663 eorum
1951 1603 2334 1664 aestimationi
2374 1604 2541 1661 nulla
2570 1603 2809 1663 falsitas

371 1678 810 1750 adiungeretur,
844 1681 1004 1748 patet
1028 1688 1135 1733 eos
1163 1675 1353 1733 fuisse
1381 1676 1788 1747 paucissimos
1812 1694 1826 1744 ;
1858 1675 2020 1748 quod
2049 1688 2171 1733 non
2201 1675 2481 1746 congruit
2507 1674 2800 1745 felicitati,

373 1746 987 1877 guae·es²t⁰19}¹·¹mt2ni⁸
1016 1744 1177 1804 finis
1204 1749 1332 1804 Non
1359 1746 1547 1820 igitur
1594 1746 1775 1804 estin
1820 1746 1930 1804 hac
1959 1744 2304 1819 cognitione
2335 1746 2407 1802 de
2444 1746 2564 1803 Deo
2596 1745 2813 1804 ultima

417 1830 639 1877 ominis
693 1832 826 1874 eici
894 1830 945 1874 s.
1968 1827 1977 1838 ·

441 1891 726 1957 Praeterea,
775 1884 1032 1944 felicitas
1077 1886 1142 1944 in
1190 1885 1536 1967 operatione
1634 1886 1855 1944 erfecta
1899 1887 2198 1945 consistit.
2248 1886 2332 1944 Ad
2375 1885 2808 1957 perfectionem

372 1965 569 2018 autem
606 1957 973 2030 cognitionis
1021 1957 1343 2029 requiritur
1369 1958 1582 2015 certitu
1624 1972 1663 2015 o
1689 1976 1704 2028 3
1735 1958 1893 2015 unde
1932 1958 2087 2015 scire
2135 1956 2362 2031 aliquid
2397 1970 2518 2015 non
2550 1957 2813 2017 dicimur

372 2030 498 2088 nisi
528 2041 973 2101 cognoscamus
999 2026 1161 2101 quod
1191 2026 1563 2098 impossibile
1592 2033 1684 2086 est
1712 2026 1887 2085 aliter
1912 2041 1977 2085 se
2001 2028 2317 2098 hahere‚ut
2343 2033 2502 2099 patet
2527 2026 2591 2083 in
2612 2028 2807 2100 primo

371 2102 733 2157 Posterior-um
779 2099 939 2172 (text.
971 2111 1189 2155 comm.
1216 2096 1296 2170 7).
1326 2100 1405 2155 Co
1451 2099 1602 2156 nitio
1649 2103 1847 2155 autem
1890 2099 2175 2170 praedicta
2218 2098 2470 2156 multum
2501 2097 2807 2156 incertitu-

371 2170 532 2228 dinis
571 2168 962 2250 habe13quod
1004 2169 1375 2249 demonstrat
1457 2169 1735 2250 iversitas
1786 2168 2173 2227 scientiarum
2223 2169 2294 2227 de
2325 2168 2546 2250 divinis
2595 2183 2805 2227 eorum

373 2240 475 2313 qui
499 2240 625 2297 haec
652 2254 754 2310 per
780 2253 936 2296 viam
967 2238 1498 2298 demonstrationis
1525 2240 1793 2297 invenire
1823 2240 2021 2297 conati
2060 2244 2222 2298 sunt.
2252 2243 2378 2298 Non
2411 2245 2503 2297 est
2530 2239 2716 2311 igitur
2740 2241 2807 2299 in

370 2311 475 2369 tali
507 2311 850 2383 cognitione
872 2310 1082 2367 ultima
1106 2309 1383 2367 felicitas,

440 2383 593 2450 Item,
622 2382 923 2452 voluntas,
945 2394 1127 2453 quum
1173 2383 1497 2437 consecuta
1542 2379 1719 2438 suerit
1764 2379 2041 2437 ultimum
2077 2379 2280 2450 finem,
2333 2379 2633 2452 quietatur
2675 2381 2806 2452 ejus

372 2452 758 2510 desiderium.
791 2452 1045 2509 Ultimus
1074 2455 1271 2508 autem
1301 2449 1440 2508 finis
1470 2451 1671 2509 omnis
1700 2450 2068 2533 cognitionis
2098 2451 2374 2509 humanae
2405 2456 2497 2508 est
2525 2451 2803 2510 felicitas.

371 2524 532 2582 lllai
579 2523 697 2580 itur
750 2522 1017 2603 cognitio
1061 2521 1165 2578 Dei
1209 2522 1613 2580 essentialiter
1649 2527 1740 2579 est
1779 2535 1911 2593 ipsa
1951 2522 2226 2586 felicitas,
2261 2537 2381 2595 qua
2426 2522 2649 2593 habita,
2680 2536 2805 2581 non

372 2538 620 2652 restagit
670 2593 927 2664 alicujus
965 2591 1218 2673 *scibilis-
1275 2592 1673 2651 desideranda
1729 2593 2018 2673 cognitio.
2069 2592 2226 2651 Talis
2275 2599 2474 2651 autem
2539 2606 2661 2652 non
2713 2598 2805 2652 est

373 2663 640 2744 cognitio
668 2678 846 2736 quam
876 2662 1221 2744 philosophi
1251 2676 1358 2733 per
1377 2663 1923 2721 demonstrationes
1951 2663 2022 2719 de
2054 2666 2175 2722 Deo
2206 2663 2424 2721 habere
2456 2668 2799 2734 potuerunt,

372 2749 515 2807 quia
542 2734 758 2804 adhuc,
789 2734 895 2791 illa
921 2734 1266 2806 cognitione
1306 2733 1528 2802 habita,
1559 2734 1678 2792 alia
1722 2734 2133 2792 desideramus
2172 2734 2327 2792 scire
2356 2748 2489 2806 quae
2519 2748 2624 2816 per
2645 2735 2801 2793 hanc

372 2804 778 2933 ῗεῖςηὶῐιίοηθω
841 2804 1109 2863 nondum
1153 2805 1443 2862 sciuntur.
1489 2807 1622 2862 Non
1669 2808 1762 2861 est
1806 2805 1992 2877 igitur
2032 2804 2095 2861 in
2151 2804 2257 2862 tali
2306 2804 2652 2878 cognitione
2694 2806 2796 2863 Dei

397 2891 428 2933 e
455 2890 528 2933 ici
560 2889 647 2933 as.

438 2946 659 3015 Adhuc,
683 2943 824 3003 finis
852 2943 1172 3016 cuiuslibet
1198 2945 1263 3002 in
1289 2945 1553 3016 potentia
1578 2944 1924 3004 exsistentis
1971 2949 2155 3003 estut
2180 2944 2439 3002 ducatur
2472 2945 2535 3002 in
2564 2950 2805 3015 actum;

373 3015 446 3073 ad
489 3016 606 3073 hoc
656 3016 816 3072 enim
859 3015 1049 3073 tendit
1100 3030 1208 3087 per
1245 3022 1471 3073 motum
1562 3030 1642 3073 uo
1686 3020 1956 3073 movetur
1999 3015 2064 3072 in
2112 3015 2314 3073 finem.
2346 3016 2555 3073 Tendit
2597 3023 2800 3074 autem

371 3085 840 3166 unumquodque
866 3100 978 3143 ens
1021 3087 1084 3143 in
1113 3087 1380 3157 potentia
1430 3085 1501 3143 ad
1580 3100 1652 3144 oc
1680 3086 1841 3167 quod
1871 3086 1951 3144 sit
1988 3091 2124 3144 actu
2153 3085 2483 3143 secundum
2514 3086 2676 3158 quod
2708 3093 2807 3144 est

369 3156 697 3228 possibile3
747 3156 972 3228 aliquid
1018 3157 1178 3213 enim
1227 3161 1318 3213 est
1377 3157 1643 3214 existens
1686 3171 1750 3213 in
1808 3157 2077 3228 potentia
2118 3156 2290 3228 cujus
2355 3162 2481 3214 tota
2531 3157 2811 3228 potentia

368 3232 568 3299 potest
589 3227 792 3285 reduci
821 3228 883 3283 iii
914 3231 1131 3296 actum,
1159 3226 1317 3283 unde
1362 3226 1543 3298 hujus
1571 3226 1712 3284 finis
1741 3233 1834 3284 est
1875 3233 1942 3285 ut
1984 3228 2243 3284 totaliter
2272 3228 2334 3284 in
2378 3232 2575 3285 actum
2618 3226 2797 3286 redu-

371 3302 574 3366 catur3
625 3298 782 3355 sicut
813 3312 990 3369 grave
1038 3303 1200 3354 extra
1254 3297 1518 3354 medium
1560 3299 1826 3356 existens
1846 3302 1938 3355 est
1976 3297 2038 3354 in
2067 3298 2333 3379 potentia
2374 3297 2448 3354 ad
2485 3298 2797 3369 proprium

368 3368 500 3447 uin}
540 3367 762 3440 aliquid
789 3381 928 3424 vero
969 3368 1141 3449 cujus
1171 3368 1435 3438 potentia
1486 3373 1613 3427 tota
1641 3382 1763 3426 non
1810 3373 2006 3440 potest
2035 3369 2214 3426 simul
2241 3368 2304 3424 in
2334 3374 2531 3426 actum
2563 3369 2795 3435 reduci,

367 3443 536 3507 sicut,
555 3444 713 3508 patet
749 3437 822 3495 de
849 3443 1097 3495 materia
1125 3438 1348 3509 prima;
1380 3439 1536 3496 unde
1568 3453 1672 3510 per
1715 3452 1893 3497 suum
1932 3443 2161 3496 motum
2191 3440 2413 3509 appetit
2451 3440 2797 3497 successive

367 3507 432 3564 in
458 3514 650 3566 actum
682 3509 1050 3566 diversarum
1077 3509 1402 3566 formarum
1451 3510 1634 3579 exire,
1664 3524 1797 3584 quae
1822 3509 2094 3583 sibi.pro
2138 3516 2227 3566 ter
2255 3523 2457 3566 earum
2489 3509 2805 3567 diversita-

365 3583 487 3635 tem
519 3579 699 3636 simul
727 3579 928 3637 inesse
961 3592 1081 3636 non
1110 3586 1385 3650 possunt.
1430 3581 1772 3638 Intellectus
1793 3585 1993 3638 autem
2022 3581 2078 3636 vi
2123 3585 2255 3638 etur
2283 3593 2419 3637 esse
2450 3580 2511 3636 in
2534 3581 2803 3651 potentia

368 3648 440 3729 ad
472 3650 676 3707 omnia
720 3649 1250 3730 intelligibilia‚·ut
1279 3650 1499 3708 dictum
1541 3657 1631 3708 est
1658 3650 1718 3722 (l.
1751 3664 1816 3718 11,
1890 3651 2132 3720 assim);
2167 3650 2285 3708 duo
2325 3656 2525 3707 autem
2574 3650 2801 3708 intelli·

366 3720 578 3792 gibilia
625 3725 881 3791 possunt
917 3719 1097 3777 simul
1143 3733 1208 3776 in
1260 3721 1565 3779 intellectu
1613 3721 1890 3793 possibii
1940 3722 2194 3779 existere
2237 3720 2569 3778 secundum
2596 3726 2805 3780 actum

364 3790 644 3860 primum,
717 3791 776 3847 ui
799 3796 891 3847 est
916 3791 1186 3859 scientia,
1219 3790 1357 3848 licet
1386 3793 1534 3849 forte
1565 3805 1686 3848 non
1718 3791 2051 3850 secundum
2082 3798 2277 3850 actum
2308 3790 2662 3862 secundum,
2779 3793 2801 3849 i

368 3866 458 3917 est
494 3861 661 3918 consi
710 3861 934 3943 eratioj
957 3876 1027 3918 ex
1066 3874 1186 3943 quo
1231 3868 1392 3933 patet
1437 3862 1593 3988 guod
1633 3868 1764 3921 tota
1801 3863 2069 3943 potentia
2116 3863 2456 3920 intellectus
2485 3862 2718 3943 possihi
2750 3862 2800 3920 's

406 3936 561 3988 otest
605 3932 810 3990 reduci
857 3931 1129 3989 simulin
1189 3938 1405 3989 actum.
1488 3947 1560 3989 oc
1589 3933 1773 4007 igitur
1823 3938 2148 4007 requiritur
2198 3932 2272 3990 ad
2332 3932 2462 4004 eJus
2520 3934 2799 3992 ultimum

410 4014 567 4072 neni,
597 4003 698 4075 qui
746 4007 839 4060 est
869 4002 1145 4061 felicitas,
1180 4004 1302 4060 Hoc
1332 4008 1530 4060 autem
1571 4017 1693 4060 non
1723 4004 1866 4062 facit
1913 4003 2196 4076 praedicta
2233 4004 2499 4076 cognitio
2553 4018 2687 4075 quae
2724 4004 2797 4061 de

365 4072 486 4151 peo
538 4086 643 4144 per
687 4073 1257 4131 demonstrationem
1311 4073 1514 4131 haberi
1561 4081 1776 4146 potest,
1806 4074 1969 4155 quia,
2001 4088 2072 4131 ea
2118 4072 2339 4138 habita,
2371 4074 2566 4131 adhuc
2614 4073 2797 4132 multa

363 4153 735 4213 ignoramus.
766 4146 896 4202 Non
927 4149 1020 4202 est
1045 4144 1231 4215 igitur
1256 4143 1395 4201 talis
1425 4146 1691 4219 cognitio
1732 4147 1837 4203 Dei
1861 4142 2172 4206 sufficiens
2198 4144 2272 4205 ad
2303 4144 2575 4204 ultimam
2607 4144 2797 4206 felici·

357 4216 564 4295 tatem.
598 4211 642 4286 (1
663 4217 772 4279 -11,
803 4229 862 4288 q.
892 4227 1032 4286 niv,
1061 4216 1172 4273 art.
1203 4218 1258 4287 ὅ,
1287 4214 1362 4273 ad
1389 4216 1467 4289 2).
