3076 5025
1151 362 1283 418 ΠΒ.
1323 362 1423 430 111,
1461 362 1617 419 CAP.
1656 361 1844 419 xvm.
2602 366 2708 420 277

341 486 562 551 Adhuc,
603 484 744 544 finis
794 479 1044 544 ultimus
1085 482 1408 556 qu‘uslibet
1448 483 1748 554 facientis,
1778 482 1845 541 in
1876 487 2168 557 quantum
2208 488 2305 542 est
2331 482 2585 553 faciens,
2615 488 2713 543 est

274 557 568 629 ipsemet3
598 556 823 614 utimur
874 555 1035 613 enim
1082 555 1257 614 factis
1304 569 1340 612 a
1390 553 1570 612 nobis
1615 558 1856 627 propter
1901 567 2016 613 nos
2043 572 2059 624 3
2090 559 2171 624 et,
2212 554 2267 612 si
2317 554 2540 627 aliquid
2599 556 2710 614 ali-

272 627 515 701 quando
557 633 800 699 propter
844 626 1029 684 alium
1067 625 1249 683 homo
1297 625 1638 689 faciat,hoc
1685 624 1940 682 refertur
1987 624 2051 682 in
2103 626 2332 683 bonum
2384 639 2583 695 suum,
2614 626 2712 683 vel

274 699 442 766 utile,
474 697 565 756 vel
612 696 962 756 delectabile
991 696 1080 754 vel
1128 696 1470 754 honestum.
1503 698 1664 753 Deus
1704 700 1902 752 autem
1932 699 2026 753 est
2053 708 2237 753 causa
2265 696 2480 753 factiva
2509 710 2712 755 rerum

275 769 570 830 omnium,
612 767 1005 841 quarumdam
1052 767 1294 840 quidem
1338 766 1702 834 immediate,
1749 765 2143 847 quarumdam
2198 772 2395 823 autem
2453 767 2714 826 mediate

273 840 402 899 sive
431 838 836 898 mediantibus
865 838 1001 905 aliis
1030 838 1256 908 causiS,
1289 843 1356 895 ut
1384 852 1457 895 ex
1478 837 1814 909 praemissis
1841 841 1934 894 est
1960 837 2368 895 manifestum.
2399 838 2501 895 Est
2528 837 2717 912 igitur

272 911 531 983 ipsemet
551 908 692 967 finis
721 923 921 966 rerum
952 908 1243 966 omnium.

346 982 634 1048 Praeterea‚
677 978 819 1037 finis
859 980 1015 1036 inter
1051 978 1204 1036 alias
1225 991 1444 1037 causas
1471 978 1796 1051 primatum
1826 977 2074 1047 obtinet,
2101 982 2160 1034 et
2189 976 2264 1035 ab
2314 978 2449 1049 ipso
2499 991 2715 1037 omnes

274 1051 412 1109 aliae
451 1064 651 1109 causae
680 1049 902 1108 hahent
928 1049 1087 1122 quod
1117 1048 1240 1108 sint
1282 1062 1482 1108 causae
1530 1049 1593 1106 in
1623 1054 1798 1117 actu;
1831 1061 2018 1120 agens
2046 1047 2209 1105 enim
2256 1062 2380 1106 non
2422 1048 2547 1119 agit
2592 1049 2714 1107 nisi

276 1126 521 1193 propter
548 1120 752 1190 finem,
786 1127 851 1178 ut
874 1126 1186 1178 ostensum
1216 1125 1310 1180 est
1334 1119 1411 1192 (c.
1439 1118 1496 1191 2)
1520 1137 1535 1189 3
1567 1134 1641 1177 ex
1666 1123 1881 1190 agente
1910 1124 2105 1176 autem
2147 1119 2397 1177 materia
2421 1119 2484 1176 in
2513 1124 2716 1176 actum

277 1195 487 1252 t'ormae
534 1191 879 1262 reducitur-3
912 1191 1069 1249 unde
1126 1190 1377 1249 materia
1428 1188 1497 1247 fit
1532 1196 1670 1248 actu
1714 1189 1895 1261 hujus
1935 1188 2022 1246 rei
2064 1190 2313 1247 materia
2356 1196 2415 1246 et
2437 1189 2720 1248 similiter

275 1263 474 1320 forma
523 1261 706 1334 huJus
757 1262 843 1320 rei
895 1261 1089 1319 forma
1132 1275 1244 1342 per
1290 1261 1590 1319 actionem
1636 1260 1893 1332 agentis,
1925 1264 1983 1316 et
2066 1274 2131 1316 er
2179 1272 2561 1332 consequens
2609 1273 2721 1331 per

276 1332 481 1390 finem.
515 1333 682 1390 Finis
708 1333 890 1390 etiam
921 1338 1220 1404 posterior
1262 1338 1356 1390 est
1399 1344 1587 1389 causa
1614 1330 1773 1405 quod
1818 1344 2010 1401 praece
2054 1343 2163 1387 ens
2200 1330 2343 1388 finis
2371 1331 2722 1388 intendatur

277 1407 342 1459 ut
386 1401 570 1472 finis;
601 1416 725 1460 non
771 1404 931 1460 enim
985 1406 1257 1460 movetur
1302 1401 1525 1475 aliquid
1574 1401 1638 1459 in
1681 1400 1861 1458 finem
1908 1400 2247 1471 proximum
2303 1400 2423 1458 nisi
2475 1405 2722 1472 propter

274 1471 459 1531 finem
489 1480 881 1546 postremum.
914 1475 1014 1531 Est
1056 1473 1242 1545 igitur
1288 1471 1430 1530 finis
1476 1472 1727 1530 ultimus
1771 1473 1961 1543 prima
2005 1471 2275 1552 omnium
2332 1485 2538 1551 causa.
2570 1474 2719 1528 Esse

276 1548 478 1602 autem
508 1544 761 1615 primam
793 1544 1066 1602 omnium
1111 1556 1354 1602 causam
1405 1556 1653 1611 necesse
1684 1548 1776 1600 est
1802 1543 1996 1613 primo
2029 1547 2149 1599 enti
2179 1554 2522 1610 convenire,
2552 1541 2718 1615 quod

277 1617 437 1672 Deus
466 1618 579 1684 est,
607 1619 671 1671 ut
719 1628 904 1686 supra
931 1614 992 1687 (l.
1021 1628 1064 1686 1,
1095 1628 1150 1672 c.
1186 1618 1248 1671 13
1283 1612 1408 1671 etl.
1436 1627 1504 1682 11,
1535 1627 1592 1671 c.
1622 1613 1710 1685 15)
1740 1619 2051 1671 ostensum
2081 1618 2192 1669 est.
2228 1614 2385 1671 Deus
2412 1612 2597 1684 igitur
2623 1616 2721 1671 est

276 1684 532 1743 ultimus
562 1685 832 1743 omnium
864 1685 1026 1742 finis,

349 1756 499 1813 Hinc
517 1761 609 1812 est
646 1756 806 1829 quod
835 1755 1052 1813 dicitur
1082 1773 1097 1812 ε
1132 1757 1399 1813 Universa
1418 1759 1648 1827 propter
1675 1757 2018 1824 semetipsum
2047 1758 2298 1825 operatus
2335 1758 2415 1810 est
2450 1755 2719 1809 Dominus

276 1825 497 1901 (Prota,
525 1838 654 1890 xvi,
686 1825 741 1899 4)
766 1843 781 1896 3
808 1831 867 1883 et
896 1844 912 1883 t
941 1828 1057 1896 Epo
1082 1840 1200 1882 sum
1246 1827 1414 1898 alpha
1453 1831 1506 1882 et
1530 1841 1744 1897 omeya,
1776 1828 1994 1896 primus
2036 1831 2089 1881 et
2129 1826 2457 1881 novissimus
2486 1823 2720 1898 (Apoc.,

275 1907 429 1968 xxn,
455 1896 566 1970 13).
598 1895 644 1969 (1
671 1902 847 1969 part„
876 1911 934 1970 q.
965 1909 1130 1961 xm,
1162 1902 1272 1955 art.
1303 1900 1382 1969 4.)

1240 2117 1495 2183 CAPUT
1530 2117 1750 2182 XVIII.

958 2297 1234 2349 QUOMODO
1269 2298 1418 2344 Iti-:us
1455 2297 1550 2343 SIT
1582 2298 1739 2344 1³¹1le
1776 2297 2026 2344 ommni.

350 2459 554 2520 Restat
579 2459 764 2533 igitur
789 2457 1212 2534 inquirendum
1243 2459 1547 2534 quomodo
1576 2462 1735 2519 Deus
1763 2461 1845 2519 sit
1872 2457 2140 2519 omnium
2168 2458 2311 2518 finis
2337 2476 2353 2531 ;
2383 2460 2547 2535 quod
2584 2461 2717 2536 qui·

280 2531 415 2589 dem
447 2546 522 2589 ex
546 2531 880 2613 praemissis
909 2532 1010 2589 fiet
1030 2531 1436 2589 manifestum.

350 2602 446 2660 Sic
475 2616 635 2660 enim
661 2608 754 2660 est
779 2603 1029 2661 ultimus
1057 2601 1198 2660 finis
1230 2602 1498 2660 omnium
1543 2615 1742 2660 rerum
1768 2600 1930 2674 quod
1960 2606 2162 2659 tamen
2196 2607 2291 2659 est
2316 2603 2486 2685 prius
2517 2603 2719 2661 omni-

279 2673 398 2731 bus
423 2673 491 2730 in
520 2673 796 2732 essendo.
838 2674 1002 2732 Finis
1041 2679 1240 2731 autem
1292 2672 1511 2746 aliquis
1560 2672 1861 2730 invenitur
1903 2671 2028 2744 qui,
2060 2672 2238 2729 etiam
2286 2686 2340 2731 si
2392 2673 2717 2745 primatum

283 2743 551 2802 obtineat
596 2744 660 2802 in
706 2744 1013 2802 causando
1059 2742 1388 2802 secundum
1434 2741 1596 2816 quod
1628 2747 1722 2800 est
1766 2743 1832 2800 in
1871 2741 2227 2812 intentione,
2273 2747 2366 2801 est
2402 2750 2602 2801 tamen
2648 2745 2716 2802 in

282 2813 544 2873 essendo
568 2816 907 2886 posterius;
939 2815 1098 2889 quod
1137 2813 1377 2887 quidem
1422 2813 1718 2886 contingit
1744 2814 1808 2871 in
1848 2812 2116 2886 quolibet
2144 2812 2276 2871 sine
2315 2828 2493 2888 quem
2525 2827 2717 2887 agens

284 2899 396 2944 sua
437 2884 674 2945 actione
715 2887 1027 2944 constituit
1066 2904 1081 2955 3
1135 2886 1293 2943 sicut
1336 2883 1606 2942 medicus
1651 2883 1966 2942 constituit
2019 2883 2336 2943 sanitatem
2381 2899 2490 2956 per
2540 2898 2715 2943 suam

284 2957 583 3014 actionem
608 2955 671 3014 in
712 2956 972 3026 infirmo,
1004 2970 1136 3030 quae
1165 2962 1366 3013 tamen
1395 2959 1489 3013 est
1535 2954 1676 3013 finis
1705 2955 1857 3028 ejus,
1886 2955 2015 3029 Atiq
2027 2956 2120 3014 uis
2149 2961 2347 3014 autem
2378 2956 2520 3014 finis
2550 2956 2715 3013 inve-

285 3027 448 3084 nitur
470 3027 596 3108 qui‚
624 3027 784 3085 sicut
811 3033 903 3085 est
930 3027 1273 3099 praecedens
1302 3026 1368 3085 in
1395 3026 1723 3094 causandO,
1754 3026 1840 3083 ita
1881 3026 2060 3083 etiam
2112 3025 2176 3083 in
2205 3026 2465 3086 essendo
2490 3040 2716 3099 praece-

286 3096 410 3178 dit;
440 3103 601 3156 sicut
627 3097 848 3155 dicitur
887 3096 1029 3156 finis
1073 3097 1135 3156 id
1179 3097 1342 3172 quod
1388 3097 1632 3169 aliquis,
1664 3110 1776 3155 sua
1822 3096 2056 3154 actione
2083 3097 2178 3154 vel
2206 3103 2368 3156 motu
2401 3098 2717 3169 acquirere

287 3167 543 3225 intendit
589 3173 654 3226 ut
683 3169 880 3227 locum
932 3182 1174 3226 sursum
1199 3167 1379 3240 ignis
1422 3181 1529 3240 per
1573 3181 1752 3228 suum
1781 3172 2032 3237 motum,
2064 3173 2123 3247 et
2146 3167 2444 3226 civitatem
2473 3181 2577 3225 rex
2608 3180 2719 3238 per

288 3250 569 3310 pugnam.
617 3240 777 3297 Deus
821 3238 1007 3311 igitur
1053 3238 1141 3297 sic
1186 3244 1278 3296 est
1303 3237 1444 3296 finis
1473 3252 1674 3297 rerum
1714 3237 1872 3296 sicut
1899 3237 2126 3311 aliquid
2154 3238 2229 3296 ab
2258 3252 2620 3311 unaquaque
2649 3251 2717 3295 re

286 3322 402 3365 suo
431 3308 610 3367 modo
638 3308 1052 3367 obtinendum.

356 3379 574 3444 Adhuc,
606 3381 764 3438 Deus
787 3385 891 3439 ,est
917 3379 1099 3437 simul
1127 3378 1377 3438 ultimus
1405 3392 1602 3437 rerum
1628 3378 1770 3437 finis
1800 3383 1859 3437 et
1879 3378 2138 3449 primum
2181 3391 2389 3451 agens,
2423 3382 2491 3436 ut
2512 3383 2719 3436 osten·

285 3462 424 3507 sum
454 3455 548 3506 est
576 3449 649 3522 (c.
683 3450 793 3523 17).
828 3450 991 3509 Finis
1021 3456 1219 3507 autem
1247 3464 1354 3521 per
1389 3450 1688 3508 actionem
1710 3450 1944 3521 agentis
1972 3448 2337 3507 constitutus
2366 3462 2489 3506 non
2518 3453 2720 3520 potest

282 3532 421 3580 esse
447 3520 707 3592 primum
736 3534 946 3593 agens,
972 3520 1079 3579 sed
1107 3527 1200 3579 est
1226 3520 1421 3593 magis
1442 3518 1691 3578 effectus
1712 3519 1968 3592 agentis.
1990 3522 2116 3576 Non
2137 3519 2538 3592 potestigitur
2556 3520 2719 3576 Deus

284 3590 373 3649 sic
400 3604 539 3650 esse
566 3589 706 3665 finis
732 3606 934 3649 rerum
961 3590 1135 3664 quasi
1187 3591 1413 3665 aliquid
1442 3590 1858 3660 constitutum,
1891 3588 1999 3647 sed
2029 3590 2229 3648 solum
2276 3590 2450 3664 quasi
2481 3588 2717 3663 aliquid

282 3661 672 3733 praeexistens
699 3661 1112 3721 obtinendum.

353 3734 629 3804 Amplius,
662 3733 715 3791 si
746 3734 825 3791 ali
871 3733 974 3791 uid
1023 3737 1160 3806 agat
1205 3736 1445 3803 propter
1488 3745 1616 3790 rem
1668 3730 1929 3805 aliquam
1966 3730 2081 3788 'am
2132 3731 2487 3789 existentem
2529 3736 2589 3790 et
2610 3745 2722 3805 per

282 3803 414 3875 ejus
462 3804 762 3862 actionem
806 3803 1033 3876 aiquid
1084 3802 1502 3872 constituatur,
1535 3806 1769 3875 oportet
1814 3815 1934 3876 quo
2004 3801 2089 3858 rei
2119 3807 2562 3874 propterquam
2592 3803 2721 3876 agit

284 3873 514 3947 aliquid
553 3874 897 3947 acquiratur
936 3889 1011 3932 ex
1053 3873 1291 3932 actione
1338 3873 1611 3945 agentis·
1641 3872 1798 3931 sicut
1842 3872 1895 3931 si
1925 3872 2148 3930 milites
2175 3878 2447 3945 pugnant
2475 3887 2584 3945 pro
2629 3879 2721 3931 ter

285 3944 498 4002 ducem
526 3945 625 4002 cui
657 3945 989 4018 acquiritur
1009 3944 1280 4008 victoria,
1299 3957 1488 4025 ‘quam
1512 3917 1738 4025 milites
1767 3943 1899 4025 suis
1928 3941 2267 4025 actionibus
2295 3949 2568 4002 causant.
2642 3957 2718 4004 eo

284 4018 481 4071 autem
514 4028 637 4073 non
659 4022 858 4087 potest
884 4015 1112 4088 aliquid
1140 4028 1369 4088 acquiri
1399 4028 1472 4071 ex
1518 4020 1753 4073 actione
1782 4014 2101 4086 cujuslibet
2130 4027 2214 4071 rei
2242 4031 2259 4077 ;
2290 4018 2383 4071 est
2410 4015 2571 4072 enim
2602 4028 2719 4074 sua

284 4081 526 4143 bonitas
554 4087 803 4145 omnino
831 4087 1113 4158 perfecta,
1146 4090 1210 4143 ut
1248 4084 1314 4143 in
1340 4084 1534 4156 primo
1563 4082 1717 4142 libro
1746 4090 2059 4144 ostensum
2090 4089 2182 4143 est
2229 4083 2301 4157 (c.
2356 4088 2422 4143 18
2452 4091 2511 4143 et
2536 4084 2715 4160 seq.).

283 4155 661 4229 Relinquitur
688 4156 873 4231 igitur
939 4157 1054 4215 uod
1085 4159 1242 4215 Deus
1267 4155 1348 4213 sit
1376 4154 1517 4214 finis
1545 4168 1765 4225 rerum,
1797 4168 1921 4214 non
1962 4155 2120 4213 sicut
2161 4154 2386 4236 aliquid
2426 4158 2717 4216 constitu-

283 4231 410 4284 tum
454 4232 558 4287 aut
599 4226 827 4301 aliquid
874 4242 905 4285 e
955 4232 1151 4286 ectum
1194 4242 1231 4285 a
1272 4225 1472 4295 rehuS,
1514 4239 1707 4299 neque
1756 4227 1841 4284 ita
1890 4226 2049 4298 quod
2096 4225 2324 4299 aliquid
2349 4225 2404 4284 ei
2446 4242 2484 4285 a
2533 4227 2717 4286 rebus

282 4309 351 4355 ac
398 4297 647 4369 nitatur,
677 4298 786 4357 sed
816 4299 931 4356 hoc
959 4298 1092 4358 solo
1122 4296 1302 4356 modo
1368 4297 1470 4355 uia
1503 4295 1633 4368 ipse
1662 4295 1841 4355 rebus
1870 4297 2217 4369 acquiritur.

381 4372 503 4432 tem,
536 4374 771 4450 oportet
798 4367 958 4442 quod
985 4381 1059 4427 eo
1091 4367 1273 4427 modo
1304 4381 1335 4425 e
1386 4372 1555 4425 ectus
1577 4365 1783 4424 tendat
1809 4367 1874 4424 in
1898 4364 2079 4424 finem
2114 4380 2235 4440 quo
2263 4382 2451 4441 agens
2472 4373 2718 4441 propter

284 4435 467 4497 finem
496 4445 641 4513 agit.
672 4440 833 4498 Deus
877 4443 1095 4507 autem,
1124 4438 1230 4520 qui
1271 4443 1363 4498 est
1403 4437 1665 4509 primum
1709 4451 1743 4494 a
1787 4450 1895 4495 ens
1925 4438 2196 4495 omnium
2225 4452 2445 4507 rerum,
2474 4452 2595 4495 non
2624 4438 2719 4517 sic

283 4508 411 4582 agit
436 4510 610 4583 quasi
650 4523 764 4569 sua
786 4510 1020 4570 actione
1077 4508 1302 4582 aliquid
1352 4509 1640 4582 acquirat,
1671 4520 1738 4567 se
1807 4508 1981 4581 quasi
2037 4522 2150 4567 sua
2205 4508 2438 4567 actione
2488 4505 2721 4578 aliquid
