3076 5025
1236 280 1369 337 LIB.
1410 281 1509 349 111,
1550 281 1702 337 CAP.
1737 282 1913 339 XLVI.
2684 287 2784 342 313

351 415 537 474 supra
579 407 894 460 ostensum
939 405 1049 470 est,
1082 403 1352 474 sequitur
1403 403 1563 475 quod
1606 403 1945 463 intellectus
1994 405 2308 477 possibilis
2359 412 2567 466 noster
2613 409 2781 468 nullo

353 473 535 531 modo
565 473 762 544 possit
790 472 1125 545 intelligere
1155 472 1525 531 substantias
1555 480 1881 545 separatas.

428 545 550 601 Hoc
578 544 755 600 eti'am
790 548 1033 615 apparet
1060 558 1133 600 ex
1156 543 1363 601 ordine
1399 544 1742 602 intellectus
1768 545 2079 616 possibilis
2120 547 2197 605 ad
2245 553 2539 621 agentem.
2575 552 2782 608 Poten-

351 613 440 672 tia.
468 615 628 672 enim
661 615 901 685 passiva
930 614 1001 671 ad
1031 614 1137 671 illa
1165 614 1361 672 solum
1391 619 1484 673 est
1529 615 1591 672 in
1634 616 1899 685 potentia
1936 617 2000 673 in
2093 631 2182 676 uae
2228 624 2426 691 potest
2473 622 2780 701 proprium

348 685 482 758 ejus
517 684 797 742 activum.
830 684 1003 742 Omni
1034 685 1194 743 enim
1224 685 1504 755 potentiae
1533 685 1790 756 passivae
1818 699 2036 758 respon
2082 694 2141 746 et
2167 689 2435 759 potentia
2484 696 2673 749 activa
2716 693 2781 749 in

351 761 587 814 natura.
618 755 781 813 Alias
811 756 1077 826 potentia
1101 756 1342 827 passiva
1389 763 1550 813 esset
1598 756 1838 828 frustra,
1869 771 2005 814 cum
2052 771 2174 816 non
2226 761 2420 830 possit
2464 761 2666 819 reduci
2717 762 2778 819 in

351 831 551 884 actum
581 826 697 883 nisi
728 840 835 897 per
857 827 1127 883 activam.
1164 826 1324 884 Unde
1351 826 1626 884 videmus
1652 827 1813 899 quod
1863 828 2032 886 visus
2080 842 2204 887 non
2255 836 2347 888 est
2402 832 2780 903 susceptivus

351 896 475 955 nisi
508 896 776 955 colorum
823 897 925 970 qui
973 896 1388 954 illuminantur
1431 911 1538 968 per
1584 897 1799 955 lucem.
1836 898 2176 958 Intellectus
2225 906 2421 958 autem
2447 902 2777 975 possibiliS,
2825 922 2837 932 ·

353 981 492 1025 cum
524 967 604 1025 sit
628 967 820 1025 virtus
848 966 1288 1047 quodammodo
1317 968 1578 1038 passiva,
1612 968 1789 1026 habet
1818 969 2119 1041 proprium
2149 985 2339 1043 agens
2367 972 2482 1030 sibi
2532 987 2780 1045 respon-

355 1037 527 1105 denS,
584 1037 814 1095 scilicet
866 1038 1232 1095 intellectum
1278 1044 1575 1110 agentem,
1624 1039 1726 1111 qui
1774 1038 1856 1096 ita
1902 1054 1969 1098 se
2036 1040 2213 1099 habet
2272 1041 2346 1099 ad
2411 1042 2780 1103 intellectum

353 1107 728 1236 Bossibilem,
759 1109 916 1166 sicut
938 1122 1004 1166 se
1035 1108 1211 1166 habet
1239 1109 1341 1166 lux
1366 1108 1440 1166 ad
1471 1109 1689 1167 visum.
1724 1112 1854 1167 Non
1883 1115 1976 1169 est
1998 1110 2183 1182 igitur
2210 1111 2550 1171 intellectus
2584 1116 2780 1185 possi-

400 1179 500 1236 ilis
523 1179 585 1236 in
612 1179 880 1250 potentia
907 1178 1024 1236 nisi
1055 1179 1126 1236 ad
1159 1178 1265 1236 illa
1292 1179 1697 1251 intelligibilia
1724 1195 1856 1253 quae
1887 1186 2028 1239 sunt
2066 1181 2223 1240 facta
2262 1197 2368 1253 per
2414 1183 2779 1244 intellectum

354 1254 651 1320 agentem.
681 1249 844 1306 Unde
872 1255 927 1306 et
954 1249 1305 1307 Aristoteles
1331 1249 1393 1306 in
1423 1251 1596 1308 tertio
1639 1253 1718 1307 De
1758 1254 1945 1307 anima
1999 1251 2160 1324 (text.
2188 1266 2405 1311 comm.
2440 1254 2526 1325 18)
2558 1255 2781 1313 descri-

352 1319 506 1378 bens
537 1325 853 1400 utrumque
881 1319 1269 1388 intellectum,
1293 1319 1437 1378 dicit
1464 1321 1626 1394 quod
1658 1321 2047 1381 «intellectus
2077 1323 2391 1394 possibilis
2420 1331 2512 1383 est
2540 1340 2660 1398 quo
2690 1332 2782 1385 est

357 1389 562 1449 omnia
591 1390 717 1447 fieri
775 1403 964 1462 agens
987 1404 1126 1448 vero
1152 1404 1273 1463 quo
1311 1396 1402 1449 est
1423 1391 1629 1449 omnia
1677 1392 1947 1464 facere»,
1978 1398 2044 1451 ut
2090 1394 2164 1451 ad
2216 1395 2421 1453 eadem
2468 1397 2780 1469 utriusque
2886 1451 2893 1466 ,

350 1460 622 1533 potentia
647 1475 708 1518 re
736 1460 852 1518 erri
879 1460 1267 1533 intelligatur,
1299 1460 1479 1533 hujus
1519 1461 1732 1531 activa,
1760 1462 1928 1522 illius
1974 1464 2235 1535 passiva.
2268 1467 2411 1523 Cum
2443 1480 2587 1540 ergo
2630 1468 2780 1526 sub-

354 1532 594 1590 stantiae
622 1536 907 1602 separatae
935 1543 1056 1590 non
1083 1531 1205 1612 sint
1235 1532 1402 1590 factae
1430 1532 1805 1592 intellectivae
1828 1534 1890 1591 in
1918 1540 2053 1593 actu
2084 1549 2189 1606 per
2211 1536 2577 1594 intellectum
2600 1550 2782 1611 agen-

351 1606 500 1670 tem,
522 1601 624 1660 sed
658 1603 857 1660 solum
887 1603 1240 1670 materialia,
1271 1603 1345 1660 ad
1375 1604 1501 1661 haec
1531 1603 1665 1662 sola
1692 1618 1758 1662 se
1786 1604 2049 1662 extendit
2073 1605 2384 1676 possibilis
2413 1607 2777 1667 intellectus.

352 1675 485 1731 Non
515 1673 699 1745 igitur
725 1687 830 1744 per
856 1673 1055 1745 ipsum
1085 1685 1412 1744 possumus
1437 1674 1770 1747 intelligere
1803 1675 2172 1734 substantias
2203 1683 2528 1748 separatas.

426 1746 672 1815 Propter
714 1745 873 1817 quod
921 1749 981 1802 et
1030 1744 1376 1803 Aristoteles
1405 1757 1672 1817 congruo
1703 1746 1976 1817 exemplo
2007 1760 2153 1805 usus
2187 1753 2278 1805 est
2312 1748 2681 1822 (metaphys,
2712 1764 2779 1820 11,

353 1818 499 1871 text.
525 1827 741 1872 comm.
774 1814 846 1886 t).
877 1817 1022 1872 Nam
1050 1815 1262 1873 oculus
1311 1815 1754 1887 vespertilionis
1784 1830 2091 1890 nunquam
2137 1824 2335 1889 potest
2361 1818 2560 1877 videre
2586 1820 2781 1878 lucem

354 1885 530 1954 solis,
559 1885 833 1959 quamvis
875 1890 1163 1944 Averroes
1192 1887 1307 1944 hoc
1355 1886 1691 1957 exemplum
1722 1886 2045 1957 depravare
2094 1890 2318 1947 nitatur
2363 1889 2594 1962 dicenS,
2619 1890 2783 1963 quod

354 1954 556 2014 simile
587 1969 710 2013 non
749 1960 842 2014 est
886 1956 960 2014 de
1014 1956 1320 2014 intellectu
1375 1962 1587 2015 nostro
1645 1957 1715 2014 ad
1748 1957 2116 2016 substantias
2159 1966 2464 2030 separatas
2491 1966 2550 2017 et
2605 1962 2781 2019 oculo

354 2027 800 2097 vespertilionis
847 2026 923 2084 ad
970 2026 1163 2085 lucem
1199 2027 1369 2091 solis,
1444 2032 1688 2085 uantum
1720 2028 1794 2085 ad
1841 2028 2406 2101 impossibilitatem,
2439 2031 2545 2089 sed
2582 2032 2781 2089 solum

357 2103 645 2170 quantum
677 2097 751 2179 ad
804 2096 1232 2156 difficultatem.
1267 2043 1437 2167 Quofl
1467 2098 1569 2156 tali
1599 2098 1830 2181 ratione
1875 2099 2087 2170 probat
2113 2100 2335 2182 ibidem
2360 2119 2374 2170 ;
2400 2101 2562 2175 quia,
2594 2102 2648 2160 si
2679 2102 2783 2160 illa

355 2182 490 2239 quae
538 2173 678 2226 sunt
729 2168 1034 2225 intellecta
1082 2169 1419 2226 secundum⁴
1441 2182 1528 2237 se,
1559 2170 1793 2226 scilicet
1838 2170 2190 2230 substantiae
2239 2177 2546 2243 separatae,
2578 2179 2783 2231 essent

352 2238 536 2297 nobis
570 2238 647 2296 im
695 2239 978 2297 ossibiles
1025 2239 1098 2296 ad
1140 2238 1616 2312 intelligendum,
1650 2240 1872 2298 frustra
1916 2246 2139 2312 essent,
2172 2243 2329 2301 sicut
2374 2244 2426 2301 si
2484 2249 2645 2301 esset
2673 2244 2781 2302 ali-

355 2308 518 2382 quod
540 2310 654 2367 visi
701 2310 778 2367 ile
807 2310 967 2381 quod
1015 2308 1184 2367 nullo
1213 2311 1344 2368 visu
1374 2310 1560 2367 videri
1589 2311 1801 2381 possit.
1832 2312 1974 2379 Quae
2019 2313 2256 2384 quidem
2293 2314 2445 2371 ratio
2478 2329 2657 2394 quam
2686 2314 2783 2372 sri-

353 2379 492 2437 vola
543 2380 641 2450 sit,
673 2384 932 2451 apparet.
967 2380 1087 2437 Etsi
1119 2380 1277 2437 enim
1326 2394 1362 2438 a
1389 2380 1566 2439 nobis
1615 2395 1922 2453 nunquam
1950 2382 2068 2439 illae
2105 2383 2456 2441 substantiae
2486 2384 2673 2441 intelli
2722 2398 2781 2442 e·

354 2457 581 2522 rentur,
611 2457 813 2508 tamen
842 2450 1317 2524 intelligerentur
1352 2465 1386 2507 a
1412 2451 1774 2522 semetipsis.
1795 2451 1958 2508 Unde
1989 2464 2099 2509 nec
2120 2453 2342 2510 frustra
2369 2453 2685 2528 intelligibi
2716 2469 2782 2515 es

355 2527 579 2585 essent,
612 2522 770 2580 sicut
797 2535 907 2579 nec
940 2521 1032 2579 sol
1062 2521 1284 2579 frustra
1311 2522 1569 2580 visibilis
1599 2528 1711 2591 est,
1740 2527 1806 2582 ut
1830 2523 2166 2581 Aristotelis
2200 2524 2537 2595 exemplum
2572 2539 2779 2596 prose·

355 2606 629 2665 quamur,
658 2593 802 2665 quia
851 2605 975 2649 non
1017 2596 1213 2673 potest
1242 2592 1439 2672 ipsum
1496 2592 1696 2650 videre
1750 2593 2115 2663 vespertilio,
2148 2607 2285 2652 cum
2327 2595 2523 2664 possit
2581 2595 2779 2667 ipsum

352 2663 556 2721 videre
587 2664 767 2721 homo
796 2668 852 2720 et
876 2663 998 2720 alia
1022 2662 1326 2720 animalia.

423 2734 519 2793 Sic
543 2747 685 2806 ergo
713 2734 1052 2792 intellectus
1072 2732 1405 2804 possibilis,
1429 2732 1480 2790 si
1509 2733 1755 2803 ponitur
1772 2733 2007 2805 corpori
2040 2733 2245 2792 unitus
2266 2735 2597 2794 secundum
2619 2751 2777 2808 esse,

353 2817 477 2862 non
518 2809 713 2876 potest
741 2805 1072 2877 intelligere
1121 2803 1489 2861 substantias
1547 2809 1872 2874 separatas.
1904 2807 2156 2863 Interest
2185 2811 2383 2863 tamen
2420 2807 2676 2877 qualiter
2706 2808 2779 2867 de

353 2875 695 2934 substantia
722 2874 915 2945 ipsius
968 2874 1279 2932 sentiatur.
1313 2874 1372 2930 Si
1404 2874 1564 2930 enim
1609 2880 1869 2945 ponatur
1896 2890 2030 2934 esse
2070 2877 2341 2949 quaedam
2382 2875 2570 2934 virtus
2597 2884 2778 2935 mate·-

353 2946 523 3003 rialis
551 2944 912 3016 generabilis
969 2950 1027 3001 et
1055 2944 1481 3025 corruptibilis,
1512 2949 1579 3001 ut
1633 2945 1873 3026 quidam
1923 2953 2273 3017 posuerunt,
2318 2948 2591 3019 sequitur
2659 2948 2778 3006 uod

354 3030 428 3074 ex
475 3030 589 3074 sua
653 3015 992 3074 substantia
1036 3015 1463 3074 determinatur
1525 3015 1621 3096 ad·
1675 3016 2125 3089 intelligendum
2201 3017 2551 3076 materialia.
2665 3018 2779 3076 nde

353 3099 603 3145 necesse
647 3091 758 3155 est,
832 3085 950 3144 uod
997 3086 1167 3144 nullo
1204 3085 1384 3143 modo
1430 3086 1767 3157 intelligere
1795 3087 1991 3157 possit
2030 3088 2400 3147 substantias
2447 3095 2776 3159 separataS,

352 3156 498 3228 quia
543 3157 793 3228 impossi
840 3157 919 3214 ile
948 3157 1060 3214 erit
1094 3157 1290 3228 ipsum
1322 3170 1458 3214 esse
1492 3162 1854 3227 separatum.
1887 3158 1947 3215 Si
1977 3164 2174 3216 autem
2205 3159 2547 3217 intellectus
2580 3159 2777 3230 possi-

351 3225 516 3295 biliS,
548 3228 820 3299 quamvis
849 3228 929 3285 sit
970 3228 1205 3298 corpori
1251 3228 1478 3298 umine,
1507 3235 1600 3285 cst
1632 3233 1831 3285 tamen
1861 3227 2353 3300 incorruptibiliS,
2384 3235 2442 3287 et
2469 3244 2505 3288 a
2530 3229 2781 3289 materia

353 3309 477 3354 non
507 3297 849 3368 dependens
896 3299 1224 3356 secundum
1264 3311 1442 3355 suum
1485 3312 1642 3367 esse,
1676 3299 1832 3356 sicut
1876 3312 1947 3356 su
1994 3314 2059 3356 ra
2086 3299 2213 3371 (lib.
2239 3314 2306 3369 11,
2335 3314 2467 3372 cap.
2501 3305 2569 3357 59
2600 3306 2659 3357 et
2687 3300 2776 3373 60)

353 3367 749 3448 ostendimuS,
775 3369 1045 3448 sequitur
1090 3369 1252 3440 quod
1301 3368 1590 3442 obligatio
1656 3369 1730 3426 ad
1799 3312 2223 3443 intelfigendas
2277 3384 2376 3427 res
2431 3371 2777 3452 materiales

352 3438 584 3495 accidat
628 3439 682 3497 ei
714 3453 787 3496 ex
837 3452 1060 3496 unione
1103 3438 1179 3496 ad
1208 3438 1640 3510 corpus‘unde
1670 3453 1806 3496 cum
1844 3440 2047 3498 anima
2089 3454 2127 3499 a
2152 3453 2401 3510 corpore
2442 3441 2570 3498 talit
2599 3441 2779 3498 suerit

351 3514 645 3580 separata,
678 3508 1018 3571 intellectus
1045 3509 1356 3591 possibilis
1406 3509 1742 3581 intelligere
1771 3511 1987 3580 poterit
2010 3524 2083 3568 ea
2108 3525 2241 3584 quae
2273 3516 2414 3568 sunt
2441 3511 2775 3570 secundum
2830 3537 2836 3587 2

350 3593 418 3638 se
461 3579 884 3651 intelligibilia,
938 3580 1168 3637 scilicet
1229 3580 1603 3638 substantias
1652 3586 1978 3651 separatas,
2034 3595 2139 3652 per
2184 3582 2387 3639 lumen
2437 3582 2777 3641 intellectus

345 3651 606 3777 aggnttis,
637 3650 799 3731 quod
828 3656 920 3708 est
965 3650 1302 3776 isimilitudo
1332 3650 1392 3707 in
1425 3651 1627 3708 anima
1673 3651 2098 3710 intellectualis
2127 3651 2378 3710 luminis
2405 3651 2567 3724 quod
2596 3657 2688 3710 est
2712 3652 2779 3710 in

351 3732 426 3777 su
469 3734 498 3777 s
527 3728 709 3779 antus
750 3735 815 3778 se
860 3735 963 3778 ara
989 3734 1063 3779 is.

423 3791 491 3846 Et
535 3791 663 3850 haec
687 3797 779 3849 est
815 3735 1116 3849 gementia
1140 3796 1361 3849 nostrae
1399 3790 1535 3849 ssdei
1568 3791 1640 3849 de
1667 3790 2057 3865 intelligendo
2080 3791 2450 3849 substantias
2473 3795 2780 3863 separatas

349 3872 391 3916 a
418 3859 593 3919 nobis
640 3866 777 3933 post
803 3867 1080 3931 mortem,
1109 3867 1166 3918 et
1213 3875 1334 3920 non
1375 3862 1439 3918 in
1479 3863 1590 3919 hac
1616 3862 1755 3920 vita.
1788 3863 1833 3934 (Ι
1857 3867 2030 3933 part..
2062 3876 2120 3934 q.
2148 3874 2441 3933 Lxxxvm,
2471 3868 2582 3922 art.
2613 3863 2689 3936 l.)

1306 4027 1560 4091 CAPUT
1617 4028 1822 4091 XLVI.

735 4195 883 4249 QUOD
918 4198 1109 4244 mma
1143 4197 1209 4244 m
1254 4198 1372 4243 HAG
1408 4197 1556 4243 vrrA
1591 4196 1713 4243 NON
1747 4197 2095 4244 lunulam
2128 4198 2395 4248 sursus.

421 4347 665 4407 Videtur
681 4353 875 4406 autem
900 4349 1221 4410 difficultas
1252 4350 1522 4423 quaedam
1557 4355 1766 4408 contra
1794 4349 2076 4421 praedicta
2104 4351 2301 4411 afferri
2328 4370 2399 4413 ex
2418 4354 2777 4429 quibusdam

349 4420 668 4495 Augustini
694 4419 891 4478 verbis
909 4434 1040 4493 quae
1060 4421 1379 4494 diligenter
1402 4420 1818 4494 pertractanda
1840 4426 2001 4481 sunt.
2020 4422 2172 4482 Dicit
2190 4425 2352 4483 enim
2372 4427 2437 4484 in
2461 4425 2780 4484 decimoDe
