3076 5025
482 265 587 320 634
1319 258 1453 314 ΠΒ.
1492 258 1586 326 w,
1626 257 1778 314 CAP.
1817 256 2074 313 Lxxxtx.

1374 525 1629 591 CAPUT
1666 526 2038 590 LXXXVIII.

1149 705 1231 753 DE
1263 705 1418 752 SEXU
1450 706 1528 751 m·
1563 705 1773 750 AETATE:
1808 704 2275 753 RESURGENTIUU.

557 873 692 931 Non
742 873 836 928 est
881 874 1083 928 tamen
1131 870 1550 928 aestimandum
1579 870 1737 942 quod
1769 869 1833 927 in
1875 868 2230 941 corporibus
2276 867 2725 941 resurgentium
2772 868 2837 928 de
2926 878 2937 887 ·

488 954 675 1004 sexus
703 940 1021 1009 semineuS,
1039 945 1107 998 ut
1129 940 1314 1013 aliqui
1341 947 1732 1012 putaverunt3
1763 940 1925 1013 quia,
1948 952 2132 1012 quum
2160 952 2267 1011 per
2283 940 2783 998 resurrectionem
2936 946 2945 955 '

490 1011 806 1084 reparandi
835 1010 1103 1069 derectus
1129 1018 1379 1081 natum,
1410 1011 1561 1068 nihil
1591 1025 1794 1068 eorum
1826 1024 1960 1084 quoe
1988 1011 2061 1069 ad
2091 1009 2519 1081 pei-sectionem
2551 1017 2780 1069 naturae

490 1083 704 1150 tinent,
732 1097 767 1140 a
798 1081 1152 1153 corporibus
1203 1083 1647 1154 resurgentium
1697 1081 2018 1139 auferetur.
2063 1082 2224 1140 Sicut
2252 1084 2453 1138 autem
2490 1080 2617 1138 alia
2656 1092 2837 1152 corpo

486 1154 755 1213 membra
782 1152 854 1210 ad
883 1152 1280 1225 integritatem
1309 1152 1556 1209 humani
1582 1153 1855 1223 corporis
1880 1151 2197 1224 pertinent,
2226 1150 2310 1208 ita
2330 1155 2389 1209 et
2412 1165 2484 1208 ea
2513 1165 2653 1223 quae
2680 1164 2827 1224 gene
2924 1176 2933 1185 ·

486 1224 640 1283 tioni
672 1222 1015 1281 deserviunt
1035 1229 1157 1281 tam
1195 1223 1260 1280 in
1282 1223 1574 1293 maribus,
1602 1236 1783 1297 quam
1810 1223 1876 1279 in
1900 1221 2164 1281 feminis.
2196 1222 2535 1294 Resurgent
2560 1235 2713 1294 ergo
2740 1235 2797 1281 m

489 1294 601 1353 bra
628 1292 973 1365 hujusmodi
1005 1293 1068 1351 in
1098 1293 1394 1366 utrisque.

557 1367 761 1436 Neque
793 1372 988 1421 tamen
1038 1364 1182 1422 huic
1209 1364 1409 1421 obviat
1432 1363 1593 1438 quod
1623 1376 1779 1423 usus
1824 1362 2041 1422 borum
2090 1361 2499 1422 membrorum
2548 1375 2679 1421 non
2707 1363 2832 1432 erit,
2857 1368 2917 1423 ut

489 1447 676 1506 supra
701 1434 853 1507 (cap.
886 1434 975 1506 85)
1006 1439 1317 1492 ostensum
1347 1438 1476 1504 est;
1508 1434 1669 1508 quia,
1699 1434 1751 1491 si
1782 1438 2024 1506 propter
2050 1431 2168 1491 hoc
2193 1433 2484 1515 membra·
2511 1433 2574 1489 in
2610 1446 2916 1507 resurgen-

489 1504 655 1562 tibus
685 1518 806 1562 non
834 1510 1030 1573 erunt,
1057 1505 1187 1576 pari
1217 1505 1446 1563 ratione
1475 1518 1589 1562 nec
1618 1505 1821 1563 omnia
1867 1503 2138 1562 membra
2165 1517 2299 1577 quae
2327 1509 2705 1562 nutrimento
2727 1504 2913 1563 deser-

383 1578 388 1585 ‘
487 1575 660 1633 viunt
692 1576 755 1632 in
779 1574 1234 1647 resurgentibus
1255 1580 1479 1645 essent,
1500 1575 1644 1647 quia
1670 1589 1781 1632 nec
1795 1575 2066 1633 ciborum
2087 1586 2237 1633 usus
2254 1580 2393 1646 post
2421 1575 2913 1633 resurrectionem

490 1645 623 1705 erit.
675 1644 772 1703 Sic
811 1646 998 1717 igitur
1039 1658 1260 1718 magna
1309 1657 1452 1717 pars
1502 1646 1905 1704 membrorum
1968 1645 2205 1727 corpori
2247 1645 2623 1717 resurgentis
2675 1644 2917 1704 deesset.

491 1717 679 1773 Erunt
704 1716 882 1787 igitur
927 1716 1132 1774 omnia
1165 1715 1434 1775 membra
1460 1715 1829 1788 huiusmodi,
1857 1728 2134 1789 quamvis
2155 1727 2364 1773 eorum
2394 1728 2546 1773 usus
2574 1728 2703 1773 non
2733 1717 2831 1785 sit,
2852 1713 2921 1774 ad

490 1786 896 1857 integritatem
927 1786 1219 1844 naturalis
1247 1787 1516 1859 corporis
1546 1786 1970 1845 restituendam
2006 1804 2022 1843 ε
2052 1785 2211 1844 unde
2240 1786 2462 1844 frustra
2491 1799 2621 1842 non
2650 1792 2841 1844 erunt.

561 1857 846 1913 Similiter
889 1857 1068 1914 etiam
1097 1868 1208 1914 nec
1236 1856 1554 1916 infirmitas
1584 1856 1826 1915 feminei
1857 1870 2040 1915 sexus
2064 1856 2451 1928 perfectionis
2482 1858 2917 1930 resurgentium

490 1924 710 1983 obviat.
757 1930 888 1985 Non
942 1928 1103 1984 enim
1148 1930 1242 1985 est
1283 1926 1603 1986 infirmitas
1647 1942 1752 1999 per
1798 1940 2105 1987 recessum
2159 1939 2196 1985 a
2241 1931 2475 1994 natura,
2507 1927 2618 1984 sed
2663 1934 2923 1986 anatim

490 1995 724 2053 intenta
751 2014 769 2048 ε
797 2004 857 2053 et
884 1997 1020 2066 ipsa
1047 1997 1227 2053 etiam
1256 2004 1484 2056 naturae
1512 1998 1821 2056 distinctio
1850 1998 1914 2055 in
1941 1996 2225 2057 omnibus
2242 1998 2677 2068 perfectionem
2710 2004 2923 2057 natum

498 2063 953 2134 demonstrabit,
983 2072 1043 2124 et
1070 2066 1333 2125 divinam
1361 2068 1718 2139 sapientiam
1748 2068 2000 2127 omnino
2027 2080 2164 2127 cum
2191 2067 2453 2141 quodam
2481 2068 2701 2126 ordine
2731 2068 2917 2141 dispo-

497 2141 737 2195 nentem
767 2136 1230 2194 commendabit.

565 2207 685 2264 Nec
718 2206 896 2263 etiam
937 2207 1100 2279 cogit
1140 2207 1215 2265 ad
1243 2204 1361 2267 boc
1385 2206 1634 2265 verbum
1671 2207 1942 2280 Apostoli
1969 2208 2133 2282 quod
2160 2209 2306 2266 dicit
2326 2210 2399 2267 ad
2432 2210 2679 2280 EpheS.,
2701 2223 2791 2280 Π,
2821 2212 2921 2269 12:

489 2276 666 2333 Donec
688 2291 1034 2332 occurramus
1063 2292 1243 2334 omnes
1269 2279 1330 2333 in
1355 2280 1620 2334 unitatem
1646 2281 1794 2348 fidei,
1826 2284 1878 2335 et
1898 2282 2195 2348 cunittonis
2219 2281 2354 2336 Filii
2376 2283 2494 2344 Dei,
2521 2283 2585 2335 in
2609 2283 2795 2337 virum
2813 2295 2925 2352 pa*

493 2346 716 2413 tectum,
745 2348 806 2401 iu
831 2361 1144 2403 mensuram
1168 2349 1346 2403 aetatis
1372 2349 1744 2418 plenitudinis
1783 2350 2007 2408 Christi.
2037 2352 2168 2408 Non
2202 2351 2362 2407 enim
2392 2349 2511 2407 hoc
2539 2350 2679 2409 ideo
2710 2352 2923 2410 dictum
3028 2372 3029 2387 ¹

494 2421 590 2474 est
616 2416 775 2487 quod
804 2416 1055 2496 quilibet
1083 2418 1145 2474 in
1175 2417 1280 2475 illo
1312 2431 1567 2476 occursu
1597 2433 1717 2491 quo
1747 2426 2131 2491 resurgentes
2157 2420 2403 2477 exibunt
2431 2420 2674 2478 obviam
2702 2422 2926 2480 Christo

491 2484 558 2544 in
589 2500 730 2567 aera
780 2492 857 2545 sit
887 2499 1095 2568 sexum
1126 2488 1356 2547 virilem
1387 2489 1741 2570 habituru83
1778 2492 1885 2550 sed
1939 2491 2013 2549 ad
2041 2489 2474 2572 designandam
2506 2492 2923 2562 perfectionem

491 2557 771 2614 Ecclesiae
800 2562 858 2614 et
887 2564 1164 2617 virtutem
1193 2575 1207 2612 ε
1239 2565 1361 2617 tota
1392 2573 1549 2618 enim
1598 2562 1864 2620 Ecclesia
1888 2562 1999 2619 erit
2027 2575 2199 2633 quasi
2230 2561 2322 2618 vir
2362 2563 2668 2634 perfectus
2697 2564 2924 2622 Christo

494 2639 838 2708 occurrens,
864 2634 932 2686 ul
980 2642 1055 2687 ex
1100 2629 1571 2708 praece-dentibus
1622 2636 1680 2689 et
1735 2632 2126 2705 sequentibus
2176 2637 2355 2704 patet.
2389 2635 2454 2690 ln
2509 2637 2683 2691 aetate
2736 2641 2924 2692 autem

499 2695 733 2777 Christi,
763 2711 896 2770 quae
947 2704 1042 2757 est
1089 2703 1234 2758 aetas
1275 2700 1583 2771 iuvenilis,
1614 2706 1847 2771 oportet
1897 2715 2109 2762 omnes
2163 2716 2478 2775 resurgere
2523 2710 2774 2776 propter
2798 2718 2919 2777 per·
3024 2741 3025 2744 =

494 2765 814 2825 sectionem
862 2771 1087 2848 naturjae
1132 2783 1266 2841 quae
1294 2769 1358 2828 in
1404 2770 1516 2829 hac
1564 2772 1697 2830 sola
1746 2778 1914 2832 aetate
1965 2771 2244 2831 consistit
2276 2788 2290 2828 ε
2323 2773 2569 2844 puerilis
2595 2777 2765 2833 enim
2793 2781 2923 2833 aetas

490 2837 758 2895 nondum
813 2838 1238 2918 perfectionem
1289 2845 1520 2920 naturae
1574 2848 1901 2901 consecuta
1944 2848 2039 2901 est
2076 2856 2184 2914 per
2226 2857 2300 2901 au
2350 2851 2619 2902 mentum
2644 2863 2660 2913 ;
2714 2846 2920 2904 senilis
3022 2883 3023 2908 i

489 2920 632 2966 vero
658 2913 803 2969 estas
823 2921 948 2981 iam
972 2908 1047 2967 ab
1074 2922 1152 2968 eo
1176 2915 1427 2969 recessit
1452 2918 1691 2984 propter
1724 2913 2190 2973 decrementum.
2222 2912 2273 2986 (1
2349 2915 2524 2984 Sem„
2557 2915 2705 2974 dist.
2738 2916 2919 2986 mv.)

1407 3127 1665 3195 CAPUT
1699 3130 2017 3197 LXXXIX.

832 3302 914 3349 DE
949 3302 1280 3357 otiamur:
1314 3305 1623 3353 CORPORUH
1658 3307 2111 3357 RESURGENTmlt
2142 3312 2205 3360 m
2241 3313 2565 3361 limans.

559 3466 773 3547 lix-liis
817 3472 1018 3525 autem
1067 3468 1502 3528 rationabiliter
1538 3472 1925 3532 considerare
2012 3487 2299 3536 ossumus
2348 3476 2549 3549 qualis
2601 3478 2805 3538 futura
2844 3480 2912 3538 sit

485 3536 752 3616 conditio
780 3550 1099 3608 corporum
1130 3541 1572 3612 resurgentium
1595 3543 1654 3623 in
1683 3489 2063 3605 damuaucRs.
2088 3549 2329 3619 Oportet
2354 3549 2512 3605 enim
2545 3547 2654 3606 illa
2672 3561 2912 3621 corpora

482 3606 801 3665 animabus
847 3608 1324 3688 damnandorum
1419 3616 1829 3683 ropoitionala
1887 3629 2043 3674 esse.
2081 3619 2309 3675 Animae
2364 3622 2565 3675 autem
2624 3621 2907 3679 malorum

487 3683 761 3734 naturam
790 3678 1038 3759 quidem
1060 3678 1281 3738 bonam
1309 3680 1386 3738 ha
1431 3687 1553 3748 ent,
1585 3691 1787 3755 utpote
1815 3699 1850 3743 a
1892 3687 2014 3744 Deo
2061 3695 2360 3758 creatam;
2402 3687 2507 3746 sed
2551 3690 2906 3749 voluntatem

484 3744 791 3804 habebunt
845 3750 1246 3831 inordinatam
1313 3756 1371 3809 et
1417 3767 1453 3809 a
1507 3751 1627 3811 fine
1684 3756 1928 3826 proprio
1977 3757 2371 3816 deiicientem.
2428 3761 2695 3831 Corpora
2744 3761 2907 3834 igitur

484 3829 715 3899 eorum,
736 3825 1022 3889 quantum
1053 3820 1211 3879 adid
1238 3820 1400 3894 quod
1429 3826 1656 3882 naturae
1686 3832 1795 3889 est,
1829 3827 2066 3901 integra
2094 3830 2546 3900 reparabuntur,
2578 3832 2729 3902 quia
2759 3831 2903 3889 vide-

479 3884 706 3944 licetin
751 3894 919 3946 aelate
961 3891 1221 3971 perfecta
1261 3900 1574 3966 resurgent
1603 3897 1828 3967 alisque
1875 3899 2039 3955 omni
2076 3898 2467 3958 diminutione
2509 3903 2901 3961 membrorum
2966 3959 2975 3968 ‚

478 3962 538 4035 et
567 3958 791 4039 absque
820 3973 982 4017 omni
1010 3960 1242 4019 defectu
1274 3969 1332 4019 et
1354 3965 1759 4035 corruptione,
1787 3982 1961 4039 quem
1998 3982 2166 4027 error
2193 3977 2439 4032 naturis.
2469 3978 2575 4028 aut
2602 3971 2901 4031 infirmitas

477 4030 823 4113 introduxit.
859 4030 1021 4088 Unde
1065 4033 1389 4114 Apostolus
1435 4034 1599 4099 dicit,
1629 4038 1653 4093 Ι
1682 4036 1754 4094 ad
1787 4038 2074 4108 Corinth„
2106 4052 2211 4110 xv,
2255 4045 2323 4098 52
2350 4059 2365 4098 z
2395 4044 2603 4097 Mer-tui

477 4105 814 4168 incorrupt23
834 4100 1006 4180 ‚quod
1051 4104 1432 4184 manifestum
1462 4112 1557 4162 est
1599 4107 1671 4164 de
1702 4109 1985 4168 omnibus
2016 4110 2230 4169 debere
2276 4112 2527 4183 intelligi
2560 4117 2683 4170 tam
2715 4113 2893 4174 bonis.

478 4179 657 4245 quam
708 4172 903 4239 malis,
931 4187 1006 4230 ex
1052 4172 1148 4253 liis
1194 4188 1327 4247 quae
1380 4175 1718 4245 praeoedunl
1771 4185 1825 4235 et
1879 4187 2215 4253 sequuntur
2243 4183 2303 4239 in
2337 4183 2552 4239 littera.
2594 4184 2749 4252 Quia
2776 4193 2895 4239 vero

479 4249 680 4315 anima
726 4253 931 4298 eorum
980 4248 1092 4299 erit
1141 4244 1469 4302 secundum
1519 4248 1886 4306 voluntatem
1929 4264 1967 4307 a
2013 4254 2134 4309 Deo
2163 4266 2391 4318 aversa.
2421 4258 2480 4309 et
2524 4253 2643 4311 line
2673 4255 2889 4325 proprio
2966 4251 2973 4316 ἶ

479 4304 781 4386 destituta,
814 4325 1021 4370 eorum
1073 4328 1324 4394 corpora
1365 4322 1704 4395 nonerunt
1747 4321 2105 4392 spiritualia,
2155 4324 2330 4394 quasi
2379 4322 2613 4393 spiritui
2665 4324 2890 4382 omnino

480 4375 767 4449 subiecta,
797 4381 904 4437 sed
935 4396 1126 4455 magis
1157 4398 1364 4443 eoi-um
1414 4399 1616 4445 anima
1663 4403 1770 4461 per
1798 4388 2076 4451 affectum
2124 4395 2239 4451 erit
2274 4394 2557 4452 carnalis.
2612 4397 2733 4455 Nec
2776 4395 2892 4466 ipsa
