3076 5025
1036 331 1172 388 Lm.
1209 331 1302 400 w,
1339 331 1495 389 GAP.
1534 332 1752 387 Lxxxl.
2504 336 2600 390 521

172 450 430 524 agentis.
463 450 746 519 Quamvis
776 449 963 522 igitur
995 451 1340 532 operatione
1376 458 1605 510 naturae
1628 452 1746 511 hoe
1767 453 1897 511 fieri
1922 467 2044 512 non
2073 454 2270 525 possit
2294 460 2358 511 ut
2387 469 2606 526 corpus

170 527 521 590 corruptum
550 526 856 591 reparetur
882 522 955 578 ad
987 528 1189 589 vitam,
1214 528 1411 579 tamen
1443 523 1657 580 vii-tute
1685 523 1885 582 divina
1931 523 1990 582 id
2037 523 2164 581 fieri
2218 531 2428 595 potest.
2460 530 2605 584 Nam

171 592 331 721 quod
368 596 581 649 natura
609 592 722 648 hoc
754 592 943 649 facere
974 606 1096 649 non
1139 593 1354 664 possit,
1396 591 1532 651 ideo
1582 598 1694 661 est,
1753 595 1894 666 quia
1952 601 2166 652 natura
2218 608 2452 665 semper
2508 610 2612 667 per

205 675 436 720 ormam
471 662 729 733 aliquam
760 668 1080 732 operatur3
1112 662 1270 735 quod
1303 669 1499 721 autem
1548 663 2030 732 babett'ormam,
2078 665 2202 737 jain
2247 673 2338 723 est
2390 683 2402 721 :
2456 666 2610 723 unde

173 733 327 791 nihil
357 732 628 803 seipsum
676 746 961 804 generare
992 738 1208 804 potest,
1240 733 1347 792 sed
1380 742 1627 805 generat
1655 734 1880 807 aliquid
1909 733 2071 791 aliud
2122 734 2238 792 sibi
2282 737 2612 793 secundum

176 804 441 876 speciem
473 803 704 872 simile3
738 817 872 861 cum
900 817 1041 861 vero
1070 811 1417 876 corruptum
1460 810 1574 873 est,
1633 804 1887 863 sormam
1941 804 2162 873 amisit,
2212 820 2343 877 quae
2388 809 2617 875 poterat

143 887 314 933 esse
343 873 596 932 actionis
631 873 982 944 principium
1016 889 1031 927 t
1068 874 1228 932 unde
1277 876 1626 946 operatione
1666 879 1912 945 naturae,
1934 876 2094 947 quod
2134 882 2479 945 corruptum
2527 881 2619 934 est

177 944 334 1004 idem
373 957 622 1002 numero
651 945 909 1015 reparari
941 958 1061 1002 non
1089 950 1304 1016 potest.
1337 944 1451 1003 Sed
1484 946 1682 1003 divina
1711 946 1919 1015 virtus,
1951 959 2085 1017 quoe
2111 959 2208 1003 res
2237 948 2515 1015 produxit
2555 950 2620 1007 in

179 1028 339 1083 esse,
379 1015 472 1071 sic
503 1028 604 1085 per
632 1023 904 1073 naturam
934 1022 1213 1088 operatur
1255 1015 1412 1088 quod
1451 1016 1678 1088 absque
1708 1030 1779 1074 ea
1811 1014 2087 1074 effectum
2119 1023 2344 1074 naturae
2401 1019 2621 1090 produ·

177 1100 312 1144 cere
341 1090 563 1155 potest,
593 1090 654 1142 ut
685 1098 753 1142 sii
801 1085 960 1143 erius
992 1086 1053 1166 (l.
1080 1099 1172 1156 iii,
1202 1100 1332 1157 cap.
1365 1085 1455 1158 99)
1492 1091 1802 1144 ostensum
1833 1092 1926 1144 est
1971 1104 1986 1143 ε
2040 1086 2216 1155 unde,
2246 1102 2381 1144 cum
2434 1090 2621 1151 virtus

179 1156 383 1214 divina
413 1161 650 1213 maneat
675 1170 745 1212 ea
788 1167 913 1227 em,
938 1160 1115 1214 etiam
1144 1157 1325 1215 rebus
1352 1158 1675 1227 corruptis,
1695 1163 1893 1228 potest
1917 1163 2200 1229 eoi-rupta
2231 1157 2295 1215 in
2321 1157 2622 1232 integrum

179 1241 244 1285 re
288 1240 481 1284 arare.

299 1297 421 1354 uod
452 1310 593 1355 vero
620 1296 890 1355 secundo
920 1296 1313 1368 objiciebatur
1339 1295 1629 1366 impedire
1656 1311 1779 1356 non
1827 1300 2025 1369 potest
2066 1298 2209 1369 quin
2240 1298 2422 1357 homo
2461 1300 2622 1360 idem

177 1380 433 1425 numero
465 1381 777 1438 resurgere
807 1369 1024 1439 possit.
1051 1369 1292 1424 Nullum
1321 1368 1482 1423 enim
1511 1368 1939 1439 principiorum
1969 1369 2382 1426 essentialium
2427 1370 2622 1429 homi·

180 1438 274 1495 nis
305 1452 416 1508 per
446 1444 697 1494 mortem
729 1439 977 1496 omnino
1008 1437 1164 1496 cedit
1195 1439 1255 1493 in
1288 1438 1547 1494 nihilum
1578 1456 1591 1493 ε
1629 1451 1767 1495 nam
1789 1439 1991 1496 anima
2013 1439 2343 1507 rationalis,
2371 1454 2503 1513 quae
2531 1447 2626 1501 est

181 1506 375 1565 foi-ma
407 1507 697 1577 hominis,
725 1515 926 1565 manet
952 1513 1091 1581 post
1116 1514 1389 1575 mortem,
1423 1514 1486 1563 ut
1514 1510 1794 1579 superius
1818 1508 1940 1579 (lib.
1978 1522 2044 1575 11,
2074 1523 2203 1580 cap.
2248 1515 2320 1567 79
2381 1519 2472 1568 est
2524 1526 2623 1571 os·

181 1582 459 1646 tensum;
490 1579 739 1636 materia
775 1579 950 1637 etiam
984 1585 1183 1635 manet
1209 1591 1341 1649 quae
1390 1577 1493 1635 tali
1525 1581 1729 1637 t‘ormae
1774 1580 1884 1636 fuit
1919 1578 2189 1650 subjecta
2234 1593 2307 1638 su
2394 1582 2623 1641 dimen-

182 1648 464 1706 sionibus
494 1649 718 1706 eisdem
771 1663 844 1707 ex
868 1649 1089 1720 quibus
1121 1647 1376 1706 habebat
1410 1654 1472 1705 ut
1498 1656 1660 1706 esset
1686 1649 2067 1707 individualis
2094 1651 2362 1708 materia.
2386 1654 2465 1708 Ex
2481 1667 2624 1711 con-

186 1719 493 1776 ‘unctione
523 1719 706 1791 igitur
724 1718 993 1790 ejusdem
1023 1719 1235 1776 animae
1265 1731 1517 1776 numero
1550 1719 1619 1775 ad
1668 1720 1933 1778 eamdem
1988 1721 2295 1779 materiam
2350 1736 2620 1789 numero,

225 1802 370 1847 omo
408 1802 564 1847 unus
598 1803 847 1847 numero
877 1789 1266 1861 reparabitur.
1302 1790 1679 1858 corporeitas
1711 1796 1906 1848 autem
1938 1790 2253 1861 dupliciter
2290 1794 2473 1866 accipi
2518 1808 2625 1865 po-

181 1864 318 1917 test.
355 1861 484 1915 Uno
514 1861 692 1917 modo
722 1861 1052 1918 secundum
1124 1859 1239 1916 uod
1271 1865 1363 1916 est
1391 1860 1584 1917 forma
1625 1861 2049 1919 substantialis
2089 1864 2360 1932 corporis
2383 1907 2397 1930 ,
2452 1871 2627 1934 prout

175 1930 240 1988 in
317 1944 540 2002 genere
616 1930 963 1989 substantiae
1031 1944 1103 1987 co
1133 1930 1361 1986 locatur
1387 1947 1403 1997 ;
1466 1936 1524 1985 et
1588 1931 1679 1988 sic
1746 1931 2115 2002 corporeitas
2185 1932 2614 2007 cujuscumque

179 2002 455 2071 corporis
487 2000 634 2057 nihil
662 2008 754 2059 est
783 2001 944 2059 aliud
974 2014 1150 2072 quam
1180 2001 1369 2058 forma
1393 1999 1810 2059 substantialis
1828 2002 1959 2073 ejus
1984 2002 2312 2060 secundum
2344 2019 2523 2076 quam
2551 2006 2614 2062 in

172 2084 398 2143 genere
429 2077 483 2128 et
514 2072 712 2141 specie
741 2073 1099 2138 collocatum
1151 2085 1224 2127 ex
1260 2084 1376 2142 qua
1423 2071 1671 2127 debetur
1712 2073 1797 2128 rei
1852 2074 2145 2142 corporali
2190 2073 2350 2145 quod
2401 2074 2618 2133 habeat

173 2149 298 2198 tres
330 2140 760 2200 dimensiones.
790 2143 920 2199 Non
949 2142 1109 2198 enim
1140 2146 1280 2199 sunt
1307 2142 1557 2198 diversae
1584 2142 1791 2200 formae
1818 2141 2248 2202 substantiales
2292 2143 2351 2200 in
2386 2159 2507 2203 uno
2559 2152 2617 2202 et

173 2212 413 2279 eodem,
449 2226 550 2283 per
577 2226 826 2285 quarum
859 2225 1040 2270 unam
1068 2212 1395 2269 collocatur
1422 2212 1485 2267 in
1515 2226 1734 2284 genere
1761 2226 2062 2282 supreme,
2080 2220 2223 2283 puta
2240 2215 2612 2286 substantiae,

173 2289 235 2342 et
264 2295 371 2354 per
401 2284 575 2340 aliam
609 2283 669 2340 in
699 2297 914 2355 genere
942 2283 1237 2355 proximO,
1263 2287 1410 2361 puta
1437 2282 1498 2337 in
1551 2296 1771 2352 genere
1801 2284 2133 2354 corporalis
2171 2285 2261 2340 vel
2311 2287 2612 2353 animalis,

174 2358 236 2413 et
254 2366 364 2425 per
393 2354 569 2412 aliam
604 2354 663 2410 in
696 2353 914 2425 specie,
947 2359 1087 2422 puta
1113 2352 1375 2409 hominis
1423 2358 1525 2431 aut
1553 2353 1690 2423 equi
1718 2371 1731 2418 ;
1761 2354 1921 2431 quia,
1949 2354 2000 2408 si
2033 2355 2224 2432 prima
2241 2356 2430 2411 forma
2462 2360 2615 2412 tace—

174 2428 267 2484 ret
295 2436 435 2481 esse
465 2424 884 2491 substantiam,
916 2429 1237 2493 sequentes
1266 2422 1470 2477 sormae
1491 2435 1616 2491 Jam
1659 2420 2005 2500 advenirent
2041 2436 2105 2501 ‚ei
2148 2423 2309 2492 quod
2364 2430 2453 2481 est
2502 2426 2616 2484 boc

176 2493 410 2566 aliquid
440 2496 503 2552 in
534 2503 668 2553 actu
714 2501 774 2552 et
801 2492 1142 2551 subsistens
1172 2491 1231 2549 in
1291 2497 1538 2558 natura;
1584 2494 1644 2547 et
1692 2504 1782 2548 sic
1830 2499 2195 2563 posteriores
2244 2493 2447 2552 formae
2494 2509 2616 2553 non

175 2568 447 2626 facerent
478 2568 592 2623 boc
628 2563 871 2638 aliquid,
901 2563 1007 2621 sed
1038 2566 1243 2620 essent
1269 2561 1328 2616 in
1355 2560 1624 2632 subjecto
1654 2561 1815 2633 quod
1864 2569 1953 2619 est
1998 2563 2113 2621 lioc
2159 2563 2406 2636 aliquid,
2456 2566 2614 2624 sicut

172 2639 389 2696 formae
433 2637 852 2694 accidentales,
902 2636 1143 2705 Oportet
1188 2631 1372 2711 igitur
1419 2630 1579 2704 quod
1626 2634 2013 2703 corporeitas
2065 2640 2244 2713 proiit
2289 2641 2381 2692 est
2422 2637 2617 2696 forma

175 2706 691 2769 substanti-atisin
723 2704 987 2772 homine,
1022 2716 1146 2760 non
1175 2709 1254 2760 sit
1281 2702 1442 2758 aliud
1491 2715 1671 2773 quam
1720 2704 1922 2760 anima
1972 2705 2306 2772 rationaliS,
2365 2720 2496 2777 quae
2547 2708 2609 2764 in

177 2792 302 2840 sua
333 2778 578 2835 materia
610 2777 724 2834 hoc
753 2790 815 2833 re
863 2775 1000 2832 uirit
1027 2773 1186 2846 quod
1217 2771 1432 2829 habeat
1469 2777 1592 2829 tres
1623 2771 2052 2838 dimensiones,
2098 2781 2190 2831 est
2239 2775 2395 2831 enim
2446 2782 2616 2837 actus

175 2851 457 2923 corporis
485 2849 758 2919 alicujus.
789 2852 835 2903 Α
863 2846 921 2903 io
952 2845 1132 2902 modo
1152 2843 1437 2913 accipitur
1464 2845 1854 2913 corporeitas,
1896 2851 2073 2915 proiit
2094 2852 2187 2901 est
2223 2846 2412 2903 t'orma
2465 2848 2615 2904 acci-

178 2922 466 2986 dentalis,
495 2917 824 2977 secundum
852 2929 1031 2989 quam
1057 2914 1274 2973 dicitur
1300 2927 1517 2985 corpus
1538 2927 1675 2971 esse
1704 2914 1765 2971 in
1781 2929 2000 2988 genere
2029 2916 2375 2987 quantitatis
2400 2934 2414 2983 ;
2447 2917 2617 2975 etsie

175 2991 559 3065 corporeitas
590 2989 738 3045 nibil
764 2987 925 3046 aliud
956 2991 1049 3045 est
1084 2998 1259 3058 quam
1286 2990 1407 3042 tres
1437 2984 1847 3043 dimensiones
1867 3000 1998 3054 quae
2028 2988 2298 3056 corporis
2326 2988 2617 3045 rationem

175 3064 578 3122 constituunt.
607 3060 727 3116 Etsi
757 3059 938 3131 igitur
966 3057 1093 3115 haec
1121 3057 1485 3127 corporeitas
1507 3056 1569 3111 in
1602 3055 1854 3114 nihilum
1882 3055 2055 3122 cedit,
2089 3071 2335 3127 corpore
2355 3058 2619 3116 humano

177 3145 487 3203 corruptO,
517 3136 716 3187 tamen
745 3128 1029 3200 impedire
1073 3141 1194 3183 non
1227 3130 1441 3253 ‘potest
1483 3125 1627 3206 quin
1677 3124 1832 3206 idem
1890 3141 2144 3207 numero
2192 3133 2489 3201 resurgat,
2547 3143 2617 3188 eo

175 3205 343 3278 quod
375 3201 738 3282 corporeitas
767 3199 946 3257 modo
984 3198 1185 3269 ‘primo
1237 3203 1387 3278 “ic-ta
1424 3209 1656 3277 non-in
1710 3197 1967 3278 nihilum
2017 3199 2193 3264 cedit,
2252 3199 2357 3257 sed
2413 3199 2617 3258 eadem

176 3278 408 3335 manet.
436 3272 717 3330 Similiter
744 3273 922 3327 etiam
953 3269 1144 3326 forma
1170 3274 1331 3324 mixti
1356 3267 1672 3337 dupliciter
1693 3280 1884 3339 accipi
1916 3274 2131 3339 potest.
2165 3270 2294 3326 Uno
2340 3271 2521 3328 modo
2551 3276 2615 3328 ut

176 3360 294 3420 per
323 3345 573 3403 formam
605 3341 770 3398 mixti
813 3340 1182 3410 intelligatur
1206 3338 1398 3395 foi-ma
1426 3337 1840 3416 substantialis
1869 3340 2141 3411 corporis
2171 3340 2372 3408 mixti3
2424 3345 2482 3397 et
2506 3341 2618 3410 sic,

176 3415 408 3477 cumin
442 3416 682 3471 boinine
709 3424 831 3469 non
856 3412 934 3469 sit
962 3410 1083 3468 alia
1113 3410 1306 3466 forma
1334 3407 1750 3466 substantialis
1804 3422 1983 3482 quam
2036 3409 2241 3467 anima
2284 3412 2618 3481 rationalis,

175 3492 251 3547 ut
282 3491 596 3546 ostensum
619 3486 712 3540 est
738 3481 864 3554 (lib.
896 3494 939 3549 1,
969 3494 1099 3552 cap.
1132 3483 1244 3552 58),
1277 3492 1386 3535 nec
1414 3478 1632 3559 poterit
1657 3477 1770 3535 dici
1817 3479 2199 3560 quod-forma
2229 3480 2419 3560 mixti,
2447 3487 2623 3551 proiit

175 3562 283 3617 est
312 3560 506 3614 forma
534 3551 969 3614 substantialis,
1000 3550 1244 3608 homine
1277 3554 1586 3618 moriente,
1634 3551 1805 3606 cedat
1833 3563 1896 3606 in
1938 3550 2216 3607 nihilum.
2263 3552 2394 3608 Alio
2442 3551 2619 3609 modo

178 3629 408 3688 dicitur
437 3628 625 3684 forma
652 3624 819 3681 mixti
846 3621 1103 3695 qualitas
1128 3619 1395 3694 quaedam
1419 3621 1773 3689 composita,
1805 3626 1865 3676 et
1890 3627 2332 3693 contemperata
2370 3636 2441 3677 ex
2472 3622 2619 3677 mix-

175 3699 355 3758 tione
380 3696 739 3766 simplicium
772 3693 1144 3765 qualitatum,
1173 3705 1305 3763 quae
1333 3691 1415 3748 ita
1434 3705 1500 3748 se
1533 3691 1746 3747 habeut
1772 3690 1847 3748 ad
1882 3691 2133 3748 sormam
2162 3691 2614 3748 substantialem

175 3771 462 3840 corporis
492 3767 657 3823 mixti
688 3764 842 3822 sicut
870 3777 936 3820 se
967 3762 1146 3820 habet
1172 3762 1431 3833 qualitas
1457 3762 1711 3831 simplex
1735 3760 1810 3818 ad
1862 3761 2114 3820 formam
2161 3762 2617 3819 substantialem

178 3835 810 3910 corporissimplicis.
846 3834 1030 3904 Unde,
1062 3834 1114 3891 si
1141 3832 1330 3888 forma
1368 3832 1674 3903 mixtionis
1716 3832 1807 3887 sic
1844 3831 2003 3889 dicta
2028 3832 2089 3889 in
2136 3831 2387 3888 nihilum
2430 3831 2619 3898 cedat,

176 3923 311 3970 non
344 3907 685 3980 praejudicat
714 3905 921 3962 unitati
943 3904 1213 3974 corporis
1261 3902 1649 3975 resurgentis.
1700 3901 1795 3958 Sic
1841 3905 2019 3960 etiam
2071 3901 2385 3959 dicendum
2427 3909 2526 3982 ⁴est
2569 3907 2627 3959 ct

178 3981 262 4040 de
283 3988 446 4050 parte
482 3976 759 4043 nutritiva,
782 3982 841 4032 et
869 3974 1175 4033 sensitiva.
1197 3973 1258 4030 Si
1284 3973 1441 4028 enim
1462 3988 1565 4043 pei·
1587 3978 1806 4041 partem
1831 3972 2177 4030 sensitivam
2202 3978 2259 4028 et
2285 3978 2624 4031 nutritivam

179 4050 603 4121 intelligantur
626 4048 771 4117 ipsae
803 4045 1098 4116 potentiae,
1131 4057 1262 4116 quae
1305 4050 1448 4100 sunt
1489 4043 1884 4113 proprietates
1934 4043 2239 4099 naturales
2265 4042 2504 4108 animae,
2534 4045 2627 4099 vel

179 4119 388 4190 magis
418 4117 753 4189 compositi,
784 4121 1065 4186 corrupto
1091 4127 1361 4242 corgore,
1385 4119 1886 4184 corrumpuntur;
1944 4125 2077 4193 nec¹
2098 4119 2293 4192 tamen
2350 4127 2455 4194 pei·
2511 4114 2621 4170 boc

182 4190 513 4261 impeditur
543 4191 741 4245 unitas
773 4186 1164 4258 resurgentis.
1241 4201 1257 4241 i
1311 4197 1449 4240 vero
1500 4198 1604 4254 per
1658 4189 1851 4254 partes
1899 4182 2212 4254 praedictas
2256 4186 2626 4255 intelligatur

181 4262 324 4334 ipsa
350 4258 684 4317 substantia
713 4257 926 4314 animae
956 4256 1254 4313 sensitivae
1282 4262 1341 4310 et
1369 4255 1686 4322 nutritivae,
1721 4261 1968 4326 utraque
2015 4266 2218 4311 earum
2277 4258 2369 4311 est
2419 4257 2624 4312 eadem

187 4345 330 4389 cum
365 4333 562 4387 anima
594 4328 866 4385 rationali
902 4339 1065 4384 :non
1104 4327 1259 4384 enim
1312 4329 1454 4382 sunt
1501 4324 1562 4380 in
1614 4324 1850 4380 bomine
1894 4328 2015 4381 tres
2062 4327 2294 4387 animoa,
2344 4325 2448 4383 sed
2509 4336 2622 4378 uria

187 4407 451 4466 tantum,
480 4407 546 4456 ut
573 4400 634 4456 in
659 4397 926 4456 secundo
950 4397 1104 4454 libro
1134 4404 1441 4454 ostensum
1474 4401 1584 4451 est.
1639 4397 1718 4450 De
1763 4394 2123 4452 humanitate
2168 4411 2305 4452 vero
2354 4407 2472 4450 non
2536 4396 2622 4447 est

185 4471 655 4545 intelligendum
680 4467 840 4544 quod
865 4467 947 4527 sit
975 4466 1248 4542 quaedam
1270 4468 1460 4524 forma
1475 4478 1851 4537 consurgens
1871 4479 1945 4523 ex
1964 4467 2384 4538 conjitiiezione
2420 4466 2619 4518 toi-inae
