3076 5025
1004 303 1137 359 LlB.
1174 305 1247 371 ΙΙ,
1287 303 1439 359 CAP-
1479 301 1637 360 Lvll.
2440 309 2541 365 tw

160 428 477 488 etactiones
519 427 805 485 diversas·
846 426 1126 494 Quamvis
1155 431 1351 483 autem
1382 426 1598 484 animae
1627 425 1707 484 sit
1745 425 1947 499 aliqua
1980 426 2248 498 operatio
2277 430 2541 509 propria,

160 500 345 572 inqua
385 510 499 555 non
550 496 955 554 communicat
998 510 1235 567 corpus,
1269 497 1423 554 sicut
1453 497 1827 568 intelligere3
1877 503 2020 554 sunt
2068 503 2268 554 tamen
2324 499 2542 571 aliqum

164 570 505 641 operationes
551 580 902 625 communes
936 568 1049 625 sibi
1097 574 1155 623 et
1208 566 1464 637 corpori,
1503 572 1566 623 ut
1611 568 1839 634 timere,
1892 567 2068 625 irasci
2119 573 2175 624 et
2212 567 2453 635 sentire,
2485 573 2546 626 et

163 639 491 711 hujusmodi.
548 640 684 695 Haec
735 638 891 694 enim
944 637 1222 695 accidunt
1261 636 1592 694 secundum
1651 638 1912 708 aliquam
1976 639 2540 698 transmutationem

163 710 385 778 alicujus
427 709 826 765 determinatae
858 709 1041 778 partis
1087 708 1376 777 corporis.
1428 711 1509 764 Ex
1560 721 1679 779 quo
1733 714 1892 778 patet
1946 708 2104 780 quod
2161 708 2341 765 simul
2399 714 2544 768 sunt

167 781 349 837 animae
385 785 437 835 et
465 779 733 850 corporis
762 779 1159 848 operationes.
1189 779 1430 849 Oportet
1458 778 1642 849 igitur
1672 792 1744 835 ex
1769 778 1969 835 anima
1994 785 2054 835 et
2076 792 2324 850 corpore
2353 791 2541 837 uuum

167 849 293 915 fieri,
318 856 368 906 et
401 850 555 921 quod
585 863 710 905 non
740 849 863 906 sint
889 849 1218 906 secundum
1252 862 1387 905 esse
1408 848 1668 905 diversa.

226 920 352 976 iluic
376 926 565 977 autem
592 919 811 976 rationi
841 921 1169 976 secundum
1199 919 1463 977 Platonis
1488 919 1844 976 sententiam
1868 918 2158 975 obviatur.
2191 919 2348 976 Nihil
2379 920 2542 978 enim

168 991 550 1047 inconvenieus
579 996 675 1048 est
702 991 998 1047 moventis
1034 996 1093 1046 et
1118 990 1284 1058 moti,
1319 990 1591 1061 quamvis
1622 989 1950 1046 secundum
1982 1003 2116 1046 esse
2146 988 2541 1060 diversorum,

171 1074 282 1117 esse
306 1061 557 1116 eumdem
589 1066 812 1117 actum.
843 1063 984 1117 Nam
1018 1067 1217 1118 motus
1264 1067 1355 1117 est
1402 1060 1558 1116 idem
1589 1066 1759 1116 actus
1807 1060 2101 1116 moventis
2132 1060 2289 1117 sicut
2336 1075 2372 1117 a
2422 1075 2544 1133 quo

171 1135 263 1198 est,
288 1131 413 1188 moti
441 1137 635 1187 autem
694 1132 853 1189 sicut
908 1131 971 1186 in
1010 1144 1129 1202 quo
1180 1136 1289 1187 est.
1348 1130 1444 1187 Sic
1488 1130 1671 1200 igitur
1717 1130 1884 1187 Plato
1980 1130 2141 1186 osuit
2194 1131 2544 1211 praemissas

175 1202 499 1281 operationes
526 1215 663 1258 esse
711 1202 927 1258 animai
972 1201 1326 1273 corporique
1364 1212 1737 1270 communes,
1767 1205 1835 1256 ut
1862 1199 1918 1256 vi
1962 1200 2135 1257 elicet
2162 1207 2286 1257 sint
2329 1202 2545 1259 animae

174 1277 302 1327 sicut
319 1273 613 1339 moventis,
640 1277 702 1328 et
727 1271 1000 1342 corporis
1028 1271 1185 1329 sicut
1213 1271 1378 1328 moti.

233 1341 323 1397 Sed
348 1343 449 1399 boc
476 1356 610 1399 esse
652 1355 779 1398 non
818 1347 1033 1413 potest,
1065 1342 1226 1414 quia,
1260 1348 1324 1397 ut
1362 1340 1572 1413 probat
1615 1340 2021 1412 Philosophus
2066 1339 2130 1397 in
2177 1341 2443 1398 secundo
2469 1343 2546 1398 Dc

178 1413 328 1465 anana
352 1413 496 1482 (text.
529 1426 749 1470 comm.
778 1411 888 1481 5l),
911 1412 1133 1469 sentire
1161 1411 1374 1469 accidit
1403 1411 1620 1481 inipso
1651 1412 1870 1469 moveri
1898 1426 1935 1468 a
1962 1409 2354 1468 sensibilibus
2382 1418 2542 1468 exte-

179 1481 425 1550 rioribu53
454 1483 606 1539 unde
636 1496 764 1540 non
790 1488 983 1552 potest
1014 1483 1195 1540 homo
1218 1483 1439 1538 sentire
1467 1483 1693 1554 absque
1739 1481 2012 1539 exteriori
2044 1481 2338 1550 sensibili,
2389 1482 2549 1538 sicut

184 1563 280 1607 non
302 1559 469 1621 potest
493 1553 722 1634 aliquid
754 1553 978 1610 moveri
1008 1554 1235 1624 absque
1256 1558 1551 1609 movente.
1574 1556 1871 1623 organum
1893 1552 2078 1624 igitur
2101 1565 2320 1609 sensus
2349 1566 2546 1608 move-

186 1625 262 1676 tur
283 1628 331 1677 et
370 1623 575 1694 patitur
600 1638 665 1680 in
697 1623 1033 1692 sentiend0,
1066 1623 1169 1681 scd
1201 1623 1276 1680 ab
1305 1623 1581 1680 exteriori
1630 1622 1926 1680 sensibili.
1977 1621 2126 1678 lllud
2155 1628 2352 1679 autem
2380 1622 2540 1693 quod

189 1691 358 1760 patitur
379 1699 462 1750 est
494 1708 738 1751 sensuS.
769 1693 936 1761 Quod
960 1709 1031 1750 ex
1063 1694 1175 1750 boc
1204 1699 1380 1764 patet,
1414 1694 1555 1765 quia
1582 1693 1848 1749 carentia
1869 1706 2054 1750 sensu
2085 1705 2202 1749 uon
2237 1693 2544 1761 patiuntur

198 1773 227 1815 a
247 1763 575 1821 sensibilibus
600 1765 707 1821 tali
739 1764 919 1821 modo
941 1764 1264 1835 passionis,
1292 1765 1514 1820 Sensus
1535 1763 1718 1834 igitui-
1747 1768 1836 1820 est
1865 1762 2052 1819 virtus
2079 1764 2318 1833 passiva
2345 1762 2542 1832 ipsius

204 1833 375 1901 organi.
394 1835 593 1891 Anima
624 1835 814 1907 igitur
851 1835 1137 1891 sensitiva
1175 1847 1292 1891 non
1326 1848 1390 1890 se
1445 1833 1622 1890 babet
1653 1834 1713 1889 in
1746 1833 2056 1890 sentiendo
2090 1834 2247 1890 sicut
2275 1846 2545 1902 movenS,

204 1903 247 1978 et
267 1915 420 1972 agens,
443 1905 542 1961 sed
575 1905 737 1961 sicut
766 1904 914 1961 illud
942 1904 1102 1975 quod
1132 1905 1363 1974 patiens
1394 1905 1614 1974 patitur
1644 1921 1668 1971 ;‚
1699 1903 1856 1976 quod
1888 1903 2260 1974 impossibile
2290 1911 2383 1960 est
2409 1916 2548 1960 esso

202 1969 448 2040 diversum,
475 1975 807 2032 secundum
865 1989 1023 2042 esse,
1053 1989 1089 2032 a
1130 1976 1410 2044 patiente.
1440 1977 1571 2031 Nou
1600 1979 1692 2031 est
1743 1973 1939 2046 igitur·
1975 1974 2176 2031 anima
2202 1974 2539 2043 sensibilis,

200 2043 457 2100 secundum
487 2058 643 2111 esse,
675 2045 915 2102 diversa
947 2060 982 2101 a
1008 2058 1255 2116 corpore
1276 2045 1560 2102 animato.

246 2112 480 2183 Praeterea,
507 2115 647 2172 licet
667 2120 874 2172 motus
905 2115 983 2171 sit
1010 2116 1349 2172 communis
1377 2121 1547 2172 actus
1577 2113 1872 2172 moventis
1893 2120 1952 2170 et
1978 2114 2123 2171 moti
2147 2130 2163 2182 ;
2195 2119 2395 2171 tamen
2426 2114 2546 2171 alia

192 2185 402 2249 operatio
427 2191 510 2242 est
536 2186 733 2243 facere
760 2192 987 2242 motum
1020 2192 1078 2242 et
1106 2186 1364 2267 recipere
1394 2192 1641 2242 motum.
1673 2184 1835 2241 Unde
1865 2189 1924 2241 et
1951 2184 2068 2242 duo
2092 2184 2549 2255 praedicamenta

191 2259 435 2319 ponuntur
457 2256 630 2322 tacere
658 2262 717 2313 et
737 2258 883 2326 pati.
910 2255 969 2311 Si
1000 2255 1182 2327 igitur
1220 2270 1280 2312 in
1327 2255 1639 2313 sentiendo
1678 2256 1880 2312 anima
1926 2254 2213 2312 sensitiva
2253 2268 2319 2313 se
2369 2255 2548 2312 babet

192 2325 430 2401 nagens,
468 2331 521 2382 et
545 2340 771 2397 corpus
800 2332 860 2382 ut
891 2326 1145 2396 patiens,
1176 2326 1293 2384 alia
1321 2327 1433 2384 erit
1461 2325 1728 2396 operatio
1758 2326 1971 2383 anirnae
2013 2331 2070 2381 et
2098 2325 2216 2381 alia
2252 2326 2543 2395 corporis.

192 2390 355 2469 Anima
385 2395 550 2466 igitur
574 2397 868 2455 sensitiva
912 2395 1149 2454 babebit
1189 2399 1451 2470 aliquam
1498 2396 1901 2468 operationem
1955 2396 2270 2466 propriam.
2299 2396 2549 2453 Habebit

257 2465 334 2543 tur
375 2470 427 2522 et
468 2467 919 2526 subsistentiam
975 2466 1294 2539 propriam.
1345 2470 1473 2526 Non
1521 2467 1727 2539 igitur,
1772 2466 2074 2523 destructo
2100 2478 2370 2535 corpore,
2411 2479 2546 2523 esse

276 2539 623 2597 inet.Animae
654 2539 844 2609 igitur
864 2539 1165 2596 sensitivae
1212 2539 1390 2595 etiam
1429 2537 1928 2595 irrationabilium
1982 2535 2327 2593 animalium
2374 2541 2547 2592 erunt

199 2596 540 2679 immortalem
589 2609 757 2682 quod
801 2608 1038 2680 quidem
1078 2607 1468 2679 improbabile
1520 2609 1771 2675 videtur,
1802 2612 1997 2662 tamen
2025 2620 2062 2663 a
2107 2605 2375 2686 Platonis
2417 2606 2545 2677 opi-

205 2680 341 2728 mone
362 2688 464 2733 non
493 2679 818 2737 discordat.
838 2679 950 2736 Sed
982 2679 1054 2735 de
1083 2679 1198 2737 hoc
1223 2679 1377 2735 infra
1405 2678 1477 2748 (c.
1512 2678 1601 2748 82)
1631 2677 1742 2733 erit
1776 2675 1947 2733 locus
1976 2676 2298 2748 quaerendi.

258 2742 467 2814 Amplius,
504 2750 726 2807 mobile
775 2763 894 2807 non
921 2749 1170 2806 sortitur
1228 2748 1485 2819 speciem
1519 2762 1555 2805 a
1584 2761 1698 2805 suo
1739 2752 1986 2804 motore.
2019 2747 2080 2803 Si
2134 2747 2318 2819 igitur
2345 2746 2549 2805 anima

210 2818 660 2891 mneonjungitur
707 2820 945 2891 corpori
977 2820 1095 2876 nisi
1144 2819 1302 2877 sicut
1331 2825 1525 2875 motor
1565 2817 1792 2885 mobili,
1833 2830 2051 2887 corpus
2079 2821 2138 2872 et
2181 2823 2377 2887 partes
2417 2817 2547 2888 ejus

214 2889 305 2936 non
320 2896 724 2961 consequuntur
740 2892 998 2961 speciem
1022 2889 1326 2947 abanima.
1349 2889 1614 2946 Abeunte
1635 2887 1818 2959 igitur
1834 2888 2052 2956 anima,
2077 2887 2402 2944 remanebit
2424 2900 2549 2944 cor-

210 2957 549 3025 pusetpanes
589 2961 724 3032 ejus
772 2961 1039 3032 ejusdem
1083 2960 1324 3031 speciei.
1358 2961 1479 3017 Hoc
1525 2964 1722 3017 autem
1779 2965 1870 3016 est
1913 2958 2228 3015 manifeste
2283 2958 2545 3024 falsum}

210 3028 310 3077 mm
340 3039 470 3105 caro,
490 3036 548 3087 et
568 3045 661 3100 οε,
704 3036 763 3088 et
802 3045 1036 3099 manuS,
1067 3037 1126 3089 et
1155 3029 1495 3102 huJ'usmodi
1546 3037 1763 3101 partes,
1794 3033 1929 3100 post
1959 3029 2270 3086 abcessum
2307 3030 2544 3099 animae,

210 3098 297 3171 ¹¹⁰⁰.
316 3094 556 3157 dicuntur
584 3102 703 3160 nisi
738 3103 1061 3174 aequivoce,
1089 3115 1225 3158 cum
1269 3102 1417 3157 nulli
1455 3101 1665 3157 harum
1698 3101 1952 3181 partium
2004 3101 2238 3171 propria
2278 3100 2545 3170 operatio

206 3158 334 3237 δῴη,
358 3181 469 3237 quae
495 3175 754 3242 speciem
793 3172 1199 3243 consequitur.
1230 3174 1357 3229 Non
1394 3171 1577 3244 igitur
1610 3176 1815 3227 unitur
1847 3169 2048 3227 anima
2079 3171 2316 3242 corpori
2346 3171 2545 3227 solum

206 3237 321 3288 sicut
346 3247 515 3297 motor
538 3242 769 3311 mobili,
804 3242 891 3299 vel
922 3243 1077 3300 sicut
1106 3243 1287 3299 bomo
1314 3243 1690 3299 vestimento.

253 3303 422 3370 Adhuc,
456 3312 667 3370 mobile
723 3324 843 3369 non
884 3311 1062 3369 habet
1089 3326 1223 3370 esse
1274 3327 1379 3384 per
1424 3325 1599 3370 suum
1663 3315 1976 3381 motorem,
2008 3309 2114 3368 sed
2166 3309 2545 3367 solummodo
2647 3324 2654 3337 ·

203 3376 393 3457 motuni.
417 3380 470 3436 Si
518 3383 703 3455 igitur
746 3383 947 3439 anima
995 3383 1235 3439 uniatur
1279 3382 1515 3452 corpori
1568 3381 1948 3439 solummodo
1992 3386 2057 3437 ut
2084 3386 2543 3460 motor-,corpus

206 3446 475 3506 movebitur
498 3454 733 3524 quidem
776 3452 848 3510 ab
878 3452 1098 3521 anima,
1130 3452 1234 3509 sed
1284 3466 1403 3510 non
1439 3451 1676 3509 habebit
1724 3465 1858 3509 esse
1886 3465 1991 3522 per
2019 3465 2172 3507 eam.
2205 3453 2408 3506 vivere
2439 3464 2540 3507 au·

202 3510 290 3567 tem
313 3523 387 3572 est
410 3523 688 3591 quoddam
721 3537 859 3580 esse
877 3524 1148 3581 viventis.
1173 3526 1300 3580 Non
1332 3523 1514 3595 igitur
1538 3536 1760 3593 corpus
1787 3523 1943 3578 vivet
1970 3536 2074 3592 per
2102 3521 2385 3591 animam.

254 3582 374 3647 Rem.
404 3591 603 3651 mobile
650 3608 846 3666 neque
899 3600 1216 3675 generatur
1246 3608 1348 3665 per
1393 3593 1851 3664 applicationem
1906 3591 2158 3648 motoris
2219 3590 2292 3646 ad
2324 3591 2542 3660 ipsum,

206 3658 354 3721 wille
392 3672 483 3728 per
518 3664 642 3734 ejus
667 3670 1106 3736 separationem
1135 3668 1555 3734 corrumpitur,
1589 3678 1722 3720 cum
1763 3675 1881 3720 non
1913 3661 2238 3733 dependeat
2272 3661 2488 3717 mobile
2511 3675 2550 3719 a

204 3726 382 3800 fflotore
421 3735 735 3792 secundum
783 3748 939 3803 esse,
971 3735 1073 3793 sed
1118 3736 1445 3793 secundum
1494 3734 1718 3791 moveri
1757 3739 2006 3789 tantum.
2036 3731 2094 3789 Si
2128 3732 2310 3812 igitur
2345 3732 2550 3789 anima

208 3798 397 3871 uniatur
414 3807 631 3874 corpori
661 3804 859 3863 solum
892 3811 956 3861 ut
987 3812 1200 3874 motor,
1233 3806 1504 3878 sequitur
1532 3804 1692 3878 quod
1722 3803 1783 3859 in
1815 3804 2036 3861 unione
2076 3816 2292 3859 animoe
2335 3807 2388 3858 et
2416 3815 2547 3859 cor-

146 3890 149 3891 ’
210 3866 337 3923 Ρθῦθ
382 3881 482 3927 non
511 3875 618 3931 erit
655 3877 856 3948 aliqua
882 3877 1208 3948 generatio,
1241 3890 1433 3948 neque
1476 3875 1541 3931 in
1571 3874 1946 3947 separatione
1976 3873 2278 3943 corruptio
2310 3889 2325 3940 ;
2358 3877 2411 3929 et
2458 3873 2547 3931 sic

216 3936 354 4008 ¹¹¹9&
374 3945 775 4017 quaeconsistit
802 3948 862 4003 in
891 3948 1267 4017 separatione
1297 3947 1511 4004 animae
1540 3952 1597 4003 et
1623 3944 1918 4017 corporis,
1951 3955 2073 4001 non
2102 3944 2214 4000 erit
2241 3944 2547 4016 corruptio

219 4006 448 4077 ammuh&
472 4016 619 4085 quod
652 4023 745 4075 est
772 4018 1088 4075 manifeste
1118 4018 1356 4074 falsum.
1908 4082 1922 4095 ⁸
2014 4084 2026 4095 .

267 4069 495 4144 Prata-ea,
525 4099 695 4144 omne
724 4101 970 4145 movens
999 4089 1265 4159 seipsum
1296 4087 1380 4144 ita
1416 4100 1481 4145 se
1509 4086 1689 4144 habet
1716 4084 1878 4158 quod
1902 4096 1966 4140 in
2008 4097 2146 4155 ipso
2187 4089 2279 4140 cst
2321 4083 2545 4163 moveri

212 4139 370 4223 elnon
417 4157 641 4221 moveri,
672 4172 905 4216 movere
957 4165 1016 4215 et
1051 4172 1170 4215 non
1222 4171 1478 4215 movere.
1511 4158 1622 4215 Sed
1664 4157 1882 4218 anima,
1924 4155 2251 4213 secundum
2282 4156 2547 4212 Platonis

214 4214 511 4292 Opinionem,
539 4235 727 4286 movet
769 4243 987 4300 corpus
1016 4229 1172 4287 sicut
1220 4242 1467 4286 movens
1517 4228 1803 4308 seipsum.
1849 4228 1947 4284 Est
1993 4240 2135 4299 ergo
2166 4227 2224 4282 in
2257 4228 2546 4307 potestate

214 4285 378 4342 animae
403 4303 615 4355 movere
642 4314 856 4371 corpus
885 4300 974 4357 vel
1004 4314 1126 4357 non
1159 4313 1414 4356 movere.
1441 4299 1496 4357 Si
1538 4299 1721 4371 igitur
1748 4311 1869 4353 non
1901 4297 2103 4354 unitur
2142 4297 2194 4355 ei
2243 4310 2362 4353 nisi
2392 4297 2547 4352 sicut

215 4353 366 4474 Ῑέἓιῐῡτ
378 4363 579 4445 mobili,
607 4370 713 4427 erit
732 4372 792 4429 in
831 4376 1120 4443 potestate
1140 4370 1354 4427 animae
1384 4369 1644 4440 separari
1677 4383 1711 4425 a
1740 4381 1988 4439 corpore
2014 4383 2152 4431 cum
2181 4366 2456 4435 voluerit,
2487 4368 2546 4419 et

304 4436 384 4483 um
415 4437 549 4493 uniri
576 4440 627 4496 ei
657 4456 789 4500 cum
815 4443 1071 4501 voluerit
1097 4460 1116 4513 3
1146 4441 1306 4514 quod
1333 4446 1495 4513 patet
1514 4453 1652 4498 esse
1676 4438 1916 4498 falsum.
2514 4438 2532 4449 “
