3076 5025
321 3828 328 3833 ’
434 3826 598 3906 quod
629 3826 824 3899 magis
851 3830 1164 3898 potestatis
1194 3834 1320 3886 erat
1347 3842 1524 3901 quam
1558 3829 1981 3895 mendicitatis,
2011 3833 2251 3908 propter
2277 3828 2727 3887 ordinationem
2762 3831 2869 3887 Do-

417 266 526 330 ⁴50
1263 257 1398 316 ue.
1435 257 1535 321 iii.
1576 256 1729 314 cae.
1768 255 2002 314 cxxxv.
2106 231 2113 235 ’
2198 216 2211 222 ’
2839 12 3016 303 q

413 382 756 447 necessitas
813 376 1125 440 laborandi
1175 378 1275 438 his
1331 378 1449 460 qui·
1499 377 1655 459 alias
1707 376 1932 458 habent
1997 375 2094 434 vel
2132 373 2352 456 babere
2389 377 2656 456 possunt
2696 372 2853 434 unde

324 509 333 516 .
417 456 585 516 licite
616 454 835 510 vivant.
865 452 1006 510 Sola
1026 449 1187 508 enim
1215 452 1552 508 necessitas
1578 452 1873 507 victus-co
1918 450 1964 504 it
1985 446 2268 505 manibus
2295 459 2565 518 operat-13
2609 443 2767 502 unde
2792 448 2855 503 et

421 524 744 600 Apostolus
773 522 936 590 dicit,
962 524 983 579 1
1010 522 1240 589 These„
1269 533 1361 601 iii,
1392 523 1502 600 ¹⁰.=
1530 520 1639 586 Qui
1663 534 1775 601 vion
1795 461 1918 574 0·ιῆ
2090 520 2180 598 si,
2198 531 2303 598 ⁸nec
2326 516 2641 573 manducet.

495 597 754 664 Quartus
778 592 957 650 etiam
1002 590 1219 649 modus
1247 590 1503 654 vivendi,
1535 589 1611 647 de
1641 590 1737 648 bis
1765 603 1898 661 quae
2024 588 2163 645 aliis
2194 587 2554 667 inseruntur,
2588 590 2686 644 est
2707 597 2859 645 eon·

420 667 675 726 veniens
705 663 828 721 illis
857 661 961 738 qui
1007 665 1411 733 paupertatem
1455 660 1854 719 voluntariam
1885 663 2224 718 assumunt.
2256 659 2389 739 Non
2422 670 2597 738 enim
2631 656 2746 714 boe
2771 660 2867 736 eat

421 734 856 796 inconveniens
896 739 961 790 ut
993 733 1095 806 qui
1125 744 1238 789 sua
1282 730 1512 788 dimisit
1540 737 1779 802 propter
1809 729 2035 802 aliquid
2064 727 2324 809 quod—in
2352 728 2677 809 utilitatem
2715 725 2865 784 aho-

422 820 558 870 rum
586 805 798 878 vergit,
825 802 898 860 de
929 802 1026 860 his
1068 816 1200 875 quae
1232 801 1306 860 ab
1340 801 1478 860 aliis
1519 802 1736 859 dantur
1764 805 2153 858 sustentetur.
2181 799 2309 857 Nisi
2340 812 2502 855 enim
2534 798 2655 855 boc
2683 801 2865 876 essee,

424 877 688 937 societas
717 875 978 932 bumana
1003 885 1357 953 permanere
1387 885 1508 930 non
1534 877 1761 943 posset.
1788 871 1847 929 Si
1874 871 2033 951 enim
2063 869 2283 950 aliquis
2304 868 2463 949 circa
2492 881 2608 948 sua
2671 880 2873 946 ropria

425 951 657 1009 tantum
702 943 1165 1003 sollicitudinem
1218 947 1471 1015 gereret,
1503 956 1624 1000 non
1654 947 1814 999 esset
1841 956 1943 1013 qui
1972 953 2280 999 communi
2309 939 2554 1019 utilitati
2648 951 2870 1017 esern-

424 1023 536 1076 ret.
578 1015 875 1086 Optimum
921 1019 1013 1071 est
1054 1013 1238 1085 igitur
1277 1012 1573 1070 bonorum
1623 1012 1894 1070 societati
1946 1011 2109 1083 quod
2152 1010 2249 1091 illi·
2292 1024 2417 1081 qui,
2463 1012 2877 1088 praetermissa

471 1087 804 1158 ropriorum
854 1098 1020 1151 cura,
1063 1083 1305 1141 utilitati
1352 1083 1661 1142 communi
1712 1081 2059 1141 deserviunt
2087 1080 2162 1138 ab
2192 1080 2287 1137 liis
2328 1092 2588 1160 quorum
2627 1078 2874 1159 utilitati

427 1101 785 1218 geserviunt
834 1158 1262 1212 sustententur.
1305 1156 1550 1226 Propter
1591 1153 1705 1211 000
1731 1153 1889 1211 enim
1921 1157 1977 1209 et
2023 1152 2247 1210 milites
2275 1150 2348 1208 de
2377 1148 2704 1229 stipendiis
2734 1148 2876 1207 alio-

438 1239 575 1292 rum
599 1226 825 1294 vivunt,
856 1231 916 1282 et
946 1223 1279 1283 rectoribus
1308 1223 1651 1295 reipublicae
1680 1224 1752 1281 de
1781 1222 2086 1280 communi
2128 1221 2491 1293 providetur.
2522 1220 2641 1287 Qui
2670 1224 2871 1300 autem

439 1296 839 1357 voluntariam
868 1300 1272 1367 paupertatem
1316 1300 1656 1363 assumunt,
1686 1299 1752 1352 ut
1774 1295 2075 1351 Christum
2104 1297 2455 1364 sequantur,
2482 1290 2557 1349 ad
2607 1289 2879 1370 boc-uti·

439 1382 559 1441 que
607 1367 912 1424 dimittunt
975 1371 1042 1422 ut
1082 1365 1388 1423 communi
1453 1365 1696 1423 utilitati
1740 1363 2111 1431 deserviant,
2148 1362 2483 1442 sapientia,
2531 1359 2879 1420 eruditione

439 1443 499 1495 et
530 1436 819 1509 exemplis
858 1434 1145 1507 populum
1191 1434 1587 1504 illustrantes,
1616 1433 1709 1493 vel
1754 1435 2029 1493 oratione
2055 1439 2115 1492 et
2159 1433 2597 1492 intercessione
2633 1436 2878 1492 susten·
3014 1445 3015 1460 ³

435 1512 656 1567 tentes.
3012 1515 3015 1562 l

508 1581 590 1637 Ex
620 1590 742 1649 quo
767 1575 947 1633 etiam
976 1580 1136 1646 patet
1159 1575 1318 1647 quod
1340 1589 1463 1634 non
1493 1575 1747 1646 turpiter
1765 1575 1974 1633 vivunt
2000 1573 2075 1632 de
2094 1574 2192 1632 liis
2220 1586 2354 1646 0οω
2373 1572 2450 1631 ab
2469 1571 2613 1632 aliis
2635 1571 2878 1652 dantur,

433 1662 513 1709 ex
538 1660 658 1720 quo
688 1646 804 1727 ipsi
832 1644 1058 1772 mQ-ffffi
1090 1646 1443 1726 rependunt,
1475 1647 1549 1705 ad
1581 1646 2078 1704 sustentationem
2109 1644 2460 1724 temporalia
2483 1643 2878 1724 accipientes,

433 1724 495 1780 et
521 1719 582 1774 in
632 1716 926 1788 spirituali
975 1728 1047 1775 us
1093 1717 1232 1774 aliis
1254 1716 1659 1786 proficientes.
1697 1716 1859 1774 Unde
1888 1722 1948 1774 et
1972 1716 2296 1787 Apostolus
2323 1714 2488 1781 dicit,
2517 1715 2544 1770 1
2574 1713 2877 1781 Corinth„

434 1799 570 1854 vui,
616 1792 683 1843 14
729 1805 747 1842 ε
797 1788 990 1842 Vestra
1072 1787 1441 1850 abundantia,
1473 1787 1707 1846 scilicet
1759 1788 1822 1843 in
1876 1785 2327 1857 temporalibus,
2355 1785 2580 1840 illorum
2630 1786 2883 1864 inopie·

431 1858 730 1928 suppleat:
761 1855 909 1912 etin
938 1855 1139 1914 eadem
1176 1875 1190 1911 :
1225 1858 1294 1913 Ut
1318 1862 1370 1912 et
1407 1859 1628 1914 illorum
1680 1857 2044 1926 abundantia,
2076 1856 2308 1914 scilieet
2336 1854 2403 1935 in
2435 1854 2879 1925 spiritualibus,

432 1933 629 1988 vestrae
653 1928 852 2054 inflipiae
878 1928 952 2051 siti
975 1927 1421 2052 suppleznentum.
1451 1928 1566 1996 Qui
1590 1926 1750 1985 enim
1779 1927 2028 1988 alterum
2053 1926 2227 1999 juvit,
2255 1930 2554 1998 particeps
2579 1923 2651 1982 fit
2678 1925 2881 1997 operis

440 1998 575 2058 e*us
604 1996 668 2053 in
738 2008 858 2054 ono
888 2010 919 2052 e
971 1995 1031 2051 in
1064 2010 1161 2054 ma
1187 2008 1245 2053 o.

470 2012 662 2124 JDum
693 2072 891 2123 autem
938 2079 1102 2124 exem
1153 2066 1228 2125 lis
1283 2067 1415 2126 suis
1444 2067 1601 2126 alios
1651 2074 1977 2138 provocant
2010 2067 2084 2125 ad
2129 2064 2521 2132 virtutem,flt
2572 2070 2641 2123 ut
2686 2065 2755 2123 hi
2784 2064 2879 2146 qui

436 2150 647 2197 eorum
674 2134 963 2206 exemplis
987 2149 1092 2205 pro
1140 2137 1326 2205 ciunt,
1362 2139 1566 2195 minus
1585 2138 1659 2195 ad
1683 2138 1920 2195 divitias
1953 2137 2309 2201 afficiantur,
2330 2136 2470 2194 dum
2488 2134 2704 2193 vident
2728 2138 2881 2194 alios

436 2213 678 2282 propter
723 2205 1146 2278 perfectionem
1198 2207 1334 2264 vitae
1365 2208 1608 2266 divitias
1651 2208 1903 2266 omnino
1948 2207 2241 2266 deserere.
2272 2208 2506 2274 Quanto
2537 2211 2747 2264 autem
2778 2207 2881 2264 ali·

483 2278 578 2336 uis
627 2277 829 2336 minus
871 2275 1111 2336 divitias
1142 2282 1322 2345 amat,
1370 2284 1428 2335 et
1477 2284 1572 2336 est
1614 2278 1812 2335 virtuti
1855 2277 2051 2349 magis
2101 2278 2387 2344 intentus,
2419 2281 2587 2356 tauto
2639 2276 2883 2336 facilius

437 2293 682 2411 aivitias
730 2347 792 2402 in
839 2345 1092 2403 aliorum
1145 2347 1325 2403 etiam
1366 2348 1724 2406 necessitate
1768 2348 2115 2407 distribuit:
2149 2347 2307 2406 unde
2334 2361 2434 2418 qui
2466 2352 2881 2418 paupertatem

443 2416 842 2475 voluntariam
890 2422 1290 2485 assumentes,
1334 2418 1406 2476 de
1438 2419 1533 2476 his
1563 2433 1695 2491 quae
1723 2417 1797 2476 ab
1823 2418 1962 2477 aliis
2003 2419 2219 2490 dantur
2244 2417 2469 2485 vivunt,
2499 2418 2707 2488 magis
2734 2417 2885 2476 fiunt

440 2488 582 2548 aliis
611 2486 972 2561 pauperibus
1017 2488 1219 2558 utileS,
1252 2489 1405 2547 alios
1439 2489 1511 2547 ad
1561 2489 1987 2548 misericordiae
2034 2503 2214 2560 opera
2258 2488 2543 2569 yerbiset
2586 2488 2882 2560 exemplis

487 2558 849 2640 revocando,
881 2573 1059 2686 {iiiam
1089 2559 1239 2617 liunt
1261 2561 1535 2619 damnosi
1570 2561 1643 2618 ad
1689 2560 2188 2619 sustentationem
2226 2565 2363 2621 vltae
2408 2560 2674 2617 aliorum
2702 2560 2881 2619 bene·

486 2644 579 2686 cia
608 2644 732 2688 aeci
780 2642 875 2686 ien
905 2643 991 2687 eS.

517 2703 681 2756 Patet
704 2644 879 2757 egam
923 2699 1084 2771 quod
1132 2700 1411 2761 homines
1441 2701 1504 2758 in
1547 2687 1761 2758 virtute
1804 2700 2074 2782 perfecti,
2104 2699 2315 2772 quales
2350 2712 2487 2758 esse
2514 2705 2763 2770 oportet
2784 2690 2883 2774 qui

437 2771 836 2827 voluntariam
868 2775 1266 2842 paupertatem
1299 2776 1624 2838 sectantur,
1654 2771 1891 2829 divitias
1910 2777 2380 2840 contemnente3‚
2404 2770 2745 2829 libertatem
2764 2771 2883 2830 ani·

445 2840 529 2897 mi
561 2854 684 2897 non
727 2840 982 2910 perdunt
1019 2848 1258 2911 propter
1303 2843 1505 2923 aliqua
1552 2842 1789 2899 modica
1835 2856 1966 2921 quae
1993 2841 2065 2899 ad
2111 2842 2610 2899 sustentationem
2638 2842 2783 2901 vitae
2810 2841 2880 2900 ab

445 2910 583 2969 aliis
608 2911 731 2967 acci
781 2911 945 2978 iunt;
973 2925 1108 2969 cum
1160 2912 1339 2969 liomo
1387 2912 1717 2969 libertatem
1763 2911 1948 2969 animi
1980 2924 2101 2969 000
2130 2912 2356 2983 perdat,
2390 2910 2508 2969 nisi
2538 2918 2883 2982 propterea

441 2994 574 3059 quae
599 2980 662 3037 in
691 2995 723 3038 a
772 2984 906 3038 ectu
937 2994 1050 3038 suo
1075 2981 1478 3041 dominantur.
1517 2982 1679 3041 Unde
1700 2987 1939 3054 propter
1963 2996 2034 3041 ea
2057 2996 2189 3055 quae
2218 2981 2401 3039 homo
2431 2984 2801 3053 contemnit,
2828 2982 2879 3042 si

443 3050 560 3108 sibi
585 3051 818 3118 dentur,
849 3051 1178 3109 libertatem
1208 3066 1328 3109 non
1353 3052 1569 3124 perdit.

515 3120 673 3177 Licet
720 3127 913 3178 autem
947 3123 1305 3179 sustentatio
1354 3137 1559 3181 eorum
1587 3123 1688 3195 qui
1717 3123 1922 3181 vivunt
1963 3123 2038 3183 de
2066 3123 2164 3181 his
2200 3136 2334 3195 quae
2364 3123 2439 3181 ab
2472 3124 2616 3182 aliis
2658 3124 2881 3182 dantur

443 3204 519 3248 ex
544 3191 849 3249 voluntate
881 3192 1144 3250 dantium
1196 3193 1545 3265 dependeat,
1580 3208 1697 3250 non
1736 3198 1933 3251 tamen
1966 3200 2204 3266 propter
2234 3195 2347 3251 boc
2373 3194 2765 3253 insufficiens
2792 3197 2878 3253 est

442 3261 518 3319 ad
551 3262 1002 3320 sustentandam
1033 3264 1210 3321 vitam
1234 3277 1557 3335 pauperum
1587 3264 1801 3323 Christi
1836 3283 1849 3321 ε
1883 3278 2005 3323 000
2031 3264 2193 3322 enim
2240 3263 2532 3335 dependet
2561 3280 2637 3324 ex
2665 3266 2877 3323 volun·

440 3336 561 3390 tate
587 3332 791 3402 uniuS,
824 3333 928 3389 sed
953 3348 1026 3389 ex
1056 3335 1355 3392 voluntate
1377 3336 1723 3392 multorum.
1765 3338 1894 3393 Non
1925 3341 2015 3393 est
2042 3342 2238 3392 autem
2270 3334 2579 3407 probabile
2614 3336 2789 3408 quod
2816 3336 2877 3393 in

440 3402 825 3461 multitudine
855 3402 1048 3460 fidelis
1078 3405 1279 3476 populi
1314 3420 1434 3462 non
1467 3405 1589 3463 sint
1628 3405 1796 3461 multi
1823 3405 1923 3477 qui
1964 3411 2236 3477 prompto
2272 3406 2474 3463 animo
2511 3406 2877 3464 subveniant

439 3473 902 3600 necessitatibus
952 3487 1160 3531 eorum
1216 3490 1371 3547 quos
1423 3477 1485 3533 in
1542 3476 1873 3533 reverentia
1903 3476 2125 3534 habent
2149 3481 2390 3548 propter
2440 3477 2872 3547 perfectionem

439 3554 534 3601 vir
562 3558 598 3602 0
629 3557 699 3601 ia.

331 3659 342 3666 .
509 3617 643 3672 Non
673 3618 765 3673 est
796 3619 992 3673 autem
1041 3616 1492 3687 inconvenienS,
1521 3616 1577 3675 si
1606 3616 1786 3675 etiam
1831 3617 2223 3676 necessitates
2266 3628 2411 3675 suas
2458 3623 2793 3687 exponant,
2819 3620 2876 3676 et

437 3686 788 3743 necessaria
832 3691 1036 3759 petant
1067 3686 1158 3746 vel
1210 3702 1316 3759 pro
1364 3686 1502 3745 aliis
1547 3687 1639 3743 vel
1684 3701 1790 3758 pro
1842 3701 1930 3746 se.
1967 3689 2088 3746 Hoc
2136 3686 2299 3744 enim
2344 3688 2607 3767 apostoli
2659 3689 2873 3747 fecisse

436 3755 740 3828 leguntur,
771 3768 890 3812 non
923 3758 1119 3816 solum
1149 3758 1222 3816 ab
1253 3759 1377 3816 illis
1406 3756 1627 3831 quibus
1657 3757 2055 3828 praedicabant
2110 3770 2452 3815 necessaria
2480 3759 2871 3829 accipientes,

434 3897 616 3965 mini,
644 3902 708 3953 ut
734 3897 852 3969 qui,
879 3899 1196 3970 Evangelio
1242 3899 1585 3956 deserviunt
1637 3899 1710 3957 de
1758 3900 2076 3971 Evangelio
2118 3899 2356 3968 vivant3
2389 3897 2496 3956 sed
2539 3900 2727 3959 etiam
2766 3910 2869 3979 pm

433 3968 801 4093 pauperibus
820 3968 1108 4039 quierant
1137 3970 1195 4025 in
1215 3969 1566 4034 Jerusalem,
1588 3970 1839 4042 qui‚sua
1864 3970 2251 4036 dimittente8‚
2269 3970 2331 4026 in
2356 3976 2709 4040 paupertate
2728 3983 2871 4049 viiie-

482 4043 584 4093 ant
606 4055 620 4102 ;
645 4051 755 4095 nec
784 4043 980 4095 tamen
1011 4039 1290 4112 gentibus
1313 4038 1737 4110 praedicabant,
1755 4040 1860 4098 sed
1889 4053 2096 4099 eorum
2125 4040 2458 4111 spiritualis
2486 4045 2867 4098 conversatio

435 4111 672 4177 poterat
699 4108 822 4166 illis
850 4110 1048 4167 valere
1074 4124 1110 4167 a
1138 4110 1354 4181 quibus
1395 4112 1905 4169 sustentabantur.
1938 4111 2101 4168 Unde
2131 4111 2457 4181 Apostolus
2475 4111 2729 4179 talibus,
2751 4120 2867 4169 001

437 4187 515 4255 ei}
540 4179 915 4248 necessitate,
945 4180 1050 4238 sed
1080 4194 1151 4237 ex
1201 4182 1503 4238 voluntate
1551 4181 1840 4249 dantium,
1885 4181 2203 4251 persuadet
2226 4182 2635 4253 eleemosynis
2664 4180 2867 4239 subve-

435 4246 768 4314 mendum;
839 4250 956 4306 uod
985 4250 1132 4307 nibil
1161 4256 1251 4308 est
1295 4252 1456 4309 aliud
1534 4266 1667 4309 uam
1718 4251 2076 4308 mendicare.
2112 4253 2249 4308 Haee
2275 4257 2473 4309 autem
2506 4252 2860 4310 mendicitas

434 4325 560 4371 non
593 4314 818 4397 reddit,
854 4320 1088 4378 omines
1110 4267 1613 4392 contemptibffeS,
1642 4323 1697 4380 si
1728 4321 2030 4379 moderate
2058 4320 2255 4380 fiatad
2284 4321 2711 4380 necessitatem
2743 4332 2857 4379 non

437 4383 515 4445 ad
534 4386 1026 4459 superfluitatem,
1049 4396 1110 4449 et
1134 4391 1268 4450 sine
1294 4391 1767 4466 importunitate,
1795 4391 2176 4453 considerata
2197 4391 2547 4455 conditione
2574 4403 2857 4463 persona-
