<?xml version="1.0" encoding="UTF-8"?>
<!DOCTYPE html PUBLIC "-//W3C//DTD XHTML 1.0 Transitional//EN"
    "http://www.w3.org/TR/xhtml1/DTD/xhtml1-transitional.dtd">
<html xmlns="http://www.w3.org/1999/xhtml" xml:lang="en" lang="en">
 <head>
  <title>
</title>
<meta http-equiv="Content-Type" content="text/html;charset=utf-8" />
  <meta name='ocr-system' content='tesseract 3.04.00' />
  <meta name='ocr-capabilities' content='ocr_page ocr_carea ocr_par ocr_line ocrx_word'/>
</head>
<body>
  <div class='ocr_page' id='page_1' title='image "./deveritatecatho00rubegoog_0641.png"; bbox 0 0 3076 5025; ppageno 0'>
   <div class='ocr_carea' id='block_1_1' title="bbox 1072 257 2633 326">
    <p class='ocr_par' dir='ltr' id='par_1_1' title="bbox 1072 257 2633 326">
     <span class='ocr_line' id='line_1_1' title="bbox 1072 257 2633 326; baseline 0.002 -11"><span class='ocrx_word' id='word_1_1' title='bbox 1072 258 1206 315; x_wconf 87' lang='lat' dir='ltr'><strong>LIB.</strong></span> <span class='ocrx_word' id='word_1_2' title='bbox 1245 258 1337 326; x_wconf 85' lang='lat' dir='ltr'><strong>IV,</strong></span> <span class='ocrx_word' id='word_1_3' title='bbox 1377 257 1530 313; x_wconf 78' lang='lat' dir='ltr'><strong>CAP.</strong></span> <span class='ocrx_word' id='word_1_4' title='bbox 1565 258 1769 316; x_wconf 85' lang='lat' dir='ltr'><strong>LXXII.</strong></span> <span class='ocrx_word' id='word_1_5' title='bbox 2527 262 2633 319; x_wconf 72' lang='lat'><strong>609</strong></span> 
     </span>
    </p>
   </div>
   <div class='ocr_carea' id='block_1_2' title="bbox 179 379 2659 4472">
    <p class='ocr_par' dir='ltr' id='par_1_2' title="bbox 199 379 2653 2004">
     <span class='ocr_line' id='line_1_2' title="bbox 201 379 2631 455; baseline 0 -12"><span class='ocrx_word' id='word_1_6' title='bbox 201 382 381 455; x_wconf 87' lang='lat' dir='ltr'><strong>sequi</strong></span> <span class='ocrx_word' id='word_1_7' title='bbox 423 394 545 439; x_wconf 88' lang='lat' dir='ltr'><strong>non</strong></span> <span class='ocrx_word' id='word_1_8' title='bbox 588 393 916 452; x_wconf 89' lang='lat' dir='ltr'><strong>possumus</strong></span> <span class='ocrx_word' id='word_1_9' title='bbox 972 379 1090 438; x_wconf 90' lang='lat' dir='ltr'><strong>nisi</strong></span> <span class='ocrx_word' id='word_1_10' title='bbox 1137 394 1241 451; x_wconf 90' lang='lat' dir='ltr'><strong>per</strong></span> <span class='ocrx_word' id='word_1_11' title='bbox 1295 380 1591 438; x_wconf 89' lang='lat' dir='ltr'><strong>medicum</strong></span> <span class='ocrx_word' id='word_1_12' title='bbox 1652 379 1987 439; x_wconf 85' lang='lat' dir='ltr'><strong>animarum</strong></span> <span class='ocrx_word' id='word_1_13' title='bbox 2034 385 2398 451; x_wconf 84' lang='lat' dir='ltr'><strong>nostrarum,</strong></span> <span class='ocrx_word' id='word_1_14' title='bbox 2428 385 2631 444; x_wconf 73' lang='lat' dir='ltr'><strong>lesum</strong></span> 
     </span>
     <span class='ocr_line' id='line_1_3' title="bbox 206 451 2631 525; baseline -0 -13"><span class='ocrx_word' id='word_1_15' title='bbox 206 454 529 520; x_wconf 80' lang='lat' dir='ltr'><strong>Christum,</strong></span> <span class='ocrx_word' id='word_1_16' title='bbox 549 451 651 524; x_wconf 91' lang='lat' dir='ltr'><strong>qui</strong></span> <span class='ocrx_word' id='word_1_17' title='bbox 678 452 870 509; x_wconf 88' lang='lat' dir='ltr'><strong>salvat</strong></span> <span class='ocrx_word' id='word_1_18' title='bbox 923 452 1166 522; x_wconf 83' lang='lat' dir='ltr'><strong>epulum</strong></span> <span class='ocrx_word' id='word_1_19' title='bbox 1186 463 1363 508; x_wconf 88' lang='lat' dir='ltr'><strong>suum</strong></span> <span class='ocrx_word' id='word_1_20' title='bbox 1390 465 1425 508; x_wconf 89' lang='lat' dir='ltr'><strong>a</strong></span> <span class='ocrx_word' id='word_1_21' title='bbox 1443 451 1704 521; x_wconf 86' lang='lat' dir='ltr'><strong>peccatis</strong></span> <span class='ocrx_word' id='word_1_22' title='bbox 1734 464 1940 509; x_wconf 88' lang='lat' dir='ltr'><strong>eorum</strong></span> <span class='ocrx_word' id='word_1_23' title='bbox 1964 469 1979 508; x_wconf 72' lang='grc' dir='ltr'><strong>ε</strong></span> <span class='ocrx_word' id='word_1_24' title='bbox 2002 452 2174 522; x_wconf 87' lang='lat' dir='ltr'><strong>cnjus</strong></span> <span class='ocrx_word' id='word_1_25' title='bbox 2203 453 2440 525; x_wconf 86' lang='lat' dir='ltr'><strong>quidem</strong></span> <span class='ocrx_word' id='word_1_26' title='bbox 2459 455 2631 511; x_wconf 88' lang='lat' dir='ltr'><strong>meri-</strong></span> 
     </span>
     <span class='ocr_line' id='line_1_4' title="bbox 205 521 2634 595; baseline 0 -13"><span class='ocrx_word' id='word_1_27' title='bbox 205 531 336 582; x_wconf 92' lang='lat' dir='ltr'><strong>tum</strong></span> <span class='ocrx_word' id='word_1_28' title='bbox 365 521 675 581; x_wconf 75' lang='lat' dir='ltr'><strong>sufficiens</strong></span> <span class='ocrx_word' id='word_1_29' title='bbox 703 526 796 579; x_wconf 89' lang='lat' dir='ltr'><strong>est</strong></span> <span class='ocrx_word' id='word_1_30' title='bbox 823 536 857 578; x_wconf 91' lang='lat' dir='ltr'><strong>a</strong></span> <span class='ocrx_word' id='word_1_31' title='bbox 928 521 1132 579; x_wconf 85' lang='lat' dir='ltr'><strong>omnia</strong></span> <span class='ocrx_word' id='word_1_32' title='bbox 1160 527 1400 591; x_wconf 89' lang='lat' dir='ltr'><strong>peccata</strong></span> <span class='ocrx_word' id='word_1_33' title='bbox 1429 521 1687 578; x_wconf 86' lang='lat' dir='ltr'><strong>totaliter</strong></span> <span class='ocrx_word' id='word_1_34' title='bbox 1712 521 1980 579; x_wconf 86' lang='lat' dir='ltr'><strong>tollenda</strong></span> <span class='ocrx_word' id='word_1_35' title='bbox 2006 523 2174 593; x_wconf 86' lang='lat' dir='ltr'><strong>:ipse</strong></span> <span class='ocrx_word' id='word_1_36' title='bbox 2205 529 2294 580; x_wconf 91' lang='lat' dir='ltr'><strong>est</strong></span> <span class='ocrx_word' id='word_1_37' title='bbox 2345 524 2504 581; x_wconf 90' lang='lat' dir='ltr'><strong>enim</strong></span> <span class='ocrx_word' id='word_1_38' title='bbox 2534 527 2634 595; x_wconf 76' lang='lat' dir='ltr'><strong>qui</strong></span> 
     </span>
     <span class='ocr_line' id='line_1_5' title="bbox 204 592 2633 665; baseline 0.001 -14"><span class='ocrx_word' id='word_1_39' title='bbox 204 596 353 652; x_wconf 77' lang='lat' dir='ltr'><strong>tollit</strong></span> <span class='ocrx_word' id='word_1_40' title='bbox 372 597 601 665; x_wconf 82' lang='lat' dir='ltr'><strong>peccata</strong></span> <span class='ocrx_word' id='word_1_41' title='bbox 625 592 839 661; x_wconf 81' lang='lat' dir='ltr'><strong>mundi,</strong></span> <span class='ocrx_word' id='word_1_42' title='bbox 874 598 933 649; x_wconf 91' lang='lat' dir='ltr'><strong>nt</strong></span> <span class='ocrx_word' id='word_1_43' title='bbox 963 593 1199 655; x_wconf 89' lang='lat' dir='ltr'><strong>dicitur,</strong></span> <span class='ocrx_word' id='word_1_44' title='bbox 1232 594 1468 660; x_wconf 80' lang='lat' dir='ltr'><strong>Joann.,</strong></span> <span class='ocrx_word' id='word_1_45' title='bbox 1502 605 1543 652; x_wconf 88' lang='lat'><strong>1,</strong></span> <span class='ocrx_word' id='word_1_46' title='bbox 1574 596 1664 648; x_wconf 82' lang='lat'><strong>29.</strong></span> <span class='ocrx_word' id='word_1_47' title='bbox 1696 592 1806 649; x_wconf 86' lang='lat' dir='ltr'><strong>Sed</strong></span> <span class='ocrx_word' id='word_1_48' title='bbox 1835 597 2032 649; x_wconf 86' lang='lat' dir='ltr'><strong>tamen</strong></span> <span class='ocrx_word' id='word_1_49' title='bbox 2066 606 2186 651; x_wconf 92' lang='lat' dir='ltr'><strong>non</strong></span> <span class='ocrx_word' id='word_1_50' title='bbox 2213 606 2425 651; x_wconf 89' lang='lat' dir='ltr'><strong>omnes</strong></span> <span class='ocrx_word' id='word_1_51' title='bbox 2454 593 2633 653; x_wconf 78' lang='lat' dir='ltr'><strong>effec-</strong></span> 
     </span>
     <span class='ocr_line' id='line_1_6' title="bbox 203 661 2635 735; baseline 0 -13"><span class='ocrx_word' id='word_1_52' title='bbox 203 673 335 723; x_wconf 84' lang='lat' dir='ltr'><strong>tum</strong></span> <span class='ocrx_word' id='word_1_53' title='bbox 365 663 744 721; x_wconf 81' lang='lat' dir='ltr'><strong>remissionis</strong></span> <span class='ocrx_word' id='word_1_54' title='bbox 767 662 1021 733; x_wconf 77' lang='lat' dir='ltr'>perfecte</span> <span class='ocrx_word' id='word_1_55' title='bbox 1047 667 1516 733; x_wconf 90' lang='lat' dir='ltr'><strong>consequuntur,</strong></span> <span class='ocrx_word' id='word_1_56' title='bbox 1542 661 1648 719; x_wconf 91' lang='lat' dir='ltr'><strong>sed</strong></span> <span class='ocrx_word' id='word_1_57' title='bbox 1675 663 2090 735; x_wconf 84' lang='lat' dir='ltr'><strong>unusquisque</strong></span> <span class='ocrx_word' id='word_1_58' title='bbox 2111 664 2402 721; x_wconf 87' lang='lat' dir='ltr'><strong>intantum</strong></span> <span class='ocrx_word' id='word_1_59' title='bbox 2427 677 2635 723; x_wconf 87' lang='lat' dir='ltr'><strong>conse·</strong></span> 
     </span>
     <span class='ocr_line' id='line_1_7' title="bbox 205 732 2635 813; baseline 0.001 -20"><span class='ocrx_word' id='word_1_60' title='bbox 205 736 432 809; x_wconf 81' lang='lat' dir='ltr'><strong>quitur,</strong></span> <span class='ocrx_word' id='word_1_61' title='bbox 459 735 813 806; x_wconf 86' lang='lat' dir='ltr'><strong>inquantum</strong></span> <span class='ocrx_word' id='word_1_62' title='bbox 839 732 1072 791; x_wconf 89' lang='lat' dir='ltr'><strong>Christo</strong></span> <span class='ocrx_word' id='word_1_63' title='bbox 1103 746 1209 803; x_wconf 91' lang='lat' dir='ltr'><strong>pro</strong></span> <span class='ocrx_word' id='word_1_64' title='bbox 1241 733 1496 813; x_wconf 86' lang='lat' dir='ltr'><strong>peccatis</strong></span> <span class='ocrx_word' id='word_1_65' title='bbox 1527 732 1770 803; x_wconf 86' lang='lat' dir='ltr'><strong>patienti</strong></span> <span class='ocrx_word' id='word_1_66' title='bbox 1807 733 2210 805; x_wconf 74' lang='lat' dir='ltr'><strong>conjungitur.</strong></span> <span class='ocrx_word' id='word_1_67' title='bbox 2257 735 2409 802; x_wconf 85' lang='lat' dir='ltr'><strong>Quia</strong></span> <span class='ocrx_word' id='word_1_68' title='bbox 2452 735 2635 808; x_wconf 87' lang='lat' dir='ltr'><strong>igitur</strong></span> 
     </span>
     <span class='ocr_line' id='line_1_8' title="bbox 199 803 2634 877; baseline 0 -14"><span class='ocrx_word' id='word_1_69' title='bbox 199 805 555 877; x_wconf 85' lang='lat' dir='ltr'><strong>conjunctio</strong></span> <span class='ocrx_word' id='word_1_70' title='bbox 592 804 779 862; x_wconf 88' lang='lat' dir='ltr'><strong>nostri</strong></span> <span class='ocrx_word' id='word_1_71' title='bbox 812 804 885 860; x_wconf 90' lang='lat' dir='ltr'><strong>ad</strong></span> <span class='ocrx_word' id='word_1_72' title='bbox 917 804 1214 860; x_wconf 82' lang='lat' dir='ltr'><strong>Christum</strong></span> <span class='ocrx_word' id='word_1_73' title='bbox 1243 817 1303 860; x_wconf 82' lang='lat' dir='ltr'><strong>in</strong></span> <span class='ocrx_word' id='word_1_74' title='bbox 1337 803 1634 873; x_wconf 89' lang='lat' dir='ltr'><strong>baptismo</strong></span> <span class='ocrx_word' id='word_1_75' title='bbox 1665 816 1787 860; x_wconf 92' lang='lat' dir='ltr'><strong>non</strong></span> <span class='ocrx_word' id='word_1_76' title='bbox 1817 809 1911 862; x_wconf 90' lang='lat' dir='ltr'><strong>est</strong></span> <span class='ocrx_word' id='word_1_77' title='bbox 1955 803 2282 861; x_wconf 90' lang='lat' dir='ltr'><strong>secundum</strong></span> <span class='ocrx_word' id='word_1_78' title='bbox 2334 805 2634 875; x_wconf 88' lang='lat' dir='ltr'><strong>operatio-</strong></span> 
     </span>
     <span class='ocr_line' id='line_1_9' title="bbox 204 873 2631 954; baseline 0 -20"><span class='ocrx_word' id='word_1_79' title='bbox 204 889 349 934; x_wconf 89' lang='lat' dir='ltr'><strong>nem</strong></span> <span class='ocrx_word' id='word_1_80' title='bbox 376 882 644 932; x_wconf 90' lang='lat' dir='ltr'><strong>nostram</strong></span> <span class='ocrx_word' id='word_1_81' title='bbox 673 874 845 947; x_wconf 89' lang='lat' dir='ltr'><strong>quasi</strong></span> <span class='ocrx_word' id='word_1_82' title='bbox 876 874 950 931; x_wconf 87' lang='lat' dir='ltr'><strong>ab</strong></span> <span class='ocrx_word' id='word_1_83' title='bbox 975 873 1266 942; x_wconf 88' lang='lat' dir='ltr'><strong>interiori,</strong></span> <span class='ocrx_word' id='word_1_84' title='bbox 1295 873 1434 954; x_wconf 85' lang='lat' dir='ltr'><strong>quia</strong></span> <span class='ocrx_word' id='word_1_85' title='bbox 1463 873 1628 930; x_wconf 92' lang='lat' dir='ltr'><strong>nulla</strong></span> <span class='ocrx_word' id='word_1_86' title='bbox 1675 887 1771 931; x_wconf 90' lang='lat' dir='ltr'><strong>res</strong></span> <span class='ocrx_word' id='word_1_87' title='bbox 1830 873 2087 944; x_wconf 84' lang='lat' dir='ltr'><strong>seipsam</strong></span> <span class='ocrx_word' id='word_1_88' title='bbox 2136 881 2380 947; x_wconf 88' lang='lat' dir='ltr'><strong>generat</strong></span> <span class='ocrx_word' id='word_1_89' title='bbox 2428 882 2491 933; x_wconf 90' lang='lat' dir='ltr'><strong>ut</strong></span> <span class='ocrx_word' id='word_1_90' title='bbox 2530 878 2631 948; x_wconf 87' lang='lat' dir='ltr'><strong>sit,</strong></span> 
     </span>
     <span class='ocr_line' id='line_1_10' title="bbox 205 943 2636 1017; baseline 0.001 -13"><span class='ocrx_word' id='word_1_91' title='bbox 205 947 312 1005; x_wconf 89' lang='lat' dir='ltr'><strong>sed</strong></span> <span class='ocrx_word' id='word_1_92' title='bbox 345 960 381 1003; x_wconf 93' lang='lat' dir='ltr'><strong>a</strong></span> <span class='ocrx_word' id='word_1_93' title='bbox 409 945 664 1014; x_wconf 77' lang='lat' dir='ltr'><strong>Christe,</strong></span> <span class='ocrx_word' id='word_1_94' title='bbox 695 945 795 1016; x_wconf 92' lang='lat' dir='ltr'><strong>qui</strong></span> <span class='ocrx_word' id='word_1_95' title='bbox 828 958 939 1002; x_wconf 91' lang='lat' dir='ltr'><strong>nos</strong></span> <span class='ocrx_word' id='word_1_96' title='bbox 965 949 1273 1017; x_wconf 84' lang='lat' dir='ltr'><strong>regenerat</strong></span> <span class='ocrx_word' id='word_1_97' title='bbox 1301 958 1357 999; x_wconf 80' lang='lat' dir='ltr'><strong>in</strong></span> <span class='ocrx_word' id='word_1_98' title='bbox 1393 958 1559 1013; x_wconf 88' lang='lat' dir='ltr'><strong>spem</strong></span> <span class='ocrx_word' id='word_1_99' title='bbox 1590 943 1810 1011; x_wconf 85' lang='lat' dir='ltr'><strong>vivam;</strong></span> <span class='ocrx_word' id='word_1_100' title='bbox 1843 944 2115 1002; x_wconf 88' lang='lat' dir='ltr'><strong>remissio</strong></span> <span class='ocrx_word' id='word_1_101' title='bbox 2163 952 2534 1016; x_wconf 87' lang='lat' dir='ltr'><strong>peccatorum</strong></span> <span class='ocrx_word' id='word_1_102' title='bbox 2568 948 2636 1006; x_wconf 84' lang='lat' dir='ltr'><strong>in</strong></span> 
     </span>
     <span class='ocr_line' id='line_1_11' title="bbox 203 1014 2633 1091; baseline 0.001 -17"><span class='ocrx_word' id='word_1_103' title='bbox 203 1016 512 1089; x_wconf 86' lang='lat' dir='ltr'><strong>Baptismo</strong></span> <span class='ocrx_word' id='word_1_104' title='bbox 541 1015 606 1072; x_wconf 82' lang='lat' dir='ltr'><strong>fit</strong></span> <span class='ocrx_word' id='word_1_105' title='bbox 628 1014 958 1073; x_wconf 90' lang='lat' dir='ltr'><strong>secundum</strong></span> <span class='ocrx_word' id='word_1_106' title='bbox 1004 1018 1357 1087; x_wconf 87' lang='lat' dir='ltr'><strong>potestatem</strong></span> <span class='ocrx_word' id='word_1_107' title='bbox 1412 1015 1603 1085; x_wconf 91' lang='lat' dir='ltr'><strong>ipsius</strong></span> <span class='ocrx_word' id='word_1_108' title='bbox 1633 1015 1847 1072; x_wconf 89' lang='lat' dir='ltr'><strong>Christi</strong></span> <span class='ocrx_word' id='word_1_109' title='bbox 1902 1028 2015 1072; x_wconf 89' lang='lat' dir='ltr'><strong>nos</strong></span> <span class='ocrx_word' id='word_1_110' title='bbox 2056 1015 2166 1072; x_wconf 88' lang='lat' dir='ltr'><strong>sibi</strong></span> <span class='ocrx_word' id='word_1_111' title='bbox 2212 1017 2633 1091; x_wconf 75' lang='lat' dir='ltr'><strong>conjungentis</strong></span> 
     </span>
     <span class='ocr_line' id='line_1_12' title="bbox 204 1085 2632 1160; baseline 0.001 -16"><span class='ocrx_word' id='word_1_112' title='bbox 204 1086 467 1160; x_wconf 82' lang='lat' dir='ltr'>perfecte</span> <span class='ocrx_word' id='word_1_113' title='bbox 499 1091 557 1143; x_wconf 88' lang='lat' dir='ltr'><strong>et</strong></span> <span class='ocrx_word' id='word_1_114' title='bbox 586 1087 833 1157; x_wconf 82' lang='lat' dir='ltr'><strong>integre,</strong></span> <span class='ocrx_word' id='word_1_115' title='bbox 861 1091 921 1142; x_wconf 89' lang='lat' dir='ltr'><strong>ut</strong></span> <span class='ocrx_word' id='word_1_116' title='bbox 952 1099 1073 1143; x_wconf 91' lang='lat' dir='ltr'><strong>non</strong></span> <span class='ocrx_word' id='word_1_117' title='bbox 1102 1086 1300 1143; x_wconf 88' lang='lat' dir='ltr'><strong>solum</strong></span> <span class='ocrx_word' id='word_1_118' title='bbox 1335 1085 1645 1156; x_wconf 84' lang='lat' dir='ltr'><strong>impuritas</strong></span> <span class='ocrx_word' id='word_1_119' title='bbox 1706 1086 1931 1156; x_wconf 88' lang='lat' dir='ltr'><strong>peccati</strong></span> <span class='ocrx_word' id='word_1_120' title='bbox 1988 1086 2248 1156; x_wconf 88' lang='lat' dir='ltr'><strong>tollatur,</strong></span> <span class='ocrx_word' id='word_1_121' title='bbox 2299 1088 2403 1145; x_wconf 81' lang='lat' dir='ltr'><strong>sed</strong></span> <span class='ocrx_word' id='word_1_122' title='bbox 2452 1088 2632 1148; x_wconf 86' lang='lat' dir='ltr'><strong>etiam</strong></span> 
     </span>
     <span class='ocr_line' id='line_1_13' title="bbox 206 1156 2634 1231; baseline 0.001 -15"><span class='ocrx_word' id='word_1_123' title='bbox 206 1157 478 1216; x_wconf 83' lang='lat' dir='ltr'><strong>solvatur</strong></span> <span class='ocrx_word' id='word_1_124' title='bbox 505 1156 741 1227; x_wconf 87' lang='lat' dir='ltr'><strong>penitus</strong></span> <span class='ocrx_word' id='word_1_125' title='bbox 767 1156 965 1213; x_wconf 89' lang='lat' dir='ltr'><strong>omnis</strong></span> <span class='ocrx_word' id='word_1_126' title='bbox 993 1170 1182 1227; x_wconf 83' lang='lat' dir='ltr'><strong>poenae</strong></span> <span class='ocrx_word' id='word_1_127' title='bbox 1214 1162 1434 1224; x_wconf 81' lang='lat' dir='ltr'><strong>reatuS,</strong></span> <span class='ocrx_word' id='word_1_128' title='bbox 1466 1157 1581 1213; x_wconf 91' lang='lat' dir='ltr'><strong>nisi</strong></span> <span class='ocrx_word' id='word_1_129' title='bbox 1614 1157 1765 1213; x_wconf 88' lang='lat' dir='ltr'><strong>forte</strong></span> <span class='ocrx_word' id='word_1_130' title='bbox 1846 1171 1909 1214; x_wconf 88' lang='lat' dir='ltr'><strong>er</strong></span> <span class='ocrx_word' id='word_1_131' title='bbox 1956 1157 2234 1215; x_wconf 89' lang='lat' dir='ltr'><strong>accidens</strong></span> <span class='ocrx_word' id='word_1_132' title='bbox 2282 1157 2340 1215; x_wconf 93' lang='lat' dir='ltr'><strong>in</strong></span> <span class='ocrx_word' id='word_1_133' title='bbox 2387 1157 2485 1216; x_wconf 89' lang='lat' dir='ltr'><strong>his</strong></span> <span class='ocrx_word' id='word_1_134' title='bbox 2528 1160 2634 1231; x_wconf 87' lang='lat' dir='ltr'><strong>qui</strong></span> 
     </span>
     <span class='ocr_line' id='line_1_14' title="bbox 205 1225 2631 1299; baseline 0.001 -14"><span class='ocrx_word' id='word_1_135' title='bbox 205 1241 328 1286; x_wconf 91' lang='lat' dir='ltr'><strong>non</strong></span> <span class='ocrx_word' id='word_1_136' title='bbox 362 1232 813 1299; x_wconf 90' lang='lat' dir='ltr'><strong>consequuntur</strong></span> <span class='ocrx_word' id='word_1_137' title='bbox 840 1225 1115 1283; x_wconf 83' lang='lat' dir='ltr'><strong>effectum</strong></span> <span class='ocrx_word' id='word_1_138' title='bbox 1149 1227 1502 1284; x_wconf 81' lang='lat' dir='ltr'><strong>sacramenti</strong></span> <span class='ocrx_word' id='word_1_139' title='bbox 1532 1233 1771 1298; x_wconf 89' lang='lat' dir='ltr'><strong>propter</strong></span> <span class='ocrx_word' id='word_1_140' title='bbox 1840 1240 1910 1284; x_wconf 92' lang='lat' dir='ltr'><strong>oc</strong></span> <span class='ocrx_word' id='word_1_141' title='bbox 1939 1228 2098 1299; x_wconf 90' lang='lat' dir='ltr'><strong>quod</strong></span> <span class='ocrx_word' id='word_1_142' title='bbox 2138 1227 2271 1285; x_wconf 84' lang='lat' dir='ltr'><strong>ficte</strong></span> <span class='ocrx_word' id='word_1_143' title='bbox 2319 1229 2631 1289; x_wconf 86' lang='lat' dir='ltr'><strong>accedunt.</strong></span> 
     </span>
     <span class='ocr_line' id='line_1_15' title="bbox 205 1296 2636 1370; baseline 0.001 -14"><span class='ocrx_word' id='word_1_144' title='bbox 205 1300 273 1357; x_wconf 81' lang='lat' dir='ltr'><strong>ln</strong></span> <span class='ocrx_word' id='word_1_145' title='bbox 304 1296 420 1355; x_wconf 88' lang='lat' dir='ltr'><strong>hac</strong></span> <span class='ocrx_word' id='word_1_146' title='bbox 445 1311 585 1353; x_wconf 88' lang='lat' dir='ltr'><strong>vero</strong></span> <span class='ocrx_word' id='word_1_147' title='bbox 614 1297 909 1368; x_wconf 87' lang='lat' dir='ltr'><strong>spirituali</strong></span> <span class='ocrx_word' id='word_1_148' title='bbox 933 1297 1245 1355; x_wconf 83' lang='lat' dir='ltr'><strong>sanatione</strong></span> <span class='ocrx_word' id='word_1_149' title='bbox 1277 1296 1508 1356; x_wconf 85' lang='lat' dir='ltr'><strong>Christo</strong></span> <span class='ocrx_word' id='word_1_150' title='bbox 1532 1297 1957 1370; x_wconf 86' lang='lat' dir='ltr'><strong>conjungimur</strong></span> <span class='ocrx_word' id='word_1_151' title='bbox 1983 1298 2310 1356; x_wconf 90' lang='lat' dir='ltr'><strong>secundum</strong></span> <span class='ocrx_word' id='word_1_152' title='bbox 2344 1301 2636 1370; x_wconf 88' lang='lat' dir='ltr'><strong>operatio·</strong></span> 
     </span>
     <span class='ocr_line' id='line_1_16' title="bbox 209 1366 2653 1448; baseline 0.002 -22"><span class='ocrx_word' id='word_1_153' title='bbox 209 1382 344 1427; x_wconf 90' lang='lat' dir='ltr'><strong>nem</strong></span> <span class='ocrx_word' id='word_1_154' title='bbox 372 1375 639 1424; x_wconf 84' lang='lat' dir='ltr'><strong>nostram</strong></span> <span class='ocrx_word' id='word_1_155' title='bbox 668 1366 861 1424; x_wconf 90' lang='lat' dir='ltr'><strong>divina</strong></span> <span class='ocrx_word' id='word_1_156' title='bbox 890 1369 1077 1448; x_wconf 79' lang='lat' dir='ltr'><strong>gratia</strong></span> <span class='ocrx_word' id='word_1_157' title='bbox 1109 1368 1487 1425; x_wconf 81' lang='lat' dir='ltr'><strong>informatam</strong></span> <span class='ocrx_word' id='word_1_158' title='bbox 1518 1383 1532 1422; x_wconf 79' lang='lat' dir='ltr'><strong><em>z</em></strong></span> <span class='ocrx_word' id='word_1_159' title='bbox 1568 1368 1724 1425; x_wconf 89' lang='lat' dir='ltr'><strong>unde</strong></span> <span class='ocrx_word' id='word_1_160' title='bbox 1754 1381 1874 1426; x_wconf 89' lang='lat' dir='ltr'><strong>non</strong></span> <span class='ocrx_word' id='word_1_161' title='bbox 1919 1381 2154 1439; x_wconf 86' lang='lat' dir='ltr'><strong>semper</strong></span> <span class='ocrx_word' id='word_1_162' title='bbox 2198 1370 2478 1434; x_wconf 85' lang='lat' dir='ltr'><strong>totaliter,</strong></span> <span class='ocrx_word' id='word_1_163' title='bbox 2523 1385 2653 1431; x_wconf 82' lang='lat' dir='ltr'><strong>nee.</strong></span> 
     </span>
     <span class='ocr_line' id='line_1_17' title="bbox 214 1437 2633 1518; baseline 0.002 -22"><span class='ocrx_word' id='word_1_164' title='bbox 214 1451 423 1496; x_wconf 90' lang='lat' dir='ltr'><strong>omnes</strong></span> <span class='ocrx_word' id='word_1_165' title='bbox 448 1437 754 1510; x_wconf 85' lang='lat' dir='ltr'><strong>aequaliter</strong></span> <span class='ocrx_word' id='word_1_166' title='bbox 781 1439 1159 1518; x_wconf 76' lang='lat' dir='ltr'><strong>remissionis</strong></span> <span class='ocrx_word' id='word_1_167' title='bbox 1209 1437 1484 1496; x_wconf 85' lang='lat' dir='ltr'><strong>effectum</strong></span> <span class='ocrx_word' id='word_1_168' title='bbox 1545 1453 1650 1509; x_wconf 84' lang='lat' dir='ltr'><strong>per</strong></span> <span class='ocrx_word' id='word_1_169' title='bbox 1682 1438 1840 1496; x_wconf 90' lang='lat' dir='ltr'><strong>banc</strong></span> <span class='ocrx_word' id='word_1_170' title='bbox 1887 1439 2368 1510; x_wconf 79' lang='lat' dir='ltr'><strong>conjunctionem</strong></span> <span class='ocrx_word' id='word_1_171' title='bbox 2417 1455 2633 1500; x_wconf 86' lang='lat' dir='ltr'><strong>conse-</strong></span> 
     </span>
     <span class='ocr_line' id='line_1_18' title="bbox 215 1508 2631 1583; baseline 0.001 -16"><span class='ocrx_word' id='word_1_172' title='bbox 215 1513 494 1583; x_wconf 88' lang='lat' dir='ltr'><strong>quuntur.</strong></span> <span class='ocrx_word' id='word_1_173' title='bbox 523 1512 722 1566; x_wconf 81' lang='lat' dir='ltr'><strong>Potest</strong></span> <span class='ocrx_word' id='word_1_174' title='bbox 741 1521 898 1564; x_wconf 80' lang='lat' dir='ltr'><strong>enim</strong></span> <span class='ocrx_word' id='word_1_175' title='bbox 927 1522 1062 1567; x_wconf 89' lang='lat' dir='ltr'><strong>esse</strong></span> <span class='ocrx_word' id='word_1_176' title='bbox 1090 1509 1404 1566; x_wconf 85' lang='lat' dir='ltr'><strong>conversio</strong></span> <span class='ocrx_word' id='word_1_177' title='bbox 1433 1511 1653 1566; x_wconf 89' lang='lat' dir='ltr'><strong>mentis</strong></span> <span class='ocrx_word' id='word_1_178' title='bbox 1682 1508 1745 1565; x_wconf 91' lang='lat' dir='ltr'><strong>in</strong></span> <span class='ocrx_word' id='word_1_179' title='bbox 1774 1512 1980 1579; x_wconf 87' lang='lat' dir='ltr'><strong>Deum,</strong></span> <span class='ocrx_word' id='word_1_180' title='bbox 2005 1515 2062 1566; x_wconf 91' lang='lat' dir='ltr'><strong>et</strong></span> <span class='ocrx_word' id='word_1_181' title='bbox 2082 1511 2145 1566; x_wconf 93' lang='lat' dir='ltr'><strong>in</strong></span> <span class='ocrx_word' id='word_1_182' title='bbox 2175 1511 2631 1571; x_wconf 86' lang='lat' dir='ltr'><strong>detestationem</strong></span> 
     </span>
     <span class='ocr_line' id='line_1_19' title="bbox 211 1579 2636 1653; baseline 0.002 -16"><span class='ocrx_word' id='word_1_183' title='bbox 211 1581 436 1653; x_wconf 88' lang='lat' dir='ltr'><strong>peccati</strong></span> <span class='ocrx_word' id='word_1_184' title='bbox 465 1585 585 1635; x_wconf 89' lang='lat' dir='ltr'><strong>tam</strong></span> <span class='ocrx_word' id='word_1_185' title='bbox 616 1579 957 1645; x_wconf 81' lang='lat' dir='ltr'><strong>vehemens,</strong></span> <span class='ocrx_word' id='word_1_186' title='bbox 988 1580 1147 1651; x_wconf 90' lang='lat' dir='ltr'><strong>quod</strong></span> <span class='ocrx_word' id='word_1_187' title='bbox 1177 1580 1431 1650; x_wconf 79' lang='lat' dir='ltr'><strong>perfecte</strong></span> <span class='ocrx_word' id='word_1_188' title='bbox 1463 1580 1879 1637; x_wconf 88' lang='lat' dir='ltr'><strong>remissionem</strong></span> <span class='ocrx_word' id='word_1_189' title='bbox 1928 1579 2149 1651; x_wconf 89' lang='lat' dir='ltr'><strong>peccati</strong></span> <span class='ocrx_word' id='word_1_190' title='bbox 2197 1579 2378 1639; x_wconf 91' lang='lat' dir='ltr'><strong>homo</strong></span> <span class='ocrx_word' id='word_1_191' title='bbox 2426 1595 2636 1641; x_wconf 88' lang='lat' dir='ltr'><strong>conse-</strong></span> 
     </span>
     <span class='ocr_line' id='line_1_20' title="bbox 213 1649 2633 1732; baseline 0.001 -24"><span class='ocrx_word' id='word_1_192' title='bbox 213 1651 435 1722; x_wconf 81' lang='lat' dir='ltr'><strong>quitur,</strong></span> <span class='ocrx_word' id='word_1_193' title='bbox 469 1663 588 1729; x_wconf 83' lang='lat' dir='ltr'><strong>non</strong></span> <span class='ocrx_word' id='word_1_194' title='bbox 623 1649 820 1707; x_wconf 91' lang='lat' dir='ltr'><strong>solum</strong></span> <span class='ocrx_word' id='word_1_195' title='bbox 861 1656 1148 1721; x_wconf 89' lang='lat' dir='ltr'><strong>quantum</strong></span> <span class='ocrx_word' id='word_1_196' title='bbox 1177 1649 1249 1707; x_wconf 93' lang='lat' dir='ltr'><strong>ad</strong></span> <span class='ocrx_word' id='word_1_197' title='bbox 1283 1650 1694 1721; x_wconf 77' lang='lat' dir='ltr'><strong>purgationem</strong></span> <span class='ocrx_word' id='word_1_198' title='bbox 1727 1650 1937 1721; x_wconf 84' lang='lat' dir='ltr'><strong>culpae,</strong></span> <span class='ocrx_word' id='word_1_199' title='bbox 1968 1651 2073 1708; x_wconf 92' lang='lat' dir='ltr'><strong>sed</strong></span> <span class='ocrx_word' id='word_1_200' title='bbox 2120 1651 2296 1709; x_wconf 91' lang='lat' dir='ltr'><strong>etiam</strong></span> <span class='ocrx_word' id='word_1_201' title='bbox 2344 1659 2633 1732; x_wconf 88' lang='lat' dir='ltr'><strong>quantum</strong></span> 
     </span>
     <span class='ocr_line' id='line_1_21' title="bbox 211 1720 2634 1794; baseline 0.002 -16"><span class='ocrx_word' id='word_1_202' title='bbox 211 1722 287 1778; x_wconf 89' lang='lat' dir='ltr'><strong>ad</strong></span> <span class='ocrx_word' id='word_1_203' title='bbox 315 1721 735 1777; x_wconf 80' lang='lat' dir='ltr'><strong>remissionem</strong></span> <span class='ocrx_word' id='word_1_204' title='bbox 767 1720 950 1777; x_wconf 89' lang='lat' dir='ltr'><strong>totius</strong></span> <span class='ocrx_word' id='word_1_205' title='bbox 977 1734 1184 1790; x_wconf 83' lang='lat' dir='ltr'><strong>poenae.</strong></span> <span class='ocrx_word' id='word_1_206' title='bbox 1235 1722 1357 1776; x_wconf 84' lang='lat' dir='ltr'><strong>Hoc</strong></span> <span class='ocrx_word' id='word_1_207' title='bbox 1406 1726 1602 1777; x_wconf 89' lang='lat' dir='ltr'><strong>autem</strong></span> <span class='ocrx_word' id='word_1_208' title='bbox 1647 1733 1770 1778; x_wconf 91' lang='lat' dir='ltr'><strong>non·</strong></span> <span class='ocrx_word' id='word_1_209' title='bbox 1815 1735 2050 1792; x_wconf 91' lang='lat' dir='ltr'><strong>semper</strong></span> <span class='ocrx_word' id='word_1_210' title='bbox 2103 1722 2416 1794; x_wconf 81' lang='lat' dir='ltr'><strong>contingit.</strong></span> <span class='ocrx_word' id='word_1_211' title='bbox 2475 1723 2634 1783; x_wconf 85' lang='lat' dir='ltr'><strong>Unde</strong></span> 
     </span>
     <span class='ocr_line' id='line_1_22' title="bbox 209 1790 2633 1864; baseline 0 -15"><span class='ocrx_word' id='word_1_212' title='bbox 209 1791 571 1863; x_wconf 83' lang='lat' dir='ltr'><strong>quandoque</strong></span> <span class='ocrx_word' id='word_1_213' title='bbox 600 1804 703 1861; x_wconf 90' lang='lat' dir='ltr'><strong>per</strong></span> <span class='ocrx_word' id='word_1_214' title='bbox 724 1790 1145 1847; x_wconf 84' lang='lat' dir='ltr'><strong>contritionem</strong></span> <span class='ocrx_word' id='word_1_215' title='bbox 1165 1796 1363 1847; x_wconf 88' lang='lat' dir='ltr'><strong>amota</strong></span> <span class='ocrx_word' id='word_1_216' title='bbox 1390 1791 1587 1861; x_wconf 90' lang='lat' dir='ltr'><strong>culpa,</strong></span> <span class='ocrx_word' id='word_1_217' title='bbox 1619 1797 1676 1847; x_wconf 91' lang='lat' dir='ltr'><strong>et</strong></span> <span class='ocrx_word' id='word_1_218' title='bbox 1706 1797 1867 1848; x_wconf 88' lang='lat' dir='ltr'><strong>reatu</strong></span> <span class='ocrx_word' id='word_1_219' title='bbox 1900 1805 2089 1862; x_wconf 82' lang='lat' dir='ltr'><strong>poenae</strong></span> <span class='ocrx_word' id='word_1_220' title='bbox 2134 1799 2368 1850; x_wconf 85' lang='lat' dir='ltr'><strong>aeternae</strong></span> <span class='ocrx_word' id='word_1_221' title='bbox 2412 1794 2633 1864; x_wconf 87' lang='lat' dir='ltr'><strong>soluto,</strong></span> 
     </span>
     <span class='ocr_line' id='line_1_23' title="bbox 209 1860 2637 1935; baseline 0.002 -18"><span class='ocrx_word' id='word_1_222' title='bbox 209 1866 278 1918; x_wconf 90' lang='lat' dir='ltr'><strong>ut</strong></span> <span class='ocrx_word' id='word_1_223' title='bbox 305 1860 525 1918; x_wconf 90' lang='lat' dir='ltr'><strong>dictum</strong></span> <span class='ocrx_word' id='word_1_224' title='bbox 550 1866 660 1929; x_wconf 89' lang='lat' dir='ltr'><strong>est,</strong></span> <span class='ocrx_word' id='word_1_225' title='bbox 693 1865 959 1916; x_wconf 88' lang='lat' dir='ltr'><strong>remanet</strong></span> <span class='ocrx_word' id='word_1_226' title='bbox 987 1860 1270 1932; x_wconf 78' lang='lat' dir='ltr'><strong>obligatio</strong></span> <span class='ocrx_word' id='word_1_227' title='bbox 1301 1861 1373 1917; x_wconf 90' lang='lat' dir='ltr'><strong>ad</strong></span> <span class='ocrx_word' id='word_1_228' title='bbox 1397 1862 1656 1933; x_wconf 83' lang='lat' dir='ltr'><strong>aliquam</strong></span> <span class='ocrx_word' id='word_1_229' title='bbox 1692 1875 1925 1932; x_wconf 89' lang='lat' dir='ltr'><strong>poenam</strong></span> <span class='ocrx_word' id='word_1_230' title='bbox 1956 1865 2363 1933; x_wconf 82' lang='lat' dir='ltr'><strong>temporalem,</strong></span> <span class='ocrx_word' id='word_1_231' title='bbox 2405 1870 2470 1921; x_wconf 92' lang='lat' dir='ltr'><strong>ut</strong></span> <span class='ocrx_word' id='word_1_232' title='bbox 2506 1862 2637 1935; x_wconf 81' lang='lat' dir='ltr'><strong>jus-</strong></span> 
     </span>
     <span class='ocr_line' id='line_1_24' title="bbox 206 1930 2287 2004; baseline 0 -15"><span class='ocrx_word' id='word_1_233' title='bbox 206 1931 342 1990; x_wconf 85' lang='lat' dir='ltr'><strong>titia</strong></span> <span class='ocrx_word' id='word_1_234' title='bbox 368 1932 470 1987; x_wconf 90' lang='lat' dir='ltr'><strong>Dei</strong></span> <span class='ocrx_word' id='word_1_235' title='bbox 497 1932 776 1999; x_wconf 88' lang='lat' dir='ltr'><strong>salvetur,</strong></span> <span class='ocrx_word' id='word_1_236' title='bbox 807 1931 1135 1988; x_wconf 91' lang='lat' dir='ltr'><strong>secundum</strong></span> <span class='ocrx_word' id='word_1_237' title='bbox 1160 1944 1334 2003; x_wconf 90' lang='lat' dir='ltr'><strong>quam</strong></span> <span class='ocrx_word' id='word_1_238' title='bbox 1361 1930 1537 2002; x_wconf 90' lang='lat' dir='ltr'><strong>culpa</strong></span> <span class='ocrx_word' id='word_1_239' title='bbox 1565 1932 1874 1989; x_wconf 87' lang='lat' dir='ltr'><strong>ordinatur</strong></span> <span class='ocrx_word' id='word_1_240' title='bbox 1906 1946 2010 2004; x_wconf 90' lang='lat' dir='ltr'><strong>per</strong></span> <span class='ocrx_word' id='word_1_241' title='bbox 2032 1947 2287 2004; x_wconf 87' lang='lat' dir='ltr'><strong>poenam.</strong></span> 
     </span>
    </p>

    <p class='ocr_par' dir='ltr' id='par_1_3' title="bbox 210 2000 2641 2906">
     <span class='ocr_line' id='line_1_25' title="bbox 285 2000 2634 2075; baseline 0 -17"><span class='ocrx_word' id='word_1_242' title='bbox 285 2001 480 2070; x_wconf 80' lang='lat' dir='ltr'><strong>Quum</strong></span> <span class='ocrx_word' id='word_1_243' title='bbox 528 2006 722 2058; x_wconf 86' lang='lat' dir='ltr'><strong>autem</strong></span> <span class='ocrx_word' id='word_1_244' title='bbox 755 2000 954 2058; x_wconf 89' lang='lat' dir='ltr'><strong>subire</strong></span> <span class='ocrx_word' id='word_1_245' title='bbox 983 2015 1216 2072; x_wconf 89' lang='lat' dir='ltr'><strong>poenam</strong></span> <span class='ocrx_word' id='word_1_246' title='bbox 1307 2014 1371 2058; x_wconf 88' lang='lat' dir='ltr'><strong>ro</strong></span> <span class='ocrx_word' id='word_1_247' title='bbox 1422 2004 1617 2072; x_wconf 90' lang='lat' dir='ltr'><strong>culpa,</strong></span> <span class='ocrx_word' id='word_1_248' title='bbox 1665 2002 1953 2073; x_wconf 87' lang='lat' dir='ltr'><strong>jndicium</strong></span> <span class='ocrx_word' id='word_1_249' title='bbox 2000 2004 2301 2074; x_wconf 86' lang='lat' dir='ltr'><strong>quoddam</strong></span> <span class='ocrx_word' id='word_1_250' title='bbox 2356 2003 2634 2075; x_wconf 87' lang='lat' dir='ltr'><strong>requirat,</strong></span> 
     </span>
     <span class='ocr_line' id='line_1_26' title="bbox 212 2072 2637 2153; baseline -0 -21"><span class='ocrx_word' id='word_1_251' title='bbox 212 2076 448 2153; x_wconf 89' lang='lat' dir='ltr'><strong>oportet</strong></span> <span class='ocrx_word' id='word_1_252' title='bbox 477 2072 634 2144; x_wconf 87' lang='lat' dir='ltr'><strong>quod</strong></span> <span class='ocrx_word' id='word_1_253' title='bbox 659 2073 979 2153; x_wconf 85' lang='lat' dir='ltr'><strong>poenitens,</strong></span> <span class='ocrx_word' id='word_1_254' title='bbox 1008 2073 1109 2144; x_wconf 91' lang='lat' dir='ltr'><strong>qui</strong></span> <span class='ocrx_word' id='word_1_255' title='bbox 1139 2085 1205 2129; x_wconf 92' lang='lat' dir='ltr'><strong>se</strong></span> <span class='ocrx_word' id='word_1_256' title='bbox 1322 2072 1466 2129; x_wconf 90' lang='lat' dir='ltr'><strong>risto</strong></span> <span class='ocrx_word' id='word_1_257' title='bbox 1496 2072 1831 2129; x_wconf 88' lang='lat' dir='ltr'><strong>sanandum</strong></span> <span class='ocrx_word' id='word_1_258' title='bbox 1860 2073 2179 2141; x_wconf 87' lang='lat' dir='ltr'><strong>commisit,</strong></span> <span class='ocrx_word' id='word_1_259' title='bbox 2224 2074 2437 2131; x_wconf 89' lang='lat' dir='ltr'><strong>Christi</strong></span> <span class='ocrx_word' id='word_1_260' title='bbox 2480 2073 2637 2145; x_wconf 87' lang='lat' dir='ltr'><strong>judi-</strong></span> 
     </span>
     <span class='ocr_line' id='line_1_27' title="bbox 211 2142 2640 2215; baseline 0 -14"><span class='ocrx_word' id='word_1_261' title='bbox 211 2157 375 2201; x_wconf 82' lang='lat' dir='ltr'><strong>cium</strong></span> <span class='ocrx_word' id='word_1_262' title='bbox 408 2143 467 2198; x_wconf 93' lang='lat' dir='ltr'><strong>in</strong></span> <span class='ocrx_word' id='word_1_263' title='bbox 496 2146 792 2199; x_wconf 84' lang='lat' dir='ltr'><strong>taxatione</strong></span> <span class='ocrx_word' id='word_1_264' title='bbox 816 2156 1006 2213; x_wconf 78' lang='lat' dir='ltr'><strong>poenae</strong></span> <span class='ocrx_word' id='word_1_265' title='bbox 1035 2148 1300 2213; x_wconf 85' lang='lat' dir='ltr'><strong>expectet</strong></span> <span class='ocrx_word' id='word_1_266' title='bbox 1331 2160 1344 2198; x_wconf 90' lang='lat'>:</span> <span class='ocrx_word' id='word_1_267' title='bbox 1372 2142 1529 2213; x_wconf 89' lang='lat' dir='ltr'><strong>quod</strong></span> <span class='ocrx_word' id='word_1_268' title='bbox 1561 2143 1801 2215; x_wconf 90' lang='lat' dir='ltr'><strong>quidem</strong></span> <span class='ocrx_word' id='word_1_269' title='bbox 1832 2156 1937 2214; x_wconf 90' lang='lat' dir='ltr'><strong>per</strong></span> <span class='ocrx_word' id='word_1_270' title='bbox 1961 2156 2107 2200; x_wconf 89' lang='lat' dir='ltr'><strong>suos</strong></span> <span class='ocrx_word' id='word_1_271' title='bbox 2144 2145 2451 2202; x_wconf 89' lang='lat' dir='ltr'><strong>ministros</strong></span> <span class='ocrx_word' id='word_1_272' title='bbox 2479 2143 2640 2202; x_wconf 84' lang='lat' dir='ltr'><strong>exhi·</strong></span> 
     </span>
     <span class='ocr_line' id='line_1_28' title="bbox 210 2212 2636 2286; baseline -0.001 -12"><span class='ocrx_word' id='word_1_273' title='bbox 210 2213 317 2274; x_wconf 85' lang='lat' dir='ltr'><strong>het</strong></span> <span class='ocrx_word' id='word_1_274' title='bbox 346 2212 632 2281; x_wconf 83' lang='lat' dir='ltr'><strong>ChristuS,</strong></span> <span class='ocrx_word' id='word_1_275' title='bbox 663 2213 820 2270; x_wconf 90' lang='lat' dir='ltr'><strong>sicut</strong></span> <span class='ocrx_word' id='word_1_276' title='bbox 848 2218 905 2269; x_wconf 90' lang='lat' dir='ltr'><strong>et</strong></span> <span class='ocrx_word' id='word_1_277' title='bbox 934 2219 1146 2270; x_wconf 73' lang='lat' dir='ltr'><strong>caetera</strong></span> <span class='ocrx_word' id='word_1_278' title='bbox 1169 2218 1562 2270; x_wconf 90' lang='lat' dir='ltr'><strong>sacramenta.</strong></span> <span class='ocrx_word' id='word_1_279' title='bbox 1594 2213 1805 2271; x_wconf 87' lang='lat' dir='ltr'><strong>Nullus</strong></span> <span class='ocrx_word' id='word_1_280' title='bbox 1834 2219 2031 2270; x_wconf 89' lang='lat' dir='ltr'><strong>autem</strong></span> <span class='ocrx_word' id='word_1_281' title='bbox 2053 2220 2250 2284; x_wconf 87' lang='lat' dir='ltr'><strong>potest</strong></span> <span class='ocrx_word' id='word_1_282' title='bbox 2270 2214 2541 2286; x_wconf 85' lang='lat' dir='ltr'><strong>jndicare</strong></span> <span class='ocrx_word' id='word_1_283' title='bbox 2562 2214 2636 2273; x_wconf 89' lang='lat' dir='ltr'><strong>de</strong></span> 
     </span>
     <span class='ocr_line' id='line_1_29' title="bbox 212 2283 2637 2357; baseline 0 -15"><span class='ocrx_word' id='word_1_284' title='bbox 212 2284 412 2355; x_wconf 86' lang='lat' dir='ltr'><strong>culpis</strong></span> <span class='ocrx_word' id='word_1_285' title='bbox 441 2298 592 2356; x_wconf 92' lang='lat' dir='ltr'><strong>quas</strong></span> <span class='ocrx_word' id='word_1_286' title='bbox 621 2283 877 2355; x_wconf 85' lang='lat' dir='ltr'><strong>ignorat.</strong></span> <span class='ocrx_word' id='word_1_287' title='bbox 903 2283 1314 2341; x_wconf 86' lang='lat' dir='ltr'><strong>Necessarium</strong></span> <span class='ocrx_word' id='word_1_288' title='bbox 1345 2283 1528 2354; x_wconf 86' lang='lat' dir='ltr'><strong>igitur</strong></span> <span class='ocrx_word' id='word_1_289' title='bbox 1558 2283 1665 2339; x_wconf 80' lang='lat' dir='ltr'><strong>suit</strong></span> <span class='ocrx_word' id='word_1_290' title='bbox 1694 2283 2137 2341; x_wconf 79' lang='lat' dir='ltr'><strong>confessionem</strong></span> <span class='ocrx_word' id='word_1_291' title='bbox 2181 2285 2413 2343; x_wconf 83' lang='lat' dir='ltr'><strong>institui</strong></span> <span class='ocrx_word' id='word_1_292' title='bbox 2463 2283 2637 2357; x_wconf 87' lang='lat' dir='ltr'><strong>quasi</strong></span> 
     </span>
     <span class='ocr_line' id='line_1_30' title="bbox 213 2353 2640 2425; baseline -0 -13"><span class='ocrx_word' id='word_1_293' title='bbox 213 2355 539 2412; x_wconf 87' lang='lat' dir='ltr'><strong>secundam</strong></span> <span class='ocrx_word' id='word_1_294' title='bbox 574 2360 796 2425; x_wconf 90' lang='lat' dir='ltr'><strong>partem</strong></span> <span class='ocrx_word' id='word_1_295' title='bbox 828 2353 1173 2424; x_wconf 89' lang='lat' dir='ltr'><strong>hujusmodi</strong></span> <span class='ocrx_word' id='word_1_296' title='bbox 1205 2353 1583 2420; x_wconf 89' lang='lat' dir='ltr'><strong>sacramenti,</strong></span> <span class='ocrx_word' id='word_1_297' title='bbox 1617 2358 1680 2409; x_wconf 91' lang='lat' dir='ltr'><strong>ut</strong></span> <span class='ocrx_word' id='word_1_298' title='bbox 1707 2354 1803 2410; x_wconf 87' lang='lat' dir='ltr'><strong>cul</strong></span> <span class='ocrx_word' id='word_1_299' title='bbox 1850 2368 1884 2410; x_wconf 90' lang='lat' dir='ltr'><strong>a</strong></span> <span class='ocrx_word' id='word_1_300' title='bbox 1913 2354 2257 2424; x_wconf 88' lang='lat' dir='ltr'><strong>poenitentis</strong></span> <span class='ocrx_word' id='word_1_301' title='bbox 2303 2355 2640 2412; x_wconf 87' lang='lat' dir='ltr'><strong>innotescat</strong></span> 
     </span>
     <span class='ocr_line' id='line_1_31' title="bbox 212 2422 2637 2495; baseline -0.001 -12"><span class='ocrx_word' id='word_1_302' title='bbox 212 2424 428 2483; x_wconf 87' lang='lat' dir='ltr'><strong>Christi</strong></span> <span class='ocrx_word' id='word_1_303' title='bbox 458 2424 751 2481; x_wconf 89' lang='lat' dir='ltr'><strong>ministro.</strong></span> <span class='ocrx_word' id='word_1_304' title='bbox 783 2424 1024 2494; x_wconf 89' lang='lat' dir='ltr'><strong>Oportet</strong></span> <span class='ocrx_word' id='word_1_305' title='bbox 1049 2424 1226 2495; x_wconf 88' lang='lat' dir='ltr'><strong>igitur</strong></span> <span class='ocrx_word' id='word_1_306' title='bbox 1268 2423 1607 2479; x_wconf 86' lang='lat' dir='ltr'><strong>ministrum</strong></span> <span class='ocrx_word' id='word_1_307' title='bbox 1651 2423 1749 2480; x_wconf 88' lang='lat' dir='ltr'><strong>cui</strong></span> <span class='ocrx_word' id='word_1_308' title='bbox 1842 2429 1864 2478; x_wconf 88' lang='lat' dir='ltr'><strong>t</strong></span> <span class='ocrx_word' id='word_1_309' title='bbox 1904 2422 2227 2490; x_wconf 82' lang='lat' dir='ltr'><strong>consessi0‚</strong></span> <span class='ocrx_word' id='word_1_310' title='bbox 2262 2423 2637 2494; x_wconf 89' lang='lat' dir='ltr'><strong>judiciariam</strong></span> 
     </span>
     <span class='ocr_line' id='line_1_32' title="bbox 215 2491 2635 2567; baseline -0.001 -14"><span class='ocrx_word' id='word_1_311' title='bbox 215 2499 569 2567; x_wconf 89' lang='lat' dir='ltr'><strong>potestatem</strong></span> <span class='ocrx_word' id='word_1_312' title='bbox 593 2494 810 2553; x_wconf 89' lang='lat' dir='ltr'><strong>habere</strong></span> <span class='ocrx_word' id='word_1_313' title='bbox 839 2493 964 2551; x_wconf 89' lang='lat' dir='ltr'><strong>vice</strong></span> <span class='ocrx_word' id='word_1_314' title='bbox 993 2493 1227 2563; x_wconf 85' lang='lat' dir='ltr'><strong>Christi,</strong></span> <span class='ocrx_word' id='word_1_315' title='bbox 1256 2492 1357 2565; x_wconf 90' lang='lat' dir='ltr'><strong>qui</strong></span> <span class='ocrx_word' id='word_1_316' title='bbox 1388 2491 1751 2550; x_wconf 86' lang='lat' dir='ltr'><strong>constitutus</strong></span> <span class='ocrx_word' id='word_1_317' title='bbox 1779 2498 1872 2551; x_wconf 90' lang='lat' dir='ltr'><strong>est</strong></span> <span class='ocrx_word' id='word_1_318' title='bbox 1893 2491 2073 2564; x_wconf 83' lang='lat' dir='ltr'><strong>judex</strong></span> <span class='ocrx_word' id='word_1_319' title='bbox 2104 2493 2369 2550; x_wconf 90' lang='lat' dir='ltr'><strong>vivorum</strong></span> <span class='ocrx_word' id='word_1_320' title='bbox 2394 2499 2453 2551; x_wconf 92' lang='lat' dir='ltr'><strong>et</strong></span> <span class='ocrx_word' id='word_1_321' title='bbox 2476 2507 2635 2553; x_wconf 88' lang='lat' dir='ltr'><strong>mor-</strong></span> 
     </span>
     <span class='ocr_line' id='line_1_33' title="bbox 211 2563 2639 2645; baseline 0 -22"><span class='ocrx_word' id='word_1_322' title='bbox 211 2571 474 2625; x_wconf 84' lang='lat' dir='ltr'><strong>tuorum.</strong></span> <span class='ocrx_word' id='word_1_323' title='bbox 504 2565 586 2622; x_wconf 77' lang='lat' dir='ltr'><strong>Ad</strong></span> <span class='ocrx_word' id='word_1_324' title='bbox 607 2564 981 2636; x_wconf 87' lang='lat' dir='ltr'><strong>judiciariam</strong></span> <span class='ocrx_word' id='word_1_325' title='bbox 1017 2571 1212 2622; x_wconf 90' lang='lat' dir='ltr'><strong>autem</strong></span> <span class='ocrx_word' id='word_1_326' title='bbox 1241 2569 1591 2635; x_wconf 90' lang='lat' dir='ltr'><strong>potestatem</strong></span> <span class='ocrx_word' id='word_1_327' title='bbox 1625 2563 1743 2621; x_wconf 92' lang='lat' dir='ltr'><strong>duo</strong></span> <span class='ocrx_word' id='word_1_328' title='bbox 1772 2563 2171 2645; x_wconf 83' lang='lat' dir='ltr'><strong>requiruntur,</strong></span> <span class='ocrx_word' id='word_1_329' title='bbox 2191 2563 2419 2622; x_wconf 89' lang='lat' dir='ltr'><strong>scilicet</strong></span> <span class='ocrx_word' id='word_1_330' title='bbox 2437 2570 2639 2624; x_wconf 88' lang='lat' dir='ltr'><strong>aucto-</strong></span> 
     </span>
     <span class='ocr_line' id='line_1_34' title="bbox 212 2634 2637 2709; baseline -0 -15"><span class='ocrx_word' id='word_1_331' title='bbox 212 2637 362 2695; x_wconf 79' lang='lat' dir='ltr'><strong>ritas</strong></span> <span class='ocrx_word' id='word_1_332' title='bbox 395 2635 799 2709; x_wconf 81' lang='lat' dir='ltr'><strong>cognoscendi</strong></span> <span class='ocrx_word' id='word_1_333' title='bbox 831 2634 902 2692; x_wconf 94' lang='lat' dir='ltr'><strong>de</strong></span> <span class='ocrx_word' id='word_1_334' title='bbox 932 2635 1127 2705; x_wconf 90' lang='lat' dir='ltr'><strong>culpa,</strong></span> <span class='ocrx_word' id='word_1_335' title='bbox 1160 2641 1216 2691; x_wconf 91' lang='lat' dir='ltr'><strong>et</strong></span> <span class='ocrx_word' id='word_1_336' title='bbox 1244 2639 1507 2704; x_wconf 88' lang='lat' dir='ltr'><strong>potestas</strong></span> <span class='ocrx_word' id='word_1_337' title='bbox 1537 2634 1907 2704; x_wconf 81' lang='lat' dir='ltr'><strong>absolvendi,</strong></span> <span class='ocrx_word' id='word_1_338' title='bbox 1936 2635 2029 2690; x_wconf 86' lang='lat' dir='ltr'><strong>vei</strong></span> <span class='ocrx_word' id='word_1_339' title='bbox 2077 2635 2535 2694; x_wconf 86' lang='lat' dir='ltr'><strong>condemnandi.</strong></span> <span class='ocrx_word' id='word_1_340' title='bbox 2568 2637 2637 2694; x_wconf 85' lang='lat' dir='ltr'><strong>Et</strong></span> 
     </span>
     <span class='ocr_line' id='line_1_35' title="bbox 212 2704 2641 2776; baseline 0 -11"><span class='ocrx_word' id='word_1_341' title='bbox 212 2707 340 2765; x_wconf 75' lang='lat' dir='ltr'><strong>baec</strong></span> <span class='ocrx_word' id='word_1_342' title='bbox 368 2707 488 2764; x_wconf 90' lang='lat' dir='ltr'><strong>duo</strong></span> <span class='ocrx_word' id='word_1_343' title='bbox 519 2707 798 2763; x_wconf 85' lang='lat' dir='ltr'><strong>dicuntur</strong></span> <span class='ocrx_word' id='word_1_344' title='bbox 825 2705 956 2763; x_wconf 84' lang='lat' dir='ltr'><strong>duae</strong></span> <span class='ocrx_word' id='word_1_345' title='bbox 986 2707 1184 2763; x_wconf 85' lang='lat' dir='ltr'><strong>claves</strong></span> <span class='ocrx_word' id='word_1_346' title='bbox 1216 2705 1512 2768; x_wconf 71' lang='lat' dir='ltr'><strong>Ecclesiae,</strong></span> <span class='ocrx_word' id='word_1_347' title='bbox 1561 2704 1789 2762; x_wconf 90' lang='lat' dir='ltr'><strong>scilicet</strong></span> <span class='ocrx_word' id='word_1_348' title='bbox 1835 2704 2086 2763; x_wconf 88' lang='lat' dir='ltr'><strong>scientia</strong></span> <span class='ocrx_word' id='word_1_349' title='bbox 2135 2704 2533 2776; x_wconf 90' lang='lat' dir='ltr'><strong>discernendi,</strong></span> <span class='ocrx_word' id='word_1_350' title='bbox 2578 2711 2641 2765; x_wconf 90' lang='lat' dir='ltr'><strong>et</strong></span> 
     </span>
     <span class='ocr_line' id='line_1_36' title="bbox 213 2775 2635 2906; baseline -0 -70"><span class='ocrx_word' id='word_1_351' title='bbox 213 2779 484 2906; x_wconf 39' lang='lat' dir='ltr'><strong>&amp;utentia</strong></span> <span class='ocrx_word' id='word_1_352' title='bbox 509 2777 729 2850; x_wconf 84' lang='lat' dir='ltr'><strong>ligandi</strong></span> <span class='ocrx_word' id='word_1_353' title='bbox 758 2781 817 2832; x_wconf 92' lang='lat' dir='ltr'><strong>et</strong></span> <span class='ocrx_word' id='word_1_354' title='bbox 843 2776 1134 2844; x_wconf 85' lang='lat' dir='ltr'><strong>solvendi,</strong></span> <span class='ocrx_word' id='word_1_355' title='bbox 1164 2789 1316 2848; x_wconf 88' lang='lat' dir='ltr'><strong>quas</strong></span> <span class='ocrx_word' id='word_1_356' title='bbox 1360 2775 1650 2832; x_wconf 90' lang='lat' dir='ltr'><strong>Dominus</strong></span> <span class='ocrx_word' id='word_1_357' title='bbox 1698 2778 1869 2833; x_wconf 85' lang='lat' dir='ltr'><strong>Petro</strong></span> <span class='ocrx_word' id='word_1_358' title='bbox 1912 2775 2233 2845; x_wconf 89' lang='lat' dir='ltr'><strong>commisit,</strong></span> <span class='ocrx_word' id='word_1_359' title='bbox 2265 2777 2435 2848; x_wconf 85' lang='lat' dir='ltr'><strong>juxta</strong></span> <span class='ocrx_word' id='word_1_360' title='bbox 2462 2775 2635 2847; x_wconf 83' lang='lat' dir='ltr'><strong>illud,</strong></span> 
     </span>
    </p>

    <p class='ocr_par' dir='ltr' id='par_1_4' title="bbox 179 2846 2659 3764">
     <span class='ocr_line' id='line_1_37' title="bbox 272 2846 2637 2920; baseline -0 -14"><span class='ocrx_word' id='word_1_361' title='bbox 272 2848 442 2915; x_wconf 69' lang='lat' dir='ltr'><strong>aith„</strong></span> <span class='ocrx_word' id='word_1_362' title='bbox 476 2861 601 2910; x_wconf 81' lang='lat' dir='ltr'><strong>xvi,</strong></span> <span class='ocrx_word' id='word_1_363' title='bbox 637 2851 701 2905; x_wconf 80' lang='lat'><strong>19</strong></span> <span class='ocrx_word' id='word_1_364' title='bbox 733 2865 747 2903; x_wconf 78' lang='lat' dir='ltr'><em>z</em></span> <span class='ocrx_word' id='word_1_365' title='bbox 782 2847 906 2902; x_wconf 73' lang='lat' dir='ltr'><strong>Tibi</strong></span> <span class='ocrx_word' id='word_1_366' title='bbox 932 2847 1073 2902; x_wconf 82' lang='lat' dir='ltr'><strong>dabo</strong></span> <span class='ocrx_word' id='word_1_367' title='bbox 1099 2847 1273 2902; x_wconf 82' lang='lat' dir='ltr'><strong>claves</strong></span> <span class='ocrx_word' id='word_1_368' title='bbox 1292 2848 1449 2914; x_wconf 72' lang='lat' dir='ltr'><strong>requi</strong></span> <span class='ocrx_word' id='word_1_369' title='bbox 1473 2846 1741 2902; x_wconf 80' lang='lat' dir='ltr'><strong>coelorum.</strong></span> <span class='ocrx_word' id='word_1_370' title='bbox 1773 2849 1899 2904; x_wconf 86' lang='lat' dir='ltr'><strong>Non</strong></span> <span class='ocrx_word' id='word_1_371' title='bbox 1927 2852 2123 2904; x_wconf 89' lang='lat' dir='ltr'><strong>autem</strong></span> <span class='ocrx_word' id='word_1_372' title='bbox 2152 2847 2241 2904; x_wconf 91' lang='lat' dir='ltr'><strong>sic</strong></span> <span class='ocrx_word' id='word_1_373' title='bbox 2274 2846 2637 2920; x_wconf 45' lang='lat' dir='ltr'><strong>‚intelligitur</strong></span> 
     </span>
     <span class='ocr_line' id='line_1_38' title="bbox 217 2916 2640 2990; baseline -0.001 -12"><span class='ocrx_word' id='word_1_374' title='bbox 217 2921 396 2978; x_wconf 87' lang='lat' dir='ltr'><strong>Petro</strong></span> <span class='ocrx_word' id='word_1_375' title='bbox 428 2917 803 2976; x_wconf 90' lang='lat' dir='ltr'><strong>commisisse</strong></span> <span class='ocrx_word' id='word_1_376' title='bbox 835 2924 898 2974; x_wconf 92' lang='lat' dir='ltr'><strong>ut</strong></span> <span class='ocrx_word' id='word_1_377' title='bbox 925 2917 1053 2990; x_wconf 92' lang='lat' dir='ltr'><strong>ipse</strong></span> <span class='ocrx_word' id='word_1_378' title='bbox 1083 2916 1252 2974; x_wconf 90' lang='lat' dir='ltr'><strong>solus</strong></span> <span class='ocrx_word' id='word_1_379' title='bbox 1292 2916 1558 2985; x_wconf 89' lang='lat' dir='ltr'><strong>haberet,</strong></span> <span class='ocrx_word' id='word_1_380' title='bbox 1589 2916 1694 2975; x_wconf 88' lang='lat' dir='ltr'><strong>sed</strong></span> <span class='ocrx_word' id='word_1_381' title='bbox 1724 2922 1786 2974; x_wconf 89' lang='lat' dir='ltr'><strong>ut</strong></span> <span class='ocrx_word' id='word_1_382' title='bbox 1815 2931 1919 2988; x_wconf 90' lang='lat' dir='ltr'><strong>per</strong></span> <span class='ocrx_word' id='word_1_383' title='bbox 1939 2931 2075 2974; x_wconf 92' lang='lat' dir='ltr'><strong>eum</strong></span> <span class='ocrx_word' id='word_1_384' title='bbox 2119 2917 2525 2975; x_wconf 88' lang='lat' dir='ltr'><strong>derivarentur</strong></span> <span class='ocrx_word' id='word_1_385' title='bbox 2562 2916 2640 2976; x_wconf 85' lang='lat' dir='ltr'><strong>ad</strong></span> 
     </span>
     <span class='ocr_line' id='line_1_39' title="bbox 216 2986 2641 3061; baseline -0.001 -13"><span class='ocrx_word' id='word_1_386' title='bbox 216 2989 417 3048; x_wconf 91' lang='lat' dir='ltr'><strong>alios:</strong></span> <span class='ocrx_word' id='word_1_387' title='bbox 452 2988 600 3046; x_wconf 88' lang='lat' dir='ltr'><strong>alias</strong></span> <span class='ocrx_word' id='word_1_388' title='bbox 629 3001 748 3046; x_wconf 90' lang='lat' dir='ltr'><strong>non</strong></span> <span class='ocrx_word' id='word_1_389' title='bbox 780 2994 941 3045; x_wconf 90' lang='lat' dir='ltr'><strong>esset</strong></span> <span class='ocrx_word' id='word_1_390' title='bbox 969 2986 1335 3045; x_wconf 79' lang='lat' dir='ltr'><strong>sufficienter</strong></span> <span class='ocrx_word' id='word_1_391' title='bbox 1376 2986 1637 3044; x_wconf 84' lang='lat' dir='ltr'><strong>fidelium</strong></span> <span class='ocrx_word' id='word_1_392' title='bbox 1690 2986 1868 3044; x_wconf 87' lang='lat' dir='ltr'><strong>saluti</strong></span> <span class='ocrx_word' id='word_1_393' title='bbox 1921 2988 2243 3059; x_wconf 88' lang='lat' dir='ltr'><strong>provisum.</strong></span> <span class='ocrx_word' id='word_1_394' title='bbox 2288 2986 2641 3061; x_wconf 84' lang='lat' dir='ltr'><strong>Hujusmodi</strong></span> 
     </span>
     <span class='ocr_line' id='line_1_40' title="bbox 215 3055 2644 3131; baseline -0.001 -13"><span class='ocrx_word' id='word_1_395' title='bbox 215 3066 419 3118; x_wconf 85' lang='lat' dir='ltr'><strong>autem</strong></span> <span class='ocrx_word' id='word_1_396' title='bbox 463 3060 660 3117; x_wconf 85' lang='lat' dir='ltr'><strong>claves</strong></span> <span class='ocrx_word' id='word_1_397' title='bbox 705 3073 740 3115; x_wconf 89' lang='lat' dir='ltr'><strong>a</strong></span> <span class='ocrx_word' id='word_1_398' title='bbox 785 3059 1064 3129; x_wconf 88' lang='lat' dir='ltr'><strong>passione</strong></span> <span class='ocrx_word' id='word_1_399' title='bbox 1109 3058 1319 3115; x_wconf 90' lang='lat' dir='ltr'><strong>Christi</strong></span> <span class='ocrx_word' id='word_1_400' title='bbox 1365 3055 1691 3115; x_wconf 82' lang='lat' dir='ltr'><strong>efficaciam</strong></span> <span class='ocrx_word' id='word_1_401' title='bbox 1738 3056 1979 3127; x_wconf 91' lang='lat' dir='ltr'><strong>habent,</strong></span> <span class='ocrx_word' id='word_1_402' title='bbox 2027 3073 2132 3130; x_wconf 89' lang='lat' dir='ltr'><strong>per</strong></span> <span class='ocrx_word' id='word_1_403' title='bbox 2180 3073 2359 3131; x_wconf 91' lang='lat' dir='ltr'><strong>quam</strong></span> <span class='ocrx_word' id='word_1_404' title='bbox 2410 3058 2644 3118; x_wconf 83' lang='lat' dir='ltr'><strong>scilicet</strong></span> 
     </span>
     <span class='ocr_line' id='line_1_41' title="bbox 217 3128 2638 3201; baseline -0.001 -13"><span class='ocrx_word' id='word_1_405' title='bbox 217 3131 491 3188; x_wconf 86' lang='lat' dir='ltr'><strong>Christus</strong></span> <span class='ocrx_word' id='word_1_406' title='bbox 521 3129 694 3186; x_wconf 89' lang='lat' dir='ltr'><strong>nobis</strong></span> <span class='ocrx_word' id='word_1_407' title='bbox 714 3130 945 3199; x_wconf 86' lang='lat' dir='ltr'><strong>aperuit</strong></span> <span class='ocrx_word' id='word_1_408' title='bbox 965 3129 1210 3201; x_wconf 89' lang='lat' dir='ltr'><strong>januam</strong></span> <span class='ocrx_word' id='word_1_409' title='bbox 1247 3128 1417 3201; x_wconf 89' lang='lat' dir='ltr'><strong>regni</strong></span> <span class='ocrx_word' id='word_1_410' title='bbox 1461 3128 1742 3186; x_wconf 86' lang='lat' dir='ltr'><strong>coelestis.</strong></span> <span class='ocrx_word' id='word_1_411' title='bbox 1774 3128 1912 3186; x_wconf 86' lang='lat' dir='ltr'><strong>Ideo</strong></span> <span class='ocrx_word' id='word_1_412' title='bbox 1944 3129 2101 3186; x_wconf 91' lang='lat' dir='ltr'><strong>sicut</strong></span> <span class='ocrx_word' id='word_1_413' title='bbox 2137 3129 2269 3187; x_wconf 92' lang='lat' dir='ltr'><strong>sine</strong></span> <span class='ocrx_word' id='word_1_414' title='bbox 2314 3131 2638 3200; x_wconf 89' lang='lat' dir='ltr'><strong>Baptismo,</strong></span> 
     </span>
     <span class='ocr_line' id='line_1_42' title="bbox 214 3199 2641 3273; baseline -0 -15"><span class='ocrx_word' id='word_1_415' title='bbox 214 3201 280 3258; x_wconf 89' lang='lat' dir='ltr'><strong>in</strong></span> <span class='ocrx_word' id='word_1_416' title='bbox 309 3214 430 3273; x_wconf 89' lang='lat' dir='ltr'><strong>quo</strong></span> <span class='ocrx_word' id='word_1_417' title='bbox 465 3207 741 3271; x_wconf 87' lang='lat' dir='ltr'><strong>operatur</strong></span> <span class='ocrx_word' id='word_1_418' title='bbox 772 3200 973 3269; x_wconf 89' lang='lat' dir='ltr'><strong>passio</strong></span> <span class='ocrx_word' id='word_1_419' title='bbox 1001 3199 1212 3256; x_wconf 89' lang='lat' dir='ltr'><strong>Christi</strong></span> <span class='ocrx_word' id='word_1_420' title='bbox 1243 3212 1361 3256; x_wconf 90' lang='lat' dir='ltr'><strong>non</strong></span> <span class='ocrx_word' id='word_1_421' title='bbox 1391 3204 1588 3269; x_wconf 89' lang='lat' dir='ltr'><strong>potest</strong></span> <span class='ocrx_word' id='word_1_422' title='bbox 1616 3212 1751 3257; x_wconf 90' lang='lat' dir='ltr'><strong>esse</strong></span> <span class='ocrx_word' id='word_1_423' title='bbox 1781 3199 1948 3256; x_wconf 89' lang='lat' dir='ltr'><strong>salus</strong></span> <span class='ocrx_word' id='word_1_424' title='bbox 1992 3200 2356 3264; x_wconf 81' lang='lat' dir='ltr'><strong>hominibus,</strong></span> <span class='ocrx_word' id='word_1_425' title='bbox 2402 3204 2467 3257; x_wconf 91' lang='lat' dir='ltr'><strong>ut</strong></span> <span class='ocrx_word' id='word_1_426' title='bbox 2512 3212 2641 3257; x_wconf 87' lang='lat' dir='ltr'><strong>rea-</strong></span> 
     </span>
     <span class='ocr_line' id='line_1_43' title="bbox 215 3269 2638 3342; baseline -0.001 -13"><span class='ocrx_word' id='word_1_427' title='bbox 215 3271 352 3329; x_wconf 89' lang='lat' dir='ltr'><strong>liter</strong></span> <span class='ocrx_word' id='word_1_428' title='bbox 383 3276 684 3340; x_wconf 90' lang='lat' dir='ltr'><strong>suscepto‚</strong></span> <span class='ocrx_word' id='word_1_429' title='bbox 717 3270 805 3325; x_wconf 80' lang='lat' dir='ltr'><strong>vel</strong></span> <span class='ocrx_word' id='word_1_430' title='bbox 832 3269 1162 3326; x_wconf 88' lang='lat' dir='ltr'><strong>secundum</strong></span> <span class='ocrx_word' id='word_1_431' title='bbox 1190 3270 1555 3340; x_wconf 89' lang='lat' dir='ltr'><strong>propositum</strong></span> <span class='ocrx_word' id='word_1_432' title='bbox 1587 3269 1942 3337; x_wconf 87' lang='lat' dir='ltr'><strong>desiderato,</strong></span> <span class='ocrx_word' id='word_1_433' title='bbox 1992 3271 2231 3342; x_wconf 89' lang='lat' dir='ltr'><strong>quando</strong></span> <span class='ocrx_word' id='word_1_434' title='bbox 2285 3270 2638 3340; x_wconf 61' lang='lat' dir='ltr'><strong>necessitas»,</strong></span> 
     </span>
     <span class='ocr_line' id='line_1_44' title="bbox 217 3339 2641 3412; baseline -0.001 -12"><span class='ocrx_word' id='word_1_435' title='bbox 217 3354 344 3400; x_wconf 89' lang='lat' dir='ltr'><strong>non</strong></span> <span class='ocrx_word' id='word_1_436' title='bbox 375 3346 770 3411; x_wconf 86' lang='lat' dir='ltr'><strong>contemptus,</strong></span> <span class='ocrx_word' id='word_1_437' title='bbox 801 3346 1237 3397; x_wconf 84' lang='lat' dir='ltr'><strong>sacramentum</strong></span> <span class='ocrx_word' id='word_1_438' title='bbox 1269 3339 1529 3397; x_wconf 83' lang='lat' dir='ltr'><strong>excludit</strong></span> <span class='ocrx_word' id='word_1_439' title='bbox 1550 3357 1565 3407; x_wconf 86' lang='grc'><strong>;</strong></span> <span class='ocrx_word' id='word_1_440' title='bbox 1589 3340 1666 3395; x_wconf 90' lang='lat' dir='ltr'><strong>ita</strong></span> <span class='ocrx_word' id='word_1_441' title='bbox 1699 3340 2080 3410; x_wconf 85' lang='lat' dir='ltr'><strong>peccantibus</strong></span> <span class='ocrx_word' id='word_1_442' title='bbox 2113 3348 2246 3411; x_wconf 93' lang='lat' dir='ltr'><strong>post</strong></span> <span class='ocrx_word' id='word_1_443' title='bbox 2275 3341 2641 3412; x_wconf 86' lang='lat' dir='ltr'><strong>Baptismum</strong></span> 
     </span>
     <span class='ocr_line' id='line_1_45' title="bbox 218 3410 2645 3481; baseline -0.002 -11"><span class='ocrx_word' id='word_1_444' title='bbox 218 3411 389 3470; x_wconf 90' lang='lat' dir='ltr'><strong>salus</strong></span> <span class='ocrx_word' id='word_1_445' title='bbox 419 3426 551 3469; x_wconf 89' lang='lat' dir='ltr'><strong>esse</strong></span> <span class='ocrx_word' id='word_1_446' title='bbox 587 3424 705 3468; x_wconf 89' lang='lat' dir='ltr'><strong>non</strong></span> <span class='ocrx_word' id='word_1_447' title='bbox 740 3416 953 3481; x_wconf 88' lang='lat' dir='ltr'><strong>potest,</strong></span> <span class='ocrx_word' id='word_1_448' title='bbox 987 3410 1099 3467; x_wconf 88' lang='lat' dir='ltr'><strong>nisi</strong></span> <span class='ocrx_word' id='word_1_449' title='bbox 1132 3410 1398 3467; x_wconf 89' lang='lat' dir='ltr'><strong>clavibus</strong></span> <span class='ocrx_word' id='word_1_450' title='bbox 1429 3411 1704 3467; x_wconf 81' lang='lat' dir='ltr'><strong>Ecclesiae</strong></span> <span class='ocrx_word' id='word_1_451' title='bbox 1732 3423 1798 3467; x_wconf 89' lang='lat' dir='ltr'><strong>se</strong></span> <span class='ocrx_word' id='word_1_452' title='bbox 1825 3410 2164 3479; x_wconf 85' lang='lat' dir='ltr'><strong>sub‘iciant,</strong></span> <span class='ocrx_word' id='word_1_453' title='bbox 2196 3412 2285 3466; x_wconf 86' lang='lat' dir='ltr'><strong>vel</strong></span> <span class='ocrx_word' id='word_1_454' title='bbox 2333 3416 2466 3467; x_wconf 92' lang='lat' dir='ltr'><strong>actu</strong></span> <span class='ocrx_word' id='word_1_455' title='bbox 2497 3422 2645 3468; x_wconf 92' lang='lat' dir='ltr'><strong>con-</strong></span> 
     </span>
     <span class='ocr_line' id='line_1_46' title="bbox 179 3478 2643 3560; baseline -0.001 -19"><span class='ocrx_word' id='word_1_456' title='bbox 179 3482 464 3560; x_wconf 72' lang='lat' dir='ltr'><strong>;fitend0,</strong></span> <span class='ocrx_word' id='word_1_457' title='bbox 497 3481 864 3553; x_wconf 90' lang='lat' dir='ltr'><strong>etjudicium</strong></span> <span class='ocrx_word' id='word_1_458' title='bbox 907 3480 1313 3538; x_wconf 89' lang='lat' dir='ltr'><strong>ministrorum</strong></span> <span class='ocrx_word' id='word_1_459' title='bbox 1362 3481 1637 3538; x_wconf 71' lang='lat' dir='ltr'><strong>Ecclesiae</strong></span> <span class='ocrx_word' id='word_1_460' title='bbox 1686 3481 1916 3539; x_wconf 88' lang='lat' dir='ltr'><strong>subcun</strong></span> <span class='ocrx_word' id='word_1_461' title='bbox 1963 3494 2020 3549; x_wconf 90' lang='lat' dir='ltr'><strong>o,</strong></span> <span class='ocrx_word' id='word_1_462' title='bbox 2062 3482 2151 3537; x_wconf 85' lang='lat' dir='ltr'><strong>vel</strong></span> <span class='ocrx_word' id='word_1_463' title='bbox 2204 3481 2412 3538; x_wconf 88' lang='lat' dir='ltr'><strong>saltem</strong></span> <span class='ocrx_word' id='word_1_464' title='bbox 2461 3478 2643 3560; x_wconf 82' lang='lat' dir='ltr'><strong>hujus</strong></span> 
     </span>
     <span class='ocr_line' id='line_1_47' title="bbox 215 3548 2644 3624; baseline -0.002 -13"><span class='ocrx_word' id='word_1_465' title='bbox 215 3553 308 3611; x_wconf 81' lang='lat' dir='ltr'><strong>rei</strong></span> <span class='ocrx_word' id='word_1_466' title='bbox 337 3556 712 3624; x_wconf 88' lang='lat' dir='ltr'><strong>propositum</strong></span> <span class='ocrx_word' id='word_1_467' title='bbox 746 3551 1038 3621; x_wconf 83' lang='lat' dir='ltr'><strong>babendO,</strong></span> <span class='ocrx_word' id='word_1_468' title='bbox 1070 3556 1135 3609; x_wconf 87' lang='lat' dir='ltr'><strong>ut</strong></span> <span class='ocrx_word' id='word_1_469' title='bbox 1162 3550 1475 3621; x_wconf 87' lang='lat' dir='ltr'><strong>impleatur</strong></span> <span class='ocrx_word' id='word_1_470' title='bbox 1499 3555 1767 3620; x_wconf 86' lang='lat' dir='ltr'><strong>tempore</strong></span> <span class='ocrx_word' id='word_1_471' title='bbox 1798 3556 2170 3621; x_wconf 84' lang='lat' dir='ltr'><strong>opportuno:</strong></span> <span class='ocrx_word' id='word_1_472' title='bbox 2207 3552 2366 3622; x_wconf 88' lang='lat' dir='ltr'><strong>quia,</strong></span> <span class='ocrx_word' id='word_1_473' title='bbox 2408 3556 2471 3608; x_wconf 91' lang='lat' dir='ltr'><strong>ut</strong></span> <span class='ocrx_word' id='word_1_474' title='bbox 2498 3548 2644 3607; x_wconf 80' lang='lat' dir='ltr'><strong>dicit</strong></span> 
     </span>
     <span class='ocr_line' id='line_1_48' title="bbox 217 3621 2645 3691; baseline -0.002 -10"><span class='ocrx_word' id='word_1_475' title='bbox 217 3625 453 3691; x_wconf 81' lang='lat' dir='ltr'><strong>PetruS,</strong></span> <span class='ocrx_word' id='word_1_476' title='bbox 486 3630 630 3685; x_wconf 77' lang='lat' dir='ltr'><strong>Act..</strong></span> <span class='ocrx_word' id='word_1_477' title='bbox 661 3636 746 3691; x_wconf 79' lang='lat' dir='ltr'><strong>lv,</strong></span> <span class='ocrx_word' id='word_1_478' title='bbox 782 3627 866 3689; x_wconf 81' lang='lat'><strong>¹2,</strong></span> <span class='ocrx_word' id='word_1_479' title='bbox 892 3638 1001 3677; x_wconf 80' lang='lat' dir='ltr'><strong>non</strong></span> <span class='ocrx_word' id='word_1_480' title='bbox 1025 3626 1104 3678; x_wconf 81' lang='lat' dir='ltr'><strong>est</strong></span> <span class='ocrx_word' id='word_1_481' title='bbox 1132 3622 1286 3677; x_wconf 78' lang='lat' dir='ltr'><strong>aliud</strong></span> <span class='ocrx_word' id='word_1_482' title='bbox 1311 3637 1499 3677; x_wconf 77' lang='lat' dir='ltr'><strong>nomen</strong></span> <span class='ocrx_word' id='word_1_483' title='bbox 1527 3622 1785 3677; x_wconf 82' lang='lat' dir='ltr'><strong>datum...</strong></span> <span class='ocrx_word' id='word_1_484' title='bbox 1817 3622 2140 3684; x_wconf 81' lang='lat' dir='ltr'><strong>hominibus,</strong></span> <span class='ocrx_word' id='word_1_485' title='bbox 2174 3623 2235 3676; x_wconf 78' lang='lat' dir='ltr'><strong>in</strong></span> <span class='ocrx_word' id='word_1_486' title='bbox 2254 3636 2358 3691; x_wconf 82' lang='lat' dir='ltr'><strong>quo</strong></span> <span class='ocrx_word' id='word_1_487' title='bbox 2404 3621 2645 3691; x_wconf 72' lang='lat' dir='ltr'><strong>oporteat</strong></span> 
     </span>
     <span class='ocr_line' id='line_1_49' title="bbox 216 3692 2659 3764; baseline -0.002 -11"><span class='ocrx_word' id='word_1_488' title='bbox 216 3709 320 3753; x_wconf 80' lang='lat' dir='ltr'><strong>nos</strong></span> <span class='ocrx_word' id='word_1_489' title='bbox 346 3696 523 3749; x_wconf 77' lang='lat' dir='ltr'><strong>salvos</strong></span> <span class='ocrx_word' id='word_1_490' title='bbox 549 3695 687 3764; x_wconf 71' lang='lat' dir='ltr'><strong>fieri,</strong></span> <span class='ocrx_word' id='word_1_491' title='bbox 720 3692 837 3751; x_wconf 91' lang='lat' dir='ltr'><strong>nisi</strong></span> <span class='ocrx_word' id='word_1_492' title='bbox 869 3692 929 3748; x_wconf 89' lang='lat' dir='ltr'><strong>in</strong></span> <span class='ocrx_word' id='word_1_493' title='bbox 961 3692 1203 3749; x_wconf 90' lang='lat' dir='ltr'><strong>nomine</strong></span> <span class='ocrx_word' id='word_1_494' title='bbox 1233 3692 1465 3749; x_wconf 90' lang='lat' dir='ltr'><strong>Domini</strong></span> <span class='ocrx_word' id='word_1_495' title='bbox 1496 3692 1687 3749; x_wconf 89' lang='lat' dir='ltr'><strong>nostri</strong></span> <span class='ocrx_word' id='word_1_496' title='bbox 1706 3694 1845 3749; x_wconf 74' lang='lat' dir='ltr'><strong>iesu</strong></span> <span class='ocrx_word' id='word_1_497' title='bbox 1877 3693 2112 3750; x_wconf 91' lang='lat' dir='ltr'><strong>Cbristi.</strong></span> <span class='ocrx_word' id='word_1_498' title='bbox 2646 3703 2659 3716; x_wconf 84' lang='lat'><strong>·</strong></span> 
     </span>
    </p>

    <p class='ocr_par' dir='ltr' id='par_1_5' title="bbox 213 3762 2651 4472">
     <span class='ocr_line' id='line_1_50' title="bbox 294 3762 2645 3834; baseline 0 -13"><span class='ocrx_word' id='word_1_499' title='bbox 294 3766 406 3821; x_wconf 86' lang='lat' dir='ltr'><strong>Per</strong></span> <span class='ocrx_word' id='word_1_500' title='bbox 445 3765 556 3821; x_wconf 84' lang='lat' dir='ltr'><strong>hoc</strong></span> <span class='ocrx_word' id='word_1_501' title='bbox 602 3767 800 3821; x_wconf 89' lang='lat' dir='ltr'><strong>autem</strong></span> <span class='ocrx_word' id='word_1_502' title='bbox 843 3763 1177 3820; x_wconf 88' lang='lat' dir='ltr'><strong>excluditur</strong></span> <span class='ocrx_word' id='word_1_503' title='bbox 1216 3762 1608 3834; x_wconf 89' lang='lat' dir='ltr'><strong>quorumdam</strong></span> <span class='ocrx_word' id='word_1_504' title='bbox 1658 3775 1841 3828; x_wconf 90' lang='lat' dir='ltr'><strong>error,</strong></span> <span class='ocrx_word' id='word_1_505' title='bbox 1874 3763 1973 3834; x_wconf 89' lang='lat' dir='ltr'><strong>qui</strong></span> <span class='ocrx_word' id='word_1_506' title='bbox 2018 3763 2291 3821; x_wconf 88' lang='lat' dir='ltr'><strong>dixerunt</strong></span> <span class='ocrx_word' id='word_1_507' title='bbox 2340 3762 2645 3821; x_wconf 88' lang='lat' dir='ltr'><strong>bominem</strong></span> 
     </span>
     <span class='ocr_line' id='line_1_51' title="bbox 213 3832 2646 3906; baseline -0.001 -14"><span class='ocrx_word' id='word_1_508' title='bbox 213 3846 404 3906; x_wconf 87' lang='lat' dir='ltr'><strong>posse</strong></span> <span class='ocrx_word' id='word_1_509' title='bbox 433 3839 809 3905; x_wconf 89' lang='lat' dir='ltr'><strong>peccatorum</strong></span> <span class='ocrx_word' id='word_1_510' title='bbox 841 3834 1076 3890; x_wconf 89' lang='lat' dir='ltr'><strong>veniam</strong></span> <span class='ocrx_word' id='word_1_511' title='bbox 1106 3845 1287 3890; x_wconf 90' lang='lat' dir='ltr'><strong>conse</strong></span> <span class='ocrx_word' id='word_1_512' title='bbox 1336 3832 1391 3889; x_wconf 91' lang='lat' dir='ltr'><strong>ui</strong></span> <span class='ocrx_word' id='word_1_513' title='bbox 1439 3832 1570 3890; x_wconf 89' lang='lat' dir='ltr'><strong>sine</strong></span> <span class='ocrx_word' id='word_1_514' title='bbox 1601 3833 2001 3896; x_wconf 78' lang='lat' dir='ltr'><strong>consessione,</strong></span> <span class='ocrx_word' id='word_1_515' title='bbox 2041 3839 2099 3889; x_wconf 91' lang='lat' dir='ltr'><strong>et</strong></span> <span class='ocrx_word' id='word_1_516' title='bbox 2128 3847 2234 3905; x_wconf 91' lang='lat' dir='ltr'><strong>pro</strong></span> <span class='ocrx_word' id='word_1_517' title='bbox 2277 3834 2434 3892; x_wconf 90' lang='lat' dir='ltr'><strong>osito</strong></span> <span class='ocrx_word' id='word_1_518' title='bbox 2460 3832 2646 3890; x_wconf 80' lang='lat' dir='ltr'><strong>conil-</strong></span> 
     </span>
     <span class='ocr_line' id='line_1_52' title="bbox 217 3903 2647 3976; baseline -0 -13"><span class='ocrx_word' id='word_1_519' title='bbox 217 3905 408 3972; x_wconf 88' lang='lat' dir='ltr'><strong>tendi,</strong></span> <span class='ocrx_word' id='word_1_520' title='bbox 454 3906 543 3962; x_wconf 86' lang='lat' dir='ltr'><strong>vel</strong></span> <span class='ocrx_word' id='word_1_521' title='bbox 574 3904 732 3976; x_wconf 88' lang='lat' dir='ltr'><strong>quod</strong></span> <span class='ocrx_word' id='word_1_522' title='bbox 759 3918 863 3975; x_wconf 92' lang='lat' dir='ltr'><strong>per</strong></span> <span class='ocrx_word' id='word_1_523' title='bbox 892 3905 1166 3974; x_wconf 80' lang='lat' dir='ltr'><strong>praelatos</strong></span> <span class='ocrx_word' id='word_1_524' title='bbox 1197 3905 1305 3959; x_wconf 86' lang='lat' dir='ltr'><strong>Ecc</strong></span> <span class='ocrx_word' id='word_1_525' title='bbox 1330 3903 1470 3960; x_wconf 84' lang='lat' dir='ltr'><strong>esiae</strong></span> <span class='ocrx_word' id='word_1_526' title='bbox 1500 3903 1835 3974; x_wconf 88' lang='lat' dir='ltr'><strong>dispensari</strong></span> <span class='ocrx_word' id='word_1_527' title='bbox 1864 3909 2059 3974; x_wconf 91' lang='lat' dir='ltr'><strong>potest</strong></span> <span class='ocrx_word' id='word_1_528' title='bbox 2143 3917 2219 3961; x_wconf 91' lang='lat' dir='ltr'><strong>uo</strong></span> <span class='ocrx_word' id='word_1_529' title='bbox 2307 3903 2379 3961; x_wconf 87' lang='lat' dir='ltr'><strong>ad</strong></span> <span class='ocrx_word' id='word_1_530' title='bbox 2409 3903 2647 3962; x_wconf 82' lang='lat' dir='ltr'><strong>confes·</strong></span> 
     </span>
     <span class='ocr_line' id='line_1_53' title="bbox 218 3973 2649 4053; baseline -0.002 -18"><span class='ocrx_word' id='word_1_531' title='bbox 218 3975 459 4035; x_wconf 84' lang='lat' dir='ltr'><strong>sionem</strong></span> <span class='ocrx_word' id='word_1_532' title='bbox 488 3975 709 4046; x_wconf 88' lang='lat' dir='ltr'><strong>aliquis</strong></span> <span class='ocrx_word' id='word_1_533' title='bbox 743 3987 863 4031; x_wconf 91' lang='lat' dir='ltr'><strong>non</strong></span> <span class='ocrx_word' id='word_1_534' title='bbox 893 3980 1183 4031; x_wconf 88' lang='lat' dir='ltr'><strong>teneatur.</strong></span> <span class='ocrx_word' id='word_1_535' title='bbox 1214 3976 1341 4053; x_wconf 64' lang='lat' dir='ltr'><strong>Non</strong></span> <span class='ocrx_word' id='word_1_536' title='bbox 1371 3976 1528 4029; x_wconf 89' lang='lat' dir='ltr'><strong>enim</strong></span> <span class='ocrx_word' id='word_1_537' title='bbox 1567 3974 1677 4030; x_wconf 91' lang='lat' dir='ltr'><strong>boc</strong></span> <span class='ocrx_word' id='word_1_538' title='bbox 1700 3981 1956 4045; x_wconf 90' lang='lat' dir='ltr'><strong>possunt</strong></span> <span class='ocrx_word' id='word_1_539' title='bbox 1994 3988 2114 4046; x_wconf 78' lang='lat' dir='ltr'><strong>prae</strong></span> <span class='ocrx_word' id='word_1_540' title='bbox 2139 3977 2216 4030; x_wconf 87' lang='lat' dir='ltr'><strong>ati</strong></span> <span class='ocrx_word' id='word_1_541' title='bbox 2260 3973 2555 4042; x_wconf 81' lang='lat' dir='ltr'><strong>Ecclesiae,</strong></span> <span class='ocrx_word' id='word_1_542' title='bbox 2583 3975 2649 4031; x_wconf 87' lang='lat' dir='ltr'><strong>ut</strong></span> 
     </span>
     <span class='ocr_line' id='line_1_54' title="bbox 222 4042 2645 4116; baseline -0.002 -11"><span class='ocrx_word' id='word_1_543' title='bbox 222 4045 425 4105; x_wconf 86' lang='lat' dir='ltr'><strong>claves</strong></span> <span class='ocrx_word' id='word_1_544' title='bbox 476 4048 835 4102; x_wconf 77' lang='lat' dir='ltr'><strong>frustrentur</strong></span> <span class='ocrx_word' id='word_1_545' title='bbox 880 4046 1179 4114; x_wconf 67' lang='lat' dir='ltr'><strong>Ecclesiae,</strong></span> <span class='ocrx_word' id='word_1_546' title='bbox 1232 4057 1291 4101; x_wconf 87' lang='lat' dir='ltr'><strong>m</strong></span> <span class='ocrx_word' id='word_1_547' title='bbox 1345 4042 1563 4115; x_wconf 92' lang='lat' dir='ltr'><strong>quibus</strong></span> <span class='ocrx_word' id='word_1_548' title='bbox 1618 4049 1741 4100; x_wconf 88' lang='lat' dir='ltr'><strong>tota</strong></span> <span class='ocrx_word' id='word_1_549' title='bbox 1786 4059 1990 4102; x_wconf 88' lang='lat' dir='ltr'><strong>eorum</strong></span> <span class='ocrx_word' id='word_1_550' title='bbox 2037 4052 2303 4116; x_wconf 82' lang='lat' dir='ltr'><strong>potestas</strong></span> <span class='ocrx_word' id='word_1_551' title='bbox 2343 4044 2645 4113; x_wconf 84' lang='lat' dir='ltr'><strong>consistit,</strong></span> 
     </span>
     <span class='ocr_line' id='line_1_55' title="bbox 219 4113 2649 4194; baseline -0.002 -19"><span class='ocrx_word' id='word_1_552' title='bbox 219 4128 417 4188; x_wconf 85' lang='lat' dir='ltr'><strong>neque</strong></span> <span class='ocrx_word' id='word_1_553' title='bbox 467 4120 534 4173; x_wconf 91' lang='lat' dir='ltr'><strong>ut</strong></span> <span class='ocrx_word' id='word_1_554' title='bbox 580 4116 708 4172; x_wconf 88' lang='lat' dir='ltr'><strong>sine</strong></span> <span class='ocrx_word' id='word_1_555' title='bbox 753 4120 1148 4183; x_wconf 89' lang='lat' dir='ltr'><strong>sacramento,</strong></span> <span class='ocrx_word' id='word_1_556' title='bbox 1179 4128 1215 4171; x_wconf 92' lang='lat' dir='ltr'><strong>a</strong></span> <span class='ocrx_word' id='word_1_557' title='bbox 1241 4114 1524 4185; x_wconf 86' lang='lat' dir='ltr'><strong>passione</strong></span> <span class='ocrx_word' id='word_1_558' title='bbox 1560 4114 1776 4171; x_wconf 90' lang='lat' dir='ltr'><strong>Christi</strong></span> <span class='ocrx_word' id='word_1_559' title='bbox 1805 4115 2076 4171; x_wconf 84' lang='lat' dir='ltr'><strong>virtutem</strong></span> <span class='ocrx_word' id='word_1_560' title='bbox 2121 4114 2393 4182; x_wconf 86' lang='lat' dir='ltr'><strong>habente,</strong></span> <span class='ocrx_word' id='word_1_561' title='bbox 2425 4113 2649 4194; x_wconf 73' lang='lat' dir='ltr'><strong>aliquis</strong></span> 
     </span>
     <span class='ocr_line' id='line_1_56' title="bbox 222 4185 2651 4257; baseline -0.002 -12"><span class='ocrx_word' id='word_1_562' title='bbox 222 4187 649 4245; x_wconf 85' lang='lat' dir='ltr'><strong>remissionem</strong></span> <span class='ocrx_word' id='word_1_563' title='bbox 682 4192 1055 4257; x_wconf 91' lang='lat' dir='ltr'><strong>peccatorum</strong></span> <span class='ocrx_word' id='word_1_564' title='bbox 1089 4191 1527 4256; x_wconf 81' lang='lat' dir='ltr'><strong>consequatur3</strong></span> <span class='ocrx_word' id='word_1_565' title='bbox 1563 4185 1677 4241; x_wconf 89' lang='lat' dir='ltr'><strong>boc</strong></span> <span class='ocrx_word' id='word_1_566' title='bbox 1723 4185 1878 4242; x_wconf 89' lang='lat' dir='ltr'><strong>enim</strong></span> <span class='ocrx_word' id='word_1_567' title='bbox 1930 4193 2021 4242; x_wconf 88' lang='lat' dir='ltr'><strong>est</strong></span> <span class='ocrx_word' id='word_1_568' title='bbox 2051 4186 2244 4243; x_wconf 90' lang='lat' dir='ltr'><strong>solius</strong></span> <span class='ocrx_word' id='word_1_569' title='bbox 2274 4186 2511 4255; x_wconf 83' lang='lat' dir='ltr'><strong>Christi,</strong></span> <span class='ocrx_word' id='word_1_570' title='bbox 2545 4196 2651 4254; x_wconf 79' lang='lat' dir='ltr'><strong>qut</strong></span> 
     </span>
     <span class='ocr_line' id='line_1_57' title="bbox 221 4254 2651 4335; baseline -0.003 -19"><span class='ocrx_word' id='word_1_571' title='bbox 221 4262 318 4316; x_wconf 86' lang='lat' dir='ltr'><strong>est</strong></span> <span class='ocrx_word' id='word_1_572' title='bbox 343 4262 856 4316; x_wconf 85' lang='lat' dir='ltr'><strong>sacramentorum</strong></span> <span class='ocrx_word' id='word_1_573' title='bbox 889 4257 1194 4313; x_wconf 87' lang='lat' dir='ltr'><strong>institutor</strong></span> <span class='ocrx_word' id='word_1_574' title='bbox 1221 4261 1279 4312; x_wconf 89' lang='lat' dir='ltr'><strong>et</strong></span> <span class='ocrx_word' id='word_1_575' title='bbox 1298 4261 1522 4335; x_wconf 54' lang='lat' dir='ltr'><strong>anctor.</strong></span> <span class='ocrx_word' id='word_1_576' title='bbox 1546 4255 1711 4311; x_wconf 90' lang='lat' dir='ltr'><strong>Sicut</strong></span> <span class='ocrx_word' id='word_1_577' title='bbox 1738 4254 1921 4327; x_wconf 87' lang='lat' dir='ltr'><strong>igitur</strong></span> <span class='ocrx_word' id='word_1_578' title='bbox 1948 4254 2277 4327; x_wconf 82' lang='lat' dir='ltr'><strong>dispensari</strong></span> <span class='ocrx_word' id='word_1_579' title='bbox 2314 4269 2430 4313; x_wconf 91' lang='lat' dir='ltr'><strong>non</strong></span> <span class='ocrx_word' id='word_1_580' title='bbox 2456 4254 2651 4327; x_wconf 85' lang='lat' dir='ltr'><strong>potest</strong></span> 
     </span>
     <span class='ocr_line' id='line_1_58' title="bbox 219 4317 2649 4400; baseline -0.004 -14"><span class='ocrx_word' id='word_1_581' title='bbox 219 4340 328 4400; x_wconf 87' lang='lat' dir='ltr'><strong>per</strong></span> <span class='ocrx_word' id='word_1_582' title='bbox 370 4328 649 4399; x_wconf 85' lang='lat' dir='ltr'><strong>praelatos</strong></span> <span class='ocrx_word' id='word_1_583' title='bbox 679 4325 954 4384; x_wconf 71' lang='lat' dir='ltr'><strong>Ecclesiae</strong></span> <span class='ocrx_word' id='word_1_584' title='bbox 983 4330 1049 4384; x_wconf 92' lang='lat' dir='ltr'><strong>ut</strong></span> <span class='ocrx_word' id='word_1_585' title='bbox 1093 4325 1170 4383; x_wconf 88' lang='lat' dir='ltr'><strong>ali</strong></span> <span class='ocrx_word' id='word_1_586' title='bbox 1215 4325 1310 4383; x_wconf 87' lang='lat' dir='ltr'><strong>uis</strong></span> <span class='ocrx_word' id='word_1_587' title='bbox 1339 4338 1471 4382; x_wconf 81' lang='lat' dir='ltr'><strong>sine</strong></span> <span class='ocrx_word' id='word_1_588' title='bbox 1510 4324 1813 4395; x_wconf 88' lang='lat' dir='ltr'><strong>Baptismo</strong></span> <span class='ocrx_word' id='word_1_589' title='bbox 1855 4324 2153 4394; x_wconf 81' lang='lat' dir='ltr'><strong>salvetur3</strong></span> <span class='ocrx_word' id='word_1_590' title='bbox 2202 4327 2284 4383; x_wconf 87' lang='lat' dir='ltr'><strong>ita</strong></span> <span class='ocrx_word' id='word_1_591' title='bbox 2332 4341 2442 4384; x_wconf 88' lang='lat' dir='ltr'><strong>nec</strong></span> <span class='ocrx_word' id='word_1_592' title='bbox 2487 4317 2649 4396; x_wconf 86' lang='lat' dir='ltr'><strong>quod</strong></span> 
     </span>
     <span class='ocr_line' id='line_1_59' title="bbox 217 4395 2460 4472; baseline -0.003 -14"><span class='ocrx_word' id='word_1_593' title='bbox 217 4397 447 4472; x_wconf 87' lang='lat' dir='ltr'><strong>aliquis</strong></span> <span class='ocrx_word' id='word_1_594' title='bbox 475 4396 891 4455; x_wconf 87' lang='lat' dir='ltr'><strong>remissionem</strong></span> <span class='ocrx_word' id='word_1_595' title='bbox 913 4395 1045 4455; x_wconf 88' lang='lat' dir='ltr'><strong>sine</strong></span> <span class='ocrx_word' id='word_1_596' title='bbox 1071 4409 1184 4455; x_wconf 88' lang='lat' dir='ltr'><strong>con</strong></span> <span class='ocrx_word' id='word_1_597' title='bbox 1215 4396 1455 4455; x_wconf 90' lang='lat' dir='ltr'><strong>essione</strong></span> <span class='ocrx_word' id='word_1_598' title='bbox 1484 4400 1544 4452; x_wconf 91' lang='lat' dir='ltr'><strong>et</strong></span> <span class='ocrx_word' id='word_1_599' title='bbox 1571 4395 2012 4461; x_wconf 82' lang='lat' dir='ltr'><strong>absolutionem</strong></span> <span class='ocrx_word' id='word_1_600' title='bbox 2038 4403 2460 4469; x_wconf 88' lang='lat' dir='ltr'><strong>consequatur.</strong></span> 
     </span>
    </p>
   </div>
   <div class='ocr_carea' id='block_1_3' title="bbox 2348 4509 2412 4553">
    <p class='ocr_par' dir='ltr' id='par_1_6' title="bbox 2348 4509 2412 4553">
     <span class='ocr_line' id='line_1_60' title="bbox 2348 4509 2412 4553; baseline 0 0"><span class='ocrx_word' id='word_1_601' title='bbox 2348 4509 2412 4553; x_wconf 76' lang='lat'><strong>³9</strong></span> 
     </span>
    </p>
   </div>
  </div>
 </body>
</html>
