3076 5025
1100 251 1238 308 Lis.
1278 253 1323 320 1,
1362 251 1516 310 GAP.
1557 251 1712 308 Lvn.
2550 255 2612 310 6!

164 372 375 503 3:21an
403 370 598 499 slimul
628 376 770 499 ²043
797 371 1094 446 intelligit,
1115 376 1184 431 ut
1211 372 1526 445 probatum
1548 379 1641 432 est
1672 372 1823 446 (cap.
1852 371 1964 446 55).
1993 374 2123 431 Non
2146 375 2240 432 est
2260 371 2444 447 igitur
2460 373 2525 432 in
2544 385 2620 434 eo

287 458 307 499 i
340 457 424 501 ua
449 457 509 502 is
538 456 613 501 co
704 458 722 499 i
752 455 835 501 ιο.

234 516 537 576 Praeter-ea,
570 456 805 571 ba‘gens
830 512 1094 572 habitum
1122 518 1181 572 et
1208 526 1330 571 non
1377 513 1769 572 considerans
1809 519 1904 573 est
1944 512 2389 586 quodammodo
2415 511 2478 571 in
2508 525 2616 586 po·

164 583 380 652 tentia,
417 584 597 641 aliter
645 588 849 641 tamen
894 597 1071 658 quam
1120 590 1441 657 antequam
1491 583 1870 658 intelligeret.
1917 587 2234 644 ostensum
2283 589 2375 642 est
2419 588 2617 642 autem

164 654 323 728 (cap.
354 654 451 727 55)
473 654 638 727 quod
668 653 1009 712 intellectus
1036 653 1276 713 divinus
1299 654 1465 712 nullo
1494 654 1674 713 modo
1702 655 1879 714 estin
1908 655 2193 728 potentia.
2217 655 2394 714 Nullo
2428 655 2614 728 igitur

162 726 352 785 modo
379 730 481 783 est
508 725 575 782 in
604 724 742 795 ipso
772 724 1096 783 habitualis
1115 725 1402 798 cognitio.

239 795 469 865 Adhuc,
500 795 706 854 omnis
733 795 1074 854 intellectus
1101 795 1482 854 habitualiter
1531 795 1764 876 aliquid
1816 795 2255 868 cognoscentis
2307 800 2399 854 est
2447 794 2616 854 aliud

165 865 1883 1008 iiiiiiffiffi‘tiissaffaiiiiaiigiassss‘fflss&iiiuzik'iaqlifi
1902 867 2613 1008 ἰῗθὶ-ἓῗῗοωέἒὲᾶῗῧῖὲῖᾱ

168 1006 1170 1159 aazias?{statuatis}
1186 1009 1432 1135 izit&
1449 1011 1648 1150 {¹31¹ssss
1669 979 2616 1150 1⁶1?{jisi‘ii‘tssiffl„miiifflffliil'i

171 1162 249 1208 eo
338 1149 473 1206 itio.

276 1223 403 1282 tem,
428 1217 778 1276 intellectus
801 1217 1184 1277 habitualiter
1212 1223 1443 1276 tantum
1466 1232 1848 1291 cognoscens
1878 1231 2003 1276 non
2029 1218 2212 1277 estin
2241 1230 2354 1276 sua
2402 1218 2614 1298 ultima

173 1289 580 1364 perfectione,
610 1288 767 1346 unde
796 1302 907 1347 nec
931 1289 1188 1347 felicitas
1215 1303 1347 1360 quae
1376 1293 1470 1347 est
1504 1289 1800 1366 optimum
1824 1289 2068 1360 ponitur
2094 1288 2425 1347 secundum
2453 1287 2617 1345 babi-

173 1367 328 1430 mui,
365 1359 477 1418 sed
507 1359 841 1417 secundum
867 1365 1087 1417 actum.
1117 1360 1181 1418 Si
1210 1360 1395 1431 igitur
1420 1360 1582 1418 Deus
1611 1366 1705 1417 est
1722 1359 2100 1418 habitualiter
2118 1372 2494 1431 cognoscens
2514 1369 2620 1429 pei·

178 1444 355 1513 suam
385 1429 817 1512 substantiam,
846 1430 1181 1512 secundum
1213 1442 1390 1487 suam
1418 1430 1820 1511 substantiam
1843 1429 2260 1489 consideratus
2327 1441 2449 1487 non
2503 1427 2615 1486 erit

178 1501 608 1561 umversaliter
630 1500 950 1572 perfectus,
980 1514 1156 1573 cujus
1178 1506 1545 1583 contrarium
1576 1507 1887 1583 ostensum
1927 1506 2018 1582 est
2044 1514 2226 1571 supra
2254 1471 2535 1580 (cap.28).

248 1572 535 1642 Anapum,
565 1576 880 1630 ostensum
906 1575 1000 1629 est
1024 1571 1177 1643 (cap.
1206 1570 1298 1644 46)
1329 1571 1488 1643 quod
1518 1586 1536 1627 i
1583 1585 1649 1630 se
1678 1577 1772 1630 est
1799 1571 2142 1644 intelligens
2160 1583 2264 1642 pei·
2291 1574 2612 1628 essentiam

188 1655 384 1712 suam,
411 1654 535 1701 non
549 1647 756 1700 autem
826 1655 890 1699 er
914 1641 1148 1715 aliquas
1171 1656 1202 1700 ε
1246 1641 1405 1700 ecies
1431 1643 1554 1700 inte
1582 1642 1840 1715 ligibiles
1868 1641 2147 1700 essentiae
2174 1641 2610 1712 superadditas.

197 1714 404 1774 Omnis
430 1717 628 1792 autem
657 1711 783 1770 inte
811 1713 997 1771 lectus
1025 1712 1090 1770 in
1123 1713 1198 1770 ha
1243 1712 1330 1770 itu
1358 1712 1594 1785 aliquas
1615 1712 1846 1785 species
1872 1711 2176 1784 intelligit.
2208 1714 2352 1771 Nam
2371 1711 2613 1769 habitus

199 1784 297 1842 vel
322 1789 417 1841 est
434 1783 773 1841 habilitatio
801 1783 1073 1910 iiiuaedam
1101 1782 1442 1841 intellectus
1470 1784 1545 1841 ad
1578 1783 1984 1854 recipiendum
2038 1781 2273 1863 species
2324 1781 2612 1854 intelligi-

200 1853 377 1923 biles,
401 1853 618 1926 quibus
647 1858 785 1912 actu
858 1858 881 1910 t
906 1853 1271 1927 intelligens,
1304 1854 1393 1911 vel
1422 1858 1516 1912 est
1544 1853 1818 1912 ordinata
1843 1858 2191 1928 aggregatio
2208 1853 2474 1924 ipsarum
2486 1864 2616 1922 spe-

202 1924 415 1985 cierum
462 1924 853 1983 existentium
903 1924 966 1981 in
1016 1924 1345 2005 intel-lectu,
1389 1937 1513 1982 non
1580 1924 1919 2005 secundum·
1971 1924 2334 2005 completum
2390 1928 2612 2004 actum,

195 1995 302 2127 leigii
327 1995 527 2124 “3²⁶{9
550 1993 736 2054 modo
764 1994 922 2054 inter
946 2001 1274 2068 potentiam
1301 1999 1358 2053 et
1386 1999 1609 2053 actum.
1632 1997 1762 2053 Non
1785 1998 1879 2054 est
1903 2001 2086 2068 igitur
2104 2007 2168 2052 in
2191 2007 2325 2067 ipso
2352 1993 2619 2053 habitua-

294 2080 461 2125 scien
492 2080 574 2125 ia.
2513 2085 2518 2090 ·

252 2139 550 2207 Praeterea,
582 2134 828 2195 habitus
855 2135 1131 2209 quaedam
1165 2135 1425 2209 qualitas
1440 2140 1554 2196 est.
1585 2138 1706 2195 Deo
1728 2140 1923 2194 autem
1953 2148 2074 2193 non
2102 2138 2299 2207 potest
2322 2146 2436 2192 nec
2470 2145 2618 2207 qua-

188 2208 347 2277 litas,
380 2222 497 2266 nec
521 2206 751 2281 aliquid
782 2207 1063 2265 accidens
1093 2208 1383 2271 accidere.
1415 2212 1482 2266 ut
1507 2220 1692 2280 supra
1718 2207 1868 2280 (cap.
1897 2205 1990 2279 23)
2011 2205 2323 2277 probatum
2338 2208 2464 2274 est;
2492 2216 2618 2263 non

188 2279 373 2354 igitur
400 2280 529 2337 Deo
548 2278 835 2358 competit
858 2277 1182 2336 habitualis
1210 2276 1498 2350 cognitio.

254 2350 413 2419 Quia
445 2362 594 2407 vero
650 2347 973 2420 dispositio
1000 2362 1118 2420 qua
1145 2350 1282 2429 quis
1312 2354 1405 2406 est
1459 2347 1666 2406 babitu
1693 2352 1924 2406 tantum
1956 2346 2366 2408 considerans,
2393 2349 2497 2403 aut
2514 2356 2614 2427 γο-

187 2418 320 2479 lens
346 2419 446 2477 vel
470 2432 686 2492 agens,
717 2418 1087 2477 assimiletur
1111 2418 1497 2490 dispositioni
1527 2419 1905 2487 dormientia,
1933 2417 2073 2475 hinc
2101 2422 2194 2475 est
2220 2416 2379 2489 quod
2404 2414 2613 2481 David,

187 2495 256 2550 nt
288 2491 661 2549 habitualem
710 2489 1169 2561 dispositionem
1210 2504 1242 2547 a
1275 2491 1396 2549 Deo
1422 2493 1773 2559 removeret,
1801 2489 1984 2548 dicit:
2014 2489 2149 2546 Ecce
2169 2502 2278 2546 mn
2300 2485 2618 2544 dev-initam

380 2561 621 2618 domnici
644 2562 743 2631 qui
765 2560 1000 2616 custodit
1023 2561 1194 2617 Israel
1219 2559 1402 2632 (Psal.
1431 2574 1565 2631 cxx,
1592 2561 1669 2633 4).
2675 2590 2686 2599 ⁴

252 2577 406 2690 ffiinc
430 2632 617 2691 etiam
642 2637 734 2689 εει
760 2629 918 2701 quod
946 2630 1193 2689 Eccles..
1225 2643 1397 2700 xxm.
1423 2635 1517 2696 28.
1546 2631 1765 2689 dicitur
1794 2648 1809 2686 :
1849 2629 2007 2688 Oculi·
2039 2630 2260 2687 Domini
2282 2628 2451 2685 multo
2482 2627 2616 2698 ptus

191 2709 478 2767 lucidiores
487 2720 656 2779 super
669 2706 847 2773 solem,
860 2720 997 2767 nam
1008 2708 1103 2765 sol
1113 2719 1350 2780 semper
1359 2709 1453 2763 est
1463 2717 1528 2764 in
1544 2707 1681 2765 actu
1695 2703 1957 2763 lucendi.
1967 2703 2014 2775 (l
2026 2706 2175 2774 part.
2184 2741 2200 2772 ,
2210 2715 2270 2775 q.
2284 2706 2559 2771 xrv‚art.t
2572 2700 2614 2773 .)

1173 2930 1428 3013 CAPUT
1479 2929 1665 2998 LVII.

772 3090 926 3147 ouon
961 3092 1232 3141 coemo
1263 3093 1368 3141 nm
1399 3092 1521 3141 iton
1554 3093 1665 3142 ssi·
1697 3092 2065 3144 naconem.

268 3228 353 3287 Ex
384 3227 508 3288 hoc
538 3232 738 3287 autem
768 3226 1019 3288 ulterius
1045 3230 1315 3311 habetur,
1334 3230 1494 3303 quod
1523 3230 1728 3290 divina
1750 3231 2153 3290 consideratio
2182 3244 2306 3291 non
2334 3236 2427 3291 est
2450 3230 2629 3292 ratio-

199 3296 470 3359 cinativa
493 3298 592 3357 vel
618 3298 973 3357 discursive.
1003 3301 1164 3357 Tunc
1214 3315 1373 3359 enim
1405 3302 1818 3361 ratiocinativa
1847 3307 1940 3361 εει
1969 3308 2181 3361 nostra
2204 3302 2630 3372 considerati0‚

197 3369 449 3444 qnando
501 3368 577 3427 ab
631 3381 754 3427 uno
800 3370 1179 3429 considerato
1212 3371 1273 3428 in
1320 3372 1482 3430 aliud
1538 3373 1888 3443 transimus,
1932 3372 2091 3431 sicut
2137 3372 2545 3445 syllogizando
2594 3386 2632 3436 a

199 3439 526 3513 principiis
552 3439 618 3498 in
643 3440 1088 3501 conclusiones.
1120 3444 1252 3500 Non
1281 3442 1441 3500 enim
1472 3457 1547 3502 ex
1573 3443 1690 3502 hoc
1718 3443 1937 3516 aliquis
1969 3443 2359 3502 ratiocinatur
2385 3442 2478 3500 vel
2507 3442 2630 3502 dis·

202 3511 415 3579 currit,
445 3510 610 3584 quod
661 3510 909 3581 inspicit
959 3513 1217 3584 qualiter
1259 3513 1574 3571 conclusio
1604 3527 1678 3572 ex
1728 3513 2061 3586 praemissis
2112 3518 2415 3584 sequatur,
2445 3511 2631 3572 simul

204 3585 531 3654 utrumque
594 3581 1007 3641 considerans.
1066 3584 1188 3640 Hoc
1233 3584 1393 3641 enim
1447 3583 1746 3657 contingit
1796 3597 1918 3642 non
1978 3582 2472 3657 argumentando.
2524 3580 2631 3642 sed

208 3657 565 3733 argumenta
615 3651 942 3733 judi-cando
974 3670 988 3709 ε
1020 3654 1175 3711 sicut
1221 3665 1330 3712 nec
1379 3655 1647 3726 cognitio
1695 3653 2022 3713 materialis
2075 3657 2169 3711 est
2214 3666 2287 3711 ex
2315 3652 2429 3713 hoc
2470 3650 2631 3727 quod

205 3721 547 3780 materialia
569 3721 874 3795 dijudicat.
906 3723 1225 3781 ostensum
1252 3730 1346 3783 est
1373 3730 1573 3783 autem
1601 3724 1754 3798 (cap.
1777 3724 1868 3798 55)
1897 3722 2057 3799 quod
2085 3724 2245 3782 Deus
2272 3736 2396 3782 non
2432 3721 2632 3782 consi·

208 3790 385 3873 derat·
422 3804 616 3874 unum
665 3798 803 3863 post
856 3792 1040 3875 alium
1070 3794 1242 3875 quasi
1296 3795 1660 3859 successive,
1688 3795 1795 3854 sed
1826 3793 2008 3855 simul
2047 3793 2255 3853 omnia
2285 3810 2303 3850 ε
2333 3806 2455 3854 non
2486 3804 2630 3868 ergo

212 3867 479 3935 cognitio
507 3875 640 3934 esus
659 3867 752 3922 est
774 3867 1187 3923 ratiocinativa
1212 3864 1307 3925 vel
1334 3865 1691 3936 discursive,
1706 3864 1984 3940 quamvis
2001 3875 2244 3926 omnem
2288 3863 2632 3926 discursum

218 3936 277 3989 ει
298 3932 820 4015 ratiocinationem
849 3939 1195 4007 cognoscat.

280 4003 429 4068 Ιιεηι.
466 4015 672 4061 omnis
699 4005 1065 4063 ratiocinans
1121 4004 1237 4064 alia
1264 4005 1746 4065 consideratione
1800 4006 2066 4066 intuetur
2127 4004 2382 4078 rincipia
2402 4010 2462 4065 et
2486 4020 2633 4066 con-

212 4070 572 4133 clusionem.
598 4076 729 4155 ῌοη
761 4074 919 4132 enim
950 4080 1251 4157 oporteret
1287 4076 1685 4137 consideratis
1715 4076 2028 4149 principiis
2056 4092 2094 4134 a
2176 4076 2631 4136 conclusionem

207 4145 555 4224 procedere,
576 4156 633 4226 si
685 4157 758 4202 ex
811 4145 924 4203 boc
971 4161 990 4203 i
1035 4158 1107 4205 so
1157 4145 1316 4218 quod
1345 4147 1642 4220 principia
1696 4147 2154 4207 considerantur
2207 4147 2633 4208 conclusiones

207 4218 388 4274 etiam
427 4212 971 4274 considerarentur.
1044 4229 1152 4275 eus
1181 4224 1374 4274 autem
1406 4218 1723 4291 cognoscit
1747 4216 1953 4277 omnia
1965 4217 2310 4290 operatione
2331 4232 2472 4289 una,
2498 4230 2633 4292 quae

203 4289 441 4415 gffiwa
464 4285 756 4413 ἓεεεηιίῖι,
782 4291 1047 4360 utsupra
1072 4285 1386 4361 probatum
1408 4295 1502 4347 est
1529 4289 1682 4363 (cap.
1713 4287 1827 4362 65).
1855 4289 1986 4347 Non
2021 4292 2116 4347 est
2141 4289 2324 4363 igitur
2347 4300 2462 4349 sua
2496 4300 2634 4361 cog-

320 4368 361 4414 o
393 4369 467 4414 ra
515 4367 696 4414 ocina
721 4369 834 4415 iva.

271 4426 577 4498 Ρωιενεα,
602 4426 805 4487 omnis
857 4426 1274 4491 ratiocinativa
1319 4427 1591 4504 cognitio
1643 4426 1829 4491 habet
1871 4428 2099 4505 aliquid
2138 4427 2215 4492 de
2257 4427 2545 4504 potentis,
2573 4425 2635 4483 et
