3076 5025
506 345 611 400 276
1389 339 1524 395 LIB.
1565 338 1663 405 111,
1704 338 1857 394 CAP.
1895 338 2056 394 xvn.

1469 557 1726 621 *CAPUT
1782 557 1969 620 xvll.

851 731 1004 786 QUOD
1033 730 1220 777 onum
1248 727 1626 776 onnmANTmt
1654 729 1718 775 IN
1745 729 1912 776 umm
1933 729 2138 787 FINEM,
2167 730 2268 784 om
2294 730 2402 776 EST
2420 730 2591 776 ntus.

576 892 659 1017 Eri
698 889 814 947 hoc
859 893 1058 1015 agtem
1096 891 1341 959 apparet
1386 883 1547 959 quod
1579 884 1788 943 omnia
1813 884 2167 945 ordinantur
2205 885 2271 943 in
2299 899 2491 944 unum
2522 885 2753 944 honum
2778 884 2937 943 sicut

503 962 568 1018 in
597 975 636 1019 u
662 958 873 1017 timum
938 972 1095 1020 nem,

575 1031 637 1088 Si
682 1030 842 1087 enim
884 1029 1037 1086 nihil
1088 1027 1278 1085 tendit
1321 1027 1385 1083 in
1434 1025 1661 1098 aliquid
1691 1026 1850 1085 sicut
1876 1025 1940 1084 in
1968 1025 2149 1085 finem
2177 1026 2389 1086 nisiin
2462 1025 2757 1085 uantumi
2800 1038 2938 1084 sum

503 1108 596 1161 est
621 1100 873 1169 bonum,
906 1103 1141 1172 oportet
1166 1097 1325 1171 quod
1350 1097 1683 1179 bonum‚·in
1714 1103 2004 1181 quantum
2033 1098 2283 1180 bonum,
2319 1098 2401 1157 sit
2419 1042 2591 1156 ffinis.
2623 1097 2755 1166 Quo
2824 1096 2941 1169 igi-

504 1178 601 1231 tur
630 1177 724 1229 est
751 1183 1055 1229 summum
1083 1169 1310 1228 honum
1340 1172 1433 1226 est
1461 1182 1721 1225 maxime
1750 1181 2020 1227 omnium
2039 1166 2201 1227 fimS.
2233 1168 2349 1227 Sed
2376 1181 2683 1226 summum
2709 1166 2943 1226 bonum

505 1246 599 1301 est
637 1254 825 1299 unum
874 1245 1124 1303 tantum,
1171 1238 1330 1312 quod
1380 1243 1473 1296 est
1514 1241 1694 1308 Deus,
1738 1244 1801 1298 ut
1841 1239 2157 1310 probatum
2202 1245 2295 1297 est
2322 1238 2387 1311 (1.
2414 1252 2459 1309 1,
2500 1254 2551 1297 c.
2583 1237 2697 1313 4¹).
2724 1237 2949 1295 Omnia

505 1313 692 1387 igitur
718 1310 1073 1371 ordinantur
1099 1310 1258 1370 sicut
1277 1310 1342 1367 in
1363 1310 1544 1367 tinem
1572 1309 1636 1365 in
1664 1322 1852 1368 unum
1883 1310 2133 1380 honum,
2164 1309 2325 1383 quod
2355 1314 2447 1368 est
2473 1311 2652 1368 Deus,

572 1386 726 1447 Item,
767 1382 930 1456 quod
965 1388 1056 1440 est
1084 1381 1411 1439 maximum
1440 1380 1504 1438 in
1534 1394 1899 1463 unoquoque
1930 1395 2147 1454 genere
2179 1393 2364 1439 causa
2389 1385 2480 1439 est
2504 1379 2777 1438 omnium
2802 1378 2945 1437 illo·

505 1468 637 1514 rum
677 1468 809 1527 quae
837 1459 981 1511 sunt
1007 1453 1177 1511 illius
1206 1451 1481 1525 generis3
1512 1451 1671 1509 sicut
1699 1451 1881 1523 ignls‚
1923 1452 2027 1524 qui
2057 1457 2149 1510 est
2171 1451 2602 1521 calidissimus,
2633 1456 2727 1508 est
2754 1463 2950 1509 causa

504 1524 827 1584 caliditatis
847 1524 910 1580 in
933 1522 1071 1581 aliis
1100 1522 1473 1594 corporibus.
1507 1523 1818 1579 Summum
1849 1523 2034 1595 igitur
2056 1522 2305 1591 honum,
2336 1522 2499 1594 quod
2522 1527 2616 1579 est
2636 1523 2830 1590 DeuS,
2847 1526 2954 1580 est

504 1608 690 1654 causa
714 1593 1003 1652 bonitatis
1030 1595 1094 1651 in
1123 1592 1406 1652 omnibus
1433 1591 1634 1650 bonis.
1663 1595 1815 1665 Ergo
1845 1599 1904 1673 et
1932 1599 2023 1651 est
2050 1607 2232 1651 causa
2261 1591 2580 1665 qu'uslibet
2606 1591 2749 1650 finis
2777 1592 2951 1665 quod

506 1666 586 1724 sit
613 1663 775 1728 finis,
822 1678 1005 1738 quum
1035 1664 1325 1737 quidquid
1356 1669 1450 1722 est
1477 1662 1620 1721 finis
1650 1663 1730 1721 sit
1773 1663 2118 1735 hujusmodi
2157 1664 2220 1720 in
2250 1669 2537 1736 quantum
2567 1667 2661 1721 est
2684 1661 2946 1721 bonum.

505 1739 751 1808 Propter
792 1736 954 1809 quod
995 1741 1194 1793 autem
1235 1738 1329 1792 est
1373 1732 1867 1806 unumquodque,
1899 1740 1957 1792 et
1987 1734 2137 1793 illud
2163 1734 2381 1807 magis.
2410 1735 2569 1792 Deus
2597 1733 2783 1807 igitur
2810 1746 2945 1793 ma·

501 1807 660 1864 xime
689 1810 782 1864 est
812 1807 1083 1864 omnium
1113 1819 1309 1862 rerum
1348 1804 1509 1863 finis.

572 1877 793 1947 Adhuc,
814 1877 878 1933 in
897 1876 1165 2004 guolibet
1181 1888 1401 1949 genere
1424 1888 1768 1944 causarum,
1789 1889 1975 1934 causa
1991 1876 2185 1947 prima
2205 1880 2299 1934 est
2324 1875 2521 1949 magis
2542 1887 2945 1957 causa-quam

503 1961 690 2005 causa
707 1961 892 2004 secun
938 1962 973 2004 a
996 1964 1011 2016 ;
1032 1960 1170 2004 nam
1193 1960 1377 2004 causa
1392 1946 1658 2004 secunda
1680 1960 1804 2005 non
1824 1953 1917 2004 est
1930 1960 2116 2005 causa
2134 1947 2373 2019 nisiper
2400 1959 2941 2017 causamprimam.

503 2017 659 2076 Illud
695 2017 881 2090 igitur
928 2017 1089 2090 quod
1136 2023 1228 2074 est
1274 2029 1458 2075 causa
1499 2017 1693 2089 prima
1719 2017 1781 2074 in
1809 2016 2018 2075 ordine
2047 2031 2369 2076 causarum
2398 2016 2669 2074 finalium
2699 2021 2943 2088 oportet

546 2087 666 2147 uod
713 2089 793 2146 sit
832 2089 1027 2159 magis
1056 2101 1240 2147 causa
1267 2086 1467 2147 finalis
1496 2086 1818 2159 cujuslibet
1837 2102 2015 2159 quam
2051 2102 2237 2146 causa
2263 2086 2466 2146 finalis
2494 2087 2789 2158 proxima.
2821 2085 2942 2144 Sed

555 2172 664 2218 eus
707 2163 801 2217 est
845 2159 1038 2231 prima
1083 2171 1267 2216 causa
1296 2158 1361 2214 in
1391 2158 1600 2215 ordine
1628 2172 1948 2216 causarum
1976 2157 2271 2227 finalium,
2302 2172 2488 2231 quum
2517 2158 2596 2215 sit
2627 2170 2939 2215 summum

503 2231 566 2357 {in
593 2228 804 2310 ordine
826 2228 1143 2311 lionorum.
1177 2232 1278 2287 Est
1305 2228 1490 2301 igitur
1512 2228 1708 2301 magis
1727 2227 1867 2286 finis
1886 2229 2366 2302 uniuscujusque
2393 2228 2479 2286 rei
2501 2241 2680 2300 quam
2709 2227 2941 2300 aliquis

549 2314 643 2358 ms
717 2313 1005 2358 reximus.
1041 2315 1044 2320 ’

572 2313 848 2441 Α’πξοιίαε,
899 2371 964 2427 in
1015 2370 1297 2429 omnibus
1339 2369 1564 2428 finibus
1613 2369 1909 2430 ordinatis
1954 2376 2188 2443 oportet
2215 2368 2377 2451 quod
2407 2368 2659 2427 ultimus
2685 2366 2836 2427 finis
2860 2368 2943 2427 sit

504 2440 645 2499 finis
691 2441 962 2499 omnium
1011 2443 1470 2512 praecedentium
1517 2440 1771 2512 finium3
1822 2443 1999 2512 sicut,
2032 2442 2084 2499 si
2122 2450 2289 2515 potio
2317 2438 2634 2498 conficitur
2662 2445 2728 2495 ut
2759 2439 2941 2498 detur

505 2516 753 2586 aegrote,
784 2511 957 2570 datur
985 2520 1184 2570 autem
1207 2520 1271 2572 ut
1299 2518 1606 2585 purgetur,
1636 2519 1925 2585 purgatur
1948 2520 2144 2572 autem
2175 2518 2240 2572 ut
2269 2517 2639 2581 extenuetur,
2684 2516 2939 2569 extenu-

505 2590 638 2641 atur
666 2589 863 2641 autem
893 2589 959 2640 ut
985 2591 1253 2652 sanetur,
1284 2587 1519 2654 oportet
1546 2583 1709 2656 quod
1731 2585 1961 2643 sanitas
1998 2584 2077 2642 sit
2107 2583 2248 2643 finis
2301 2588 2360 2640 et
2399 2581 2854 2641 extenuationis
2880 2586 2941 2639 et

503 2668 616 2725 pur
658 2654 878 2712 ationis
910 2658 965 2711 et
991 2654 1241 2712 aliorum
1275 2655 1759 2725 praecedentium.
1791 2655 1902 2714 Sed
1930 2655 2136 2713 omnia
2167 2654 2555 2713 inveniuntur
2582 2653 2646 2709 in
2675 2652 2941 2711 diversiis

504 2738 612 2793 gra
654 2724 790 2782 ihus
818 2724 1105 2782 bonitatis
1133 2724 1407 2782 ordinata
1438 2725 1552 2782 sub
1585 2739 1706 2783 uno
1728 2738 1966 2784 summo
1993 2725 2176 2796 bono,
2204 2724 2363 2798 quod
2393 2730 2485 2782 est
2513 2737 2705 2803 causa·
2730 2724 2945 2782 omnis

503 2795 831 2859 bonitatis;
876 2809 945 2852 ac
971 2809 1078 2866 per
1118 2795 1253 2864 hoc,
1303 2810 1486 2867 quum
1515 2795 1741 2854 honum
1772 2796 1987 2854 habeat
2026 2798 2317 2854 rationem
2352 2795 2513 2862 finis,
2542 2807 2749 2852 omma
2776 2793 2948 2853 ordi-

507 2872 723 2922 nantur
763 2865 875 2945 sul)
918 2867 1038 2923 Deo
1086 2866 1244 2923 sicut
1281 2865 1432 2924 fines
1471 2866 1876 2938 praecedentes
1919 2866 2032 2926 sub
2074 2866 2193 2925 fine
2218 2866 2452 2926 ultimo.
2479 2867 2723 2937 Oportet
2747 2864 2948 2938 igitur

503 2935 663 3007 quod
693 2948 962 2993 omnium
991 2934 1133 2994 finis
1163 2938 1241 2994 sit
1264 2938 1445 2995 Deus.

571 3008 856 3069 Praeterea,
887 3006 1114 3064 bonum
1166 3007 1523 3078 particulare
1571 3008 1881 3067 ordinatur
1920 3007 1985 3067 in
2025 3008 2252 3068 bonum
2302 3019 2620 3066 commune
2668 3005 2838 3064 sicut
2874 3006 2945 3065 in

503 3075 681 3157 finem
705 3090 888 3157 [esse
940 3077 1099 3134 enim
1147 3078 1332 3146 partis
1364 3084 1456 3135 est
1488 3086 1728 3149 propter
1756 3092 1891 3137 esse
1918 3079 2141 3149 totius;
2178 3078 2336 3138 unde
2369 3083 2429 3137 et
2454 3077 2680 3136 bonum
2728 3078 2944 3150 gentis

504 3152 596 3203 est
624 3146 885 3204 divinius
916 3162 1095 3219 quam
1137 3147 1361 3206 bonum
1383 3149 1566 3207 unius
1596 3149 1885 3208 hominis.
1915 3152 2148 3207 Bonum
2176 3157 2375 3208 autem
2406 3159 2732 3216 summum,
2811 3147 2943 3206 uod

504 3222 594 3275 est
613 3218 889 3285 Deu3‚est
904 3216 1128 3275 bonum
1149 3232 1679 3293 commune‚quum
1704 3236 1777 3279 ex
1794 3235 1868 3279 eo
1885 3221 2302 3279 universorum
2316 3219 2543 3278 honum
2560 3217 2754 3300 depen
2799 3223 2943 3287 eat;

501 3286 727 3345 bonum
757 3292 954 3345 autem
981 3302 1101 3359 quo
1130 3289 1406 3362 quaelibet
1432 3304 1528 3348 res
1558 3291 1719 3350 bona
1741 3298 1852 3362 est,
1883 3297 1976 3349 est
2001 3291 2228 3350 bonum
2258 3290 2612 3364 particulare
2640 3287 2850 3360 ipsius
2879 3294 2944 3346 et

503 3357 759 3415 aliorum
807 3371 938 3430 quae
982 3359 1055 3415 ab
1104 3359 1237 3430 ipsa
1285 3360 1640 3432 dependent.
1674 3364 1894 3420 Omnes
1934 3362 2118 3435 igitur
2144 3376 2243 3421 res
2295 3361 2650 3420 ordinantur
2675 3359 2845 3418 sicut
2872 3360 2944 3417 in

499 3426 679 3485 finem
708 3428 772 3485 in
802 3442 988 3485 unum
1019 3427 1265 3501 bonum,
1296 3432 1455 3504 quod
1480 3439 1573 3491 est
1600 3435 1778 3491 Deus.

569 3500 723 3568 item,
755 3498 827 3557 ad
857 3499 1124 3557 ordinem
1157 3504 1462 3573 agentium
1494 3504 1766 3576 sequitur
1789 3504 1938 3563 ordo
1969 3504 2032 3563 in
2060 3504 2321 3574 finibus;
2353 3517 2492 3561 nam
2530 3503 2688 3561 sicut
2715 3515 2941 3572 supre-

499 3581 665 3627 mum
691 3583 879 3642 agens
908 3577 1107 3628 movet
1132 3573 1334 3631 omnia
1362 3575 1628 3632 secunda
1656 3575 1917 3648 agentia,
1941 3575 2025 3633 ita
2071 3575 2147 3635 ad
2173 3574 2351 3634 finem
2383 3572 2649 3646 supremi
2685 3572 2939 3644 agentis

500 3645 734 3721 oportet
778 3638 939 3721 quod
987 3641 1338 3701 ordinentur
1388 3657 1599 3703 omnes
1641 3643 1794 3704 fines
1822 3646 2226 3706 secundorum
2253 3647 2599 3720 agentium;
2631 3641 2941 3716 quidquid

500 3724 661 3769 emm
708 3718 833 3785 agit
880 3725 1226 3783 supremum
1250 3729 1437 3788 agens
1468 3717 1593 3788 agit
1660 3723 1857 3789 ropter
1885 3716 2064 3776 finem
2094 3730 2295 3775 suum.
2323 3715 2459 3789 Agit
2486 3720 2686 3773 autem
2715 3726 2939 3785 supre-

498 3795 663 3839 mum
707 3795 895 3864 agens
941 3785 1209 3842 actiones
1246 3787 1515 3843 omnium
1546 3788 1607 3843 in
1636 3787 1897 3846 eriorum
1928 3788 2254 3861 agentium,
2284 3786 2579 3846 movendo
2604 3797 2822 3842 omnes
2853 3782 2937 3841 ad

500 3864 643 3910 suas
671 3858 939 3911 actiones
970 3860 1027 3911 et
1056 3869 1162 3926 per
1188 3870 1567 3929 consequens
1595 3858 1668 3915 ad
1699 3872 1848 3916 suos
1877 3858 2065 3928 fines;
2098 3859 2257 3916 unde
2289 3859 2559 3932 sequitur
2605 3853 2770 3929 quod
2796 3866 2934 3912 om-

499 3935 607 3980 nes
652 3924 1053 4005 secundorum
1104 3926 1408 3998 agentium
1438 3928 1710 3989 actiones
1740 3927 2090 3988 ordinentur
2116 3943 2154 3986 a
2178 3928 2372 4001 primo
2402 3933 2616 4001 agente
2645 3927 2710 3983 in
2743 3924 2934 3983 finem

497 4006 675 4050 suum
707 4007 1033 4067 proprlum.
1061 3999 1260 4068 Agens
1305 4003 1500 4055 autem
1550 3998 1809 4070 primum
1837 4014 2037 4058 rerum
2062 4000 2332 4058 omnium
2360 4005 2452 4058 est
2480 4000 2660 4067 DeuS,
2690 4003 2758 4055 ut
2785 4007 2929 4067 pro-

495 4061 698 4120 batum
720 4071 813 4146 est
839 4065 901 4137 (l.
931 4078 998 4134 11,
1033 4081 1084 4124 c.
1118 4067 1563 4138 15).Volontatis
1602 4076 1799 4129 autem
1842 4070 2037 4142 ipsius
2077 4071 2232 4128 nihil
2257 4070 2420 4129 aliud
2451 4067 2591 4128 finis
2621 4074 2716 4126 est
2740 4077 2928 4140 quam

496 4146 608 4189 sua
644 4133 906 4205 homtas,
945 4150 1078 4208 quae
1122 4143 1214 4194 est
1241 4137 1512 4209 ipsemet,
1545 4145 1610 4198 ut
1654 4140 1966 4212 probatum
1998 4145 2090 4199 est
2131 4140 2194 4214 (l.
2221 4154 2264 4211 1,
2295 4157 2349 4212 c,
2376 4144 2443 4199 38
2474 4147 2533 4199 et
2555 4142 2628 4197 74
2660 4180 2674 4195 .
2706 4136 2935 4196 Omnia.

494 4200 678 4282 igitur
725 4219 1113 4279 quaecumque
1167 4216 1308 4265 sunt
1353 4210 1527 4281 facta,
1559 4212 1653 4269 vel
1683 4211 1755 4269 ab
1802 4213 1934 4282 ipso
1989 4210 2332 4270 immediate
2376 4211 2471 4268 vel
2514 4224 2609 4268 me
2654 4206 2935 4267 iantibus
3034 4266 3037 4271 ,

493 4285 697 4330 causis
726 4276 1032 4355 secundiS,
1060 4278 1123 4335 in
1158 4280 1344 4337 Deum
1373 4281 1729 4340 ordinantur
1752 4282 1910 4341 sicut
1929 4281 1994 4339 in
2021 4280 2224 4340 finem.
2256 4283 2472 4340 Omnia
2517 4286 2717 4338 autem
2758 4279 2945 4336 entia,

493 4347 636 4398 sunt
660 4341 1043 4416 hujusmodn
1076 4362 1233 4413 nam,
1268 4351 1425 4408 sicut
1465 4352 1752 4423 probatur
1780 4351 1842 4425 (l.
1871 4365 1938 4422 11,
1970 4367 2023 4410 c.
2048 4353 2156 4424 15),
2189 4352 2339 4412 nihil
2367 4365 2503 4410 esse
2530 4354 2731 4421 potest
2758 4349 2941 4421 quod

489 4412 728 4541 {ssgssso
752 4427 877 4473 non
923 4416 1140 4476 habeat
1189 4432 1346 4479 esse.
1373 4423 1590 4480 Omnia
1642 4423 1826 4497 igitur
1882 4424 2236 4481 ordinantur
2294 4422 2359 4481 in
2415 4424 2601 4481 Deum
2655 4421 2824 4478 sicut
2866 4420 2943 4477 iu
