3076 5025
1212 282 1345 338 ma.
1383 282 1476 351 w,
1515 260 1667 338 άιιι).
1700 281 1835 338 xm.
2641 285 2748 341 aas

392 404 679 466 Praeterea,
706 417 884 461 omne
924 403 1086 477 quod
1131 402 1371 460 advenit
1412 403 1590 460 alicui
1626 410 1760 471 post
1807 417 1943 461 esse
1982 404 2343 475 completum
2404 403 2642 462 advenit
2688 403 2748 465 ei

323 473 783 531 accidentaliter.
815 473 958 544 Sed,
1007 485 1191 549 quum
1243 473 1487 555 Yerlpum
1535 474 1639 530 nai
1684 475 1766 531 sit
1812 473 1885 531 ab
1940 480 2185 545 aeterno,
2218 473 2752 556 manifestum—est

322 543 1022 673 gggt‘liggffiitgssumpta
1065 543 1304 602 advenit
1328 557 1385 601 ei
1431 549 1736 616 postesse
1782 543 2166 615 completum.
2197 547 2383 618 igitur
2426 547 2666 602 advenit
2691 558 2748 604 et

1337 778 1594 843 CAPUT
1632 779 1785 843 XLI.

579 949 853 1023 QUOMODO
901 948 1207 997 01³0an
1253 950 1735 997 INCARNATIONBII
1778 950 1916 995 1²11.ss
1960 950 2062 996 1131
2105 946 2501 997 inmunitati-

397 1103 482 1163 Ad
513 1104 727 1162 horum
757 1104 937 1185 igitur
962 1104 1326 1164 solutionem
1360 1105 1880 1173 considerandam,
1909 1105 2089 1187 paulo
2125 1105 2306 1164 altius
2342 1105 2749 1168 inchoandum

323 1179 443 1234 est.
474 1175 667 1243 Quum
698 1189 855 1232 enim
889 1175 1183 1249 Eutyches
1229 1175 1510 1233 unionem
1544 1177 1645 1233 Dei
1680 1182 1738 1232 et
1768 1176 2032 1234 nominis
2075 1177 2286 1235 factam
2319 1190 2453 1233 esse
2485 1179 2753 1246 posuerit

323 1244 392 1303 in
423 1251 658 1313 natura,
689 1246 998 1305 Nestorius
1044 1251 1243 1303 autem
1290 1259 1400 1302 nec
1444 1246 1505 1302 in
1556 1252 1768 1303 natura
1813 1246 2012 1304 necin
2062 1260 2340 1318 persona,
2373 1245 2524 1305 tides
2551 1255 2751 1309 autem

325 1315 628 1374 catholica
662 1316 772 1373 boc
795 1321 995 1373 teneat
1044 1314 1205 1386 quod
1235 1315 1315 1373 sit
1344 1316 1498 1374 facta
1528 1330 1672 1373 unio
1702 1317 1764 1373 in
1810 1329 2088 1387 persona,
2120 1330 2240 1376 non
2269 1317 2333 1375 in
2366 1324 2572 1376 natura
2599 1336 2614 1388 ;
2647 1331 2751 1378 ne·

325 1386 661 1513 cessarium
691 1386 923 1444 videtur
947 1398 1436 1458 praecognoscere
1465 1386 1609 1460 quid
1639 1385 1723 1444 sit
1745 1386 1903 1443 uniri
1923 1387 1988 1444 in
2011 1391 2226 1444 natura
2244 1391 2301 1444 et
2321 1387 2462 1461 quid
2486 1388 2564 1445 sit
2590 1388 2750 1449 uniri

399 1527 622 1607 Nat-ura
653 1525 834 1600 igitur
872 1526 1331 1609 multis-modis
1401 1526 1637 1585 dicitur.
1668 1530 1810 1585 Nam
1859 1532 1919 1587 et
2005 1529 2270 1587 eneratio
2312 1528 2639 1588 viventium
2689 1535 2751 1591 et

329 1609 690 1678 principium
738 1605 1143 1669 generationis
1172 1604 1232 1655 et
1280 1602 1479 1655 motus
1508 1604 1567 1655 et
1610 1598 1854 1656 materia
1895 1601 1954 1656 et
2001 1612 2168 1657 orma
2195 1602 2402 1655 natura
2428 1599 2749 1659 dicuntur·

329 1670 564 1748 item-et
604 1667 926 1749 aliquando
980 1673 1191 1749 natura
1235 1667 1452 1726 dicitur
1491 1668 1659 1749 quod·
1703 1668 1847 1740 quid
1895 1668 2002 1737 rei,
2034 1669 2351 1728 continens
2399 1684 2471 1728 ea
2513 1683 2647 1742 quae
2674 1642 2752 1731 ad

328 1750 553 1809 speciei
585 1743 882 1809 pertinent
907 1743 1329 1812 integritatem,
1361 1739 1517 1796 sicut
1547 1739 1802 1797 dicimus
1834 1744 2102 1797 naturam
2136 1740 2458 1797 humanam
2487 1754 2751 1801 commu·

326 1820 468 1866 nem
496 1822 633 1866 esse
658 1808 937 1867 omnibus
985 1809 1352 1877 hominihus,
1383 1808 1662 1868 similiter
1690 1810 1749 1866 in
1779 1810 2032 1868 caeteris.
2065 1809 2172 1868 llla
2200 1825 2343 1885 ergo
2373 1811 2662 1869 uniuntur
2684 1810 2781 1885 itt¹

327 1883 546 1938 natura
571 1894 644 1936 ex
674 1879 894 1950 quibus
940 1880 1325 1938 constituitur
1368 1879 1679 1951 integritas
1710 1879 1930 1951 speciei
1959 1880 2253 1952 alicujus3
2283 1879 2439 1939 sicut
2467 1881 2668 1940 anima
2692 1884 2754 1940 et

330 1962 555 2021 corpus
587 1949 912 2008 humanum
943 1950 1232 2008 uniuntur
1259 1950 1330 2008 ad
1366 1951 1845 2009 constituendam
1890 1951 2149 2022 speciem
2198 1952 2499 2019 animalis,
2532 1958 2588 2009 et
2621 1950 2752 2010 uni·

328 2020 644 2078 versaliter
672 2033 1062 2101 quaecumque
1088 2026 1229 2078 sunt
1277 2026 1475 2091 partes
1517 2021 1760 2092 speciei.
1794 2023 1896 2079 Est
1933 2027 2129 2080 autem
2175 2021 2546 2093 impossibile
2590 2020 2753 2093 quod

328 2089 511 2172 alicui
544 2091 764 2170 speciei
811 2091 874 2149 in
904 2105 1018 2149 sua
1057 2090 1395 2172 integritate
1432 2091 1554 2172 jam
1587 2092 1923 2150 constitutae
1952 2091 2178 2165 aliquid
2207 2098 2552 2151 extraneum
2582 2092 2752 2152 unia-

329 2166 431 2219 tur
454 2174 516 2218 m
545 2167 829 2218 unitatem
879 2167 1123 2225 naturae,
1156 2162 1274 2220 nisi
1322 2175 1555 2233 species
1598 2164 1883 2221 solvatur.
1917 2163 2111 2230 Quum
2158 2163 2313 2221 enim
2360 2164 2591 2235 species
2629 2163 2756 2223 sint
2779 2226 2809 2242 ,

327 2231 488 2289 sicut
517 2232 771 2301 numeri,
797 2233 860 2289 in
902 2232 1122 2306 quihus
1148 2231 1425 2305 quaelibet
1467 2232 1669 2290 unitas
1716 2232 1918 2290 addita
1943 2233 2038 2290 vel
2065 2233 2370 2292 subtracta
2397 2234 2584 2291 variat
2619 2247 2785 2305 spe·.

328 2301 505 2382 ciem,
531 2301 585 2359 si
606 2302 749 2373 quid
787 2302 861 2359 ad
891 2302 1153 2373 speciem
1195 2302 1315 2373 jam
1350 2302 1669 2374 perfectam
1710 2303 1980 2371 addatur,
2012 2317 2262 2361 necesse
2305 2309 2396 2360 est
2418 2304 2539 2375 J‘am
2571 2304 2752 2366 aliam

331 2384 592 2444 speciem
642 2372 1020 2442 esse3sicut,
1050 2372 1104 2430 si
1153 2373 1503 2430 substantiae
1550 2377 1826 2430 animatia
1874 2377 2104 2429 tantum
2151 2373 2401 2430 addatur
2439 2373 2751 2439 sensibile,

331 2441 446 2500 erit
466 2441 589 2514 ,iam
619 2442 734 2499 alia
770 2442 1037 2514 species;
1067 2455 1205 2499 uam
1234 2442 1451 2499 animal
1481 2447 1541 2498 et
1569 2445 1769 2512 planta
1794 2441 2041 2500 diversae
2071 2443 2303 2512 species
2329 2446 2489 2499 sunt.
2511 2443 2753 2502 Contin-

330 2511 418 2585 git
443 2519 643 2570 tamen
670 2512 729 2570 id
770 2512 929 2586 quod
955 2526 1080 2580 non
1106 2517 1200 2571 est
1240 2511 1312 2570 de
1342 2511 1677 2584 integritate
1707 2510 1925 2584 speciei
1958 2514 2021 2570 in
2057 2512 2260 2595 aliquo
2289 2511 2597 2571 individuo
2640 2510 2754 2575 sub

332 2582 451 2642 alia
493 2584 692 2654 specie
718 2588 1001 2643 contento
1028 2582 1310 2655 reperiri;
1340 2582 1493 2640 sicut
1514 2582 1714 2640 album
1746 2587 1806 2640 et
1831 2584 2105 2641 vestitum
2146 2597 2208 2641 ιιι
2237 2584 2475 2642 sos-rate
2503 2584 2594 2639 vel
2623 2585 2754 2643 Pla·

330 2658 495 2724 tone,
521 2660 623 2712 aut
664 2654 885 2726 digitus
929 2660 1134 2712 sextus
1159 2653 1252 2714 vel
1297 2652 1519 2727 aliquid
1571 2653 1934 2725 hujusmodi.
1966 2653 2130 2713 Unde
2175 2653 2316 2711 nihil
2342 2652 2618 2726 prohibet
2644 2654 2755 2714 ali·

376 2739 454 2783 ua
500 2726 657 2782 uniri
705 2725 765 2781 in
812 2725 1119 2783 individuo
1159 2736 1293 2798 quae
1341 2738 1458 2782 non
1507 2727 1793 2782 uniuntur
1831 2725 1891 2781 in
1944 2739 2065 2783 una
2110 2724 2232 2783 inte
2277 2727 2446 2781 ritate
2493 2738 2523 2781 s
2566 2724 2752 2795 eciei;

332 2796 494 2855 sicut
539 2796 801 2854 humana
828 2799 1041 2854 natura
1068 2800 1128 2852 et
1170 2792 1382 2876 albedo
1429 2799 1486 2851 et
1514 2795 1747 2875 musica
1776 2795 1836 2852 in
1864 2795 2207 2867 Socrate,ct
2277 2794 2512 2866 ujusmo
2558 2796 2573 2852 i
2620 2808 2754 2876 quae

334 2866 615 2925 dicuntur
638 2879 772 2923 esse
819 2879 1001 2925 unum
1052 2864 1164 2924 sub
1190 2868 1340 2923 ecto.
1380 2867 1463 2933 Et,
1494 2879 1632 2936 quia
1662 2865 2033 2925 individuum
2062 2866 2125 2923 in
2197 2878 2372 2923 enare
2400 2867 2754 2926 substanttae

334 2936 551 2996 dicitur
596 2937 959 3018 hypostasiS,
989 2936 1053 2995 in
1082 2949 1162 3018 su·
1199 2935 1438 3017 stantiis
1484 2942 1681 3016 autern
1728 2936 2119 3018 rationali-bus
2154 2878 2377 2994 {icitur
2403 2937 2583 2993 etiam
2620 2949 2752 3007 per·

334 3019 508 3077 sona,
541 3012 961 3066 convenienter
999 3020 1205 3065 omma
1232 3007 1573 3078 hujusmodl
1605 3006 1884 3064 dicuntur
1912 3020 2070 3064 uniri
2107 3007 2439 3064 secundum
2475 3006 2752 3079 hyposta-

332 3078 452 3137 sim
483 3080 574 3135 vel
605 3079 782 3135 etiam
826 3076 1158 3138 secundum
1207 3090 1547 3147 personam.
1574 3077 1668 3134 Sic
1699 3078 1881 3148 igitur
1909 3081 2067 3149 patet
2112 3077 2273 3149 quod
2303 3077 2450 3134 nihil
2481 3075 2754 3147 prohibet

333 3149 539 3221 aliqua
569 3162 685 3205 non
721 3149 886 3207 unita
935 3162 1071 3208 essa
1104 3147 1433 3208 secundum
1468 3154 1761 3215 naturam,
1792 3146 1951 3202 uniri
1974 3150 2173 3202 autem
2202 3147 2532 3203 secundum
2561 3145 2751 3219 hypo·

330 3219 547 3279 stasim
579 3220 667 3275 vel
695 3232 1032 3290 personam.
1333 3285 1346 3297 ⁸
1547 3284 1558 3295 ,
1799 3284 1812 3297 ,
2134 3283 2148 3297 ‚
2451 3286 2463 3296 ‚

406 3290 730 3348 Audientes
774 3295 970 3347 autem
1024 3285 1284 3345 haeretici
1328 3298 1392 3343 in
1424 3284 1663 3343 christo
1708 3298 1995 3344 unionem
2047 3287 2150 3343 Dei
2202 3288 2262 3343 et
2300 3284 2567 3344 hominis
2612 3300 2751 3348 esse

334 3360 574 3426 factam,
606 3358 923 3484 contrariis
965 3357 1079 3416 viis
1121 3357 1499 3415 incesserunt
1544 3355 1619 3413 ad
1668 3356 1782 3415 hoc
1830 3353 2304 3430 expendendum,
2349 3356 2751 3428 praetermisso

332 3431 571 3490 tramite
603 3428 785 3486 verita
810 3429 883 3487 is.

403 3500 595 3573 Aliqui
629 3500 786 3556 enim
821 3499 974 3558 hanc
1001 3498 1287 3557 unionem
1316 3496 1760 3556 aestimaverunt
1779 3497 1853 3556 ad
1878 3498 2122 3556 modum
2144 3510 2352 3557 eorum
2380 3511 2513 3571 quae
2542 3497 2754 3558 uniun-

331 3575 433 3630 tur
453 3571 514 3628 in
552 3584 726 3627 unam
760 3574 1030 3627 naturam
1057 3587 1073 3639 ς
1104 3569 1262 3628 sicut
1294 3569 1471 3626 Arius
1499 3574 1559 3625 et
1582 3568 1962 3638 Apollinaris,
1993 3572 2283 3642 ponentes
2354 3567 2471 3626 uod
2500 3568 2751 3628 verbum

333 3646 463 3700 erat
502 3640 737 3712 corpori
783 3640 995 3699 Christi
1036 3653 1144 3711 pro
1188 3639 1388 3697 anima
1430 3639 1559 3696 sive
1590 3652 1696 3711 pro
1742 3643 1975 3709 mente;
2004 3643 2064 3697 et
2107 3639 2267 3702 sicut
2355 3638 2621 3711 utyches„
2647 3638 2753 3719 qui

333 3712 540 3785 posuit
569 3719 703 3768 ante
731 3710 1198 3768 incarnationem
1225 3709 1377 3767 duas
1391 3714 1671 3790 naturas,
1712 3709 1814 3790 Dei
1841 3708 2205 3791 etohomini&
2236 3715 2372 3791 post
2401 3711 2755 3790 incarnatio·

333 3795 472 3840 nem
524 3797 660 3840 vero
709 3794 907 3840 unam.
939 3782 1049 3839 Sed
1090 3793 1295 3839 eorum
1346 3779 1569 3837 dictum
1604 3793 1853 3839 omnino
1892 3779 2433 3852 impossibilitatem
2465 3784 2751 3840 continet.

333 3853 713 3912 Manifestum
745 3859 838 3910 est
865 3852 1023 3910 enim
1055 3858 1326 3909 naturam
1355 3851 1522 3908 Verbi
1555 3851 1629 3909 ab
1674 3856 1896 3909 aeterno
1924 3852 1985 3909 in
2013 3864 2127 3910 sua
2160 3850 2283 3909 inte
2330 3851 2498 3909 ritate
2528 3851 2752 3923 perfec·

331 3922 817 3990 tissimamesse,
852 3937 959 3980 nec
987 3922 1234 3980 omnino
1254 3922 1542 3993 corrumpi
1572 3921 1917 3980 autmutari
1947 3934 2164 3994 posse;
2193 3935 2272 3980 un
2319 3937 2350 3978 e
2380 3920 2753 3992 impossibile

335 3999 432 4052 est
458 3993 685 4067 aliquid
731 3993 1130 4052 extrinsecum
1160 4008 1197 4052 a
1244 3997 1453 4050 natura
1498 3993 1719 4062 divina,
1751 3996 1951 4064 utpote
2002 3996 2272 4052 naturam
2308 3992 2632 4051 humanam
2658 3990 2752 4051 vel

334 4063 593 4139 aliquam
627 4068 847 4136 partem
879 4063 1030 4137 ejuS,
1060 4064 1119 4121 in
1153 4064 1436 4121 unitatem
1467 4071 1690 4121 natutae
1717 4063 1772 4120 ei
1799 4062 2098 4122 advenire.

403 4136 513 4193 Alii
547 4151 703 4198 vero,
736 4135 912 4208 liujus
982 4134 1260 4193 ositionis
1305 4135 1382 4191 im
1429 4135 1849 4192 ossibilitatem
1895 4134 2190 4205 videntes,
2218 4133 2285 4193 in
2329 4133 2488 4192 viam
2517 4135 2750 4193 contra·

333 4205 480 4264 riam
512 4206 892 4264 diverterunt.
968 4220 1004 4263 a
1032 4205 1186 4263 enim
1218 4219 1351 4279 quae
1440 4205 1634 4262 abeuti
1685 4205 1944 4276 aliquam
1991 4209 2261 4262 naturam
2292 4204 2612 4264 adveniunt
2639 4215 2751 4260 nec

331 4280 529 4335 tamen
564 4278 857 4349 pertinent
885 4277 957 4336 ad
987 4276 1380 4350 integritatem
1432 4282 1655 4333 naturae
1685 4274 1870 4344 illius,
1899 4274 1992 4332 vel
2022 4274 2355 4334 accidentia
2382 4289 2516 4333 esse
2545 4273 2750 4353 viden·

330 4352 451 4417 tur,
480 4354 542 4406 ut
591 4347 803 4406 albedo
852 4354 912 4404 et
955 4347 1205 4414 musica,
1236 4347 1325 4405 vel
1376 4346 1815 4404 accidentaliter
1859 4358 1925 4403 se
1966 4344 2183 4403 habere
2228 4345 2301 4403 ad
2346 4347 2561 4417 ipsum,
2592 4345 2751 4401 sicut

340 4419 624 4488 annulus,
660 4418 1099 4489 vestimentum,
1124 4417 1364 4488 domus,
1394 4422 1453 4475 et
1500 4417 1740 4475 similia.
1790 4414 2247 4477 considerantes
2315 4424 2513 4475 autem
2563 4411 2745 4487 quod,
