3076 5025
390 291 493 347 358
1237 277 1370 334 LIB.
1412 273 1509 343 111,
1550 273 1702 330 CAP.
1742 270 1962 329 Lxxvl.

1331 542 1585 607 CAPUT
1622 540 1883 604 LXXVI.

642 732 793 786 QUOD
823 725 1222 775 PitovaN'nA
1253 723 1357 769 nm
1392 722 1486 768 SIT
1521 720 1754 768 OMNIUM
1795 718 2193 766 smemmlt
2226 717 2576 765 munuum.

466 894 721 964 Quidam
750 892 948 949 autem
976 890 1408 946 concesserunt
1450 882 1886 956 providentiam
1926 880 2190 941 divinam
2219 893 2413 961 usque
2434 880 2513 939 ad
2549 879 2680 940 haec
2703 881 2830 939 sin-

393 965 631 1040 gularia
656 960 1000 1034 procedere,
1030 957 1138 1016 sed
1165 955 1524 1031 quibusdam
1542 951 1943 1012 mediantibus
1961 952 2186 1011 causiS.
2214 953 2425 1010 Posuit
2451 951 2614 1010 enim
2634 950 2831 1022 Plato,
2910 989 2917 994 -

394 1043 464 1096 ut
490 1032 814 1106 Gregorius
859 1031 1155 1106 Nissenus
1195 1026 1344 1085 dicit
1383 1025 1488 1106 (pe
1501 1026 1747 1106 pbilos„
1773 1024 1816 1082 l.
1836 1036 1973 1104 viii,
2003 1038 2056 1082 c.
2088 1022 2174 1103 3),
2193 1022 2486 1104 triplicem
2510 1022 2832 1102 provi-den·

394 1107 564 1174 tiam,
592 1114 847 1185 quarum
869 1100 1065 1172 prima
1089 1103 1182 1156 est
1210 1110 1432 1156 summi
1462 1098 1565 1153 Dei
1616 1109 1750 1168 quae
1779 1107 1971 1175 primo
2000 1098 2061 1150 et
2084 1093 2494 1174 principaliter
2520 1092 2836 1165 provideat

393 1175 677 1250 propriis,
707 1172 770 1230 id
810 1177 904 1229 est
945 1168 1228 1229 omnibus
1269 1166 1564 1240 spirituali
1614 1179 1685 1224 us
1723 1170 1784 1223 et
1825 1162 2354 1244 intellectualibuS,
2383 1169 2831 1236 consequenter

395 1259 539 1305 vero
565 1244 676 1304 toti
726 1241 952 1299 mundo
1000 1246 1289 1312 quantum
1331 1238 1406 1295 ad
1452 1250 1675 1309 genera
1700 1242 1762 1293 et
1805 1235 2040 1308 species
2067 1239 2128 1292 et
2170 1234 2543 1293 universales
2586 1247 2831 1304 causas,

397 1330 532 1391 quae
559 1318 704 1373 sunt
727 1325 980 1383 corpora
1008 1310 1294 1368 coelestia.
1315 1308 1589 1366 Secunda
1625 1319 1768 1364 vero
1796 1321 1870 1387 ea
1897 1320 2015 1378 qua
2042 1304 2399 1386 providetur·
2415 1303 2833 1386 singularibus

399 1385 754 1446 animalium
782 1388 841 1440 et
860 1381 1197 1453 plantarum
1223 1385 1281 1437 et
1306 1379 1563 1436 aliorum
1592 1376 2026 1458 generabilium
2054 1380 2116 1433 et
2140 1375 2620 1447 corruptibilium
2650 1387 2837 1448 quan·

398 1463 528 1515 tum
559 1455 635 1514 ad
701 1466 910 1512 eorum
951 1450 1398 1524 generationem
1429 1455 1488 1505 et
1527 1449 1680 1506 alias
1721 1446 2123 1515 mutationes;
2154 1459 2333 1520 quam
2363 1445 2607 1519 quidem
2635 1445 2837 1517 provi·

399 1527 667 1587 dentiam
692 1525 861 1582 Plato
907 1522 1175 1579 attribuit
1218 1520 1336 1578 diis
1364 1519 1467 1591 qui
1496 1518 1716 1577 coelum
1759 1518 2152 1587 circumeunt,
2178 1515 2530 1597 Aristoteles
2555 1529 2708 1597 vero·
2729 1515 2841 1588 (De

401 1610 610 1671 gener.
642 1601 702 1653 et
727 1598 1011 1663 corrupt..
1039 1606 1106 1655 11,
1135 1595 1278 1648 text.
1309 1604 1527 1648 comm.
1560 1590 1648 1662 58)
1678 1588 1891 1647 horum
1920 1587 2263 1661 qualitatem
2293 1587 2561 1645 attribuit
2588 1585 2839 1659 obliquo

399 1667 653 1727 circulo.
682 1665 937 1723 Tertiam
963 1675 1105 1719 vero
1150 1660 1583 1732 providentiam
1612 1660 1783 1731 ponit
1809 1672 2007 1717 rerum
2034 1671 2168 1730 quae
2194 1657 2268 1716 ad
2296 1658 2623 1716 humanam
2651 1656 2839 1715 vitam

402 1737 750 1810 pertinent:
783 1747 961 1807 quam
993 1732 1231 1805 quidem
1281 1731 1551 1789 attribuit
1593 1730 1952 1803 quibusdam
2005 1727 2380 1788 daemonibus
2424 1729 2585 1786 circa
2615 1733 2839 1787 terram

404 1805 825 1874 existentibus,
855 1803 960 1877 qui
986 1808 1129 1861 sunt
1157 1801 1489 1860 secundum
1517 1801 1719 1872 ipsum
1758 1801 2157 1880 humanarum
2191 1799 2499 1880 actionum
2525 1798 2836 1878 custodes.

403 1876 522 1936 Sed
562 1882 764 1934 tamen
806 1873 1140 1931 secundum
1191 1872 1520 1941 Platonem,
1551 1871 1816 1929 secunda
1860 1876 1920 1928 et
1957 1875 2132 1951 tertia
2165 1870 2542 1951 providentia
2581 1883 2617 1927 a
2642 1881 2845 1940 prima

404 1948 479 2006 de
522 1945 783 2003 endent:
821 1957 962 2002 nam
995 1946 1155 2000 Deus
1180 1955 1455 2000 summus
1484 1942 1786 1999 secundos
1813 1946 1873 1999 et
1900 1945 2109 1998 tertios
2136 1946 2345 1998 statuit
2370 1952 2737 2012 provisores.

528 2031 613 2074 aec
657 2020 858 2072 autem
899 2013 1124 2085 positio
1173 2012 1485 2070 catholicae
1528 2011 1668 2069 fidei
1715 2015 2011 2070 consonat
2050 2015 2341 2083 quantum
2388 2011 2461 2068 ad
2502 2012 2618 2069 lioc
2718 2009 2841 2090 uod

404 2088 677 2147 omnium
704 2083 1137 2157 providentiam
1180 2083 1413 2140 reducit
1442 2083 1507 2140 in
1531 2085 1720 2140 Deum
1749 2083 1905 2140 sicut
1933 2083 1997 2138 in
2025 2081 2283 2153 primum
2314 2088 2641 2140 auctorem.
2719 2080 2844 2138 ide·

403 2164 506 2215 tur
533 2162 731 2214 autem
763 2154 1075 2213 sententiae
1118 2152 1255 2210 fidei
1298 2167 1634 2225 repugnare
1678 2158 1968 2225 quantum
2007 2152 2082 2210 ad
2110 2151 2246 2223 hoc,
2275 2152 2437 2225 quod
2479 2165 2603 2210 non
2634 2152 2845 2210 omnia

403 2224 792 2300 particularia
830 2224 1047 2281 divinae
1092 2222 1481 2293 providentiae
1527 2222 1869 2280 immediate
1897 2222 2042 2280 dicit
2068 2235 2205 2280 esse
2243 2222 2550 2294 subjecta;
2581 2221 2745 2295 quod
2768 2234 2844 2280 ex

403 2297 740 2371 praemissis
787 2294 1024 2352 ostendi
1071 2299 1287 2363 potest.
1320 2293 1506 2351 Habet
1560 2293 1716 2350 enim
1773 2295 1933 2350 Deus
1984 2292 2385 2350 immediatam
2435 2292 2842 2365 singularium

406 2367 839 2441 cognitionem,
871 2378 994 2422 non
1021 2363 1195 2436 quasi
1240 2378 1311 2421 ea
1339 2364 1397 2420 in
1430 2363 1562 2422 suis
1591 2363 1793 2422 causis
1832 2375 2208 2435 cognoscens
2236 2369 2488 2432 tantum,
2520 2363 2628 2422 sed
2657 2362 2845 2420 etiam

408 2439 475 2496 in
531 2437 772 2508 seipsis,
797 2436 953 2493 sicut
972 2434 1034 2491 in
1104 2434 1257 2491 rimo
1278 2433 1458 2506 hujus
1479 2434 1681 2505 operis
1701 2439 2011 2493 ostensum
2037 2439 2148 2492 est.
2174 2433 2609 2492 inconveniens
2637 2438 2845 2492 autem

402 2507 640 2567 videtur
666 2506 828 2580 quod
875 2506 1054 2577 singu
1083 2505 1211 2563 aria
1253 2518 1653 2577 cognoscens,
1684 2520 1891 2565 eorum
1939 2504 2211 2563 ordinem
2259 2519 2385 2585 non
2428 2504 2592 2569 velit,
2618 2503 2840 2586 inqu-o

410 2579 640 2638 bonum
668 2577 1032 2649 praecipuum
1057 2589 1256 2633 rerum
1293 2582 1550 2645 constat,
1582 2590 1719 2635 cum
1759 2576 2037 2633 voluntas
2065 2589 2181 2633 sua
2220 2580 2304 2634 sit
2337 2576 2525 2634 totius
2550 2575 2845 2634 bonitatis

405 2649 790 2722 principium.
824 2649 1068 2718 Oportet
1094 2659 1258 2718 ergo,
1335 2647 1454 2705 uod
1481 2647 1638 2705 sicut
1664 2646 2005 2704 immediate
2033 2645 2369 2719 singularia
2393 2646 2731 2719 cognoscit,
2757 2645 2849 2705 ita

409 2721 588 2779 etiam
618 2719 959 2776 immediate
983 2730 1190 2774 eorum
1216 2730 1285 2774 or
1327 2719 1486 2775 inem
1514 2723 1756 2775 statuat.

480 2791 760 2860 Amplius,
788 2788 935 2846 ordo
964 2788 1067 2867 qui
1115 2801 1220 2858 per
1245 2788 1683 2859 providentiam
1727 2788 1793 2844 in
1837 2786 2018 2845 rebus
2062 2786 2427 2868 gubernatis·
2455 2787 2745 2845 statuitur
2769 2799 2847 2845 ex

408 2861 621 2919 ordine
652 2860 758 2917 illo
784 2862 1056 2930 provenit
1079 2871 1258 2929 quem
1286 2859 1562 2930 provisor
1589 2859 1652 2914 in
1674 2871 1787 2916 sua
1803 2861 2002 2915 mente
2024 2857 2345 2929 disposuit,
2376 2863 2537 2915 sicut
2558 2864 2619 2915 et
2648 2858 2853 2918 forma

409 2932 557 2990 artis
586 2943 718 3002 quae
745 2928 812 2986 fit
841 2928 905 2985 in
932 2928 1200 2995 materia,
1226 2928 1300 2986 ab
1329 2943 1402 2986 ea
1440 2929 1712 3009 procedit
1737 2941 1872 3000 quae
1908 2933 2002 2985 est
2037 2927 2101 2985 in
2130 2933 2329 2986 mente
2356 2927 2627 2987 artificis.
2655 2930 2845 3000 Opor-

408 3006 497 3060 tet
521 3007 721 3059 autem
745 2999 848 3056 ubi
900 3004 1044 3057 sunt
1069 2998 1241 3054 multi
1287 3012 1652 3069 provisores,
1680 3012 1842 3056 unus
1872 2997 1988 3057 sub
2030 2997 2174 3068 alm,
2202 2996 2365 3080 quod
2403 2998 2676 3056 ordinem
2698 3011 2848 3057 con·

405 3077 639 3129 tentum
674 3069 949 3140 superior
972 3068 1241 3126 inferiori
1271 3070 1483 3138 tradat,
1514 3069 1672 3127 sicut
1714 3082 1814 3127 ars
1841 3068 2092 3126 inferior
2117 3070 2337 3141 accipit
2357 3069 2655 3140 principia
2682 3082 2721 3127 a
2748 3082 2849 3127 su·

407 3140 652 3212 periori.
684 3140 745 3197 Si
788 3140 972 3212 igitur
1014 3138 1262 3196 secundi
1292 3145 1352 3196 et
1396 3140 1556 3196 tertii
1600 3140 1942 3210 provisores
1975 3143 2296 3267 1ponuntur
2343 3151 2480 3197 esse
2504 3140 2618 3198 sub
2646 3139 2846 3211 primo

408 3211 742 3283 provisore,
770 3212 872 3283 qui
903 3216 994 3267 est
1038 3211 1197 3267 Deus
1251 3222 1547 3274 summus,
1575 3215 1809 3281 oportet
1850 3222 1971 3282 quo
2055 3210 2328 3268 ordinem
2363 3210 2751 3270 statuendum
2778 3210 2846 3269 in

407 3282 592 3361 rebus
621 3295 656 3338 a
680 3293 917 3361 summo
947 3282 1067 3337 Deo
1096 3278 1409 3360 accipiant.
1427 3283 1559 3337 Non
1587 3285 1680 3338 est
1707 3286 1901 3338 autem
1929 3279 2221 3361 possibile
2246 3280 2409 3353 quod
2435 3280 2552 3339 iste
2582 3280 2735 3339 ordo
2765 3280 2852 3339 sit

410 3352 477 3408 in
526 3364 616 3409 eis
702 3352 980 3409 erfectioi·
1024 3362 1202 3421 quam
1258 3363 1322 3407 in
1362 3364 1603 3408 summo
1664 3353 1807 3408 Deo.
1856 3351 2138 3418 Quinimo
2185 3363 2399 3410 omnes
2444 3350 2849 3423 perfectiones

409 3436 516 3493 per
534 3435 634 3478 mo
681 3435 779 3480 um
807 3422 1139 3479 descensus
1166 3418 1240 3477 ab
1265 3433 1339 3478 eo
1366 3420 1431 3478 in
1454 3421 1574 3479 alia
1596 3421 1971 3502 proveniunt,
1990 3427 2057 3479 ut
2083 3435 2157 3480 ex
2185 3420 2546 3493 superiobus
2601 3436 2734 3493 cap.
2753 3421 2851 3494 69)

408 3497 589 3564 patet.
622 3494 866 3563 Oportet
884 3496 1104 3559 autem,
1134 3493 1295 3561 quod
1322 3491 1470 3549 ordo
1519 3505 1717 3549 rerum
1748 3496 1830 3550 sit
1852 3504 1916 3549 in
1955 3491 2242 3551 secundis
2279 3492 2575 3564 provisori
2622 3506 2695 3551 us
2721 3505 2851 3551 non

412 3562 616 3621 solum
640 3563 707 3620 in
733 3561 1080 3642 univers-ali,
1111 3560 1218 3640 sed
1242 3561 1423 3641 etiam
1447 3567 1737 3634 quantum
1766 3561 1843 3620 ad
1870 3561 2243 3635 singularia;
2271 3562 2424 3621 alias
2450 3575 2575 3621 non
2594 3567 2850 3635 possent

414 3646 528 3691 sua
554 3632 930 3704 providentia
965 3644 1028 3688 in
1075 3632 1487 3703 singularibus
1527 3631 1799 3691 ordinem
1845 3638 2151 3692 statuere:
2180 3633 2372 3692 multo
2417 3632 2605 3706 igitur
2647 3633 2849 3707 magis

412 3703 562 3762 ordo
591 3703 989 3776 singularium
1019 3700 1201 3760 estin
1230 3702 1447 3760 divinae
1473 3702 1863 3775 providentiae
1891 3703 2314 3775 dispositione.

481 3773 701 3837 Adhuc,
758 3773 823 3830 in
879 3773 977 3832 his
1015 3784 1150 3845 quae
1201 3772 1465 3832 humana
1517 3773 1894 3845 providentia
1941 3779 2251 3847 reguntur,
2309 3773 2613 3834 invenitur
2682 3774 2848 3848 quod

412 3842 635 3917 aliquis
662 3844 939 3916 superior
954 3844 1231 3923 provisor
1256 3845 1416 3902 circa
1436 3844 1710 3917 quaedam
1749 3858 1971 3918 magna
2014 3843 2382 3905 universalia
2422 3858 2530 3916 per
2572 3843 2848 3918 seipsum

412 3915 732 3988 excogitat,
786 3914 1043 3987 qualiter
1094 3920 1216 3973 sint
1268 3914 1643 3985 ordinanda;
1673 3916 1979 3975 minorum
2028 3928 2170 3973 vero
2223 3914 2498 3975 ordinem
2539 3915 2675 3989 ipse
2720 3928 2849 3974 non

412 3986 733 4057 excogitat,
763 3985 870 4043 sed
899 3984 1038 4043 aliis
1060 3983 1454 4043 inferioribus
1483 3985 1946 4059 excogitandum
1974 3986 2291 4059 relinquit;
2334 3991 2399 4044 et
2436 3985 2555 4045 hoc
2596 3986 2845 4067 quidem

412 4055 708 4135 contingit
725 4060 966 4127 propter
993 4055 1124 4127 ejus
1152 4055 1472 4126 defectum,
1513 4056 1579 4114 in
1624 4062 1915 4130 quantum
1959 4057 2054 4116 vel
2096 4056 2497 4129 singularium
2535 4068 2845 4117 minorum

411 4124 793 4184 conditiones
826 4128 1083 4199 ignorat,
1126 4126 1219 4184 vel
1247 4139 1368 4184 non
1397 4125 1625 4185 sufficit
1650 4127 1727 4186 ad
1755 4127 2026 4186 omnium
2055 4126 2326 4186 ordinem
2356 4139 2504 4186 exco
2548 4127 2845 4209 itandum²

411 4199 653 4265 propter
679 4196 943 4254 laborem
978 4201 1038 4254 et
1078 4197 1367 4267 temporis
1407 4197 1812 4279 prolixitatem
1849 4211 1983 4271 quae
2023 4198 2444 4279 requireretur.
2485 4141 2842 4278 lfujusmodi

413 4269 615 4343 autem
645 4265 912 4325 defectus
939 4267 1117 4339 longe
1147 4272 1291 4326 sunt
1317 4282 1356 4326 a
1383 4269 1504 4325 Deo
1537 4282 1554 4323 ε
1581 4281 1720 4326 nam
1745 4280 1876 4340 ipse
1905 4280 2112 4326 omnia
2140 4268 2476 4341 singularia
2501 4272 2841 4340 cognoscit,

411 4347 527 4416 nec
551 4348 616 4390 in
640 4334 1031 4407 intelligendo
1059 4351 1133 4396 ea
1164 4336 1418 4408 laborat,
1446 4342 1553 4397 aut
1574 4343 1811 4410 tempus
1838 4338 2109 4411 requirit,
2152 4352 2290 4398 cum
2327 4338 2723 4411 intelligendo
2752 4351 2844 4397 se·

411 4416 615 4474 ipsum
644 4405 846 4462 omnia
866 4406 984 4464 alia
1005 4413 1356 4480 cognoscat,
1387 4407 1550 4469 sicut
1574 4422 1760 4483 supra
1785 4406 1913 4482 (lib.
1958 4422 2027 4481 11,
2069 4422 2200 4481 cap.
2229 4409 2324 4481 47)
2359 4414 2676 4469 ostensum
2720 4413 2837 4469 est.

1777 4560 1807 4597 1
