3076 5025
521 359 628 416 246
1433 356 1568 412 LIB.
1609 356 1680 423 11,
1718 357 1872 413 CAP.
1909 356 2094 414 XCIII.

528 496 666 541 esse
692 482 949 540 minoris
977 481 1381 540 multitudinis
1411 481 1620 540 formae
1644 496 1776 554 quae
1806 486 1948 539 sunt
1977 486 2144 539 extra
2170 480 2497 549 materiam,
2521 495 2666 553 quas
2684 482 2909 544 dicimus

525 552 901 611 substantias
931 559 1257 624 separatas,
1291 566 1472 624 quam
1497 552 1620 610 sint
1649 552 1883 623 species
1913 551 2311 611 materialium
2340 565 2557 610 rerum.
2584 554 2705 609 Non
2740 560 2907 614 autem

524 629 768 704 propter
798 624 913 681 boc
941 623 1199 682 dicimus
1229 623 1390 705 quod
1418 622 1771 681 substantiae
1801 628 2087 703 separatae
2118 623 2241 680 sint
2267 623 2499 694 species
2529 622 2767 682 istorum
2792 639 2907 684 sen·

527 694 820 762 sibilium,
853 694 1010 752 sicut
1038 694 1326 752 Platonici
1354 699 1696 752 senserunt.
1729 693 1922 761 Quum
1951 707 2111 750 enim
2139 706 2263 751 non
2302 699 2549 764 possent
2588 693 2661 752 ad
2699 694 2903 764 praedic·
3010 752 3011 761 ,

528 771 723 821 tarum
749 763 1219 823 substantiarum
1247 763 1523 823 notitiam
1553 764 1861 836 pervenire
1898 764 2021 821 nisi
2066 778 2140 821 ex
2180 763 2591 832 sensibilibus,
2620 771 2902 835 posuerunt
3010 770 3011 811 ἲ

527 834 667 892 illas
697 834 1070 893 substantias
1095 848 1233 893 esse
1257 834 1526 907 eiusdem
1556 834 1779 907 speciei
1804 849 1941 892 cum
1971 834 2108 892 istis
2146 834 2241 892 vel
2287 834 2483 907 magis
2529 834 2759 905 species
2786 837 2897 895 ista-
3010 848 3011 889 3

526 918 690 973 rum;
725 905 882 963 sicut
911 906 964 963 si
995 906 1213 977 aliquis
1243 920 1366 964 non
1395 906 1623 964 videret
1649 907 1843 966 solem
1872 910 1930 962 et
1955 904 2159 964 lunam
2182 909 2243 963 et
2269 905 2391 964 alia
2418 909 2581 963 astra
2614 910 2670 962 et
2714 906 2901 965 audiret
2930 916 2935 962 1
3010 920 3011 961 ς

528 990 665 1032 esse
695 974 966 1056 quaedam
996 989 1250 1047 corpora
1277 976 1777 1048 incorruptibilia,
1808 976 2146 1034 nominaret
2186 989 2261 1033 ea
2305 975 2650 1035 nominibus
2692 974 2935 1041 istorum'

526 1046 1025 1116 corruptibilium,
1057 1048 1410 1106 existimans
1439 1063 1510 1105 ea
1537 1060 1673 1105 esse
1703 1046 1970 1120 eiusdem
2000 1046 2225 1119 speciei
2250 1061 2387 1105 cum
2420 1046 2586 1115 istis;
2613 1046 2764 1119 quod
2808 1060 2903 1105 non

525 1121 692 1174 esset
717 1117 1032 1188 possibile.
1061 1117 1348 1175 Similiter
1374 1122 1574 1175 autem
1605 1118 1981 1189 impossibile
2010 1123 2103 1177 est
2126 1116 2497 1176 substantias
2526 1116 2903 1175 immateriales

527 1199 664 1244 esse
720 1186 988 1258 ejusdem
1042 1189 1268 1259 speciei
1322 1203 1460 1246 cuni
1514 1189 1926 1247 materialibus
1977 1188 2070 1246 vel
2124 1187 2359 1260 species
2414 1188 2704 1259 ipsarum,
2754 1201 2909 1259 quum

525 1258 779 1315 materia
806 1258 887 1316 sit
913 1257 985 1315 de
1011 1259 1242 1316 ratione
1272 1259 1493 1341 speciei
1524 1260 1740 1317 horum
1772 1258 2173 1322 sensibilium,
2202 1259 2342 1317 licet
2368 1272 2489 1316 non
2537 1259 2660 1338 haec
2699 1257 2910 1338 materia

527 1341 660 1399 quae
686 1333 781 1385 est
804 1329 1111 1400 proprium
1140 1329 1500 1401 principium
1525 1329 1848 1400 individui;
1882 1331 2039 1388 sicut
2066 1330 2138 1387 de
2163 1329 2397 1388 ratione
2422 1330 2645 1401 speciei
2681 1329 2911 1408 bominis

524 1402 671 1456 sunt
694 1412 908 1457 carnes
931 1405 992 1456 et
1020 1412 1184 1470 ossa,
1214 1413 1336 1458 non
1366 1406 1565 1459 autem
1596 1401 1723 1461 liaec
1751 1415 1964 1459 carnes
1992 1404 2052 1459 et
2081 1401 2210 1461 haec
2231 1414 2395 1469 ossa,
2427 1415 2560 1472 quae
2598 1405 2736 1458 sunt
2776 1410 2909 1470 prin·

525 1468 687 1539 cipia
713 1470 973 1550 Socratis
1003 1476 1063 1527 et
1089 1470 1375 1529 Platonis.
1404 1471 1499 1529 Sic
1527 1471 1714 1543 igitur
1759 1485 1879 1529 non
1924 1471 2182 1529 dicimus
2228 1471 2599 1529 substantias
2641 1474 2908 1551 separatas

525 1552 664 1596 esse
695 1541 928 1612 species
957 1546 1211 1598 istorum
1238 1541 1642 1611 sensibilium,
1674 1543 1779 1600 sed
1811 1556 1944 1600 esse
1971 1541 2124 1600 alias
2153 1541 2386 1613 species
2416 1541 2739 1599 nobiliores
2777 1543 2906 1607 istis,

527 1615 754 1681 quanto
782 1625 1006 1692 purum·
1025 1617 1122 1669 est
1149 1608 1413 1692 nobilius
1440 1613 1764 1683 permixt03
1792 1619 1851 1670 et
1876 1618 2020 1671 tunc
2050 1611 2186 1670 illas
2234 1612 2604 1671 substantias
2648 1624 2773 1671 esse
2808 1608 2910 1683 plu·
2978 1612 2985 1619 ·

523 1693 623 1739 res
654 1693 691 1737 0
734 1689 887 1740 ortet
909 1688 1045 1741 istis
1073 1683 1388 1754 speciebus
1419 1696 1618 1741 rerum
1644 1683 2064 1743 materialium.
2873 1750 2883 1761 ,

579 1751 694 1832 Aa
733 1768 819 1816 uc,
852 1754 1048 1826 magis
1077 1760 1172 1813 est
1196 1754 1422 1825 aliquid
1458 1754 1905 1825 multiplicabile
1953 1755 2285 1812 secundum,
2326 1766 2505 1812 snum
2552 1766 2684 1812 esse
2722 1750 2908 1831 intelli-

528 1822 715 1893 gibile
740 1838 918 1896 quam
949 1825 1280 1884 secundum
1310 1839 1489 1885 suum
1518 1839 1654 1885 esse
1678 1824 2013 1894 materiale;
2042 1825 2232 1883 multa
2256 1824 2418 1882 enim
2445 1824 2742 1881 intellectu
2776 1836 2839 1879 ca
2886 1850 2909 1863 ·

530 1905 669 1951 mus
698 1908 829 1966 quae
858 1897 920 1953 in
950 1896 1199 1953 materia
1228 1910 1362 1954 esse
1390 1910 1514 1954 non
1560 1903 1844 1967 possunt;
1883 1908 1956 1954 ex
2039 1910 2118 1953 uo
2163 1894 2459 1968 contingit
2504 1894 2661 1966 quod
2702 1892 2829 1951 cuili
2873 1962 2883 1971 ,

526 1969 705 2022 rectae
733 1964 907 2024 lineae
937 1966 1120 2025 finitae
1150 1973 1346 2039 potest
1371 1968 1787 2025 mathematice
1816 1966 1944 2023 fieri
1973 1982 2009 2025 a
2051 1966 2218 2034 ditio,
2252 1978 2374 2022 non
2415 1970 2614 2022 autem
2662 1962 2909 2041 naturali-

525 2039 644 2102 ter;
677 2036 891 2095 raritas
918 2037 1097 2094 etiam
1120 2051 1458 2108 corporum,
1492 2037 1781 2095 velocitas
1810 2042 2079 2095 motuum
2104 2042 2162 2093 et
2189 2035 2507 2094 diversitas
2530 2034 2834 2108 figurarum
2856 2044 2908 2111 in

524 2102 826 2164 infinitum
876 2108 1080 2178 augeri
1127 2107 1651 2178 comprehenditur
1694 2107 2022 2165 secundum
2076 2106 2475 2175 intellectum,
2528 2105 2789 2186 quam-vis
2845 2106 2909 2160 sit

523 2176 902 2246 impossibile
929 2178 994 2234 in
1027 2181 1240 2235 natura
1268 2179 1356 2236 sic
1381 2191 1537 2236 esse.
1570 2178 1929 2236 Substantias
1956 2182 2154 2235 autem
2186 2182 2474 2248 separatae
2519 2183 2657 2235 sunt
2694 2189 2758 2256 in
2797 2184 2907 2252 esse

523 2247 892 2319 intelligibili
921 2248 1252 2306 secundum
1300 2263 1472 2307 suain
1514 2255 1810 2307 naturam.
1842 2248 2024 2319 Major
2068 2247 2253 2320 igitur
2291 2247 2701 2318 multiplicitas
2740 2258 2799 2302 in
2834 2254 2905 2299 eis

524 2324 618 2375 est
657 2318 970 2390 possibilis
1018 2333 1197 2391 quam
1242 2320 1307 2377 in
1345 2319 1526 2378 rebus
1573 2319 1982 2377 materialibus
2033 2318 2362 2376 secundum
2404 2317 2811 2395 proprietatem
2861 2315 2907 2369 et

523 2388 819 2448 rationem
844 2397 1152 2461 pensatam
1200 2391 1440 2462 generis
1486 2391 1681 2448 utrius
1726 2405 1820 2447 ue.
1869 2392 1936 2446 In
1982 2388 2287 2460 perpetuis
2332 2394 2531 2446 autem
2577 2401 2696 2445 non
2745 2381 2907 2445 differt

521 2473 659 2520 esse
711 2465 770 2518 et
818 2474 1021 2533 posse.
1080 2461 1317 2520 Excedit
1370 2461 1557 2535 igitur
1607 2475 1709 2520 mu
1737 2460 1928 2520 titudo
2000 2459 2473 2519 substantiarum
2541 2462 2907 2530 separatarum

522 2533 966 2592 multitudinem
989 2534 1386 2591 materialium
1408 2546 1747 2605 corporum.
2769 2600 2780 2612 ⁴
2826 2597 2836 2610 ,

595 2605 699 2662 His
745 2610 942 2662 autem
992 2608 1304 2662 attestatur
1344 2615 1518 2661 sacra
1561 2603 1891 2673 Scriptura;
1942 2602 2160 2659 dicitur
2212 2601 2371 2659 enim
2421 2614 2437 2657 ε
2486 2602 2666 2658 Miltia
2707 2597 2906 2656 millum

519 2676 912 2731 ministrabant
937 2677 1006 2738 ei,
1040 2679 1093 2730 et
1116 2675 1289 2731 decies
1314 2676 1511 2731 millies
1557 2680 1778 2729 centena
1817 2673 1997 2728 millia
2034 2673 2361 2729 assistebant
2391 2673 2441 2727 ei
2468 2671 2663 2751 (Bam,
2690 2682 2788 2737 vti,
2818 2664 2906 2735 10).

521 2746 591 2802 Et
618 2745 768 2803 Dion
811 2745 943 2804 sius
971 2746 1116 2803 dicit
1187 2745 1306 2803 uod
1336 2758 1625 2803 numerus
1655 2745 1892 2801 illarum
1922 2743 2395 2801 substantiarum
2424 2742 2658 2799 excedit
2701 2747 2906 2798 omnem

519 2816 773 2873 materia
798 2828 891 2872 em
917 2815 1156 2874 multitu
1201 2816 1359 2874 inem
1391 2815 1541 2886 (coel.
1569 2818 1747 2884 Hier„
1774 2830 1829 2871 c.
1857 2813 1972 2894 μὶ).
2288 2884 2299 2894 ·

593 2887 704 2941 Per
727 2885 842 2942 hoc
872 2890 1068 2943 autem
1099 2885 1433 2944 excluditur
1458 2899 1625 2943 error
1653 2885 1976 2943 dicentium
2006 2884 2375 2943 substantias
2403 2887 2705 2955 separatas
2732 2886 2909 2937 secun·

520 2953 664 3012 dum
695 2967 1009 3012 numerum
1041 2962 1310 3013 motuum
1339 2955 1675 3013 coelestium
1704 2961 1806 3013 aut
1835 2955 2164 3013 secundum
2214 2968 2531 3013 numerum
2578 2953 2906 3025 sphaerarum

517 3024 853 3083 coelestium
907 3038 1065 3094 esse,
1090 3030 1153 3082 et
1196 3038 1361 3083 error
1380 3025 1566 3084 Rabbi
1590 3026 1813 3097 Moysis
1843 3025 1969 3097 (lib.
2001 3039 2067 3092 11,
2099 3041 2151 3083 c.
2178 3025 2259 3097 7),
2286 3025 2389 3098 qui
2437 3024 2588 3082 dixit
2629 3027 2905 3080 numerum

519 3106 596 3154 an
642 3092 870 3150 elorum
907 3095 1011 3166 qui
1061 3094 1126 3153 in
1156 3095 1459 3166 Scriptura
1509 3097 1756 3166 ponitur
1810 3109 1933 3153 non
1981 3109 2116 3155 esse
2170 3108 2488 3154 numerum
2538 3096 2905 3169 separatarum

516 3176 573 3244 s·
609 3163 1149 3245 *standarum-sed
1177 3165 1462 3223 virtutum
1492 3165 1557 3222 in
1583 3166 1719 3230 istis
1749 3165 2158 3247 inferioribuS,
2185 3166 2342 3225 sicut
2367 3165 2423 3225 si
2446 3166 2542 3225 vis
2571 3170 2905 3233 concupisci·

513 3233 659 3295 bilis
685 3234 917 3295 dicatur
941 3240 1190 3307 spiritus
1218 3236 1742 3307 concupiscentiae,
1770 3241 1831 3293 et
1856 3236 1947 3294 sic
1975 3236 2046 3295 de
2074 3236 2234 3296 aliis.

1467 3456 1723 3521 CAPUT
1770 3457 1982 3520 XCIII.

725 3635 877 3690 QUOD
919 3635 1289 3684 SUBs'rANTIAE
1327 3635 1648 3681 SEPARATAE
1684 3635 1804 3681 NON
1840 3637 1991 3684 SUNT
2022 3638 2236 3684 limma:
2268 3637 2443 3685 umus
2481 3638 2718 3683 srsscm.

580 3800 663 3855 Ex
690 3799 787 3856 bis
811 3802 1030 3861 autem,
1062 3812 1196 3871 quae
1224 3799 1298 3856 de
1326 3799 1463 3859 istis
1503 3799 1863 3859 substantiis
1905 3801 2219 3872 praemissa
2267 3804 2427 3864 sunt,
2462 3798 2695 3860 ostendi
2735 3793 2899 3870 potest

510 3869 669 3938 quod
704 3882 827 3927 non
858 3875 1000 3926 sunt
1026 3868 1230 3941 plures
1255 3870 1608 3929 substantiae
1637 3876 1924 3942 separatae
1953 3872 2134 3929 unius
2165 3871 2408 3942 speciei.

580 3938 902 3997 ostensum
923 3945 1017 3998 est
1045 3940 1206 3997 enini
1239 3953 1422 4012 supra
1450 3940 1524 4012 (c.
1557 3941 1647 4012 54)
1676 3943 1837 4013 quod
1866 3940 2216 4001 substantiis
2262 3946 2550 4011 Separatae
2599 3942 2735 4000 sunt
2770 3944 2895 4017 quai-

506 4005 646 4064 dam
674 4009 1038 4080 quidditates
1061 4009 1483 4069 subsistentes,
1511 4013 1751 4083 Species
1777 4018 1973 4070 autem
1994 4013 2079 4069 rei
2101 4019 2193 4070 est
2213 4026 2391 4086 quam
2426 4013 2624 4093 signat
2642 4006 2894 4068 definitio,

504 4089 666 4156 quas·
697 4085 788 4136 est
849 4081 1093 4152 signum
1139 4080 1489 4154 quidditatis
1529 4083 1652 4146 rei;
1700 4083 1857 4141 unde
1904 4082 2264 4155 quidditates
2328 4074 2897 4161 subsistentessunt

500 4157 540 4287 g
582 4159 761 4271 elcieS.
804 4151 1013 4230 Plures
1065 4165 1210 4224 ergo
1252 4152 1605 4212 substantiae
1652 4158 1941 4225 separatae
1988 4166 2123 4212 esse
2173 4167 2297 4212 non
2340 4159 2615 4225 possunt,
2646 4162 2760 4208 msi
2794 4143 2897 4202 suli

569 4229 606 4271 u
642 4230 706 4272 es
737 4231 990 4289 species.

573 4285 791 4351 Adhuc,
857 4290 1258 4375 Quaecumque
1322 4298 1464 4352 sunt
1518 4294 1679 4353 idem
1732 4295 1953 4366 specie,
2003 4293 2341 4354 differentia
2398 4300 2592 4354 autem
2655 4295 2893 4372 numero,

501 4354 727 4435 liabent
756 4364 1084 4440 materiam.
1110 4362 1456 4422 Differentia
1484 4371 1681 4423 autem
1713 4380 1846 4437 quae
1876 4380 1949 4422 ex
1976 4364 2170 4424 forma
2234 4366 2463 4425 rocedit
2487 4365 2709 4421 inducit
2737 4359 2896 4415 diver-

498 4431 740 4485 sitatem
771 4442 1023 4499 speciei;
1047 4439 1406 4514 quaessutem
1435 4441 1529 4493 est
1558 4451 1627 4493 ex
1658 4437 1907 4495 materia
1926 4436 2157 4495 inducit
2217 4437 2573 4496 iversitatem
2595 4426 2893 4507 secundum

502 4508 857 4588 numerum
897 4500 1250 4565 Substantlae
1278 4511 1476 4567 autem
1526 4513 1814 4580 separatae
1866 4521 1990 4568 non
2036 4508 2259 4572 liabent
2302 4507 2547 4570 omnino
2585 4506 2893 4562 materiam,

1367 4615 1460 4630 ..un—‘⁵⁴
