3076 5025
331 235 440 291 226
1175 230 1308 286 LIB.
1347 230 1421 295 11,
1461 229 1617 284 CAP.
1658 229 1926 284 Lxxxlll.

403 357 692 416 Praeterea,
723 366 900 411 omne
929 351 1081 409 illud
1108 352 1204 409 cui
1234 351 1452 408 accidit
1479 350 1751 410 alteritas
1781 350 1983 424 aliqua
2007 350 2341 409 secundum
2365 351 2773 412 diversitatem

332 430 691 496 temporum,
723 430 816 481 est
845 422 1178 494 subJ‘ectum
1210 423 1440 479 coelesti
1469 423 1680 485 motui,
1728 435 1904 495 quem
1954 423 2225 495 sequitur
2270 427 2432 481 totus
2480 425 2772 495 temporis

335 509 572 554 cursus,
604 494 962 552 Substantiae
991 498 1191 551 autem
1221 493 1659 550 intellectuales
1688 499 1744 549 et
1784 493 2171 564 incorporeae‚
2225 493 2380 550 inter
2425 507 2578 565 quas
2631 500 2770 551 sunt

336 566 553 624 animae
584 571 891 636 separatae,
923 564 1218 622 excedunt
1246 569 1434 621 totum
1466 564 1739 620 ordinem
1786 564 2089 634 corporis;
2136 563 2297 621 unde
2342 577 2464 621 non
2516 570 2770 635 possunt

336 650 474 694 esse
505 635 788 706 subjectae
818 634 1167 693 coelestibus
1199 634 1486 692 motibus.
1516 634 1894 705 Impossibile
1926 640 2019 691 est
2045 634 2230 706 igitur
2256 635 2415 706 quod
2437 635 2764 693 secundum

335 707 571 765 diversa
593 712 706 763 tem
716 720 858 777 pora
883 705 1234 763 naturaliter
1253 706 1538 762 uniantur
1563 704 1920 778 quandoque
1940 711 1999 761 et
2017 712 2370 775 separentur
2387 706 2760 779 quandoque,

335 777 429 835 vel
463 778 814 835 naturaliter
841 790 1003 833 nunc
1031 776 1146 833 boc
1174 788 1334 833 nunc
1365 776 1511 832 illud
1538 781 1835 846 appetant.

408 849 466 904 Si
499 853 693 904 autem
729 847 961 904 dicatur
986 846 1147 919 quod
1175 859 1369 919 neque
1398 860 1504 918 per
1527 847 1871 904 violentiam
1900 859 2095 918 neque
2122 861 2231 918 per
2262 853 2535 904 naturam
2558 860 2631 904 co

334 918 505 977 ribus
534 921 842 985 uniuntur,
876 917 982 974 sed
1013 922 1348 989 spontanea
1376 917 1702 982 voluntale,
1744 917 1861 975 hoc
1914 930 2049 975 esse
2110 930 2238 974 non
2289 922 2506 989 potest.
2556 917 2669 973 an
2698 931 2767 976 us

338 990 499 1048 enim
518 989 642 1045 vult
670 989 731 1045 in
758 993 979 1046 statum
1012 987 1275 1059 pejorem
1297 988 1500 1044 venire
1525 987 1645 1045 nisi
1672 987 1976 1058 deceptus.
2007 987 2221 1045 Anima
2244 993 2443 1044 autem
2489 994 2771 1058 separata

335 1066 427 1118 est
454 1059 687 1116 altioris
714 1064 907 1116 status
933 1072 1113 1130 quam
1139 1058 1375 1130 corpori
1408 1059 1598 1126 unita,
1625 1063 1685 1114 et
1704 1058 1880 1129 praeci
1928 1072 2000 1116 ue
2032 1058 2361 1116 secundum
2402 1059 2770 1129 platonicos,

337 1129 441 1203 qui
469 1128 677 1187 dicunt
705 1129 864 1201 quod
899 1144 968 1185 ex
997 1128 1220 1187 unione
1254 1129 1525 1209 corporis
1554 1129 1778 1199 patitur
1805 1073 2170 1186 obssvionem
2200 1142 2407 1186 eorum
2432 1142 2564 1200 quae
2599 1128 2771 1199 prius

337 1200 534 1268 scivit,
566 1205 624 1257 et
652 1199 984 1256 retardatur
1010 1212 1048 1257 a
1073 1199 1576 1270 contemplatione
1618 1213 1781 1279 purae
1826 1200 2114 1257 veritatis.
2156 1202 2287 1256 Non
2329 1199 2514 1271 igitur
2558 1199 2771 1257 volens

337 1271 574 1351 corpori
607 1272 810 1328 unitur
838 1269 956 1327 nisi
988 1270 1253 1340 decepta.
1287 1272 1668 1341 Deceptionis
1699 1275 1896 1327 autem
1921 1270 2089 1327 nulla
2116 1283 2299 1327 causa
2341 1270 2401 1325 in
2456 1282 2527 1326 ea
2572 1273 2772 1341 potest

336 1346 646 1407 exsistere,
677 1354 864 1413 quum
893 1346 1150 1420 ponatur
1171 1340 1501 1398 secundum
1533 1354 1640 1397 eos
1670 1340 1983 1398 scientiam
2022 1340 2291 1397 omnium
2350 1339 2589 1397 babere.
2648 1342 2772 1397 Nec

334 1417 544 1485 posset
567 1411 682 1468 dici
715 1410 873 1482 quod
893 1412 1186 1480 judicium
1215 1426 1288 1467 ex
1329 1410 1655 1468 universali
1702 1423 1888 1468 causa
1928 1411 2258 1493 procedens
2304 1410 2365 1466 in
2421 1410 2772 1480 particulari

337 1474 589 1555 eligibili
620 1481 996 1540 subvertatur
1019 1487 1262 1560 propter
1287 1482 1628 1551 passiones,
1648 1482 1806 1539 sicut
1824 1480 2568 1539 acciditincontinentibus
2588 1497 2604 1549 ;
2627 1481 2775 1552 quia

337 1552 658 1625 passiones
687 1550 1031 1623 hujusmodl
1063 1564 1186 1608 non
1215 1557 1359 1609 sunt
1394 1552 1623 1624 absque
1666 1553 1961 1623 corporali
2008 1551 2542 1632 transmutatione3
2606 1551 2773 1609 unde

335 1637 462 1681 non
493 1627 746 1692 possunt
775 1635 912 1679 esse
941 1623 1004 1678 in
1033 1622 1234 1679 anima
1265 1628 1560 1691 separata.
1586 1622 1961 1693 Relinquitur
2006 1623 2190 1694 igitur
2232 1621 2393 1694 quod
2439 1632 2663 1691 amma,
2714 1622 2772 1680 si

336 1693 555 1752 fuisset
582 1697 718 1749 ante
746 1705 986 1763 corpus,
1005 1705 1128 1749 non
1159 1692 1428 1749 uniretur
1452 1693 1690 1763 corpori
1717 1692 1957 1764 propria
1982 1693 2307 1750 voluntate.

408 1765 695 1830 Praeterea,
727 1764 927 1820 omnis
951 1760 1200 1820 effectus
1228 1763 1561 1833 procedens
1586 1778 1660 1819 ex
1688 1776 1988 1822 concursu
2022 1764 2275 1822 duarum
2292 1762 2669 1820 voluntatum
2693 1762 2773 1822 ad

338 1834 594 1895 invicem
628 1846 749 1890 non
779 1833 1187 1890 ordinatarum
1218 1838 1306 1890 est
1339 1832 1588 1890 effectus
1618 1834 1913 1902 casualis3
1944 1834 2103 1892 sicut
2128 1840 2288 1905 patet
2315 1847 2497 1906 quum
2521 1832 2775 1906 aliquis,

337 1903 658 1965 intendens
689 1917 906 1971 emere,
938 1903 1139 1961 obviat
1165 1904 1228 1960 in
1253 1904 1385 1961 foro
1408 1904 1689 1962 creditori
1714 1905 1857 1961 illuc
1885 1917 2007 1963 non
2038 1919 2111 1962 ex
2153 1904 2434 1962 condicto
2481 1904 2777 1962 venienti.

334 1972 628 2035 Voluntas
662 1980 862 2031 autem
889 1974 1078 2043 patris
1107 1975 1473 2045 generantiS‚
1504 1989 1579 2031 ex
1604 1988 1725 2046 qua
1767 1975 2063 2046 dependet
2104 1976 2414 2046 generatio
2472 1987 2545 2031 co
2662 1975 2773 2045 ris,

336 2058 462 2103 non
487 2044 667 2101 habet
694 2044 966 2102 ordinem
986 2057 1122 2102 cum
1156 2045 1459 2102 voluntate
1488 2045 1704 2102 animae
1734 2051 2021 2126 separatae
2070 2046 2227 2102 uniri
2260 2045 2537 2104 volentis.
2627 2058 2771 2103 uum

336 2116 525 2187 igitur
553 2115 779 2187 absque
806 2120 1058 2187 utraque
1080 2115 1384 2173 voluntate
1406 2116 1552 2173 unio
1576 2128 1848 2186 corporis
1876 2120 1935 2173 et
1961 2116 2179 2173 animae
2207 2115 2334 2174 fieri
2378 2127 2503 2173 non
2548 2116 2770 2186 possit,

339 2200 405 2245 se
453 2185 612 2242 uitur
640 2184 799 2257 quod
831 2185 911 2242 sit
937 2185 1231 2254 casualis3
1263 2191 1321 2241 et
1353 2186 1436 2242 ita
1471 2186 1780 2258 generatio
1822 2185 2089 2244 hominis
2136 2200 2255 2244 non
2303 2192 2394 2244 est
2445 2200 2483 2243 a
2532 2192 2771 2255 natura,

338 2202 511 2334 sega
540 2269 716 2323 casu3
746 2256 906 2328 quod
934 2260 1096 2336 patet
1123 2269 1259 2314 esse
1287 2255 1528 2324 falsum,
1560 2269 1745 2329 quum
1775 2256 1855 2314 sit
1882 2257 2034 2313 utin
2064 2257 2357 2327 pluribus.

409 2330 470 2383 Sl
501 2332 696 2383 autem
730 2338 942 2383 rursus
968 2326 1201 2384 dicatur
1220 2326 1382 2399 quod
1411 2340 1522 2384 nec
1562 2342 1634 2384 ex
1660 2332 1877 2384 natura
1901 2340 2014 2384 nec
2054 2342 2127 2384 ex
2174 2327 2416 2399 propria
2458 2328 2771 2385 voluntate

336 2399 540 2457 anima
566 2396 800 2466 corpori
835 2396 1058 2466 unitur,
1083 2396 1188 2455 sed
1219 2411 1288 2454 ex
1319 2397 1523 2454 divina
1550 2396 1948 2466 ordinatione,
1979 2397 2094 2456 hoc
2141 2399 2319 2456 etiam
2369 2411 2490 2455 non
2532 2398 2775 2455 videtur

335 2467 726 2537 conveniens,
756 2468 807 2526 si
840 2467 1056 2526 animae
1081 2474 1222 2526 ante
1239 2481 1493 2539 corpora
1521 2469 1764 2527 fuerunt
1803 2473 2036 2527 creatae.
2082 2469 2557 2542 Unumquodque
2603 2469 2773 2528 enim

336 2541 497 2597 Deus
526 2539 787 2596 instituit
814 2539 1144 2597 secundum
1165 2540 1621 2597 convenientem
1652 2539 1895 2597 modum
1926 2553 2055 2597 suae
2078 2547 2337 2609 naturae3
2386 2541 2545 2598 unde
2593 2545 2654 2597 et
2696 2541 2777 2598 de

336 2609 599 2681 singulis
629 2608 845 2667 creatis
871 2609 1091 2668 dicitur
1117 2628 1134 2667 t
1169 2610 1326 2666 Vidit
1350 2613 1493 2667 Deus
1521 2610 1669 2680 quod
1711 2615 1845 2666 esset
1874 2609 2069 2666 bovium
2096 2611 2285 2681 (Gen.,
2314 2625 2354 2680 1,
2385 2615 2452 2668 10
2488 2615 2548 2668 et
2589 2611 2775 2683 seq.),

336 2685 395 2738 et
425 2682 604 2738 simul
626 2679 700 2760 de
722 2679 1006 2739 omnihus
1037 2699 1051 2737 ε
1088 2681 1349 2751 viditque
1373 2685 1567 2737 cuncta
1734 2683 1957 2749 fecerat.
1989 2686 2217 2737 derant
2234 2682 2395 2738 valde
2413 2680 2769 2753 bona(1bid.,

334 2751 450 2822 31).
482 2752 542 2808 Si
574 2751 758 2822 igitur
783 2751 1020 2809 animas
1047 2752 1268 2809 creavit
1296 2766 1332 2808 a
1360 2753 1595 2823 corpori
1645 2765 1714 2809 us
1743 2757 2076 2822 separatas,
2105 2758 2339 2824 oportet
2377 2752 2576 2810 dicere
2648 2752 2771 2810 uod

333 2820 433 2879 hic
461 2821 679 2879 modus
704 2821 946 2880 essendi
971 2822 1050 2878 sit
1078 2821 1530 2880 convenientior
1556 2828 1782 2880 naturae
1804 2836 2031 2880 earum.
2060 2825 2189 2880 Non
2218 2829 2311 2881 est
2338 2830 2536 2881 autem
2566 2836 2601 2879 a
2670 2835 2768 2879 or-

335 2890 705 2949 dinationem
731 2892 948 2949 divinae
975 2892 1262 2950 bonitatis
1290 2893 1597 2962 pertinens
1626 2906 1723 2949 res
1751 2892 1823 2949 ad
1851 2892 2197 2950 inferiorem
2217 2899 2437 2951 statum
2459 2892 2767 2962 reducere,

333 2961 446 3020 sed
471 2963 666 3040 magis
695 2962 770 3020 ad
798 2962 1108 3041 meliorem
1135 2976 1504 3033 promovere.
1531 2966 1661 3020 Non
1690 2963 1877 3034 igitur
1899 2976 1973 3020 ex
1999 2962 2204 3021 divina
2246 2964 2624 3023 ordinatione
2652 2963 2779 3021 sac·

331 3034 461 3092 tum
480 3031 699 3088 fuisset
721 3031 883 3102 quod
907 3045 1110 3089 anima
1129 3032 1363 3103 corpori
1397 3035 1689 3090 uniretur.

404 3104 691 3169 Praeterea,
720 3114 843 3158 non
873 3102 1125 3172 pertinet
1160 3102 1236 3160 ad
1281 3102 1553 3161 ordinem
1591 3103 1806 3161 divinae
1853 3104 2184 3175 sapientiae,
2219 3117 2354 3162 cum
2385 3104 2768 3175 superiorum

335 3170 713 3240 detrimento,
743 3185 815 3229 ea
849 3186 984 3243 quae
1011 3178 1154 3231 sunt
1179 3171 1390 3231 infima
1410 3174 1746 3233 nobilitare.
1778 3175 1990 3231 infima
2015 3181 2212 3232 autem
2244 3176 2309 3232 in
2335 3189 2532 3232 rerum
2552 3175 2769 3233 ordine

332 3247 480 3302 sunt
502 3255 756 3322 corpora
781 3243 1151 3314 generabilia
1171 3250 1231 3301 et
1254 3245 1685 3315 corruptibilia.
1721 3248 1853 3302 Non
1900 3246 2084 3317 igitur
2129 3246 2344 3304 suisset
2396 3246 2769 3303 conveniens

336 3312 533 3371 ordini
564 3313 782 3370 divinae
807 3314 1140 3383 sapientiae,
1171 3313 1248 3371 ad
1275 3314 1715 3373 nobilitandum
1738 3315 2003 3373 humana
2021 3327 2293 3387 corpora,
2337 3318 2574 3374 animas
2615 3329 2768 3386 prae—

331 3383 674 3510 e{iStettlit'e{i
687 3383 777 3441 eis
807 3385 998 3510 zuzim,
1024 3397 1210 3457 quum
1238 3385 1355 3443 hoc
1375 3386 1512 3443 sine
1543 3386 1902 3444 detrimento
1923 3399 2129 3445 earum
2175 3399 2311 3445 esse
2370 3399 2492 3444 non
2547 3386 2769 3459 possit,

332 3466 375 3511 u
434 3467 505 3511 ex
575 3470 628 3510 ic
680 3467 805 3525 spa
832 3468 864 3510 e
893 3496 909 3512 .

403 3526 527 3582 Hoc
551 3531 750 3582 autem
783 3524 1073 3597 origenes
1111 3525 1527 3595 considerans,
1576 3540 1762 3599 quum
1806 3534 2055 3599 poneret
2096 3528 2332 3586 animas
2377 3527 2679 3587 humanas
2729 3541 2770 3589 a

328 3594 627 3675 principio
657 3595 848 3654 fuisse
865 3601 1132 3675 ‚creatam
1159 3596 1310 3654 dixit
1337 3597 1496 3669 quod
1526 3597 1906 3656 ordinatione
1929 3599 2135 3657 divina
2160 3598 2377 3656 animoe
2405 3598 2768 3670 corporibus

327 3671 699 3746 sunt-unitae,
730 3666 833 3723 sed
861 3679 923 3722 in
952 3681 1155 3725 earum
1186 3681 1454 3738 poenam;
1494 3681 1634 3724 nam
1664 3674 1803 3725 ante
1830 3682 2085 3740 corpora
2113 3681 2219 3728 eas
2249 3681 2532 3740 peccasse
2558 3669 2765 3727 existi-

328 3741 535 3805 mavit,
563 3740 623 3793 et
648 3749 755 3807 pro
779 3737 1108 3808 quantitate
1139 3738 1363 3809 peccati
1393 3738 1749 3809 corporibus
1776 3739 2179 3797 nobilioribus
2204 3739 2298 3796 vel
2322 3739 2527 3798 minus
2551 3739 2775 3798 nobili·

326 3801 445 3863 bus
474 3819 578 3865 eas
605 3807 805 3864 unitas
838 3820 996 3870 esse.
1024 3809 1198 3880 quasi
1227 3808 1589 3881 quibusdam
1608 3809 1951 3868 carceribus
1979 3810 2271 3869 inclusas.

401 3875 513 3932 Sed
543 3876 668 3934 haec
697 3877 922 3957 positio
945 3885 1103 3936 stare
1135 3890 1256 3936 non
1286 3884 1502 3949 potest.

403 3946 772 4027 Iffoena‘emm
803 3948 964 4006 bono
990 3953 1218 4007 naturae
1247 3950 1615 4017 adversatur,
1645 3955 1703 4008 et
1731 3965 1806 4008 ex
1834 3951 1951 4009 hoc
1991 3949 2210 4009 dicitur
2234 3950 2414 4008 mala.
2468 3950 2533 4008 Si
2579 3950 2774 4023 igitur

324 4026 474 4075 nmo
507 4029 722 4075 animae
751 4023 906 4077 etco
979 4020 1104 4077 oris
1127 4026 1221 4077 est
1251 4019 1550 4089 quoddam
1589 4022 1847 4091 poenale,
1892 4034 2017 4078 non
2068 4028 2162 4079 est
2214 4020 2438 4078 bonum
2490 4026 2768 4090 naturam

318 4084 486 4165 ,quod
518 4089 1039 4159 estimpossib1e;
1067 4097 1164 4148 est
1186 4092 1348 4147 enim
1376 4090 1672 4148 intentum
1702 4105 1809 4162 per
1830 4097 2128 4160 naturam,
2160 4105 2298 4148 nam
2328 4092 2399 4148 ad
2448 4092 2564 4149 hoc
2594 4096 2773 4149 natu·

321 4155 474 4215 ralis
543 4159 809 4216 eneratio
841 4160 1212 4219 terminatur.
1255 4162 1324 4217 Et
1345 4161 1561 4218 iterum
1583 4167 1938 4234 sequeretur
1953 4162 2113 4234 quod
2140 4175 2277 4220 esse
2300 4162 2608 4219 bominem
2636 4174 2764 4218 non

325 4230 489 4307 esset
555 4240 737 4285 onum
768 4230 1096 4289 secundum
1127 4235 1421 4301 naturam,
1493 4246 1633 4288 uum
1663 4240 1861 4290 tamen
1889 4232 2122 4290 dicatur
2147 4238 2286 4304 post
2300 4232 2569 4290 hominis
2592 4246 2765 4290 crea-

321 4296 550 4355 tionem
582 4316 596 4354 ε
635 4299 890 4368 Viditque
914 4304 1058 4359 Deus
1084 4306 1279 4358 cuncta
1306 4317 1425 4372 (με
1481 4307 1678 4370 ecerat,
1708 4308 1759 4358 et
1785 4308 1943 4358 erant
1968 4304 2130 4359 valde
2171 4304 2310 4359 bona
2338 4304 2527 4374 (Gen.,
2557 4317 2600 4370 1,
2642 4301 2763 4373 3¹).

393 4369 677 4432 Praeterea,
710 4382 784 4426 ex
816 4371 973 4429 malo
1011 4385 1135 4429 non
1163 4373 1436 4443 provenit
1460 4374 1688 4432 bonum
1742 4373 1864 4431 nisi
1910 4388 2017 4446 per
2069 4374 2369 4435 accidens,
2424 4373 2487 4432 Si
2548 4373 2763 4446 igitur,
