3076 5025
1077 267 1214 326 us.
1251 267 1324 329 n,
1363 266 1515 327 car.
1550 268 1760 328 xtvn.
1789 236 1939 253 ’Μ’
2524 270 2625 331 16¹

201 392 316 451 hoc
337 391 526 463 igitur
552 391 712 465 quod
743 388 1077 450 similitudo
1104 389 1208 449 Dei
1230 391 1488 462 perfecte
1515 396 1681 450 esset
1707 392 1772 449 in
1795 390 1977 451 rebus
2004 389 2202 450 modis
2230 389 2629 463 possibilibus

199 463 458 534 oportuit
508 462 672 534 quod
699 462 901 521 divina
942 460 1181 520 bonitas
1211 462 1390 520 rebus
1421 475 1527 534 per
1566 462 2023 523 similitudinem
2063 463 2629 534 communicaretur,

197 546 320 591 non
377 533 578 590 solum
610 534 672 607 in
701 531 981 600 essendo,
1010 530 1117 590 sed
1164 532 1342 589 etiam
1387 532 1451 588 in
1499 533 1950 605 cognoscendo.
1999 534 2374 605 Cognoscere
2427 538 2630 593 autem

198 603 469 731 {lixiffilamt
490 603 815 730 bonitatem
841 603 1016 661 solus
1043 602 1382 661 intellectus
1402 607 1620 674 potest.
1648 603 1923 675 oportuit
1950 603 2134 676 igitur
2157 617 2292 663 esse
2320 610 2628 663 creaturas

222 688 262 732 n
292 689 324 731 e
374 689 443 731 ec
474 689 548 731 ua
573 687 662 732 es.

265 745 487 813 Adhuc,
519 744 581 801 in
610 744 893 803 omnibus
922 742 1202 803 decenter
1227 743 1544 814 ordinatiS,
1564 742 1853 803 habitudo
1878 743 2277 804 secundorum
2309 746 2382 804 ad
2413 745 2630 806 ultima

196 814 471 873 imitatur
495 814 903 872 habitudinem
935 814 1109 887 primi
1141 814 1212 873 ad
1232 816 1436 873 omnia
1464 813 1732 874 secunda
1760 820 1818 873 et
1837 813 2065 883 ultima,
2098 815 2238 873 licet
2265 817 2630 891 quandoque

195 884 570 944 deficienter.
603 886 924 944 ostensum
975 891 1069 944 est
1124 890 1322 943 autem
1350 885 1412 959 (Ι.
1443 900 1489 954 1,
1517 901 1571 943 c.
1599 889 1691 953 25,
1723 889 1783 943 31
1824 890 1882 943 et
1913 885 2003 957 54)
2048 886 2209 960 quod
2254 887 2409 945 Deus
2457 889 2520 944 in
2561 901 2631 947 se

195 968 414 1014 omnes
463 961 768 1014 creaturas
823 955 1293 1027 comprehendit,
1323 962 1382 1012 et
1424 956 1542 1014 hoc
1596 962 2055 1027 repraesentatur
2099 955 2162 1013 in
2217 958 2627 1029 corporalibus

195 1027 516 1095 creaturiS,
547 1026 686 1084 licet
712 1040 817 1098 per
834 1026 1019 1084 alium
1042 1026 1282 1084 modum
1308 1044 1323 1095 ;
1351 1039 1589 1098 semper
1608 1026 1770 1084 enim
1790 1026 2090 1084 invenitur
2107 1026 2386 1098 superius
2409 1041 2633 1100 corpus

193 1096 717 1167 comprehendens
769 1102 827 1155 et
879 1097 1198 1155 continens
1254 1096 1532 1165 inferius,
1580 1103 1780 1154 tamen
1831 1097 2161 1155 secundum
2218 1098 2633 1157 extensionem

192 1167 579 1241 quantitatis,
609 1180 792 1240 quum
825 1169 984 1226 Deus
1023 1180 1235 1227 omnes
1258 1173 1566 1227 creaturas
1616 1167 1732 1226 sim
1778 1166 1876 1226 lici
1924 1166 2126 1235 modo,
2155 1171 2215 1223 et
2237 1178 2359 1224 non
2393 1169 2632 1239 quanti-

189 1238 343 1296 tatis
367 1237 744 1306 extensione,
773 1238 1096 1296 contineat.
1127 1239 1200 1295 Ut
1245 1237 1446 1309 igitur,
1473 1251 1583 1295 nec
1613 1238 1679 1295 in
1775 1250 1847 1296 oc
1897 1238 2079 1295 modo
2125 1236 2633 1307 continendi,'‘ci

191 1305 459 1366 imitatio
491 1308 784 1367 creaturis
812 1307 1070 1377 deesset,
1104 1306 1274 1366 sactae
1301 1314 1445 1366 sunt
1469 1314 1758 1367 creaturae
1786 1307 2223 1366 intellectuales
2253 1321 2386 1380 quae
2407 1316 2635 1367 eret-tu·

192 1392 304 1435 ras
352 1379 702 1450 corporales
746 1379 1145 1448 continerent,
1171 1390 1293 1435 non
1331 1378 1673 1437 extentione
1719 1379 2089 1450 quantitatis,
2131 1377 2235 1436 sed
2280 1378 2635 1449 simpliciter

194 1462 311 1520 per
352 1449 600 1507 modum
648 1448 1121 1521 intelligibilem3
1152 1461 1287 1507 nam
1336 1449 1498 1521 quod
1549 1448 1739 1507 intelli
1785 1449 1905 1506 itur
1931 1454 2026 1508 est
2057 1450 2120 1506 in
2150 1448 2542 1519 intelligente,
2569 1451 2633 1507 et

199 1518 342 1592 ejus
372 1519 764 1579 intellectuali
790 1521 1139 1593 operatione
1170 1519 1715 1591 comprehenditur.
1766 1521 1791 1579 1
1815 1523 1991 1592 part„
2019 1533 2078 1593 q.
2105 1530 2195 1586 lv.
2218 1525 2329 1578 art.
2361 1517 2441 1592 1.)

1149 1737 1402 1804 CAPUT
1455 1737 1694 1805 XLVII.

594 1920 748 1976 QUOD
784 1918 1158 1969 substramus
1201 1920 1706 1972 mnuzcwms
1740 1918 1891 1970 sum·
1924 1914 2243 1971 VOLENTE&

270 2086 396 2143 Has
423 2089 624 2143 autem
669 2083 1039 2144 substantias
1091 2084 1528 2143 intellectuales
1569 2097 1818 2145 necesse
1845 2089 2102 2145 estesse
2140 2086 2435 2147 volentes.
2468 2088 2636 2148 inest

201 2156 367 2215 enim
404 2154 691 2213 omnibus
741 2155 1039 2227 appetitus
1081 2155 1248 2224 boni,
1277 2169 1410 2213 cum
1438 2155 1663 2214 bonum
1694 2156 1772 2213 sit
1800 2155 1962 2228 quod
1999 2155 2206 2215 omnia
2231 2163 2534 2230 appetunt,
2564 2162 2635 2216 ut

201 2224 557 2299 philosophi
612 2224 849 2283 tradunt
879 2226 1110 2298 (ethim,
1139 2239 1182 2296 1,
1213 2240 1268 2283 c.
1300 2224 1373 2296 l).
1408 2225 1759 2297 Huiusmodi
1813 2233 2010 2285 autem
2062 2228 2381 2299 appetitus,
2423 2228 2486 2287 in
2534 2228 2636 2288 his

201 2296 447 2370 quidem
476 2309 610 2377 quoe
638 2297 983 2366 cognitione
1021 2301 1245 2365 carent,
1275 2295 1492 2353 dicitur
1533 2295 1825 2354 naturalis
1851 2297 2169 2368 appetitus,
2213 2298 2373 2356 sicut
2411 2297 2635 2357 dicitur

201 2367 370 2448 quod
400 2367 555 2437 lapis
581 2367 802 2437 appetit
828 2380 964 2425 esse
987 2366 1304 2434 deorsum3
1361 2366 1424 2422 in
1455 2365 1552 2425 his
1604 2371 1801 2423 autem
1830 2381 1963 2446 quae
1989 2369 2397 2440 cognitionem
2435 2368 2632 2426 sensi·

202 2444 391 2496 uvam
422 2437 664 2506 habent,
684 2437 901 2495 dicitur
919 2437 1213 2508 appetitus
1236 2436 1536 2505 animalis,
1558 2438 1658 2509 qui
1689 2436 1973 2494 dividitur
1990 2437 2051 2493 in
2075 2437 2630 2508 concupiscibilem,

203 2515 260 2567 et
283 2508 654 2567 irascibilem
679 2525 695 2576 3
726 2507 788 2564 in
801 2507 899 2588 his
912 2521 1049 2565 vero
1068 2521 1199 2580 quae
1217 2505 1830 2588 intelligunt‚·dicitur
1855 2507 2152 2588 appetitus
2182 2507 2629 2578 intellectualiS,

203 2593 326 2709 1818th
345 2579 704 2706 rationlalis12²
714 2593 815 2651 qui
846 2584 938 2637 est
976 2580 1278 2636 voluntas·
1304 2577 1662 2637 substantiae
1708 2578 1892 2650 igitur
1935 2578 2374 2638 intellectuales
2414 2584 2630 2640 creatae

244 2665 284 2708 a
330 2655 436 2707 ent
463 2662 534 2707 vo
564 2663 641 2707 un
711 2658 845 2706 tem.

269 2721 500 2782 Adhuc,
531 2720 692 2791 quod
721 2724 814 2778 est
852 2732 958 2790 per
984 2716 1171 2798 aliud,
1192 2717 1494 2775 reducitur
1518 2718 1584 2799 in
1611 2716 1672 2776 id
1701 2717 1862 2791 quod
1889 2723 1983 2777 est
2023 2731 2129 2791 per
2155 2732 2223 2778 se
2248 2724 2533 2792 tanquam
2561 2721 2627 2780 in

203 2791 402 2873 prius.
425 2789 592 2847 Unde
622 2795 679 2847 et
705 2788 1036 2848 secundum
1067 2787 1494 2858 Philosophum
1523 2802 1587 2846 in
1613 2793 1823 2847 octavo
1845 2790 2014 2858 Phys.
2045 2788 2207 2861 (text.
2238 2803 2455 2849 comm.
2485 2794 2552 2851 33
2575 2796 2637 2849 et

206 2860 418 2932 infra),
449 2866 614 2917 mota
640 2859 714 2917 ab
743 2859 861 2917 alio
890 2859 1256 2917 reducuntur
1282 2859 1344 2915 in
1367 2859 1558 2929 prima
1584 2858 1886 2939 moventia
1913 2858 2134 2930 scipsa.
2161 2861 2228 2917 In
2257 2859 2633 2941 syllogismis

208 2932 395 2990 etiam
445 2930 893 2999 conclusioneS,
918 2943 1052 3002 quae
1080 2935 1223 2987 sunt
1251 2934 1406 2986 notae
1434 2943 1509 2986 ex
1557 2928 1717 2998 alim,
1746 2929 2113 2987 reducuntur
2142 2929 2206 2988 in
2234 2944 2425 3002 prima
2471 2932 2632 3004 prin·

210 3002 393 3073 cipia‚
423 3015 558 3073 quae
586 3007 725 3059 sunt
756 3005 896 3058 nota
916 3013 1021 3071 per
1066 2999 1286 3080 scipsa.
1307 3000 1698 3057 Inveniuntur
1720 3004 1918 3058 autem
1940 2999 2001 3057 in
2029 3000 2385 3060 substantiis
2413 3002 2631 3064 creatis

213 3073 489 3145 quaedam
517 3084 651 3144 quae
699 3083 820 3129 non
855 3076 1040 3143 agunt
1088 3082 1289 3141 seipsa
1317 3069 1391 3127 ad
1428 3070 1818 3141 operandum,
1847 3069 1954 3130 sed
2005 3077 2264 3143 aguntur
2301 3072 2358 3130 vi
2384 3079 2636 3142 naturae,

215 3144 376 3201 sicut
403 3141 753 3210 inanimata,
784 3141 1021 3212 plantae,
1047 3145 1104 3198 et
1133 3140 1417 3198 animalia
1445 3139 1639 3198 bruta.
1671 3143 1800 3198 Non
1837 3142 1999 3198 enim
2028 3147 2119 3199 est
2147 3143 2206 3200 in
2232 3142 2322 3200 eis
2347 3157 2545 3215 agere,
2575 3148 2637 3201 et

214 3227 338 3272 non
371 3227 572 3285 agere.
604 3213 846 3284 Oportet
888 3210 1253 3291 igitur-quod
1301 3209 1406 3267 fiat
1428 3211 1697 3291 reductio
1740 3211 1816 3269 ad
1839 3211 1960 3271 alia
2004 3213 2214 3294 prima,
2240 3226 2374 3287 quae
2434 3214 2636 3285 seipsa

213 3290 400 3357 agant
446 3283 520 3340 ad
573 3282 961 3354 operandum.
997 3284 1192 3339 Prima
1246 3287 1443 3340 autem
1495 3295 1561 3339 in
1615 3281 1795 3340 rebus
1837 3287 2054 3342 creatis
2095 3288 2238 3343 sunt
2282 3282 2635 3345 substantiae

215 3353 676 3423 intellectuales,
708 3358 772 3410 ut
814 3365 997 3423 supra
1025 3350 1101 3423 (c.
1128 3351 1221 3423 46)
1268 3358 1579 3410 ostensum
1632 3356 1746 3410 est.
1786 3352 1889 3411 11ae
1941 3354 2126 3426 igitur
2168 3353 2521 3412 substantiae
2564 3366 2634 3414 se

215 3430 419 3498 agunt⁴
448 3424 522 3482 ad
570 3423 957 3494 operandum.
983 3423 1106 3479 Hoc
1157 3425 1355 3480 autern
1420 3427 1511 3481 est
1555 3422 1862 3495 proprium
1934 3424 2279 3491 voluntatis,
2309 3437 2414 3495 per
2452 3436 2635 3497 quam

219 3494 561 3553 substantia
588 3493 664 3551 ali
714 3508 791 3550 ua
816 3499 908 3551 est
944 3492 1187 3550 domina
1215 3493 1309 3551 sui
1341 3498 1531 3561 actus,
1564 3498 1764 3564 utpote
1794 3493 1856 3550 in
1904 3493 2037 3564 ipsa
2063 3494 2329 3552 existens
2358 3508 2536 3568 agere
2566 3498 2635 3555 et

218 3578 338 3623 non
372 3579 573 3636 agere.
606 3565 683 3620 Su
730 3563 963 3621 stantiae
993 3563 1175 3635 igitur
1201 3570 1412 3620 creatae
1443 3564 1667 3620 habent
1688 3562 2074 3622 voluntatem.

285 3637 564 3706 Amplius,
595 3634 952 3705 principium
981 3632 1300 3704 cuiuslibet
1330 3634 1695 3704 operationis
1724 3639 1818 3690 est
1844 3635 2037 3691 forma
2063 3647 2168 3706 per
2204 3647 2384 3707 quam
2411 3632 2641 3708 aliquid

215 3710 309 3763 est
333 3713 493 3773 actu,
534 3718 669 3762 cum
700 3715 877 3762 omne
905 3717 1089 3776 agens
1117 3708 1256 3784 agat
1281 3703 1341 3760 in
1417 3710 1659 3761 uantum
1691 3710 1783 3761 est
1813 3709 1969 3762 actu.
1999 3705 2239 3776 Oportet
2268 3705 2451 3776 igitur
2476 3704 2639 3778 quod
2692 3769 2698 3774 ,

218 3776 550 3834 secundum
593 3774 834 3832 modum
883 3773 1089 3831 formae
1136 3778 1215 3830 sit
1262 3787 1362 3831 mo
1406 3788 1478 3832 us
1506 3774 1876 3845 operationis
1905 3775 2333 3847 consequentis
2361 3775 2635 3834 formam.

220 3848 434 3905 Forma
484 3845 668 3917 igitur
714 3858 845 3917 quae
884 3856 1009 3901 non
1055 3848 1146 3901 est
1189 3842 1263 3901 ab
1307 3844 1441 3914 ipso
1469 3849 1684 3925 agente
1712 3857 1818 3917 per
1860 3843 2134 3907 formam,
2175 3849 2381 3903 causat
2429 3858 2639 3916 opera-

218 3915 442 3976 tionem
476 3915 649 3988 cujus
674 3929 860 3987 agens
889 3926 1010 3971 non
1039 3919 1132 3971 est
1161 3912 1461 3972 dominus,
1485 3917 1545 3972 Sl
1576 3927 1862 3996 quavero
1888 3915 2064 3974 fuerit
2087 3916 2279 3974 forma
2347 3929 2437 3974 uae
2465 3915 2546 3973 sit
2564 3916 2638 3976 ab

215 4000 291 4044 eo
339 4001 476 4060 quae
517 4000 623 4058 per
661 3985 854 4058 ipsam
897 3990 1194 4055 operatur,
1226 3985 1594 4054 operationis
1640 3990 1814 4042 etiam
1854 3986 2278 4058 consequentis
2347 3986 2640 4047 ominium

222 4057 488 4116 habebit.
530 4058 755 4113 Formae
799 4061 996 4114 autem
1027 4054 1350 4123 naturale8‚
1378 4069 1448 4112 ex
1478 4055 1698 4128 quibus
1742 4063 2074 4127 sequuntur
2099 4060 2298 4114 molus
2326 4062 2384 4114 et
2433 4071 2641 4128 opera·

219 4126 415 4187 tiones
449 4129 773 4193 naturalem,
800 4139 921 4184 non
945 4130 1086 4183 sunt
1113 4124 1186 4183 ab
1210 4125 1306 4181 his
1335 4138 1589 4197 quorum
1611 4130 1752 4183 sunt
1775 4126 2003 4194 formae,
2019 4127 2125 4185 sed
2146 4127 2222 4185 ab
2246 4128 2640 4188 exterioribus

213 4199 541 4269 agentibus
570 4197 849 4263 totaliter,
881 4209 1017 4254 cum
1048 4208 1152 4266 per
1193 4194 1445 4252 formam
1477 4196 1807 4254 naturalem
1854 4198 2321 4270 unumquodque
2350 4212 2485 4258 esse
2535 4200 2638 4257 ha·

223 4267 357 4326 beat
398 4270 461 4325 in
495 4281 605 4326 sua
636 4272 867 4324 natura.
897 4265 1055 4324 Nihil
1084 4270 1278 4323 autem
1312 4272 1509 4337 potest
1536 4280 1671 4325 esse
1715 4265 1832 4324 sibi
1879 4280 2063 4324 causa
2089 4268 2327 4326 essendi
2355 4287 2371 4339 ;
2419 4273 2479 4328 et
2504 4268 2641 4326 ideo

219 4353 353 4411 quae
401 4342 718 4396 moventur
765 4336 1134 4404 naturaliter,
1163 4348 1285 4392 non
1328 4341 1570 4395 movent
1613 4336 1835 4408 seipsa.
1865 4337 1998 4395 Non
2025 4338 2185 4396 enim
2232 4353 2410 4413 grave
2445 4342 2642 4396 movet

216 4409 495 4481 seipsum
545 4407 851 4479 deorsum,
880 4405 989 4466 sed
1025 4418 1321 4480 generans
1348 4405 1510 4480 quod
1535 4405 1700 4465 dedit
1742 4405 1798 4464 ei
1848 4407 2121 4468 formam.
2166 4411 2233 4466 In
2280 4407 2640 4468 animalibus

2312 4524 2370 4572 ss
