3076 5025
1191 305 1326 362 un.
1365 304 1465 372 111,
1503 303 1657 361 CAP.
1695 302 1923 360 XCVIII.
2658 305 2764 361 395

339 428 538 558 ριῖῳῦι
564 427 841 556 {imitatis
867 432 928 487 et
952 426 1351 501 aegritudinis,
1383 426 1768 499 praemiorum
1796 432 1856 484 et
1871 437 2205 500 poenarum,
2228 425 2555 499 gratiarum
2587 429 2765 499 atque

338 513 409 561 re
435 513 485 557 ri
532 513 570 558 u
597 512 805 557 ionum
841 519 897 556 ».

413 569 510 629 Sic
535 582 702 644 ergo,
721 582 859 628 cum
887 568 1409 642 quaeriturproptei·
1435 568 1575 640 quid
1592 567 1664 626 de
1682 567 1886 641 aliquo
1905 567 2162 626 naturali
2180 564 2417 638 effectu,
2436 579 2767 640 possumus

339 640 592 701 reddere
615 640 909 699 rationem
941 653 1016 698 ex
1042 638 1245 712 aliqua
1267 638 1540 721 proxima
1567 651 1783 704 causa,
1814 638 1956 695 dum
1980 644 2182 706 tamen
2218 638 2378 696 sicut
2412 638 2478 695 iu
2514 637 2767 710 primam

340 724 592 771 causam
645 710 1004 768 reducamus
1030 709 1237 768 omnia
1277 722 1342 767 in
1392 708 1759 768 voluntatem
1804 708 2113 766 divinam:
2172 708 2331 766 sicut
2370 708 2425 767 si
2471 712 2772 782 quaeratur

340 795 529 864 quare
558 780 790 855 lignum
822 784 916 839 est
941 780 1295 839 calefactum
1323 779 1398 839 ad
1425 780 1809 852 praesentiam
1838 779 2022 852 ignis,
2052 778 2270 837 dicitur
2325 778 2487 860 quod
2514 778 2771 838 calefac·

339 856 431 911 tio
457 856 551 911 est
576 851 871 910 naturalis
899 851 1055 910 actio
1083 850 1277 924 iguis3
1304 850 1422 909 hoc
1448 855 1671 921 autem,
1699 849 1844 923 quia
1860 850 2027 908 calor
2053 854 2146 908 est
2162 862 2470 930 proprium
2490 848 2770 908 accidens

343 921 513 995 ejus;
537 921 655 980 hoc
683 926 882 980 autem
930 921 1323 994 consequitur
1352 920 1657 992 propriam
1686 920 1941 978 formam
1965 920 2126 993 ejus;
2157 925 2216 977 et
2242 933 2333 979 sic
2369 919 2509 978 inde
2545 931 2773 993 quous-

344 1006 465 1067 que
490 992 871 1065 perveniatur
893 991 970 1050 ad
994 992 1260 1051 divinam
1291 992 1681 1050 voluntatem.
1708 990 1894 1061 Unde,
1911 991 1964 1049 si
1982 990 2120 1065 quis
2135 990 2456 1062 respondet
2484 989 2772 1070 quaerenti

344 1076 531 1137 quare
559 1063 792 1136 lignum
820 1062 1174 1121 calefactum
1209 1067 1323 1126 est,
1381 1063 1523 1135 quia
1569 1064 1731 1121 Deus
1779 1061 1970 1120 voluit
1986 1102 2002 1130 ,
2056 1061 2480 1120 convenienter
2532 1059 2773 1134 quidem

342 1133 690 1205 respondet,
720 1133 775 1193 si
801 1132 1056 1191 intendit
1081 1132 1364 1191 reducere
1402 1132 1798 1204 quaestionem
1836 1132 1902 1188 in
1936 1132 2190 1203 primam
2236 1144 2521 1202 causam;
2563 1130 2777 1190 incon-

343 1204 655 1264 venienter
675 1216 841 1276 vero,
861 1203 916 1264 si
948 1203 1204 1264 intendit
1226 1215 1438 1262 omnes
1463 1203 1619 1262 alias
1646 1201 1963 1261 excludere
1990 1215 2228 1262 causas,

1272 1421 1529 1487 CAPUT
1579 1421 1848 1487 XCVIII.

459 1594 736 1651 ΟΠΟΠΟΒΟ
770 1594 921 1643 DBUS
973 1592 1173 1641 Possm·
1215 1592 1443 1640 FACERE
1477 1593 1722 1640 PRAETER
1765 1592 2031 1640 ominum
2076 1592 2204 1639 811AE
2236 1592 2671 1651 movilium,

1277 1672 1355 1720 m·
1389 1672 1666 1726 Quouooo
1700 1671 1841 1718 NON.

421 1840 506 1900 Ex
531 1836 866 1918 praemissis
911 1840 1112 1895 autem
1139 1835 1329 1909 accipi
1354 1841 1555 1910 potest
1597 1836 1859 1909 duplicis
1886 1835 2119 1895 ordinis
2164 1836 2588 1896 consideratio.
2620 1838 2778 1906 Quo·

317 1922 486 1972 ,rum
542 1923 704 1968 unus
756 1906 999 1981 quidem
1040 1907 1335 1979 dependet
1360 1922 1436 1966 ex
1469 1907 1666 1980 prima
1704 1908 1973 1966 omnium
2022 1921 2228 1977 causa,
2258 1907 2417 1966 unde
2471 1913 2530 1966 et
2573 1909 2781 1967 omnia

347 1978 806 2061 complectitur;
831 1977 989 2038 alius
1035 1977 1433 2050 particulariS,
1463 1978 1568 2050 qui
1597 1992 1670 2035 ex
1698 1977 1903 2050 aliqua
1926 1991 2111 2036 causa
2154 1984 2352 2036 creata
2380 1978 2673 2050 dependet
2720 1983 2782 2036 et

345 2054 622 2110 continet
651 2048 776 2129 illa,
809 2062 942 2129 qua}
990 2060 1190 2106 causae
1234 2047 1324 2106 illi
1370 2047 1710 2129 subduntur
1738 2053 1841 2106 :et
1889 2047 1989 2107 hic
2046 2047 2286 2121 quidem
2331 2048 2642 2121 multiplex
2666 2053 2778 2118 est,

347 2120 688 2180 secundum
720 2119 1122 2178 diversitatem
1152 2131 1468 2176 causarum
1496 2132 1630 2190 quae
1657 2124 1824 2199 ‚inter
1847 2122 2150 2177 creaturas
2175 2119 2581 2177 inveniuntur.
2616 2122 2781 2179 Unus

345 2196 554 2250 tamen
593 2201 802 2249 eorum
852 2188 967 2248 sub
1008 2188 1196 2247 altero
1229 2189 1589 2258 continetur,
1620 2194 1777 2248 sicut
1827 2192 1888 2247 et
1925 2202 2243 2248 causarum
2289 2204 2409 2247 una
2436 2189 2550 2248 sub
2593 2190 2783 2250 altera

351 2261 558 2321 existit
589 2259 789 2320 :unde
816 2264 1049 2332 oportet
1070 2258 1231 2331 quod
1259 2272 1471 2317 omnes
1485 2258 1876 2331 particulares
1898 2260 2142 2318 ordines
2158 2260 2539 2318 substantiali
2570 2261 2781 2319 ordine

349 2331 795 2400 contineantur,
825 2336 884 2388 et
910 2329 985 2389 ab
1024 2328 1133 2388 illo
1160 2329 1524 2388 descendant
1570 2330 1671 2402 qui
1702 2329 2088 2388 inveniuntur
2113 2330 2174 2386 in
2217 2330 2418 2399 rebuS‚
2449 2331 2782 2389 secundum

394 2401 580 2462 uod¹a
607 2401 800 2474 prima
834 2413 1019 2458 causa
1051 2398 1402 2471 dependent.
1424 2399 1777 2472 Huiusmodi
1808 2399 2142 2470 exemplum
2178 2399 2240 2457 in
2269 2399 2532 2471 politicis
2579 2403 2783 2460 consi-

348 2416 549 2535 aerari
572 2476 788 2545 potest.
818 2473 965 2530 Nam
995 2483 1208 2529 omnes
1252 2469 1566 2529 domestici
1595 2470 1779 2528 unius
1802 2469 2253 2542 patrisfamilias
2277 2469 2549 2528 ordinem
2583 2485 2783 2545 quem-

352 2544 492 2605 dam
546 2543 622 2603 ad
675 2541 931 2601 invicem
981 2540 1221 2611 habent,
1252 2541 1585 2600 secundum
1622 2540 1780 2622 quod
1811 2541 1866 2598 ei
1902 2540 2257 2600 subduntur.
2297 2543 2527 2599 Rursus
2581 2548 2781 2602 autem

347 2619 477 2674 tam
505 2613 636 2686 ipse
659 2611 1109 2693 paterfamiliaS,
1135 2624 1314 2740 ogiam
1345 2624 1558 2670 omnes
1586 2610 1689 2692 alii
1728 2610 1829 2691 qui
1868 2612 2011 2693 sunt
2031 2623 2162 2693 suae
2199 2611 2477 2692 civitatis,
2508 2611 2782 2673 ordinem

352 2685 672 2759 quemdam
700 2683 776 2742 ad
802 2696 1059 2741 invicem
1083 2681 1163 2740 ha
1204 2687 1305 2739 ent
1327 2687 1386 2739 et
1435 2680 1511 2740 ad
1554 2694 1882 2754 principem
1930 2686 2209 2751 civitatis,
2239 2696 2343 2754 qui
2389 2681 2604 2741 iterum
2642 2695 2779 2744 cum

350 2753 639 2815 omnihus
666 2754 768 2827 qui
788 2753 1014 2811 suntin
1039 2764 1228 2825 regno
1258 2752 1520 2825 aliquem
1552 2751 1827 2809 ordinem
1853 2750 2031 2810 habet
2059 2751 2134 2809 ad
2164 2765 2389 2825 regem.

427 2825 708 2885 Ordinem
739 2829 938 2883 autem
965 2821 1389 2893 universalem,
1419 2821 1751 2880 secundum
1783 2836 1961 2894 quem
2015 2822 2221 2880 omnia
2257 2837 2330 2880 ex
2356 2822 2559 2881 divina
2583 2824 2782 2896 provi·

354 2895 561 2958 dentia
593 2894 968 2965 ordinantur,
987 2906 1314 2965 possumus
1341 2892 1725 2952 considerare
1767 2891 1842 2949 du
1889 2891 2101 2962 liciter,
2131 2890 2362 2952 scilicet
2390 2900 2678 2966 quantum
2707 2895 2785 2954 ad

351 2979 455 3027 res
474 2979 608 3040 quae
633 2963 972 3024 subduntur
997 2963 1217 3032 ordini,
1248 2968 1309 3022 et
1330 2968 1621 3036 quantum
1650 2961 1725 3021 ad
1753 2976 1823 3020 or
1864 2963 1985 3021 inis
2009 2963 2304 3021 rationem
2403 2978 2493 3023 uae
2522 2979 2596 3022 ex
2618 2965 2783 3038 prin—

353 3037 516 3110 cipio
572 3035 804 3094 ordinis
837 3034 1147 3107 dependet.
1179 3035 1500 3092 ostensum
1550 3037 1644 3092 est
1690 3039 1889 3091 autem
1918 3035 1982 3091 in
2026 3034 2294 3093 secundo
2334 3033 2374 3092 li
2420 3049 2487 3093 ro
2517 3034 2668 3107 (cap.
2689 3036 2783 3108 23)

356 3106 520 3181 quod
546 3120 645 3166 res
671 3106 819 3179 ipsae
857 3119 991 3178 quae
1029 3119 1066 3164 a
1095 3107 1217 3163 Deo
1267 3104 1381 3163 sub
1410 3104 1621 3164 ordine
1644 3109 1949 3176 ponuntur
1996 3105 2356 3177 proveniunt
2397 3105 2471 3164 ab
2496 3106 2632 3188 ipso
2657 3119 2782 3165 non

354 3178 517 3238 sicut
544 3177 619 3237 ab
645 3180 861 3259 agente
908 3189 1014 3247 per
1049 3175 1468 3233 necessitatem
1497 3180 1725 3234 naturae
1776 3174 1869 3233 vel
1907 3175 2337 3248 cujuscumque
2381 3175 2647 3246 alterius,
2674 3176 2783 3235 sed

355 3262 434 3323 ex
458 3247 717 3319 simplici
736 3246 1065 3317 voluntate,
1093 3245 1352 3304 maxime
1383 3250 1675 3320 quantum
1708 3243 1784 3303 ad
1810 3244 2064 3318 primam
2093 3259 2291 3303 rerum
2320 3245 2780 3306 institutionem.

352 3317 738 3392 Relinquitur
763 3329 908 3390 ergo
947 3315 1130 3390 quod,
1169 3320 1383 3389 praeter
1422 3330 1494 3374 ea
1520 3329 1653 3390 quae
1694 3314 1808 3375 sub
1853 3316 2125 3375 ordinem
2145 3316 2360 3376 divinae
2395 3316 2783 3389 providentiae

351 3389 605 3458 cadunt,
632 3390 793 3447 Deus
837 3387 1041 3461 aliqua
1081 3386 1275 3445 facere
1316 3391 1513 3458 potest
1538 3404 1555 3456 3
1582 3398 1706 3444 non
1747 3386 1908 3444 enim
1936 3391 2030 3444 est
2069 3386 2199 3458 ejus
2225 3388 2417 3447 virtus
2444 3387 2519 3446 ad
2548 3389 2660 3447 has
2686 3401 2783 3449 res

356 3459 642 3534 obligata.
675 3457 736 3516 Si
768 3461 966 3516 autem
995 3457 1450 3537 consideremus
1490 3455 1838 3528 praedictum
1868 3457 2138 3515 ordinem
2163 3463 2453 3532 quantum
2492 3458 2565 3516 ad
2602 3459 2783 3518 ratio-

355 3542 499 3591 nem
527 3544 565 3588 a
589 3528 887 3601 principio
914 3527 1341 3600 dependentem
1397 3539 1487 3585 sic
1515 3531 1729 3600 praeter
1756 3526 2026 3585 ordinem
2055 3528 2226 3587 illum
2254 3529 2413 3587 Deus
2437 3529 2632 3587 facere
2658 3541 2787 3588 non

353 3604 558 3675 potest
581 3618 597 3669 ;
626 3598 794 3681 ordo·
820 3598 981 3657 enim
998 3598 1116 3680 ⁸ille
1143 3570 1531 3679 procedit,·ut
1562 3602 1991 3678 ostensumest
2019 3598 2172 3679 (capt
2202 3598 2317 3672 97),
2336 3613 2420 3680 ‘ex
2446 3599 2698 3657 scientia
2725 3605 2787 3658 et

353 3671 666 3730 voluntate
692 3671 797 3727 Dei
849 3682 1054 3728 omnia
1080 3669 1394 3726 ordinante
1436 3680 1502 3725 in
1527 3679 1705 3727 suam
1745 3667 2073 3727 bonitatem
2115 3674 2277 3727 sicut
2330 3682 2394 3727 in
2422 3668 2622 3726 finem.
2651 3672 2786 3728 Non

358 3746 455 3802 est
480 3745 679 3799 autem
706 3738 996 3821 possibile
1017 3738 1178 3811 quod
1202 3741 1361 3798 Deus
1388 3737 1616 3812 aliquid
1644 3737 1823 3797 faciat
1849 3738 2007 3820 quod
2041 3752 2166 3797 non
2194 3738 2276 3800 sit
2302 3738 2376 3798 ab
2412 3753 2484 3797 eo
2509 3738 2780 3810 volitum,

333 3824 502 3873 cum
529 3815 814 3871 creaturae
842 3809 917 3868 ab
960 3821 1096 3882 ipso
1125 3822 1249 3867 non
1317 3808 1600 3867 rocedant
1639 3809 2006 3879 naturaliter,
2037 3809 2144 3868 sed
2166 3823 2274 3883 per
2308 3809 2695 3879 voluntatem,
2716 3815 2785 3870 ut

360 3886 675 3963 ostensu-m
695 3885 789 3941 est
812 3880 1036 3962 (lib-‚¹¹2
1065 3893 1175 3952 cap
1198 3823 1314 3951 2θῖ
1331 3881 1532 4007 Neque
1556 3877 1737 3937 etiam
1768 3886 1861 3939 est
1886 3879 2177 3951 possibile
2196 3880 2272 3939 ah
2297 3891 2370 3939 eo
2398 3880 2625 3953 aliquid
2651 3877 2783 3939 fieri

360 3951 527 4025 quod
568 3965 702 4025 eJus
750 3954 1005 4010 scientia
1054 3963 1179 4008 non
1202 3963 1441 4021 compre
1488 3949 1759 4020 endatur,
1784 3962 1920 4009 cum
1964 3950 2247 4009 voluntas
2270 3964 2406 4010 esse
2435 3964 2559 4009 non
2628 3951 2784 4011 ossit

357 4021 486 4082 nisi
515 4021 587 4081 de
613 4022 694 4082 ali
736 4034 817 4081 uo
848 4025 1016 4079 noto.
1045 4022 1249 4094 Neque
1274 4020 1490 4078 iterum
1517 4025 1612 4078 est
1634 4020 1926 4092 possibile
1955 4020 2116 4093 quod
2146 4019 2209 4078 in
2240 4022 2529 4081 creaturis
2556 4037 2592 4081 a
2615 4021 2782 4097 iquid

359 4091 547 4154 faciat
571 4106 690 4166 quo
758 4092 824 4151 in
869 4104 1041 4151 suam
1083 4091 1410 4152 bonitatem
1465 4102 1591 4148 non
1644 4091 1727 4149 sit
1750 4090 2088 4149 ordinatum
2127 4091 2282 4151 sicut
2318 4092 2381 4150 in
2410 4091 2613 4164 finem,
2643 4102 2781 4152 cum

363 4176 481 4225 sua
505 4163 746 4224 bonitas
773 4162 854 4223 sit
876 4161 1181 4244 proprium
1211 4161 1503 4289 Ob-lsssstllm
1533 4160 1858 4243 voluntatis
1875 4161 2092 4232 ipsius.
2114 4162 2400 4221 Similiter
2417 4169 2615 4223 autem
2642 4172 2781 4222 cum

356 4234 522 4295 Deus
565 4235 649 4294 sit
678 4234 928 4293 omnino
976 4231 1285 4291 immutahi
1314 4245 1388 4300 is,
1419 4231 1794 4313 impossibile
1846 4237 1936 4290 est
1977 4230 2138 4312 quod
2176 4232 2401 4306 aliquid
2446 4235 2588 4292 velit
2641 4243 2779 4291 cum

399 4305 533 4365 rius
559 4304 841 4375 noluerit,
879 4306 985 4362 aut
1033 4302 1111 4360 ali
1155 4302 1258 4360 uid
1303 4301 1374 4359 de
1421 4314 1579 4360 novo
1625 4301 1872 4373 incipiat
1910 4314 2066 4359 scire
2098 4302 2191 4360 vel
2220 4303 2283 4360 in
2331 4317 2500 4363 suam
2544 4302 2782 4361 ordinet

355 4319 715 4436 Bonitatem.
734 4373 895 4433 Nihil
918 4371 1102 4445 igitur
1165 4385 1274 4431 eus
1297 4371 1490 4430 facere
1508 4375 1706 4443 potest
1722 4372 1868 4502 guin
1891 4371 2005 4430 sub
2024 4371 2233 4430 ordine
2252 4387 2377 4432 suae
2393 4369 2778 4447 providentiae

362 4446 562 4518 cadat,
578 4445 738 4506 sicut
760 4456 885 4506 non
904 4446 1104 4519 potest
1129 4441 1358 4518 aliquid
1379 4442 1575 4505 facere
1600 4454 1721 4517 quo
1788 4439 1921 4516 ejus
1943 4442 2274 4517 operationi
2302 4457 2426 4504 non
2453 4441 2773 4509 subdatur3
