3076 5025
1057 328 1192 384 ΜΒ.
1232 328 1323 395 W,
1360 328 1515 383 CAP.
1555 327 1700 384 vm.
2495 331 2613 387 499

166 451 323 509 turis
355 450 551 508 sacris
586 449 856 507 ultimam
880 448 1309 507 beatitudinem
1337 448 1667 522 significari
1692 465 1709 518 ς
1738 448 1885 507 dicit
1912 449 2073 507 enim
2103 449 2294 507 isaias
2323 448 2395 506 de
2425 450 2599 523 Filio,

165 527 240 580 ut
262 521 591 592 Apostolus
619 520 881 578 inducit:
909 523 1036 576 Erit
1059 521 1232 575 radix
1253 522 1415 582 Jesse,
1447 523 1499 575 et
1525 522 1624 599 qui
1648 523 1903 589 exsurget
1928 534 2109 589 regere
2151 524 2366 588 ,qentem
2393 522 2455 576 in
2482 537 2601 577 eum

166 596 352 662 ventes
392 593 690 661 sperabzmt
717 592 912 661 (Rom,
942 602 1047 659 xv,
1067 590 1153 663 12)
1178 609 1193 656 ;
1223 591 1441 648 dicitur
1467 595 1645 648 etiam
1664 607 1678 646 :
1699 592 1774 647 Et
1798 591 2239 646 adorabunteum
2263 605 2440 647 omnes
2454 607 2603 661 reyes

167 669 349 722 terrae,
383 678 566 717 omnes
591 665 768 730 gentes
814 664 1049 717 servient
1070 664 1121 717 ei
1149 661 1374 733 (Psatm.
1403 672 1563 728 Lxxl,
1596 660 1683 732 1¹)
1707 678 1722 729 3
1752 666 1815 717 et
1840 660 2095 718 dicitur:
2124 662 2315 718 Omnes
2343 663 2601 733 honorifi-

167 737 290 790 cent
329 734 553 802 Filium,
601 736 745 788 sicut
790 733 1145 801 honor-ilicem!
1184 735 1403 788 Patrem
1452 730 1694 802 (Joann.,
1741 743 1803 800 v,
1847 731 1976 803 23);
2006 731 2307 788 etiterum
2337 731 2598 790 dicitur:

166 804 417 862 Adorate
457 819 599 866 ewn,
644 817 826 860 omnes
877 818 912 857 α
986 804 1058 859 eli
1097 802 1215 872 ejvs
1244 802 1467 873 (Psalm.
1496 813 1664 881 xcyr2
1688 800 1780 872 7);
1812 801 1972 882 quod
2001 801 2075 859 de
2102 802 2251 882 §silio
2276 803 2601 871 Apostolus

170 873 520 931 introducit.
557 872 765 945 (Helm,
808 887 852 943 1,
897 876 954 929 6.
1022 872 1401 931 Manifestum
1445 876 1541 930 est
1583 875 1768 945 igitur
1790 871 2004 930 Filium
2033 873 2139 928 Det
2168 885 2372 931 verum
2414 876 2600 932 Deum

171 957 332 1004 esse.

241 1015 327 1073 Ad
370 1016 486 1072 hoc
532 1014 708 1072 etiam
757 1013 1194 1073 ostendendum
1228 1013 1430 1070 valent
1470 1027 1542 1072 ea
1621 1026 1710 1070 uae
1739 1011 2019 1084 superins
2042 1017 2253 1070 contra
2280 1013 2603 1073 Photinum

168 1086 424 1144 inducta
465 1090 607 1143 sunt
649 1083 727 1143 ad
774 1084 1212 1144 ostendendum
1250 1083 1553 1142 Christum
1672 1096 1774 1142 um
1820 1096 1980 1154 esse,
2033 1096 2159 1141 non
2195 1084 2439 1153 factum,
2494 1084 2602 1144 sed

165 1170 402 1214 verum.

243 1228 328 1284 Ex
357 1225 685 1298 praemissis
712 1225 898 1298 igitur
923 1230 981 1284 et
1007 1224 1428 1284 consimilibus
1446 1238 1634 1285 sacrae
1660 1223 1977 1295 seriptum
2006 1224 2383 1284 documentis
2409 1225 2603 1284 Eccle-

167 1297 268 1357 sia
293 1297 596 1355 catholica
615 1297 846 1364 edocta,
873 1297 1172 1355 Christum
1209 1310 1414 1354 verum
1462 1302 1521 1354 et
1549 1295 1878 1353 naturalem
1908 1295 2013 1352 Dei
2043 1295 2257 1354 Filium
2285 1295 2605 1354 confitetur

168 1373 540 1426 coaeternum
559 1367 714 1424 Patri
746 1371 804 1423 et
830 1367 1141 1440 aequalem,
1172 1371 1231 1424 et
1255 1381 1461 1424 verum
1486 1369 1673 1424 Deum
1698 1364 1967 1438 ejusdem
1995 1368 2274 1424 essentiae
2295 1372 2354 1423 et
2374 1371 2601 1426 naturae

168 1452 311 1496 cum
361 1441 553 1506 Patre,
644 1437 893 1506 emtum,
939 1451 1063 1496 non
1109 1441 1372 1496 creatum
1418 1451 1532 1495 nec
1573 1437 1817 1495 factum.
1872 1433 2037 1517 §Inde
2076 1440 2239 1508 patet
2280 1437 2442 1508 quod
2471 1437 2607 1495 sola

169 1508 458 1566 Ecclesiae
511 1513 605 1565 cat
650 1508 822 1566 olicae
869 1507 1022 1566 fides
1066 1522 1204 1566 vere
1250 1508 1569 1565 confitetur
1619 1510 2068 1579 generationem
2133 1507 2197 1564 in
2248 1509 2390 1576 De0‚
2459 1507 2602 1565 dum

169 1579 370 1651 ipsam
425 1578 871 1651 generationem
919 1578 1046 1637 Filii
1097 1578 1170 1637 ad
1222 1577 1340 1636 hoc
1393 1579 1575 1636 refert
1626 1577 1786 1650 quod
1840 1576 2026 1635 Filius
2074 1578 2304 1648 accepit
2339 1577 2602 1636 divinam

175 1656 454 1708 naturam
501 1663 542 1706 a
586 1651 777 1706 Patre.
818 1647 933 1706 Alii
973 1663 1138 1717 vero,
1187 1649 1473 1718 haeretici,
1520 1647 1597 1707 ad
1640 1648 1901 1719 aliquam
1952 1652 2292 1706 extraneam
2324 1652 2600 1706 naturam

170 1719 333 1778 hanc
380 1720 831 1792 generationem
871 1719 1174 1787 referunt;
1220 1720 1514 1777 Photinus
1563 1718 1807 1791 quidem
1835 1722 1893 1775 et
1921 1718 2214 1776 sabellius
2259 1718 2334 1776 ad
2389 1719 2599 1777 huma·

168 1803 337 1860 nam,
365 1790 542 1847 Arius
567 1794 785 1853 autem,
831 1802 956 1847 non
1000 1789 1076 1847 ad
1120 1789 1463 1851 humanam.
1520 1788 1627 1848 sed
1654 1788 1730 1846 ad
1762 1788 2082 1860 quamdam
2112 1794 2389 1847 naturam
2434 1802 2600 1847 crea·
2655 1843 2661 1849 .

165 1867 316 1930 tam,
340 1861 397 1918 di
447 1861 673 1918 niorem
700 1860 928 1918 caeteris
971 1861 1281 1917 creaturis.
1328 1858 1533 1917 Differt
1580 1859 1759 1917 etiam
1799 1859 1976 1918 Arius
2004 1873 2040 1916 a
2065 1859 2328 1919 Sabellio
2356 1863 2415 1917 et
2445 1860 2599 1917 Pho·

166 1930 391 2001 tino,in
456 1943 528 1988 oc
543 1931 703 2004 quod
726 1929 1069 2000 hujusmodi
1089 1931 1538 2003 generationem
1563 1929 1901 2001 praedictam
1921 1929 2140 1987 asserit
2158 1934 2293 1987 ante
2315 1929 2605 1989 mundum

165 2002 386 2070 fuisse,
413 2000 502 2058 illi
540 2014 681 2059 vero
717 2015 849 2059 eam
875 2001 1058 2058 fuisse
1105 2004 1328 2074 negant
1376 2007 1514 2059 ante
1554 2001 1923 2058 nativitatem
1970 2013 2045 2057 ex
2088 2000 2349 2072 Virgine.
2407 2001 2606 2059 Sabel-

166 2071 298 2131 lius
350 2077 553 2129 tamen
592 2086 631 2129 a
678 2072 936 2130 Photino
970 2069 1167 2128 differt
1206 2072 1271 2127 in
1318 2070 1434 2129 hoc
1482 2071 1644 2143 quod
1689 2069 1985 2128 sabellius
2036 2070 2338 2129 Christum
2390 2083 2596 2129 verum

167 2145 362 2201 Deum
392 2141 709 2200 confltetur
729 2148 790 2198 et
817 2142 1171 2211 naturalem,
1197 2154 1319 2199 non
1350 2147 1547 2199 autem
1569 2141 1858 2199 Photinus
1881 2153 2073 2212 neque
2092 2142 2267 2199 Arius
2290 2160 2305 2211 ;
2328 2141 2431 2200 sed
2457 2141 2609 2199 Pho·

162 2213 338 2272 tinus
368 2227 582 2284 purum
611 2212 937 2281 hominem,
967 2212 1140 2270 Arius
1172 2218 1371 2270 autem
1392 2212 1567 2285 quasi
1596 2211 1982 2270 commixtum
2011 2225 2085 2269 ex
2112 2212 2369 2285 quadam
2396 2213 2598 2269 excel-

165 2283 515 2343 lentissima
545 2290 838 2351 creatura,
867 2282 1070 2340 divina
1097 2287 1157 2339 et
1180 2283 1462 2341 humana.
1490 2283 1558 2339 Hi
1600 2283 1779 2340 aliam
1803 2294 1942 2340 esse
1967 2296 2286 2352 personam
2331 2283 2522 2340 Patris
2546 2287 2605 2339 et

164 2354 306 2414 Filii
332 2352 918 2425 confitentur3quod
946 2353 1243 2411 sabellius
1272 2360 1471 2425 negat.
1508 2352 1679 2410 Fides
1708 2364 1852 2425 ergo
1903 2351 2218 2421 catholica,
2268 2352 2467 2409 media
2511 2353 2606 2410 via

163 2425 486 2492 incedenS,
517 2423 852 2492 confitetur,
878 2436 1014 2481 cum
1042 2423 1179 2480 Ario
1207 2428 1265 2480 et
1289 2423 1549 2481 Photino
1577 2426 1786 2480 contra
1823 2420 2171 2490 sabellium,
2199 2421 2376 2479 aliam
2402 2435 2607 2502 perso-

164 2509 314 2555 nam
344 2494 536 2552 Patris
571 2498 630 2552 et
656 2494 808 2565 Filii,
854 2498 914 2552 et
942 2493 1156 2551 Filium
1182 2494 1472 2575 genitum,
1498 2496 1729 2575 Patrem
1755 2504 1896 2573 vero
1924 2491 2173 2550 omnino
2225 2493 2564 2566 ingenitum
2587 2510 2602 2562 3

166 2581 311 2626 cum
342 2565 604 2624 Sabellio
631 2578 771 2623 vero
801 2569 1010 2623 contra
1037 2564 1358 2622 Photinum
1384 2569 1444 2621 et
1468 2568 1694 2633 Anum,
1713 2562 2011 2620 Christum
2038 2576 2245 2620 verum
2274 2568 2335 2619 et
2363 2569 2603 2621 natura·

163 2637 290 2697 lem
321 2638 532 2706 Deum,
562 2641 623 2693 et
653 2634 923 2707 ejusdem
950 2641 1177 2693 naturae
1204 2648 1342 2692 cnm
1371 2636 1562 2698 Patre,
1584 2633 1722 2691 licet
1748 2646 1872 2689 non
1900 2631 2168 2705 ejusdem
2198 2645 2487 2704 personae.
2524 2635 2606 2692 Ex

167 2722 294 2782 quo
320 2708 503 2765 etiam
530 2706 825 2787 judicium
853 2706 1118 2764 veritatis
1146 2704 1453 2763 catholicae
1482 2704 1641 2762 sumi
1667 2707 1865 2775 potest
1892 2720 1908 2771 ;
1953 2715 2091 2760 nam
2119 2717 2284 2773 vero,
2315 2703 2607 2785 utJ'hilo-

166 2778 407 2849 sophus
436 2777 598 2847 dicit,
629 2777 827 2857 etiam·
859 2776 1015 2834 falsa
1056 2782 1389 2845 testantur;
1437 2775 1592 2835 falsa
1633 2787 1776 2832 vero
1803 2786 1931 2832 non
1972 2773 2171 2833 solum
2215 2789 2253 2833 a
2282 2786 2463 2845 veris,
2495 2772 2605 2834 sed

166 2849 356 2909 etiam
387 2846 464 2907 ab
489 2847 747 2907 invicem
771 2847 1017 2907 distant.

1171 3068 1426 3161 cAPn‘r
1463 3067 1625 3136 vm.

489 3249 728 3296 sommo
753 3249 834 3295 Al)
861 3249 1305 3296 Auc'rom'rA'rEs
1331 3250 1482 3303 QUAS
1508 3249 1686 3296 Amos
1706 3249 1820 3297 PRO
1848 3250 1918 3298 SE
1941 3249 2292 3298 mDUcEBA't'.

246 3414 404 3483 Quia
430 3427 570 3471 vero
595 3412 817 3471 veritas
843 3411 1076 3470 veritati
1104 3412 1405 3470 contraria
1428 3425 1566 3470 esse
1592 3425 1717 3471 non
1746 3416 1964 3484 potest,
1990 3411 2380 3471 manifestum
2409 3415 2504 3471 est
2532 3426 2606 3472 ea

169 3499 309 3558 qnae
340 3499 411 3540 ex
439 3484 760 3554 scripturis
787 3482 1054 3540 veritatis
1083 3481 1158 3540 ab
1182 3483 1420 3540 Arianis
1445 3483 1786 3541 introducta
1831 3488 1972 3541 sunt
2004 3483 2079 3542 ad
2112 3497 2293 3541 suum
2340 3498 2604 3543 errorem

169 3553 677 3623 confirmandum,
701 3567 910 3612 eorum
942 3553 1254 3610 sententiae
1294 3554 1684 3611 accommoda
1725 3566 1849 3611 non
1890 3568 2046 3612 esse.
2080 3554 2274 3623 Quum
2322 3555 2478 3611 enim
2534 3567 2611 3612 ex

165 3625 494 3696 scripturis
517 3623 738 3682 divinis
766 3631 1081 3682 ostensum
1110 3623 1190 3681 sit
1223 3625 1412 3681 Patris
1439 3630 1498 3680 et
1521 3624 1655 3682 Filii
1686 3624 1955 3682 eamdem
1985 3638 2236 3682 numero
2277 3625 2603 3685 essentiam

171 3709 314 3753 esse
346 3701 404 3751 et
429 3700 700 3753 naturam
731 3694 988 3752 divinam
1031 3692 1366 3752 seeundum
1413 3708 1594 3768 quam
1641 3699 1889 3767 uterque
1932 3709 2109 3752 verus
2157 3695 2376 3752 dicitur
2423 3697 2604 3765 Deu8‚

169 3779 210 3825 o
256 3770 411 3823 ortet
440 3767 674 3822 Patrem
702 3771 761 3821 et
788 3766 1023 3834 Filium,
1055 3778 1176 3822 non
1203 3764 1358 3822 duos
1400 3765 1569 3835 deos,
1602 3766 1708 3822 sed
1739 3779 1925 3822 unum
1953 3768 2137 3822 Deum
2165 3780 2320 3823 esse.
2355 3765 2415 3821 Si
2444 3765 2606 3822 enim

166 3851 209 3909 p
241 3850 382 3917 ures
394 3835 715 3904 diiessent‚
730 3838 1030 3917 oporteret
1050 3850 1152 3906 per
1164 3849 1546 3916 consequens
1564 3835 1891 3894 divinitatis
1917 3837 2241 3895 essentiam
2261 3836 2321 3892 in
2344 3841 2601 3915 utroque

166 3912 451 3980 parmam
506 3920 663 3975 esse,
709 3911 867 3963 sicut
911 3919 976 3962 in
1021 3904 1260 3964 duobus
1308 3906 1658 3963 hominibus
1698 3912 1791 3964 est
1840 3907 1958 3964 alia
2004 3913 2062 3964 et
2102 3907 2220 3964 alia
2261 3905 2607 3966 humanitas

167 3991 432 4036 numero
456 3995 470 4046 ;
497 3983 560 4034 et
581 3977 873 4048 praecipue
920 3989 1058 4034 cum
1098 3989 1221 4034 non
1248 3977 1326 4034 sit
1354 3976 1516 4033 aliud
1548 3977 1748 4033 divina
1765 3983 1977 4035 natura
2006 3983 2064 4034 et
2087 3977 2247 4035 aliud
2274 3977 2400 4048 ipse
2421 3979 2604 4047 DeuS,

166 4053 242 4106 ut
267 4061 455 4118 supra
483 4054 793 4105 ostensum
816 4051 908 4106 est
930 4065 944 4115 ;
977 4061 1050 4104 ex
1077 4060 1197 4119 quo
1227 4047 1299 4105 de
1321 4047 1679 4104 necessitate
1699 4060 1882 4106 conse
1928 4048 2090 4105 uitur
2110 4048 2290 4121 quod,
2313 4047 2606 4105 existente

167 4132 297 4177 una
325 4123 540 4176 natura
562 4118 765 4176 divina
792 4117 853 4174 in
885 4120 1054 4175 Patre
1093 4123 1150 4175 et
1179 4117 1344 4186 Filio,
1378 4118 1496 4174 sint
1543 4120 1717 4174 Pater
1741 4124 1801 4176 et
1836 4119 1895 4175 Fi
1926 4119 2020 4176 ius
2052 4131 2211 4175 unus
2237 4121 2415 4175 Deus.
2450 4119 2608 4176 Licet

167 4202 324 4261 ergo
353 4195 411 4245 et
444 4191 672 4245 Patrem
702 4187 1095 4245 confiteamur
1124 4190 1308 4245 Deum
1335 4192 1393 4244 et
1425 4188 1634 4245 Filium
1656 4191 1863 4253 Deum,
1887 4201 2010 4245 non
2038 4195 2237 4245 tamen
2268 4188 2606 4247 recedimus

168 4274 208 4317 a
235 4260 541 4316 sententia
563 4274 680 4331 qua
709 4261 953 4330 ponitur
979 4271 1139 4316 unus
1166 4258 1338 4317 solus
1366 4260 1546 4326 DeuS,
1577 4272 1755 4331 quam
1780 4259 1844 4315 in
1873 4259 2062 4330 primo
2094 4258 2244 4315 libro
2273 4265 2332 4316 et
2361 4259 2607 4317 rationi·

166 4329 288 4388 bus
317 4336 380 4387 et
408 4330 862 4389 auctoritatibus
889 4330 1297 4397 firmavimus3
1326 4330 1503 4395 unde,
1535 4330 1646 4409 etsi
1690 4329 1770 4386 sit
1809 4342 1970 4387 nnus
1998 4329 2170 4387 solus
2198 4344 2376 4389 verus
2422 4332 2603 4396 DeuS,

167 4405 376 4459 tamen
407 4400 524 4458 hoc
551 4400 701 4457 etde
727 4403 897 4458 Patre
924 4407 984 4457 et
1011 4399 1084 4456 de
1106 4400 1247 4456 Filio
1275 4398 1581 4469 praedican
1611 4397 1984 4458 confitemur.

245 4472 445 4540 Quum
477 4485 620 4543 ergo
647 4472 964 4541 Dominus,
993 4469 1068 4531 ad
1096 4471 1329 4532 Patrem
1346 4469 1628 4543 loquens,
1651 4467 1839 4533 dicit:
1873 4470 1944 4531 Ut
1966 4476 2290 4545 manascunt
2325 4432 2605 4542 tessolum
