3076 5025
1086 355 1094 362 ,
1130 294 1268 362 LIB,
1303 293 1402 362 111,
1441 292 1594 348 CAP.
1636 291 1769 349 civ.
2414 279 2423 286 ’
2561 295 2672 350 403

1220 544 1474 610 CAPUT
1533 544 1685 611 CIV.

357 725 510 781 QUOD
548 724 739 772 orm
772 724 1058 772 meolam!
1092 724 1211 771 NON
1249 724 1397 772 sum·
1432 724 1623 771 soum
1655 724 1738 773 EX
1783 724 2165 772 IMPRESSIONB
2193 724 2536 774 cms'rmu

1288 813 1617 859 cononum.

307 981 565 1038 Fuerunt
591 982 791 1036 autem
819 976 1060 1059 quidam
1086 976 1354 1034 dicentes
1389 975 1937 1105 Quodliujiismodi
1962 991 2145 1059 opera
2172 977 2350 1036 nobis
2371 978 2671 1038 mirabilia

229 1063 369 1178 311ae
401 1063 506 1122 per
531 1053 691 1108 artes
718 1060 986 1121 magicas
1013 1046 1166 1104 fiunt
1217 1060 1343 1106 non
1504 1047 1809 1119 aliquibus
1852 1048 2266 1120 spiritualibus
2313 1049 2669 1108 substantiis

278 1124 408 1188 unt,
440 1118 544 1177 sed
573 1133 646 1176 ex
681 1119 899 1176 virtute
944 1118 1276 1176 coelestium
1330 1130 1670 1190 corporum.
1702 1118 1883 1190 cujus
1934 1119 2176 1192 signum
2225 1118 2458 1177 videtur
2507 1121 2670 1193 quod

231 1190 312 1249 ab
343 1189 755 1248 exercentibus
786 1188 1131 1261 hujusmodi
1182 1202 1219 1246 o
1263 1203 1364 1246 era
1418 1188 1727 1247 stellarum
1778 1193 1978 1247 certus
2022 1189 2179 1248 situs
2226 1190 2660 1249 consideratur.

228 1259 604 1320 Adhibentur
628 1260 807 1318 etiam
864 1259 1095 1317 uaedam
1105 1260 1213 1316 her
1255 1273 1422 1317 arum
1437 1265 1496 1316 et
1510 1259 1763 1318 aliarum
1786 1260 2189 1331 corporalium
2212 1274 2408 1319 rerum
2423 1262 2666 1332 auxilia,

229 1330 503 1460 ffiugshad
530 1344 837 1458 praeparari
881 1344 977 1388 am
1005 1329 1350 1388 inferiorem
1379 1330 1688 1388 materiam
1717 1330 1793 1390 ad
1810 1330 2257 1403 suscipiendam
2278 1329 2657 1390 influentiam

351 1416 391 1460 u
443 1415 474 1459 s
508 1415 598 1459 coe
625 1415 691 1460 es
719 1414 794 1462 is.

306 1474 431 1530 Hoc
458 1476 656 1529 autem
687 1484 967 1543 expresse
989 1469 1412 1551 apparentibus
1449 1470 1819 1530 adversatur.
1851 1473 1996 1531 Cum
2023 1471 2184 1531 enim
2207 1485 2332 1531 non
2360 1473 2442 1531 sit
2468 1473 2667 1546 possi-

229 1542 355 1601 bile
385 1556 458 1600 ex
485 1541 789 1615 aliquibus
817 1555 1123 1624 corporeis
1144 1541 1465 1622 ,principiis
1493 1541 1861 1599 intellectum
1892 1543 2152 1624 causari,
2183 1549 2249 1600 ut
2285 1557 2469 1624 supra
2517 1544 2667 1671 Scap.

231 1612 327 1686 84)
354 1612 671 1695 probatum
700 1618 812 1683 est,
842 1612 1218 1685 impossibile
1247 1617 1340 1670 est
1366 1612 1526 1686 quod
1558 1612 1807 1671 effectus
1833 1627 1935 1686 qui
1965 1618 2106 1672 sunt
2131 1614 2355 1686 proprii
2402 1619 2525 1672 inte
2553 1615 2669 1672 lec·

231 1683 420 1742 tualis
447 1689 695 1753 naturae,
724 1698 798 1742 ex
821 1683 1038 1741 virtute
1060 1683 1324 1742 coelestis
1341 1683 1613 1755 corporis
1633 1688 1977 1743 causentur.
2006 1687 2072 1742 ln
2098 1684 2444 1756 huiusmodi
2468 1689 2666 1742 autem

233 1753 692 1826 operationibus
723 1768 780 1811 m
864 1767 1038 1812 orum
1067 1757 1354 1825 apparent
1386 1754 1661 1826 quaedam
1693 1768 1826 1828 quae
1871 1759 2013 1813 sunt
2063 1755 2303 1836 propria
2349 1754 2664 1813 rationalis

230 1830 464 1882 naturae
494 1838 530 1883 o
574 1839 693 1883 era.
724 1827 805 1882 Re
848 1824 1072 1882 duntur
1099 1824 1259 1881 enim
1296 1837 1590 1896 responsa
1629 1825 1702 1882 de
1755 1824 1932 1883 furtis
1978 1825 2256 1895 sublatis,
2306 1830 2365 1883 et
2408 1826 2481 1884 de
2529 1825 2668 1883 aliis

233 1895 524 1968 huiusmo
567 1895 625 1965 i;
654 1895 813 1968 quod
839 1908 964 1952 non
990 1899 1198 1966 posset
1246 1893 1373 1953 fieri
1411 1895 1531 1953 nisi
1573 1909 1682 1967 per
1728 1895 2118 1953 intellectum.
2169 1898 2301 1955 Non
2344 1900 2439 1954 est
2481 1895 2669 1968 igitur

230 1979 441 2024 verum
460 1980 685 2048 ‘omnes
713 1965 1059 2039 hujusmodi
1107 1964 1355 2024 effectus
1404 1980 1478 2024 ex
1526 1967 1661 2024 sola
1702 1965 1917 2023 virtute
1973 1965 2308 2025 coelestium
2350 1979 2670 2038 corporum

305 2109 593 2171 Praeterea,
623 2105 758 2178 ipsa
786 2105 1024 2179 loquela
1050 2105 1328 2178 proprius
1357 2110 1528 2165 actus
1553 2111 1649 2166 est
1681 2106 1996 2166 rationalis
2025 2112 2331 2167 creaturae.
2370 2111 2668 2180 Apparent

233 2182 436 2237 autem
465 2176 652 2251 aliqui
681 2177 1095 2250 colloquentes
1133 2176 1483 2235 hominibus
1510 2178 1577 2235 in
1604 2178 1904 2250 praedictis
1948 2179 2423 2250 operationibus,
2476 2184 2535 2236 et
2581 2192 2673 2236 ra-

233 2249 602 2329 tiocinantes
625 2248 700 2306 de
740 2247 1014 2329 diversis.
1044 2250 1173 2306 Non
1217 2252 1308 2306 est
1353 2246 1545 2321 igitur
1576 2248 1870 2320 possibile
1919 2248 2080 2322 quod
2127 2248 2473 2322 hujusmodi
2524 2249 2672 2307 fiant

233 2319 374 2378 sola
399 2323 617 2377 virtute
646 2318 981 2377 coelestium
1010 2332 1114 2377 cor
1155 2332 1349 2377 orum.

307 2389 367 2448 Si
396 2389 534 2462 quis
561 2394 761 2448 autem
789 2389 968 2458 dicat,
1036 2404 1071 2447 u
1177 2388 1523 2447 hu‘usmodi
1570 2389 1929 2471 apparentiae
1976 2402 2101 2449 non
2148 2395 2292 2448 sunt
2336 2390 2669 2449 secundum

235 2473 488 2521 sensum
511 2460 888 2530 exteriorem,
918 2473 984 2518 se
1020 2473 1237 2542 ,secun
1286 2473 1385 2517 um
1435 2460 1931 2541 imaginationem
1985 2463 2238 2528 tantum,
2265 2459 2382 2520 hoc
2427 2460 2668 2542 quidem

233 2532 434 2604 primo
462 2544 587 2589 non
613 2530 846 2590 videtur
873 2531 1282 2589 manifestum.
1311 2533 1441 2588 Non
1480 2544 1641 2588 enim
1670 2532 1849 2589 alicui
1880 2537 2165 2602 apparent
2201 2532 2408 2589 formae
2456 2532 2670 2604 imagi-

233 2607 395 2661 natae
420 2601 593 2675 quasi
622 2615 720 2660 res
748 2615 923 2670 verae,
954 2601 1073 2659 nisi
1118 2600 1221 2659 fiat
1266 2601 1552 2681 alienati-o
1598 2601 1673 2659 ab
1721 2600 2117 2660 exterioribus
2159 2601 2496 2673 speciebus,
2529 2601 2672 2684 quia

235 2685 365 2731 non
392 2677 589 2744 potest
616 2686 752 2732 esse
821 2670 942 2729 uod
972 2670 1473 2729 similitudinibus
1502 2671 1845 2729 intendatur
1869 2676 1989 2729 tam
2037 2684 2175 2731 uam
2217 2672 2398 2731 rebus
2440 2672 2561 2730 nisi
2591 2672 2663 2730 li-

233 2749 379 2818 gato
405 2743 661 2801 naturali
702 2743 769 2815 ju
814 2742 1068 2800 icatorio
1105 2741 2004 2813 sensu.11ujusmodiautemco
2052 2743 2365 2802 ocutiones
2408 2748 2523 2801 eta
2565 2756 2667 2814 pa-

234 2815 491 2873 ritiones
519 2812 673 2871 fiunt
700 2813 774 2871 ad
801 2812 1081 2871 homines
1110 2812 1211 2884 qui
1238 2817 1488 2870 utuntur
1528 2812 1715 2870 libere
1757 2812 2040 2871 sensibus
2086 2812 2363 2872 exteriori
2409 2827 2501 2872 us.
2587 2827 2667 2872 on

236 2890 334 2944 est
358 2883 544 2957 igitur
569 2883 862 2956 possibile
897 2883 1060 2956 quod
1085 2882 1432 2956 hujusmodi
1453 2882 1604 2953 visa,
1633 2882 1726 2941 vel
1750 2883 1956 2943 audita
1981 2883 2104 2942 sint
2147 2884 2481 2943 secundum
2518 2884 2667 2942 ima-

193 3010 204 3019 .
235 2954 611 3029 ginationem
640 2958 892 3032 tantum.

308 3025 537 3097 Deinde,
566 3038 642 3084 ex
676 3022 1034 3099 quibusdam
1064 3022 1276 3082 formis
1322 3023 1671 3097 imaginatis
1716 3037 1842 3083 non
1885 3028 2084 3096 potest
2128 3024 2309 3084 alicui
2356 3026 2671 3099 provenire

234 3095 663 3156 intellectualis
691 3094 959 3169 cognitio
987 3094 1143 3153 ultra
1172 3094 1510 3153 facultatem
1531 3094 1865 3154 naturalem
1882 3095 1976 3153 vel
1994 3096 2350 3179 acquisitam
2372 3097 2468 3155 sui
2490 3096 2666 3155 intel-

233 3167 436 3225 lectus
456 3183 475 3237 3
504 3166 665 3239 quod
687 3167 869 3224 etiam
897 3166 960 3223 in
987 3165 1246 3225 somniis
1271 3170 1451 3236 patet,
1475 3165 1542 3223 in
1560 3165 1801 3239 quibus,
1816 3166 1929 3225 etsi
1949 3165 2240 3240 sitaliqua
2259 3168 2664 3241 praeflguratio

235 3237 601 3306 futurorum,
631 3250 754 3295 non
780 3241 981 3294 tamen
1029 3236 1391 3317 quicumque
1434 3236 1647 3295 videns
1675 3236 1915 3296 somnia
1949 3250 2159 3296 eorum
2205 3238 2545 3312 significata
2581 3239 2672 3296 in-

232 3306 478 3381 telligit.
505 3309 616 3366 Per
647 3306 993 3379 hujusmodi
1024 3311 1221 3365 autem
1248 3320 1400 3375 visa,
1429 3307 1524 3364 vel
1554 3307 1778 3378 audita,
1807 3322 1941 3380 quae
1969 3309 2255 3390 appar‘ent
2291 3310 2355 3367 in
2386 3308 2670 3381 operibus

199 3420 208 3429 .
233 3391 554 3461 magorum
586 3377 935 3451 plerumque
959 3377 1197 3435 advenit
1228 3377 1408 3435 alicui
1432 3377 2152 3459 intellectualiscognitio
2178 3379 2518 3452 aliquorum
2533 3393 2668 3453 quae

235 3463 338 3509 sui
365 3449 703 3507 intellectus
730 3447 1070 3506 facultatem
1099 3447 1413 3519 excedunt,
1443 3452 1603 3507 sicut
1641 3448 1925 3507 revelatio
1953 3450 2325 3509 occultorum
2355 3452 2670 3510 thesauro-

233 3532 398 3590 rum,
444 3518 849 3591 manifestatio
895 3519 1264 3589 futurorum3
1296 3523 1356 3576 et
1399 3519 1759 3591 quandoque
1801 3519 1982 3579 etiam
2023 3520 2097 3579 de
2143 3520 2447 3595 aliquibus
2493 3522 2675 3581 docu-

233 3589 462 3650 mentis
486 3589 752 3649 scientiae
798 3589 1055 3662 alicujus
1094 3603 1235 3648 vera
1277 3589 1734 3670 respondentur.
1781 3591 2024 3673 Oportet
2050 3605 2215 3674 ergo·
2239 3593 2401 3666 quod
2448 3593 2541 3650 vel
2579 3593 2671 3653 illi

235 3660 1273 3814 iiiiii&{333¹{i'51332l‘ff53ffi
1289 3660 2670 3814 3ῗὲἓέἷεῖῖῖῑέἣὲἓιῗξ’ξὶιῖῗὲἒὲἒέἓῗὲἒοῖἓῗὲἒό

233 3814 351 3932 ger
375 3800 724 3874 huiusmodi
754 3807 1218 3875 imaginationes
1247 3814 1313 3858 in
1359 3806 1769 3875 cognitionem
1801 3801 2011 3861 talium
2050 3802 2399 3875 adducatur,
2448 3809 2506 3862 et
2547 3818 2667 3865 non

285 3877 348 3931 at
368 3872 487 3931 hoc
510 3872 726 3931 virtute
752 3873 953 3931 solum
978 3871 1313 3931 coelestium
1342 3885 1682 3944 corporum.

299 3943 523 4009 Adhuc,
555 3942 718 4016 quod
765 3943 981 4002 virtute
1034 3942 1369 4024 coelestiuin
1401 3956 1720 4024 corporum
1768 3942 1857 4015 fit,
1910 3948 2005 4004 est
2046 3943 2295 4005 effectus
2344 3944 2672 4018 naturalis;

233 4028 378 4074 nam
404 4014 617 4073 formae
653 4013 955 4072 naturales
977 4019 1120 4073 sunt
1146 4027 1280 4085 quae
1308 4026 1374 4070 in
1405 4014 1794 4073 inferioribus
1820 4018 2146 4074 causantur
2181 4030 2256 4075 ex
2293 4015 2510 4074 virtute
2556 4032 2668 4077 coe-

232 4085 484 4146 lestium
511 4097 851 4157 corporum.
884 4085 1057 4154 Quod
1081 4083 1266 4158 igitur
1292 4082 1444 4141 nulli
1470 4084 1554 4142 rei
1584 4089 1781 4156 potest
1807 4098 1944 4143 esse
1993 4085 2264 4144 naturale
2315 4098 2440 4144 non
2471 4092 2673 4158 potest

197 4212 202 4217 .
233 4155 367 4215 fieri
394 4156 615 4214 virtute
639 4155 972 4214 coelestium
1003 4167 1344 4227 corporum.
1375 4155 1657 4224 Quendam
1685 4159 1884 4236 autem
1911 4154 2054 4236 talia
2085 4154 2214 4214 fieri
2240 4128 2522 4217 d’icuntur
2563 4171 2672 4230 per

235 4226 626 4300 operationes
649 4225 985 4298 praedictas,
1015 4226 1175 4285 sicut
1201 4223 1361 4299 quod
1412 4224 1487 4284 ad
1573 4231 1912 4284 raesentiam
1961 4225 2237 4299 alicujus,
2281 4242 2673 4302 quaecumque

234 4312 374 4359 sera
402 4297 460 4357 ei
484 4295 801 4369 pandatur.
830 4296 994 4370 quod
1028 4297 1248 4370 aliquis
1295 4294 1537 4353 invisibi
1566 4298 1621 4355 is
1662 4296 1961 4365 reddatur,
1989 4299 2051 4353 et
2097 4297 2288 4357 multa
2323 4296 2666 4370 hujusmodi

233 4385 370 4443 quae
398 4370 741 4428 narrantur.
767 4369 899 4426 Non
917 4371 1010 4427 est
1031 4365 1216 4440 igitur
1243 4364 1534 4439 possibile
1564 4367 1681 4426 hoc
1706 4366 1835 4426 fieri
1863 4365 2078 4427 virtute
2105 4368 2441 4429 coelestium
2464 4378 2669 4438 corpo-

229 4454 390 4502 I'Um.
