3076 5025
995 298 1131 354 ΜΒ.
1169 298 1268 365 111,
1309 297 1461 354 CAP.
1500 296 1745 354 cxxxii.
2475 301 2580 356 445

208 421 517 492 Adhuc,ad
544 421 965 493 perfectionem
996 420 1234 478 virtutis
1259 419 1515 476 maxime
1548 418 1871 492 requiritur
1911 418 2098 477 animi
2136 418 2382 478 libertas
2422 439 2436 476 :
2469 421 2580 480 1160

133 495 306 555 66116
365 493 635 561 66111616,
690 492 765 549 de
826 491 986 549 facili
1040 491 1318 549 homines
1369 489 1588 547 alienis
1634 489 1896 562 peccatis
1950 492 2429 561 communicant,
2487 490 2582 548 vel

134 577 430 635 expresse
460 562 914 630 consentiendo,
946 567 1047 620 aut
1089 575 1195 632 per
1233 559 1639 619 adulationem
1693 559 1992 631 leniendo,
2025 561 2119 617 vel
2166 560 2376 618 saltem
2406 561 2581 619 dissi-

119 627 459 694 ?mulando.
491 633 639 690 Huic
669 638 866 691 autem
906 631 1164 690 libertati
1202 642 1489 701 magnum
1532 629 1942 702 praejudicium
1994 637 2312 704 generatur
2340 647 2411 689 ex
2442 646 2588 703 prae·

120 706 309 765 ,dicto
344 704 522 762 modo
551 703 827 772 vivendi;
876 716 1000 760 non
1029 702 1190 759 enim
1220 707 1581 782 potestesse
1610 701 1755 773 quin
1786 701 1968 782 bomo
1990 708 2260 759 vereatur
2280 700 2584 760 offendere

119 790 286 835 ‚eum
319 775 492 847 cujus
514 773 825 832 beneficiis
857 773 1018 830 vivit.
1050 773 1374 830 Praedictus
1419 776 1605 844 igitur
1645 771 1862 829 modus
1900 771 2136 830 vivendi
2181 772 2426 844 impedit
2454 786 2586 843 per·

126 847 471 904 ‚sectionem
498 845 758 914 virtutis,
787 845 889 925 qui
917 849 1009 901 est
1031 842 1171 924 finis
1201 842 1551 901 voluntariae
1578 842 1945 913 paupertatis
1976 843 2189 901 :etita
2208 856 2331 901 606
2351 843 2587 903 videtur

143 914 1315 1066 coffiggfflse,vgfflgtzliigfagsseaffeurius
1368 983 1677 1041 voluntate
1731 981 2025 1053 dependet
2076 984 2417 1066 facultatem
2464 1000 2585 1045 non

149 1057 473 1116 habemus.
505 1057 578 1113 Se
645 1069 721 1112 ex
767 1055 1071 1114 voluntate
1115 1055 1316 1113 dantis
1357 1051 1650 1124 dependet
1687 1054 1847 1125 quod
1895 1067 1968 1111 ex
2009 1068 2268 1126 proprus
2311 1056 2428 1113 det.
2457 1059 2589 1115 Non

146 1126 345 1199 igitur
371 1124 739 1185 sufficienter
765 1125 1108 1196 providetur
1136 1125 1198 1182 in
1243 1124 1524 1205 facultate
1569 1123 2029 1184 sustentationis
2060 1126 2192 1183 vitae
2230 1125 2588 1186 voluntariis

151 1197 524 1270 pauperibus
550 1210 657 1267 per
680 1197 839 1256 hunc
861 1196 1106 1255 modum
1142 1194 1401 1253 vivendi.
2667 1221 2675 1234 ‚

228 1270 514 1338 Praeterea,
545 1279 793 1326 6606666
820 1272 912 1325 661
944 1266 1104 1340 quod
1132 1278 1425 1346 pauperes
1438 1264 1554 1346 qui
1582 1278 1657 1323 ex
1682 1264 1782 1325 his
1809 1278 1942 1338 quae
1958 1265 2033 1323 ab
2056 1265 2195 1326 aliis
2214 1268 2432 1327 dantur
2449 1281 2591 1328 sus·
2667 1282 2673 1288 ·

151 1339 376 1396 tentari
412 1338 680 1406 debeant,
723 1339 1114 1396 necessitates
1158 1351 1304 1396 suas
1350 1336 1488 1395 aliis
1534 1341 1838 1408 exponant
1879 1341 1938 1394 et
1980 1340 2322 1397 necessaria
2365 1344 2587 1411 petant.

157 1407 514 1482 Hujusmodi
542 1414 741 1466 autem
769 1408 1101 1467 necessitas
1130 1407 1322 1465 reddit
1349 1407 1829 1478 contemptibiles
1853 1408 2282 1478 mendicantes,
2324 1417 2383 1467 et
2410 1411 2591 1469 etiam

139 1491 419 1552 graves:
450 1479 725 1537 homines
744 1479 907 1537 enim
934 1479 1276 1550 superiores
1306 1491 1374 1536 se
1400 1477 1699 1536 aestimant
1727 1478 1851 1559 illis
1897 1477 2001 1559 qui
2045 1492 2153 1550 per
2194 1492 2301 1538 eos
2353 1488 2591 1539 susten-

155 1549 280 1609 tari
311 1562 551 1609 necesse
578 1549 817 1618 babent,
843 1555 903 1609 et
930 1563 1067 1607 cum
1114 1548 1462 1607 difficultate
1500 1547 1644 1607 dant
1688 1548 1951 1621 plurimi.
1984 1549 2227 1621 Oportet
2254 1556 2450 1609 autem
2485 1563 2592 1610 eos

157 1620 270 1749 gui
313 1620 914 1702 perfectionem-vitai
961 1625 1277 1678 assumunt
1320 1620 1385 1700 in
1433 1620 1768 1700 reyerentia
1809 1618 2014 1678 11611611
2068 1626 2128 1678 61
2171 1619 2363 1694 diligi,
2407 1626 2470 1680 ut
2501 1621 2592 1680 sic

141 1743 146 1748 .
209 1702 445 1749 omines
476 1702 584 1751 eos
609 1690 849 1749 facilius
876 1691 1184 1748 imitentur
1226 1695 1286 1748 et
1321 1694 1561 1747 virtutis
1602 1694 1822 1748 statum
1870 1690 2261 1760 temulentum
2289 1691 2341 1749 si
2393 1696 2593 1751 autem

157 1762 530 1821 contrarium
585 1760 835 1830 accidat,
879 1763 1058 1819 etiam
1085 1761 1273 1818 virtus
1327 1759 1463 1832 ipsa
1513 1760 1935 1818 contemnitur.
1968 1763 2069 1817 Est
2120 1762 2305 1832 igitur
2341 1763 2596 1822 nocivus

159 1832 385 1890 modus
430 1844 504 1889 ex
545 1832 900 1891 necessitate
940 1831 1174 1889 vivendi
1222 1832 1286 1888 in
1333 1830 1430 1889 his
1466 1829 1571 1903 qui
1613 1836 1854 1905 propter
1889 1831 2315 1902 perfectionem
2356 1832 2594 1892 virtutis

156 1901 558 1961 voluntariam
586 1907 988 1973 paupertatem
1018 1905 1355 1962 assumunt.
1606 1970 1619 1983 ·

231 1974 521 2041 Praeterea,
548 1972 826 2043 perfectis
851 1972 998 2030 viris
1027 1986 1147 2031 non
1168 1973 1367 2031 solum
1395 1975 1538 2030 sunt
1561 1970 1805 2030 vitanda
1825 1970 2003 2041 mala,
2027 1972 2136 2032 sed
2163 1972 2343 2031 etiam
2366 1988 2442 2034 ea
2461 1987 2595 2048 qnae

160 2042 304 2102 mali
354 2042 612 2114 speciem
655 2042 876 2101 habent
905 2062 920 2112 ;
947 2056 1081 2101 nam
1121 2042 1442 2115 Apostolus
1485 2042 1651 2106 dicit,
1695 2045 1886 2112 Rom„
1936 2054 2022 2100 x11
2053 2062 2068 2099 :
2097 2044 2188 2101 Ab
2233 2049 2382 2101 omni
2426 2061 2451 2103 s
2493 2047 2603 2103 ecte

162 2114 306 2169 mali
323 2116 583 2170 abstinete
609 2128 735 2180 22085
761 2120 821 2172 et
849 2113 1251 2184 Philosophus
1299 2113 1461 2180 dicit,
1488 2113 1648 2184 quod
1678 2113 1982 2169 virtuosus
2031 2126 2152 2170 non
2195 2116 2392 2173 solum
2465 2117 2599 2174 ebet

161 2184 382 2257 fugere
411 2183 625 2255 turpia,
654 2182 760 2242 sed
790 2183 968 2241 etiam
998 2198 1068 2243 66
1096 2198 1228 2257 quae
1254 2183 1448 2255 turpia
1483 2183 1779 2243 videntur.
1808 2183 2155 2244 mendicitas
2193 2191 2392 2244 autem
2422 2187 2605 2247 habet

163 2255 426 2325 speciem
455 2254 619 2323 mali,
646 2267 783 2313 cum
811 2255 982 2312 multi
1011 2263 1250 2335 propter
1275 2261 1570 2325 quaestum
1598 2255 1960 2313 mendicent.
1988 2258 2122 2313 Non
2154 2262 2247 2314 est
2288 2258 2473 2330 igitur
2499 2259 2597 2316 1110

158 2325 387 2382 modus
411 2325 644 2382 vivendi
670 2325 951 2397 perfectis
975 2325 1119 2382 viris
1148 2324 1571 2383 assumendus.

237 2397 396 2464 Item,
428 2396 500 2453 ad
532 2396 647 2453 1100
675 2396 846 2454 datur
872 2395 1193 2453 consilium
1225 2394 1297 2451 de
1327 2398 1669 2465 paupertate
1713 2394 2051 2453 voluntaria
2082 2402 2151 2453 ut
2193 2409 2367 2455 mens
2403 2397 2596 2455 homi-

159 2465 267 2527 nis
305 2482 342 2526 a
376 2465 780 2525 sollicitudine
821 2470 1192 2525 terrenorum
1249 2470 1476 2523 remota
1526 2463 1775 2524 liberius
1831 2466 1952 2523 Deo
2003 2471 2189 2524 vacet.
2243 2466 2350 2525 llic
2400 2473 2597 2528 6616111

160 2537 385 2598 modus
414 2552 486 2594 ex
524 2537 904 2595 mendicitate
929 2536 1186 2605 vivendi,
1218 2535 1396 2595 habet
1437 2535 1754 2607 plurimam
1804 2535 2268 2594 sollicitudinem
2301 2555 2317 2594 :
2349 2538 2597 2610 majoris

164 2609 330 2669 66161
365 2608 791 2666 sollicitudinis
819 2619 956 2665 esse
985 2606 1217 2664 videtur
1263 2618 1525 2678 quaerere
1578 2606 1777 2663 aliena
1818 2618 1996 2677 quam
2046 2607 2306 2677 propriis
2332 2607 2438 2664 uti.
2466 2611 2597 2669 Non

163 2693 315 2754 ergo
343 2678 573 2807 Videt-gr
599 2691 734 2736 esse
761 2677 1128 2736 conveniens
1157 2676 1255 2734 1110
1279 2676 1494 2733 modus
1512 2674 1749 2733 vivendi
1777 2681 2184 2747 paupertatem
2198 2678 2597 2739 voluntariam

164 2756 501 2812 assumenti
545 2763 638 2807 us.

238 2820 296 2880 Si
324 2820 463 2892 quis
491 2825 688 2877 autem
716 2817 1157 2876 mendicitatem
1205 2815 1447 2874 laudare
1474 2815 1636 2897 velit·
1654 2821 1901 2898 propter
1922 2816 2339 2889 humilitatem,
2362 2819 2598 2880 videtur

163 2891 422 2952 omnino
459 2888 931 2947 irrationibiliter
977 2888 1036 2946 lo
1081 2888 1161 2945 ui.
1194 2886 1491 2945 Laudatur
1542 2899 1703 2944 enim
1736 2887 2047 2946 humilitas
2076 2890 2406 2948 secundum
2477 2893 2595 2952 uod

167 2960 826 3020 contemniturterrena
870 2904 1142 3028 61111630,
1173 2971 1306 3031 quae
1349 2956 1631 3014 consistit
1657 2957 1717 3014 16
1767 2957 2011 3039 divitiis,
2051 2958 2403 3024 honoribus,
2461 2976 2596 3022 ama

169 3036 236 3092 61
262 3030 606 3103 hujusmodi
631 3047 647 3099 ;
674 3042 798 3089 non
824 3034 1018 3088 autem
1069 3028 1397 3088 secundum
1430 3027 1589 3100 quod
1629 3033 2031 3086 contemnitur
2051 3029 2301 3090 altitudo
2337 3032 2596 3103 virtutis,

166 3107 447 3181 respectu
480 3100 654 3182 cujus
695 3105 929 3182 01101161
970 3112 1085 3158 606
1130 3098 1549 3180 magnanimos
1598 3111 1755 3179 esse.
1788 3101 1955 3157 Esset
1999 3099 2184 3173 igitur
2208 3102 2600 3229 vituperanda

153 3170 502 3240 ’11616111166,
527 3184 579 3229 61
622 3184 759 3245 quis
800 3175 1038 3242 propter
1085 3170 1481 3250 bumilitatem
1540 3169 1764 3241 aliquid
1818 3169 2034 3228 faceret
2083 3171 2243 3243 quod
2292 3173 2595 3233 atitudini

167 3241 411 3299 virtutis
451 3241 783 3314 derogaret.
815 3244 1069 3313 Derogat
1096 3246 1293 3298 autem
1325 3255 1378 3296 61
1417 3239 1790 3309 mendicitas,
1820 3244 1947 3298 tum
1977 3240 2120 3313 quia
2145 3242 2476 3301 virtuosius
2505 3249 2598 3303 est

169 3311 319 3371 dare
345 3326 519 3383 quam
549 3312 837 3384 accipere,
859 3316 983 3369 tuni
1012 3311 1152 3384 quia
1184 3311 1360 3368 habet
1387 3310 1647 3380 speciem
1673 3311 1864 3380 turpis
1893 3311 2066 3381 lucri,
2097 3316 2164 3369 61
2205 3311 2427 3371 dictum
2482 3318 2595 3373 est.

167 3383 307 3442 Non
334 3389 425 3441 est
449 3383 633 3455 igitur
655 3396 763 3453 pro
808 3387 894 3440 tei·
917 3382 1308 3440 bumilitatem
1337 3380 1691 3438 mendicitas
1724 3381 2038 3439 laudanda.

247 3454 505 3510 Fuerunt
527 3452 704 3510 etiam
738 3466 774 3509 a
799 3451 923 3524 iqui
987 3452 1046 3510 ui
1075 3451 1499 3522 perfectionem
1529 3451 1661 3509 vitae
1678 3452 2044 3511 sectantibus
2065 3452 2349 3512 dicebant
2368 3452 2593 3514 nullam

169 3522 641 3583 sollicitudinem
692 3536 829 3579 esse
899 3522 975 3579 ba
1017 3522 1227 3579 endam
1286 3534 1477 3593 neque
1519 3521 1936 3591 mendicando,
1994 3536 2187 3597 neque
2242 3524 2595 3589 laborando,

168 3605 370 3665 neque
399 3592 514 3651 sibi
545 3592 769 3666 aliquid
800 3592 1157 3650 reservando
1184 3611 1199 3661 3
1230 3591 1336 3651 sed
1360 3596 1632 3662 oportere
1662 3605 1768 3650 606
1795 3607 1832 3651 6
1875 3592 2008 3651 6010
2048 3597 2171 3652 Deo
2213 3595 2600 3653 sustentatio-

167 3676 311 3724 nem
341 3663 473 3722 vitae
501 3669 809 3735 expectare
831 3680 858 3735 3,
878 3676 984 3734 pro
1026 3670 1116 3720 ter
1143 3664 1255 3720 hoc
1285 3663 1443 3735 quod
1472 3662 1710 3733 dicitur,
1738 3663 1960 3733 matth„
1990 3669 2201 3733 vi‚25:
2233 3667 2431 3724 Nollite
2457 3665 2606 3723 solli-

167 3735 273 3791 citi
298 3749 409 3790 esse
436 3737 631 3790 animae
656 3737 846 3791 vestrae
873 3736 969 3803 qu·
1050 3734 1405 3794 manducetis,
1441 3738 1541 3790 aut
1584 3734 1722 3804 quid
1768 3734 1984 3797 bibatis,
2030 3739 2129 3792 aut
2168 3738 2384 3809 corpori
2425 3740 2602 3794 vestro

165 3803 508 3863 induamini.
539 3806 608 3862 Et
629 3806 865 3866 iterum.
894 3804 1055 3867 ibid..
1086 3808 1156 3861 34
1184 3822 1202 3860 ε
1226 3805 1404 3863 Nolite
1428 3806 1486 3859 in
1511 3806 1813 3859 crastinum
1837 3806 2075 3874 cogitare

247 3876 374 3933 Hoc
403 3880 600 3933 autem
626 3874 861 3933 videtur
886 3875 1135 3933 omnino
1162 3873 1590 3932 irrationabile.
1621 3875 1873 3931 Stultum
1905 3874 2064 3933 enim
2089 3880 2184 3935 est
2219 3876 2371 3935 velle
2419 3876 2603 3939 finem

168 3949 236 4005 et
254 3945 708 4073 ί11111116161111616
738 3960 811 4003 66
836 3959 968 4018 quae
1020 3951 1161 4003 sunt
1215 3944 1288 4003 ad
1339 3942 1541 4001 finem.
1592 3943 1680 4026 hd
1732 3943 1911 4025 finem
1960 3951 2157 4003 autem
2210 3948 2605 4007 comestionis

173 4027 251 4076 01
297 4018 497 4073 inatur
524 4014 869 4077 sollicitudo
898 4016 1181 4084 bumana,
1201 4027 1308 4086 per
1326 4027 1505 4087 quam
1552 4013 1669 4072 sibi
1696 4021 1920 4073 victum
1987 4020 2245 4075 recurat.
2275 4017 2389 4085 Qui
2420 4019 2607 4090 igitur

174 4085 410 4158 absque
436 4085 805 4146 comestione
836 4086 1031 4144 vivere
1059 4098 1181 4143 non
1227 4089 1502 4157 possunt,
1555 4084 1815 4158 aliquam
1844 4085 1938 4144 sol
1966 4086 2312 4145 icitudinem
2342 4086 2418 4146 de
2444 4088 2608 4150 victu

170 4156 505 4231 quaerendo
535 4155 752 4215 debent
773 4155 1012 4215 11611616.

244 4228 539 4298 Praeterea,
583 4227 927 4285 sollicitudo
967 4232 1338 4284 teri-enorum
1384 4237 1506 4283 non
1556 4230 1653 4283 est
1692 4226 1954 4295 vitanda,
2001 4226 2123 4286 nisi
2165 4227 2311 4301 quia
2354 4226 2607 4301 impedit

171 4297 746 4370 contemplationem
771 4301 1147 4355 aeternorum.
1180 4300 1306 4355 Non
1339 4299 1757 4366 potestantem
1796 4297 1975 4356 bomo
2002 4299 2313 4356 mortalem
2363 4308 2605 4358 carnem

168 4379 396 4498 gerens
425 4368 641 4437 vivere,
671 4367 821 4441 quin
850 4367 1038 4424 multa
1062 4381 1098 4425 a
1139 4373 1200 4425 at
1265 4367 1443 4425 uibus
1472 4368 1895 4436 contemplatio
1933 4368 2419 4450 interrumpatur,
2448 4368 2607 4426 sicut

219 4437 560 4508 ormiendo,
587 4436 982 4508 comedendo,
1006 4441 1067 4497 et
1142 4438 1201 4497 ia
1276 4435 1578 4510 ejusmodi
1606 4436 1902 4497 faciendo.
1931 4439 2137 4513 Neque
2162 4439 2348 4513 igitur
2370 4442 2606 4510 prseter-
