3076 5025
1088 260 1222 317 Lm.
1259 261 1354 329 IV,
1392 262 1547 318 CAP-
1584 261 1834 320 xxxvu.
2565 264 2673 321 5⁸0

312 376 535 446 Adhuc,
568 376 632 434 in
665 390 786 459 uno
809 377 1051 436 homine
1083 394 1255 451 puro,
1282 383 1554 454 quamvis
1581 383 1662 439 sit
1703 398 1772 442 su
1817 383 2017 455 posito
2056 397 2240 456 unus,
2277 390 2423 443 sunt
2470 390 2674 443 tamen

237 446 446 519 plnres
478 452 537 504 et
564 461 639 519 ap
683 454 863 507 etitns
893 455 951 507 et
977 452 1356 521 operationes
1387 453 1719 510 secundum
1801 456 1994 512 iversa
2036 455 2330 513 naturalia
2358 454 2671 527 principia.

238 520 410 600 Ram,
443 531 629 599 secun
677 533 775 600 iim
819 522 1173 578 rationalem
1203 528 1447 595 partem,
1479 523 1637 581 inest
1662 524 1716 581 ei
1746 525 2059 594 voluntas3
2091 527 2426 583 seeundum
2477 528 2671 584 sensi-

233 595 422 646 tivam
454 594 615 645 inest
646 603 706 670 ⁰¹.
732 591 1052 650 irascibilis
1079 598 1139 648 et
1163 593 1675 663 concupiscibilis,
1707 598 1765 651 et
1787 608 2000 653 rursus
2044 594 2336 652 naturalis
2376 597 2673 668 appetitus

235 671 429 718 oonse
476 672 626 715 uens
655 673 811 717 vires
840 663 1162 722 naturales,
1184 663 1470 721 Similiter
1508 671 1705 722 autem
1751 670 1812 723 et
1853 665 2186 724 secundum
2215 666 2456 724 oculum
2493 666 2674 739 videt,

235 742 430 789 secun
479 744 578 786 um
609 744 814 788 aurem
842 732 1028 800 audit,
1057 733 1206 805 pede
1231 734 1516 801 ambulat,
1551 735 1758 808 lingua
1786 735 2052 808 loquitur
2094 740 2153 792 et
2206 743 2406 793 mente
2447 738 2670 795 intelli·

237 800 359 873 git3
386 814 519 882 qum
547 806 689 858 sunt
718 803 1094 870 operationes
1125 804 1436 862 universae.
1457 807 1524 862 Et
1546 803 1663 863 hoc
1703 806 1839 863 ideo
1865 812 1958 864 est
1982 807 2125 879 quia
2148 807 2529 877 operationes
2549 819 2675 866 non

238 871 720 953 multiplicantur
755 873 951 931 solum
986 874 1316 932 secundum
1362 875 1598 934 diversa
1645 876 1913 947 snbjiicta
1959 876 2285 948 operativa,
2338 877 2446 935 sed
2490 878 2673 936 etiam

235 940 578 1023 seeundum
607 941 840 1001 diversa
867 944 1178 1024 principia,
1209 946 1429 1019 quihus
1460 959 1647 1004 unum
1677 953 1734 1004 et
1761 946 1917 1005 idem
1950 946 2282 1019 sthectum
2312 954 2611 1019 operatur,
2633 962 2671 1007 a

328 1012 468 1070 ihus
496 1019 674 1070 etiam
703 1019 1084 1084 operationes
1114 1017 1373 1087 speciem
1405 1017 1668 1075 trahunt.
1691 1017 1903 1076 Divina
1928 1030 2069 1076 vero
2098 1024 2309 1075 natura
2325 1018 2515 1076 multo
2533 1019 2672 1090 plus

285 1082 428 1163 'stat
448 1082 530 1164 ‚ab
560 1084 821 1164 humana
849 1098 1029 1166 quam
1055 1087 1351 1145 naturalia
1377 1088 1676 1169 principia
1720 1088 1997 1146 humanm
2026 1095 2253 1147 naturae
2282 1088 2357 1146 ab
2385 1088 2671 1147 invicem.

239 1154 345 1212 Est
363 1160 563 1235 ‘igitur
590 1154 710 1211 alia
738 1160 795 1212 et
821 1156 941 1214 alia
966 1157 1243 1215 voluntas
1272 1163 1331 1215 et
1360 1166 1628 1229 operatio
1672 1158 1887 1217 divinae
1933 1165 1991 1216 et
2039 1159 2314 1218 humanae
2342 1163 2571 1218 naturae
2601 1159 2673 1216 in

233 1224 503 1293 ChristO,
533 1223 671 1283 licet
700 1225 829 1296 ipse
849 1226 1131 1307 ‚Christus
1161 1228 1335 1286 sitin
1363 1234 1612 1301 utraque
1647 1235 1859 1287 natura
1886 1242 2067 1288 unua.

309 1295 466 1363 Item,
514 1309 585 1352 ex
636 1301 985 1354 auctoritate
1037 1298 1352 1370 Scripturae
1407 1300 1721 1357 manifeste
1764 1299 2102 1358 ostenditur
2138 1300 2200 1358 in
2247 1299 2481 1359 Christo
2518 1299 2670 1359 duas

235 1363 582 1423 voluntates
613 1366 823 1424 fuisse.
856 1367 1009 1424 Dicit
1032 1369 1189 1427 enim
1222 1369 1351 1440 ipse
1378 1388 1393 1425 ε
1423 1370 1687 1425 Descende·
1713 1371 1780 1426 de
1821 1372 1969 1435 coelo,
1999 1386 2109 1427 non
2148 1373 2214 1427 iit
2246 1372 2453 1438 faciam
2477 1372 2671 1428 votien-

239 1437 410 1491 tatem
435 1450 628 1500 meam,
668 1437 763 1491 sed
786 1438 1117 1494 voluntatem
1156 1439 1275 1510 ejus
1301 1442 1399 1510 qui
1431 1443 1586 1495 misit
1610 1457 1693 1495 me
1723 1440 1961 1513 (Ionum,
1998 1454 2085 1510 vl,
2109 1441 2197 1514 38)
2227 1458 2242 1509 ;
2273 1446 2333 1498 et
2362 1455 2377 1494 ε
2405 1442 2528 1499 Non
2554 1455 2675 1496 moa

240 1505 513 1567 vohintas,
538 1504 634 1559 sed
661 1509 758 1560 tua
782 1509 901 1575 nat.
933 1507 1107 1577 (Lam,
1137 1522 1287 1576 xxii,
1321 1511 1435 1579 42.)
1470 1514 1551 1565 Ex
1579 1511 1796 1580 quihus
1824 1515 1985 1582 patet
2010 1512 2170 1584 quod
2201 1511 2264 1567 in
2295 1510 2531 1569 Christo
2561 1511 2674 1569 suit

245 1575 514 1649 qnaedam
546 1574 823 1656 voluntas
852 1576 1089 1658 propria
1116 1577 1268 1648 ejus,
1294 1584 1506 1650 praeter
1531 1580 1900 1637 voluntatem
1930 1582 2143 1640 Patris.
2174 1581 2553 1638 Manifestum
2581 1585 2675 1639 est

245 1649 440 1704 autem
471 1645 630 1726 quod
677 1659 740 1726 in
786 1659 862 1704 eo
889 1646 1000 1704 fuit
1025 1647 1300 1705 voluntas
1346 1648 1618 1720 quaedam
1647 1649 1987 1706 communis
2015 1650 2219 1707 sibiet
2259 1649 2453 1718 Patri;
2482 1651 2673 1710 Patris

244 1716 407 1774 enim
438 1721 496 1796 et
526 1716 651 1773 Filii
680 1724 836 1774 sicut
862 1721 953 1774 est
981 1731 1104 1775 una
1125 1722 1358 1787 natura,
1388 1718 1474 1775 ita
1494 1719 1679 1776 etiam
1706 1724 1800 1778 est
1845 1733 1968 1777 una
1991 1721 2290 1780 voluntas
2316 1720 2470 1778 Sunt
2491 1720 2676 1794 igitur

247 1786 312 1844 in
343 1786 579 1844 Christo
604 1787 735 1844 duae
757 1786 1116 1846 voluntates.

167 1911 176 1918 .
313 1857 477 1937 Idem
506 1863 703 1914 autem
724 1862 783 1914 et
807 1857 880 1915 de
904 1857 1356 1939 operationibus
1374 1862 1553 1929 patet.
1584 1859 1719 1918 Fuit
1738 1859 1895 1917 enim
1923 1859 1985 1919 in
2009 1860 2243 1920 Christo
2261 1873 2386 1918 una
2405 1860 2674 1933 operatio

237 1927 359 1988 sibi
392 1932 452 1983 et
479 1927 637 1983 Patri
665 1940 1023 1999 communis,
1051 1942 1236 2001 quum
1260 1929 1390 1999 ipse
1420 1928 1577 1988 dicat
1606 1946 1621 1985 ε
1652 1931 2008 2001 Quaecumque
2034 1934 2199 1988 Pater
2237 1934 2449 2000 fecerit,
2478 1935 2531 1988 et
2556 1932 2676 1990 ἡδο

236 1998 500 2056 seinaim
524 1999 699 2054 Filius
725 1999 875 2065 tecit.
906 1997 1144 2070 (Iouna,
1175 2012 1240 2069 v,
1283 1998 1394 2070 ¹9.)
1427 2002 1528 2058 Est
1578 2007 1775 2059 autem
1802 2001 1863 2058 in
1891 2007 1968 2059 ‘eo
1996 2007 2056 2059 et
2094 2003 2215 2059 alia
2241 2001 2511 2072 operatio
2539 2014 2673 2075 ηοω

237 2081 364 2127 non
396 2068 674 2126 convenit
695 2068 875 2138 Patri,
904 2074 972 2127 ut
998 2069 1278 2141 dormire,
1305 2070 1558 2142 esurire,
1587 2071 1899 2129 comedere
1918 2077 1978 2129 et
2004 2072 2125 2130 alia
2153 2071 2676 2144 hujusmodi‚quo

239 2138 518 2198 Christus
573 2138 923 2197 humanitus
971 2140 1109 2198 fecit
1131 2141 1226 2197 vel
1277 2153 1497 2211 passus
1545 2146 1657 2211 est,
1686 2147 1755 2199 ut
1797 2141 2182 2217 evangelistae
2218 2142 2488 2202 tradunt.
2540 2145 2675 2201 Non
2780 2175 2791 2186 κ

242 2209 432 2284 igitur
457 2208 569 2267 fuit
592 2210 656 2266 in
687 2210 919 2267 Christo
945 2223 1067 2268 una
1092 2215 1323 2268 tantum
1353 2212 1643 2283 operatio.

307 2278 554 2337 videtur
581 2285 777 2337 autem
807 2278 934 2338 haec
963 2281 1179 2351 positio
1207 2284 1404 2340 ortum
1434 2281 1722 2340 habuisse
1763 2295 1838 2340 ex
1876 2282 1995 2341 hoc
2034 2282 2196 2357 quod
2235 2282 2367 2355 eius
2397 2287 2675 2342 auctores

238 2350 589 2408 nescierunt
638 2349 1005 2423 distinguere
1059 2351 1215 2407 inter
1267 2351 1328 2408 id
1382 2352 1545 2424 quod
1591 2358 1683 2409 est
1727 2353 1840 2409 sim
1890 2354 2079 2411 liciter
2118 2367 2307 2410 unum
2355 2356 2414 2409 et
2465 2352 2675 2410 ordine

239 2434 452 2480 unum.
473 2420 758 2479 viderunt
779 2420 936 2477 enim
967 2420 1329 2480 voluntatem
1363 2421 1685 2479 humanam
1714 2421 1778 2478 in
1801 2424 1840 2478 C
1887 2423 2032 2479 rislo
2060 2422 2306 2480 omnino
2336 2422 2450 2482 sub
2470 2423 2678 2480 volun-

237 2494 356 2551 tate
404 2491 607 2550 divina
658 2490 990 2550 ordinatam
1039 2491 1247 2561 fuisse,
1276 2491 1359 2551 ita
1394 2492 1554 2619 Ἱιιοᾶ
1584 2491 1731 2549 nihil
1760 2493 2063 2573 voluntate
2090 2491 2375 2574 ‚humana
2401 2492 2671 2574 Chris-tus

235 2562 430 2621 voluit
457 2561 577 2619 nisi
604 2562 938 2621 secundum
974 2562 1137 2635 quod
1173 2576 1308 2621 eum
1338 2576 1407 2619 ve
1437 2564 1490 2619 le
1514 2563 1791 2621 voluntas
1816 2563 2018 2622 divina
2045 2563 2363 2633 disposuit.
2394 2563 2676 2621 Similiter

237 2634 421 2691 etiam
478 2633 628 2691 nihil
679 2631 949 2691 Christus
982 2633 1311 2692 secundum
1367 2631 1693 2691 humanam
1752 2637 2025 2691 naturam
2080 2639 2361 2704 operatus
2418 2639 2534 2700 est,
2578 2634 2673 2691 vel

316 2704 475 2762 endo
516 2703 610 2760 vel
661 2702 963 2774 patiendo,
1011 2703 1129 2763 nisi
1179 2703 1341 2778 quod
1394 2705 1674 2762 voluntas
1724 2703 1922 2762 divina
1974 2703 2291 2775 disposuit,
2340 2702 2673 2763 secundum

237 2774 438 2833 ilud:
474 2774 602 2841 Quae
620 2775 833 2844 placita
874 2777 1005 2830 sunt
1046 2776 1115 2839 ei,
1158 2776 1307 2843 facio
1332 2790 1560 2846 semper.
1601 2774 1840 2846 (Ionum,
1866 2786 2000 2841 vm,
2029 2778 2120 2833 2⁰.
2175 2775 2448 2831 Humana
2491 2773 2673 2833 etiam

243 2844 512 2916 operatio
540 2844 755 2902 Christi
776 2844 1091 2916 quamdam
1121 2844 1444 2903 efficaciam
1472 2845 1731 2903 divinam
1761 2858 1835 2902 ex
1861 2843 2085 2902 unione
2148 2844 2430 2902 ivinitatis
2458 2857 2673 2905 conse·

238 2915 553 2988 quebatur,
583 2914 739 2972 sicut
766 2915 924 2973 actio
952 2916 1292 2974 secundarii
1316 2916 1552 2996 agentis
1585 2914 1975 2988 consequitur
1998 2913 2326 2974 efficaciam
2350 2915 2673 2987 quamdam

239 3000 319 3067 ex·
338 2985 652 3113 princissali
682 2991 933 3059 agente;
963 2999 1037 3044 ex
1063 3000 1183 3058 quo
1211 2985 1504 3065 contingit
1573 2984 1689 3043 uod
1721 2985 1999 3057 quaelibet
2019 2985 2151 3070 ejus
2178 2985 2336 3043 actio
2356 2986 2445 3042 vel
2469 2985 2671 3057 passio

236 3056 351 3114 fuit
397 3056 527 3114 salu
577 3069 697 3125 ris;
731 3060 970 3127 propter
995 3056 1157 3128 quod
1199 3058 1522 3140 Dionysius
1573 3058 1652 3113 De
1679 3055 1887 3113 divinis
1911 3072 2145 3126 nomam,
2175 3070 2230 3115 c.
2259 3057 2316 3129 2)
2346 3056 2673 3115 humanam

242 3126 460 3184 christi
485 3125 892 3196 operationem
918 3130 1091 3182 vocat
1115 3125 1509 3189 theandricam,
1542 3126 1603 3183 id
1632 3129 1727 3185 est
1743 3127 2092 3190 dei-virilem,
2122 3130 2181 3184 et
2208 3128 2388 3184 etiam
2416 3127 2561 3201 quia
2581 3130 2675 3186 est

238 3196 341 3259 nei
387 3203 447 3253 et
492 3195 776 3253 hominis.
824 3195 1102 3253 videntes
1149 3194 1328 3270 igitur
1368 3196 1692 3254 humanam
1733 3198 2099 3256 voluntatem
2151 3202 2211 3254 et
2264 3197 2674 3270 operationem

237 3265 456 3325 Christi
500 3266 615 3324 suh
657 3265 862 3323 divina
905 3265 1188 3335 ordinari,
1246 3266 1546 3323 infallibili
1594 3266 1821 3338 ordine,
1868 3267 2282 3340 judicaverunt
2322 3268 2384 3324 in
2435 3267 2672 3327 christo

235 3350 375 3395 esse
415 3340 649 3394 tantum
676 3335 1043 3394 voluntatem
1069 3340 1129 3394 et
1154 3337 1559 3406 operationem
1595 3351 1817 3409 unam;
1846 3338 2122 3412 quamvis
2146 3350 2269 3398 non
2300 3338 2382 3396 sit
2409 3335 2592 3409 idem,
2608 3339 2676 3396 ut

237 3406 467 3468 dictum
494 3412 608 3479 est,
638 3418 826 3505 unum
846 3406 1059 3467 ordine
1086 3411 1146 3467 et
1174 3420 1361 3467 unum
1381 3407 1755 3481 simpliciter.

1161 3624 1418 3693 CAPUT
1456 3625 1758 3693 XXXVII.

231 3798 468 3850 doma
500 3797 614 3850 Bos
661 3799 762 3857 om
796 3797 1092 3847 mmm
1122 3797 1204 3845 Ex
1237 3797 1432 3846 mnu
1465 3798 1546 3845 m·
1578 3797 1844 3846 CORPORE
1876 3795 2000 3848 NON
2031 3796 2176 3850 2888
2209 3795 2454 3857 mmm)
2502 3796 2671 3853 m

1052 3885 1458 3937 consmuruu
1489 3887 1557 3935 m
1589 3886 1856 3936 nnmsro.

303 4045 393 4103 Ex
433 4041 764 4115 praemissis
809 4041 995 4113 igitur
1035 4040 1419 4100 manifestum
1449 4044 1545 4099 est
1586 4041 1748 4114 quod
1780 4042 1847 4100 in
1876 4040 2109 4102 Christo
2153 4045 2501 4105 esttantum
2546 4057 2675 4105 nna

279 4126 522 4182 ersona,
570 4112 903 4172 secundum
948 4111 1088 4171 fidei
1131 4112 1547 4184 assertionem,
1594 4119 1655 4171 et
1692 4113 1827 4173 dnae
1872 4118 2120 4185 naturae,
2150 4118 2362 4175 contra
2396 4116 2458 4175 id
2509 4114 2673 4192 quod

230 4126 552 4248 gestemus
582 4187 640 4241 et
669 4185 962 4258 Eutyches
990 4186 1341 4255 posuerunt.
1565 4252 1578 4264 ·

308 4255 447 4323 Sed,
478 4254 622 4328 quia
673 4255 789 4314 hoc
832 4254 1092 4312 alienum
1137 4252 1370 4312 videtur
1395 4252 1471 4312 ab
1515 4252 1616 4313 his
1647 4268 1781 4324 ηοω
1826 4254 2118 4314 naturalis
2158 4256 2313 4317 ratio
2348 4258 2670 4330 experitur.

231 4323 481 4385 fuerunt
526 4324 768 4397 quidam
814 4324 1206 4406 posteriores,
1255 4324 1438 4384 talem
1477 4323 1550 4381 de
1596 4325 1824 4383 unione
1871 4326 2232 4397 positionem
2280 4333 2620 4388 asserentes
2647 4343 2670 4386 z

229 4396 391 4468 Quia
438 4397 602 4461 enim
633 4411 707 4461 ex
731 4409 957 4460 unione
983 4395 1185 4460 anima
1217 4400 1280 4458 et
1302 4395 1577 4469 corporis
1621 4395 2009 4461 constituitur
2049 4397 2255 4473 homo,
2283 4400 2394 4463 sed
2435 4413 2511 4462 ex
2553 4396 2672 4464 hac
