3076 5025
1087 303 1221 360 LIB.
1260 302 1350 372 IV,
1389 301 1545 360 CAP.
1581 302 1687 360 xL.
2497 307 2603 362 563

155 426 329 501 quod
350 428 433 485 sit
457 424 807 496 simpliciter
833 424 975 495 duo,
1005 428 1064 482 et
1089 438 1212 481 non
1245 425 1324 481 sit
1352 438 1541 482 unum
1572 424 1692 482 nisi
1721 423 2056 483 secundum
2083 424 2229 498 quid
2254 443 2270 494 3
2295 424 2454 497 qnod
2505 430 2599 485 est

157 498 378 557 tollere
406 499 633 564 Iesum,
658 496 798 568 quia
824 495 1291 576 unumquodque
1318 494 1382 552 in
1422 498 1655 551 tantum
1683 499 1777 576 est
1817 495 1880 552 in
1907 501 2197 576 quantum
2236 508 2423 554 unum
2472 501 2602 566 est;

158 568 334 644 qnod
359 566 546 640 igitur
571 578 698 624 non
727 571 822 624 est
847 565 1191 638 simpliciter
1221 579 1430 634 unum,
1454 577 1582 623 non
1607 569 1700 623 est
1725 565 2080 638 simpliciter
2106 578 2236 625 ens.

1092 786 1350 853 CAPUT
1384 787 1655 852 XXXIX.

487 967 624 1020 QUID
653 968 980 1014 GATEOHGA
1005 968 1171 1014 rums
1201 968 1449 1013 summ
1472 968 1553 1013 DE
1578 966 2015 1014 mummium
2038 967 2286 1016 emsa.

243 1130 331 1186 Ex
359 1127 716 1198 supradictis
742 1129 924 1201 igitur
965 1129 1346 1188 manifestum
1390 1134 1483 1187 est
1523 1131 1704 1204 qnod,
1754 1130 2081 1188 secundum
2123 1131 2431 1189 catholicae
2457 1130 2597 1190 fidei

164 1198 574 1265 traditionem,
602 1204 835 1269 oportet
861 1200 1057 1257 dicere
1086 1201 1243 1272 quod
1274 1202 1336 1256 in
1366 1200 1599 1258 Christo
1628 1201 1708 1257 sit
1730 1214 1851 1259 una
1874 1205 2087 1259 natura
2109 1200 2310 1258 divina
2336 1201 2601 1273 perfecta

165 1283 248 1328 ex
274 1269 482 1325 anima
506 1269 736 1327 scilieet
759 1270 1036 1328 rationali
1055 1278 1112 1327 et
1130 1273 1392 1328 hnmana
1415 1285 1591 1327 carne
1605 1271 1927 1328 constituta
1948 1289 1962 1340 ;
1984 1277 2039 1328 et
2058 1271 2216 1344 quod
2235 1272 2324 1329 hae
2346 1272 2478 1329 duae
2500 1286 2601 1330 na·

165 1343 323 1398 tum
339 1339 520 1396 unitae
532 1343 675 1396 sunt
692 1341 1023 1410 inchristo,
1037 1354 1156 1398 non
1177 1356 1280 1412 per
1295 1341 1487 1399 solam
1504 1340 2019 1410 inhabitationem,
2037 1355 2228 1414 neque
2242 1342 2598 1400 accidentali

167 1409 381 1477 modo,
410 1416 475 1466 ut
504 1408 689 1466 homo
719 1408 922 1467 unitur
953 1411 1327 1475 vestimento,
1359 1424 1552 1483 neque
1580 1411 1647 1468 in
1677 1412 1806 1470 sola
1835 1412 2136 1482 personali
2162 1412 2511 1471 habitudine
2540 1417 2599 1470 et

167 1479 554 1550 proprietate,
585 1478 689 1535 sed
730 1479 1055 1537 secundum
1087 1496 1268 1539 unam
1313 1481 1684 1554 hypostasim
1714 1487 1772 1539 et
1808 1482 2183 1553 suppositum
2233 1496 2440 1540 unum.
2473 1484 2599 1541 Hoc

171 1548 769 1676 enimtsohumtmodo
800 1550 1015 1608 salvari
1045 1556 1300 1623 possunt
1329 1566 1402 1609 ea
1441 1566 1574 1625 quae
1601 1552 1662 1609 in
1699 1552 2016 1624 seripturis
2042 1553 2205 1610 circa
2233 1552 2595 1611 incarnatio-

171 1631 318 1676 nem
372 1633 437 1675 ra
484 1633 562 1675 un
593 1633 681 1676 ur.

249 1689 443 1756 Quum
473 1689 629 1746 enim
659 1689 785 1746 Scri
822 1693 956 1748 tura
980 1703 1151 1748 sacra
1175 1691 1518 1749 indistincte
1564 1704 1695 1764 quae
1741 1695 1883 1749 sunt
1913 1691 2015 1749 Dei
2061 1692 2407 1751 hominiilli
2439 1692 2599 1751 attri-

168 1757 321 1817 buat
344 1763 405 1817 et
424 1774 559 1831 quae
588 1762 730 1816 sunt
755 1760 774 1817 i
802 1760 918 1818 lius
944 1759 1204 1818 hominis
1230 1764 1369 1831 Deo,
1403 1764 1467 1818 nt
1488 1775 1562 1819 ex
1588 1762 1917 1832 praemissis
1938 1765 2116 1834 patet,
2148 1777 2184 1821 o
2227 1767 2380 1821 ortet
2409 1774 2597 1822 unum

168 1833 236 1886 et
260 1828 538 1886 eumdem
564 1843 698 1887 esse
734 1829 805 1888 tle
830 1844 949 1903 qno
979 1837 1226 1903 utraque
1255 1830 1698 1901 dicantur.Sed,
1719 1832 1861 1904 quia
1885 1832 2159 1904 opposita
2217 1848 2250 1890 e
2269 1832 2480 1891 eodem
2510 1847 2600 1890 se-

166 1898 440 1957 eundum
468 1899 624 1956 idem
650 1899 766 1957 dici
808 1914 941 1957 vere
970 1915 1092 1959 non
1121 1905 1398 1972 possunt,
1438 1901 1635 1958 divina
1682 1907 1880 1960 autem
1921 1908 1981 1959 et
2027 1903 2292 1961 humana
2338 1916 2473 1976 quae
2520 1903 2594 1961 de

165 1969 411 2028 Christo
467 1969 744 2027 dicuntur
783 1971 1223 2042 oppositionem
1269 1971 1510 2040 habent,
1562 1975 1763 2043 utpote
1809 1986 2055 2044 passum
2101 1979 2159 2030 et
2203 1972 2597 2045 impassibile,

165 2046 484 2098 mortuum
511 2045 571 2097 et
593 2041 947 2111 immortale,
969 2046 1029 2099 et
1049 2041 1643 2113 eaeterahujusmodi,
1662 2056 1911 2100 necesse
1937 2044 2029 2101 est
2093 2043 2232 2113 uod,
2261 2043 2597 2101 secundum

163 2110 338 2169 alind
367 2114 428 2167 et
451 2109 632 2178 aliud,
663 2110 860 2168 divina
879 2117 937 2169 et
960 2112 1222 2169 humana
1249 2112 1640 2182 praedicentur
1665 2112 1736 2170 de
1767 2112 2019 2171 Christo.
2092 2114 2145 2171 ic
2173 2113 2376 2187 igitur,
2407 2128 2597 2186 quan-

161 2185 298 2237 tum
330 2179 403 2236 ad
432 2179 490 2236 id
520 2180 592 2236 de
618 2194 735 2253 quo
762 2187 1010 2255 utraque
1041 2182 1453 2254 praedieantur,
1500 2196 1621 2239 non
1665 2188 1757 2240 est
1798 2182 2101 2242 distinctio
2154 2184 2458 2255 facienda,
2490 2182 2599 2242 sed

161 2249 477 2309 invenitur
505 2250 743 2319 unitas;
771 2259 1057 2323 quantum
1088 2260 1286 2310 autem
1314 2253 1388 2309 ad
1414 2251 1473 2308 id
1501 2253 1833 2309 secundum
1853 2253 2013 2325 qnod
2033 2254 2452 2325 praedicantur,
2481 2253 2602 2312 dis·

163 2319 387 2378 tinctio
415 2325 507 2377 est
534 2320 820 2379 facienda.
843 2323 1152 2380 Naturales
1181 2327 1378 2379 autem
1401 2323 1789 2392 proprietates
1812 2323 2206 2393 praedicantur
2229 2324 2301 2381 de
2328 2327 2612 2395 unoquo-⁴

211 2405 289 2448 ue
317 2390 650 2449 secundnm
677 2390 807 2463 ejus
835 2398 1129 2454 naturam,
1160 2393 1316 2449 sicut
1363 2390 1435 2447 de
1466 2392 1579 2448 hoc
1624 2391 1816 2463 lapide
1862 2393 2002 2449 ferri
2049 2393 2330 2450 deorsum
2379 2406 2596 2451 secun·

160 2406 313 2519 gum
343 2465 620 2519 naturam
648 2462 971 2534 gravitatis.
999 2464 1194 2531 Quum
1222 2462 1402 2536 igitur
1429 2460 1588 2518 aliud
1636 2467 1695 2518 et
1726 2461 1891 2519 aliud
1941 2463 2020 2519 sit
2066 2463 2403 2520 secundum
2434 2462 2597 2535 quod

164 2532 372 2589 divina
400 2536 458 2588 et
484 2532 747 2590 humana
782 2532 1177 2614 praedicantur
1203 2532 1276 2589 de
1305 2531 1558 2610 Christo,
1592 2544 1839 2587 necesse
1867 2536 1960 2587 est
2005 2529 2199 2588 dicere
2247 2534 2311 2589 in
2362 2531 2597 2592 Christo

163 2615 309 2660 esse
333 2602 486 2660 duas
509 2608 753 2660 naturas
779 2603 1134 2660 inconfusas
1159 2607 1215 2656 et
1243 2602 1670 2669 impermixtae.
1702 2598 1765 2657 ld
1787 2605 1983 2657 autem
2022 2599 2095 2658 de
2124 2614 2246 2673 quo
2273 2603 2599 2673 praedican·

161 2675 266 2730 tur
295 2672 690 2743 proprietates
718 2672 1042 2739 naturales,
1073 2669 1402 2750 secundum
1449 2671 1718 2750 naturam
1760 2670 2061 2797 propriam
2104 2670 2179 2729 ad
2222 2685 2415 2744 genus
2463 2673 2599 2731 sub-

168 2741 412 2799 stantiae
443 2741 850 2810 pertinentem,
876 2743 969 2798 est
992 2741 1332 2812 hypostasis
1360 2743 1418 2797 et
1445 2752 1557 2811 sup
1601 2743 1822 2798 ositum
1846 2756 1869 2797 1
1894 2742 2012 2798 lius
2041 2746 2286 2799 naturae.
2322 2742 2601 2816 Quiaigi·

162 2816 268 2869 tur
291 2811 710 2869 indistinctum
737 2814 830 2868 est
862 2817 1133 2868 etunum
1181 2810 1241 2868 id
1284 2810 1356 2868 de
1397 2823 1519 2882 quo
1610 2823 1827 2868 nmana
1874 2814 1932 2870 et
1970 2810 2170 2868 divina
2198 2811 2600 2883 praedicantur

166 2882 332 2939 circa
359 2881 679 2950 Christum,
722 2894 971 2938 necesse
1018 2889 1110 2939 est
1153 2879 1347 2937 dicere
1387 2880 1685 2938 Christum
1729 2894 1867 2940 esse
1911 2895 2093 2939 unam
2138 2882 2505 2955 hypostasim
2540 2889 2603 2941 et

166 2966 360 3010 unum
385 2965 456 3009 su
503 2952 760 3022 positum
789 2951 1066 3009 hnmanae
1090 2956 1148 3009 et
1173 2951 1387 3009 divinae
1420 2955 1663 3009 naturae.
1693 2952 1790 3009 Sic
1818 2951 1977 3009 enim
2002 2966 2139 3009 vere
2169 2957 2229 3009 et
2253 2953 2490 3024 proprie
2525 2953 2601 3012 de

165 3020 421 3104 homine·
443 2966 552 3078 iflo
576 3022 970 3093 praedicantnr
996 3022 1216 3083 div‘na,
1250 3021 1582 3079 seeundum
1608 3022 1726 3081 hoc
1751 3021 1912 3104 quod
1955 3023 2138 3080 homo
2163 3023 2264 3080 ille
2312 3023 2601 3095 importat

169 3096 573 3220 supfflsttnm,
603 3091 958 3173 non-solum
983 3092 1064 3149 hu
1132 3105 1259 3149 anae
1288 3097 1535 3174 naturae,
1567 3092 1675 3149 sed
1727 3092 1978 3160 divtnae;
2020 3098 2080 3150 et
2122 3107 2158 3174 e
2197 3106 2493 3152 converso
2523 3093 2599 3154 de

167 3163 283 3288 Vett-
418 3164 520 3219 Dei
562 3162 958 3233 praedlcantur
1010 3162 1291 3226 humana,
1337 3176 1403 3221 m
1437 3168 1728 3237 quantum
1775 3169 1867 3224 est
1912 3168 2291 3235 suppositum
2317 3165 2597 3225 bumanae

243 3305 327 3360 Ex
351 3315 476 3375 quo
502 3301 681 3360 etiam
705 3306 867 3373 patet
892 3301 1073 3375 qnod,
1102 3303 1241 3361 licet
1267 3303 1450 3361 Filius
1474 3303 1557 3361 sit
1582 3303 1951 3375 incarnatus,
1982 3316 2107 3361 non
2131 3307 2334 3362 tamen
2364 3308 2604 3375 oportet

165 3373 405 3431 Patrem
435 3372 525 3429 vel
549 3372 830 3444 Spiritum
858 3381 1130 3431 sanctum
1159 3387 1294 3431 esse
1321 3374 1717 3442 incarnatum,
1745 3388 1932 3448 quum
1965 3373 2300 3432 incarnatio
2345 3387 2469 3432 non
2521 3374 2605 3435 sit

163 3443 328 3502 facta
353 3444 682 3501 secundum
703 3443 986 3501 unionem
1018 3443 1077 3500 in
1105 3450 1335 3511 natura,
1368 3445 1427 3500 in
1458 3458 1578 3517 qna
1620 3449 1743 3501 tres
1790 3457 2064 3517 personae
2106 3444 2324 3502 divinae
2375 3458 2596 3503 conve·

163 3513 439 3579 veniunt,
468 3512 571 3569 sed
601 3513 932 3571 secundum
971 3514 1342 3586 hypostasim
1380 3519 1438 3571 et
1484 3514 1885 3585 suppositum,
1932 3519 2111 3586 prout
2154 3518 2278 3572 tres
2322 3528 2600 3585 personae

162 3582 653 3656 distinguuntur3
682 3590 740 3639 et
768 3584 877 3654 sic,
908 3583 1064 3641 sicut
1091 3584 1156 3641 in
1183 3584 1456 3641 Trinitate
1486 3590 1628 3642 sunt
1649 3584 1853 3656 plures
1883 3597 2156 3656 personae
2190 3584 2596 3644 subsistentes

164 3654 234 3713 in
262 3667 389 3713 una
415 3656 643 3716 natura,
699 3654 781 3711 ita
809 3654 869 3711 in
898 3654 1182 3727 mysterio
1215 3654 1650 3712 incarnationis
1679 3661 1773 3713 est
1817 3667 1939 3712 una
1965 3667 2227 3727 persona
2249 3654 2594 3716 subsistens

164 3723 238 3783 in
263 3723 540 3797 pluribus
569 3724 818 3783 naturis.

1175 3889 1428 3956 CAPUT
1467 3892 1593 3955 XL.

693 4059 1080 4108 omtmoNBs
1118 4060 1350 4108 colvm
1382 4061 1565 4107 mnu
1591 4061 2061 4110 momanoms.

235 4210 351 4268 Sed
375 4217 586 4270 contra
609 4211 768 4272 hane
803 4213 1112 4272 catholicae
1139 4213 1278 4272 fidei
1309 4214 1666 4273 sententiam
1693 4216 1897 4287 plnres
1926 4215 2307 4279 difficultates
2335 4231 2593 4280 concur·

160 4287 326 4351 runt,
355 4289 598 4354 propter
615 4297 766 4356 quas
794 4284 1115 4342 adversarii
1144 4285 1279 4342 fidei
1322 4284 1797 4344 incarnationem
1825 4286 2198 4359 impugnant.

237 4352 560 4411 ostensum
589 4362 680 4413 est
710 4356 870 4413 enim
900 4354 961 4427 (l.
987 4368 1032 4425 1,
1059 4369 1112 4412 c.
1138 4360 1231 4428 20)
1252 4355 1413 4427 quod
1441 4357 1603 4413 Deus
1628 4370 1820 4429 neque
1862 4369 2081 4427 corpus
2110 4363 2202 4416 est
2246 4373 2442 4431 neque
2479 4358 2594 4417 vir·

159 4425 264 4481 tus
290 4423 355 4482 in
383 4437 652 4497 corpore.
682 4425 744 4483 Si
769 4428 964 4485 autem
994 4439 1234 4486 carnem
1262 4425 1612 4500 assumpsit,
1634 4426 1904 4500 sequitur
1920 4426 2083 4501 quod
2108 4427 2203 4487 vel
2230 4429 2313 4487 sit
2330 4432 2592 4490 mutatus
