3076 5025
431 332 541 388 242
1351 321 1485 376 ΜΒ.
1527 322 1600 386 11,
1639 320 1791 375 CAP.
1830 321 1962 377 xcl.

434 447 815 520 impossibile
845 450 937 504 est
966 444 1172 502 inesse
1200 443 1436 514 corpori
1468 442 1752 513 simplici,
1779 456 1962 514 quum
2015 445 2285 513 oporteat
2327 454 2616 513 organum
2667 447 2859 503 tactus

436 533 561 579 non
591 518 808 576 habere
842 521 979 574 actu
1025 514 1496 580 contrarietates,
1528 513 1634 571 sed
1682 514 1985 584 potentia;
2025 512 2186 586 quod
2230 511 2526 581 contingit
2559 513 2760 572 solum
2798 517 2863 573 in

435 590 643 649 mixtis
668 586 1031 658 temperatis,
1063 588 1193 643 Non
1221 585 1405 657 igitur
1432 589 1525 666 est
1566 584 1854 655 possibile
1907 583 2140 656 aliquas
2186 588 2388 654 partes
2434 583 2862 643 elementorum

435 675 575 720 esse
605 659 901 717 animatas
931 656 1134 714 anima
1160 659 1592 727 cog-noscitiva.

507 734 659 792 Item,
691 742 868 787 omne
914 740 1135 799 corpus
1156 726 1364 783 vivens
1394 725 1598 798 aliquo
1642 724 1822 782 modo
1870 723 2202 805 secundum
2258 724 2543 792 animam,
2597 724 2868 784 localiter

436 806 747 867 movetur3
773 812 911 855 nam
939 810 1191 868 corpora
1234 796 1523 863 coelestia,
1554 795 1605 853 si
1637 802 1835 852 tamen
1866 799 1990 852 sint
2017 800 2300 865 animata,
2332 800 2647 852 moventur
2678 796 2867 853 circu-

436 872 682 939 lariter3
715 869 1000 927 animalia
1025 867 1305 939 perfecta,
1329 871 1494 924 motu
1517 865 1932 939 progressiv03
1952 870 2152 923 ostrea
2169 870 2366 923 autem
2390 871 2555 923 motu
2579 863 2869 925 dilatatio-

437 943 538 1001 nis
568 948 626 998 et
652 939 1123 998 constructionis
1151 956 1166 1006 ;
1192 938 1410 1009 plantae
1441 943 1639 993 autem
1679 942 1843 994 motu
1883 937 2189 1008 augmenti
2244 942 2300 993 et
2347 936 2736 1003 decrementi,
2758 936 2867 1009 qui

437 1018 584 1071 sunt
613 1011 816 1083 aliquo
843 1008 1023 1067 modo
1052 1008 1380 1066 secundum
1413 1007 1635 1065 locum.
1667 1007 1780 1064 Sed
1811 1007 1875 1063 in
1903 1007 2216 1064 elementis
2244 1020 2368 1064 non
2384 1012 2628 1078 apparet
2646 1006 2868 1079 aliquis

437 1088 641 1140 motus
666 1081 768 1154 qui
796 1081 875 1138 sit
898 1080 971 1138 ab
995 1080 1217 1149 anima,
1244 1077 1351 1136 sed
1381 1078 1583 1136 solum
1610 1083 1812 1136 motus
1840 1076 2152 1135 naturalis.
2184 1080 2315 1134 Non
2345 1083 2489 1135 sunt
2515 1076 2703 1148 igitur
2741 1089 2867 1135 cor-

481 1167 588 1210 ora
618 1150 897 1208 viventia.

438 1168 476 1226 p
513 1224 573 1281 Si
602 1229 801 1280 autem
826 1221 1059 1278 dicatur
1083 1219 1243 1292 quod
1272 1218 1611 1276 substantia
1638 1218 2079 1281 intellectualis,
2112 1218 2225 1276 etsi
2281 1231 2403 1276 non
2450 1219 2698 1276 uniatur
2741 1230 2877 1276 cor-

440 1295 572 1367 pori
604 1291 948 1350 elementari
978 1295 1080 1348 aut
1107 1291 1259 1362 parti
1288 1289 1418 1362 ejus
1445 1296 1510 1345 ut
1541 1291 1750 1358 forma,
1783 1288 1986 1346 unitur
2013 1295 2214 1346 tamen
2242 1289 2298 1347 ei
2324 1294 2393 1347 ut
2415 1294 2613 1346 motor
2639 1306 2656 1345 t

517 1365 778 1421 Primum
809 1362 1049 1435 quidem
1082 1362 1146 1417 in
1167 1374 1305 1419 aere
1331 1360 1443 1418 boc
1473 1360 1590 1418 dici
1619 1360 1991 1432 impossibile
2022 1366 2132 1418 est.
2164 1360 2354 1427 Quum
2377 1360 2537 1416 enim
2553 1370 2697 1431 pars
2718 1358 2881 1418 aeris

443 1447 567 1493 non
597 1435 674 1491 sit
725 1448 830 1505 per
858 1433 1115 1503 seipsam
1158 1431 1577 1500 terminabilis,
1610 1444 1732 1488 nou
1761 1436 1956 1503 potest
2004 1430 2205 1503 aliqua
2253 1443 2392 1502 pars
2428 1431 2559 1502 ejus
2602 1429 2884 1488 determi-

442 1511 585 1563 nata
598 1511 827 1561 motum
860 1502 1164 1574 proprium
1185 1502 1427 1569 babere,
1457 1508 1699 1573 propter
1724 1515 1899 1576 quem
1930 1501 2045 1559 sibi
2077 1501 2415 1560 substantia
2441 1500 2880 1559 intellectualis

437 1576 706 1633 uniatur.

514 1648 802 1711 Praeterea,
834 1644 887 1701 si
915 1643 1120 1716 aliqua
1147 1643 1485 1701 substantia
1512 1642 1937 1723 intellectualis
1964 1642 2168 1700 unitur
2199 1642 2380 1700 alicui
2418 1642 2652 1725 corpori
2703 1647 2884 1700 natu—

443 1715 649 1775 raliter
673 1715 830 1771 sicut
859 1720 1055 1771 motor
1084 1714 1326 1785 proprio
1355 1713 1588 1782 mobili,
1616 1718 1849 1783 oportet
1876 1718 2148 1769 virtutem
2192 1714 2471 1771 motivam
2518 1713 2686 1770 illius
2734 1712 2886 1771 sab-

446 1786 682 1843 stantiae
713 1784 955 1841 limitari
986 1785 1061 1842 ad
1090 1797 1309 1855 corpus
1339 1783 1561 1841 mobile
1590 1782 1687 1839 cui
1719 1783 2068 1840 naturaliter
2108 1784 2341 1851 unitur;
2373 1797 2511 1843 nam
2554 1783 2889 1855 cujuslibet

444 1855 700 1914 motoris
729 1854 952 1925 proprii
980 1854 1169 1912 virtus
1201 1868 1322 1912 non
1353 1853 1605 1921 excedit,
1631 1853 1696 1909 in
1733 1852 2048 1923 movendo,
2092 1854 2397 1925 proprium
2448 1853 2692 1912 mobile.
2724 1852 2892 1912 Ridi-

447 1925 652 1984 culum
685 1930 885 1982 autem
911 1924 1146 1983 videtur
1169 1924 1366 1982 dicere
1437 1923 1556 1981 uod
1585 1923 1772 1980 virtus
1801 1923 2058 1995 alicujus
2077 1924 2427 1983 substantiae
2453 1923 2887 1983 intellectualis

445 2009 570 2054 non
607 1994 871 2062 excedat,
902 1995 965 2051 in
1015 1995 1334 2063 movendo,
1381 1940 1640 2066 issiquam
1699 1993 2150 2075 determinatam
2266 2000 2413 2053 rtem
2461 1994 2718 2066 alicujus
2756 1994 2889 2052 ele·

444 2067 629 2125 menti
660 2071 722 2124 ut
752 2064 998 2137 aliquod
1018 2079 1238 2136 corpus
1261 2066 1531 2123 mixtum.
1555 2067 1685 2122 Non
1708 2062 1943 2121 videtur
1960 2065 2144 2145 igitur
2206 2065 2480 2124 iceudum
2493 2066 2653 2137 quod
2676 2064 2892 2138 aliqua

447 2136 786 2195 substantia
811 2136 1235 2194 intellectualis
1264 2135 1506 2193 uniatur
1531 2134 1714 2193 alicui
1757 2147 1994 2207 corpori
2024 2135 2371 2195 elementari
2417 2136 2772 2195 naturaliter
2819 2141 2892 2194 ut

447 2213 666 2277 motor,
700 2207 820 2264 nisi
851 2205 969 2264 sibi
998 2206 1178 2263 etiam
1207 2206 1449 2263 uniatur
1475 2211 1543 2262 ut
1569 2206 1783 2263 forma.

516 2276 650 2334 Item
699 2281 901 2334 motus
929 2277 1198 2348 corporis
1227 2276 1606 2334 elementaris
1637 2281 1832 2346 potest
1853 2290 1928 2333 ex
1949 2275 2088 2336 aliis
2114 2277 2674 2350 principiiscausari
2697 2290 2889 2349 quain

439 2363 524 2405 -ex
570 2320 908 2405 substantia
951 2347 1359 2405 intellectuali.
1408 2345 1792 2428 ,superfluum
1840 2346 2026 2417 igitur
2056 2354 2260 2428 esset„
2306 2353 2503 2420 ropter
2531 2347 2892 2428 hujusmodi

446 2423 670 2499 motus,
728 2417 1077 2476 naturaliter
1129 2418 1494 2476 substantias
1552 2416 1984 2476 intellectuales
2029 2432 2263 2492 corpori
2310 2432 2381 2477 us
2410 2418 2888 2477 elementaribus

446 2503 631 2548 uniri.

520 2565 629 2617 Per
655 2562 768 2619 hoc
798 2565 995 2618 autem
1025 2559 1359 2618 excluditur
1385 2573 1553 2618 error
1574 2560 2089 2641 etopinioApuleii
2138 2567 2199 2619 et
2245 2560 2642 2634 quorumdam
2682 2560 2890 2619 Plato-

447 2631 742 2701 nicorum,
773 2630 874 2712 qui
897 2631 1173 2688 dixerunt
1200 2631 1498 2689 daemonia
1523 2643 1660 2689 esse
1690 2631 1975 2689 animalia
2001 2644 2249 2704 corpore
2279 2635 2677 2700 aerea,mente
2695 2633 2893 2691 ratio·

446 2701 692 2782 nabilia,
723 2715 927 2759 animo
954 2702 1227 2782 passiva„
1240 2706 1504 2772 tempore
1532 2707 1790 2783 aeterna3
1823 2707 1883 2759 et
1904 2703 2299 2774 quorumdam
2320 2702 2641 2761 Gentilium
2656 2714 2893 2772 ponen-

442 2776 594 2830 tium
627 2773 923 2830 elementa
950 2785 1084 2830 esse
1132 2778 1414 2841 animata,
1447 2772 1603 2830 unde
1651 2777 1710 2829 et
1736 2786 1826 2830 eis
1873 2772 2095 2830 cultum
2146 2772 2413 2831 divinum
2461 2772 2890 2830 instituebant.

445 2843 792 2900 Excluditur
824 2843 1002 2900 etiam
1033 2843 1239 2913 opinio
1269 2843 1597 2900 dicentium
1626 2842 1876 2915 angelos
1901 2847 1960 2900 et
2004 2843 2310 2902 daemones
2356 2843 2577 2902 babere
2625 2855 2896 2915 corpora

445 2912 799 2971 naturaliter
825 2912 942 2971 sibi
971 2914 1143 2971 unita
1170 2913 1243 2970 de
1271 2918 1487 2970 natura
1514 2914 1894 2985 superiorum
1924 2913 2011 2970 vel
2041 2914 2393 2973 inferiorum
2417 2915 2890 2972 elementorum.

1412 3132 1666 3196 CAPUT
1745 3132 1898 3196 XCI.

486 3307 639 3368 QUOD
672 3309 820 3355 sum
849 3309 1083 3362 metm
1119 3310 1491 3358 SUB-‘mmm
1527 3308 2031 3359 musonium
2073 3313 2432 3361 coemamus
2455 3313 2573 3360 NON
2610 3315 2838 3363 UNITAE.

513 3474 593 3528 Ex
619 3471 949 3552 praemissis
979 3476 1177 3553 autem
1208 3474 1445 3532 ostendi
1478 3479 1676 3545 potest
1705 3488 1841 3535 esse
1869 3475 2104 3549 aliquas
2120 3475 2491 3535 substantias
2510 3476 2893 3537 intellectua-

440 3542 530 3600 les
562 3542 915 3613 corporibus
942 3550 1182 3614 penitus
1214 3558 1337 3601 non
1367 3544 1590 3603 unitas.

513 3613 834 3670 ostensum
857 3615 1126 3671 estenim
1150 3628 1333 3686 supra
1359 3615 1433 3686 (c.
1457 3616 1575 3687 79),
1615 3615 1969 3687 corporibus
2007 3617 2326 3688 corruptis,
2352 3616 2696 3676 intellectus
2733 3620 2891 3677 sub-

439 3684 720 3740 stantiam
735 3686 907 3764 quasi
923 3691 1264 3766 perpetuam
1277 3699 1605 3767 remanere..
1623 3687 1767 3755 Et,si
1783 3686 2019 3768 quidem
2041 3687 2378 3746 substantia
2389 3687 2893 3761 intellectusquae

437 3760 704 3811 remanet
739 3761 818 3811 sit
846 3769 967 3812 una
985 3769 1276 3823 oninium,
1310 3761 1468 3814 sicut
1495 3758 1738 3829 quidam
1766 3758 1993 3827 dicunt,
2025 3757 2098 3815 de
2141 3759 2501 3817 necessitate
2552 3763 2891 3832 consequi-

438 3827 537 3880 tur
566 3839 693 3904 eam
726 3839 860 3882 esse
889 3826 1220 3883 secundum
1251 3839 1430 3883 suum
1459 3840 1596 3884 esse
1626 3842 1663 3884 a
1691 3841 1942 3909 corpore
1983 3834 2317 3900 separatam
2344 3846 2358 3898 3
2388 3834 2451 3886 et
2482 3829 2573 3887 sic
2624 3830 2892 3889 habetur

438 3902 812 3972 propositum
842 3896 1003 3967 quod
1036 3896 1377 3953 substantia
1418 3897 1842 3957 intellectualis
1887 3898 2091 3971 aliqua
2116 3899 2249 3958 sine
2277 3912 2527 3970 corpore
2558 3900 2885 3959 subsistat.

438 3965 496 4018 Sl
532 3971 726 4045 autem
767 3967 970 4037 plures
1018 3967 1233 4022 animae
1286 3966 1665 4025 intellectivae
1705 3975 2069 4033 remaneant,
2121 3971 2475 4042 corporibus
2528 3972 2886 4042 destructis,

437 4042 751 4091 conveniet
771 4037 1075 4108 aliquibus
1091 4035 1447 4094 substantiis
1468 4037 1975 4097 intellectualibus
1998 4039 2224 4112 absque
2245 4054 2494 4111 corpore
2518 4041 2887 4111 subsistere,

437 4106 767 4172 praesertim
798 4122 981 4178 quum
1009 4113 1323 4188 ostensum
1352 4107 1432 4165 sit
1460 4107 1534 4179 (c.
1572 4110 1662 4190 83)
1690 4109 1852 4182 quod
1880 4109 2096 4170 animae
2121 4123 2246 4169 non
2273 4117 2584 4170 transeant
2620 4112 2695 4170 de
2745 4126 2890 4171 cor-

435 4185 581 4243 pore
607 4176 948 4255 adssorpus.
982 4180 1271 4236 Convenit
1298 4184 1497 4236 autem
1551 4181 1868 4238 animabus
1915 4194 2051 4239 esse
2099 4195 2137 4239 a
2173 4182 2526 4253 corporibus
2565 4191 2891 4254 separatas

435 4256 543 4314 per
570 4245 852 4324 accidens
878 4263 1064 4320 quum
1096 4248 1446 4308 naturaliter
1469 4250 1591 4308 sint
1621 4251 1827 4309 formae
1854 4264 2209 4323 corporum;
2241 4267 2315 4311 eo
2344 4258 2541 4311 autem
2585 4255 2752 4327 quod
2788 4260 2896 4313 est

435 4327 542 4386 per
567 4315 848 4397 accidens
872 4325 1107 4389 oportet
1150 4319 1318 4391 prius
1345 4333 1481 4401 esse
1509 4320 1566 4378 id
1617 4321 1777 4394 quod
1825 4328 1919 4380 est
1963 4337 2069 4393 per
2116 4336 2204 4381 se.
2236 4325 2386 4381 Sunt
2426 4324 2612 4395 igitur
2656 4325 2739 4383 ali
2790 4339 2893 4384 uae

436 4383 789 4465 substantiae
824 4389 1260 4468 intellectuales
1309 4391 1626 4450 animabus
1673 4393 2005 4453 secundum
2045 4399 2318 4453 naturam
2347 4395 2603 4468 prioreS‚
2648 4340 2890 4468 quflms

427 4468 543 4527 per
568 4469 635 4514 se
663 4463 822 4515 inest
851 4471 983 4517 sine
1012 4461 1367 4533 corporibus
1396 4462 1746 4522 subsistere.
