3076 5025
288 290 394 343 310
1152 279 1299 361 tue.
1340 278 1438 344 ιιι,
1480 277 1634 332 CAP.
1672 276 1854 330 ιιιιιι.

290 415 451 459 nunc
481 398 876 470 intelligimus
904 395 1206 454 intellecta
1249 392 1655 465 speculativa:
1686 399 1744 449 et
1767 393 1883 450 boc
1912 390 2025 449 erit
2051 390 2263 449 ultima
2292 392 2561 451 bominis
2591 393 2725 452 feli·

297 472 451 530 citas
481 472 540 527 in
571 483 690 542 qua
720 469 900 526 horno
931 468 1040 524 erit
1068 465 1227 523 sicut
1254 463 1495 536 quidam
1526 463 1697 520 deuS.
1847 532 1859 543 ⁶
1938 532 1949 542 .
2220 531 2231 543 .

364 541 552 612 nujus
577 544 770 597 autem
806 536 1126 610 positionis
1179 535 1504 592 destructio
1543 548 1616 590 ex
1659 545 1989 604 praemissis
2036 531 2407 591 sufficienter
2456 540 2717 605 apparet.

291 611 569 672 Procedit
596 611 755 667 enim
787 625 858 666 ex
907 606 1322 678 suppositione
1365 604 1691 661 multorum
1723 618 1853 676 quae
1886 603 1949 660 in
1998 603 2413 674 superioribus
2446 610 2589 661 sunt
2612 604 2723 662 im·

336 683 560 740 robata.
589 681 787 737 Primo
834 678 1075 751 quidem
1103 690 1285 748 supra
1313 682 1624 733 ostensum
1674 681 1767 732 est
1792 673 1917 746 (lib.
1946 688 2014 740 ιι,
2041 688 2169 744 cap.
2202 678 2270 730 59
2299 717 2313 736 .
2345 674 2505 747 quod
2550 675 2727 733 intel-

292 699 487 813 fectus
517 750 827 822 possibilis
875 762 998 806 non
1027 752 1119 806 est
1170 746 1373 818 aliqua
1421 745 1760 803 substantia
1807 749 2081 815 separata
2110 759 2145 801 a
2182 758 2261 824 no
2306 744 2360 802 is
2391 744 2723 804 secundum

294 837 450 882 esse.
483 821 648 879 Unde
690 834 810 878 non
859 817 1175 889 oportebit,
1206 816 1364 944 quod
1388 817 1492 896 ‘sit
1530 814 1869 887 subJ‘ectum
1911 814 2381 872 substantiarum
2426 824 2726 885 separata·

292 908 449 955 rum,
480 892 775 964 praecipue
799 903 935 947 cum
967 889 1220 946 Aristote
1248 901 1312 944 es
1343 886 1501 944 dicat
1536 886 1635 957 (De
1659 889 1869 949 aniaena,
1896 899 1983 952 111,
2015 891 2155 953 text,
2189 899 2409 944 comm.
2446 885 2531 958 18)
2563 886 2725 958 quod

293 963 636 1022 intellectus
680 960 991 1032 possibilis
1021 964 1112 1017 est
1153 959 1217 1015 in
1246 971 1364 1030 quo
1408 963 1499 1014 est
1548 957 1753 1013 omnia
1792 955 1943 1013 fieri.
1975 955 2137 1013 Unde
2183 956 2415 1013 videtur
2455 957 2619 1029 quod
2647 957 2728 1016 sit

296 1033 630 1104 subjectum
662 1032 858 1088 solum
887 1030 1147 1098 illorum,
1179 1043 1310 1101 quae
1341 1035 1482 1085 sunt
1509 1027 1665 1084 facta
1686 1027 2011 1084 intellecta.

366 1106 519 1171 Item,
552 1101 624 1158 de
653 1102 956 1158 intellectu
1011 1105 1244 1173 agente,
1268 1098 1446 1156 etiam
1503 1111 1685 1168 supra
1714 1096 1839 1169 (lib.
1866 1111 1935 1166 ιι,
1952 1111 2083 1169 cap.
2110 1101 2180 1154 76
2205 1103 2263 1154 et
2290 1097 2383 1170 78)
2412 1104 2727 1158 ostensum

298 1179 411 1242 est,
443 1171 602 1246 quod
628 1186 749 1229 non
780 1175 869 1230 est
895 1170 1094 1243 aliqua
1122 1170 1460 1228 substantia
1487 1172 1780 1239 separata,
1811 1167 1918 1226 sed
1945 1181 2085 1238 pars
2113 1168 2348 1237 animae,
2380 1170 2478 1226 cui
2504 1172 2728 1229 Aristo-

295 1244 449 1303 teles
483 1243 580 1316 (De
624 1245 829 1305 anima,
856 1255 946 1311 ιιι,
976 1246 1098 1298 text
1146 1253 1364 1298 comm.
1398 1239 1483 1311 18)
1509 1239 1779 1295 attribuit
1823 1238 1978 1295 hanc
2024 1239 2453 1309 operationem,
2493 1241 2728 1298 scilicet

297 1314 494 1373 facere
525 1314 826 1370 intellecta
851 1312 915 1369 in
960 1316 1093 1369 actu
1163 1325 1254 1369 uae
1285 1316 1374 1368 est
1399 1310 1462 1365 ιιι
1489 1314 1693 1366 nostra
1739 1314 2051 1390 potestate.
2083 1309 2244 1366 Unde
2275 1323 2399 1367 nou
2427 1311 2726 1381 oportebit

301 1384 462 1466 quod
491 1384 825 1455 intelligere
854 1396 960 1453 per
1001 1381 1146 1438 intel
1174 1387 1369 1438 ectum
1399 1386 1672 1452 agentem
1701 1384 1782 1436 sit
1817 1379 1994 1436 nobis
2022 1394 2206 1460 causa
2230 1380 2391 1451 quod
2418 1382 2728 1451 possimus

300 1454 639 1526 intelligere
669 1453 1036 1510 substantias
1065 1457 1369 1522 separatas
1392 1469 1405 1519 ;
1439 1451 1591 1507 alias
1616 1463 1852 1530 semper
1878 1449 2349 1520 intelligeremus
2375 1465 2499 1510 eas.

372 1525 589 1588 Adhuc,
622 1524 672 1581 si
721 1523 1060 1579 intellectus
1107 1535 1294 1593 agens
1340 1526 1431 1578 est
1468 1521 1804 1578 substantia
1852 1525 2145 1591 separata,
2177 1534 2299 1577 non
2348 1522 2731 1592 copulabitur

301 1595 615 1653 nobiscum
650 1594 767 1651 nisi
797 1607 901 1664 per
928 1592 1160 1662 species
1194 1593 1381 1649 factas
1410 1590 1747 1671 intellectas
1781 1590 1841 1646 in
1874 1596 2009 1671 actu
2041 1591 2370 1648 secundum
2409 1593 2543 1673 ejus
2570 1594 2734 1664 posi-

300 1667 549 1733 tionem,
582 1664 737 1721 sicut
785 1678 896 1720 nec
951 1663 1288 1720 intellectus
1341 1661 1676 1733 possibilis,
1708 1660 1848 1717 licet
1899 1661 2243 1719 intellectus
2292 1663 2603 1733 possibilis
2659 1677 2728 1723 se

303 1736 520 1793 habeat
544 1734 616 1790 ad
647 1735 783 1791 illas
807 1733 1039 1803 species
1067 1733 1225 1791 sicut
1252 1732 1498 1790 materia
1526 1732 1602 1789 ad
1632 1731 1905 1800 sormam,
1937 1732 2277 1789 intellectus
2310 1738 2507 1790 autem
2536 1748 2728 1805 agens

305 1821 337 1863 e
366 1818 656 1862 converso
706 1804 861 1861 sicut
889 1803 1082 1861 forma
1125 1803 1199 1861 ad
1228 1803 1561 1860 materiam.
1593 1802 1835 1874 Species
1878 1808 2078 1858 autem
2110 1802 2278 1860 sactae
2324 1803 2643 1862 intellectae
2660 1806 2727 1862 in

305 1881 440 1934 actu
478 1874 899 1945 compulantur
947 1874 1287 1943 nobiscum,
1317 1873 1648 1931 secundum
1692 1872 1822 1944 ejus
1868 1873 2252 1953 positionem·
2276 1880 2516 1945 propter
2543 1874 2736 1946 phan-

303 1951 582 2013 tasmata,
649 1959 739 2002 uae
786 1945 867 2000 ita
900 1958 967 2001 se
1013 1944 1234 2002 babent
1261 1944 1334 2001 ad
1384 1944 1753 2000 intellectum
1838 1942 2170 2012 ossibilem,
2203 1949 2359 2001 sicut
2396 1945 2631 2003 colores
2659 1945 2737 2005 ad

302 2016 503 2073 *visum
538 2032 552 2071 ε
579 2032 612 2071 a
684 2015 1048 2072 intellectum
1078 2028 1219 2072 vero
1249 2019 1521 2086 agentem
1554 2014 1711 2071 sicut
1738 2027 1809 2071 co
1837 2028 1973 2070 ores
1994 2014 2067 2070 ad
2097 2014 2313 2084 lucem,
2345 2020 2410 2071 ut
2438 2030 2511 2073 ex
2538 2016 2739 2075 verbis

303 2085 656 2145 Aristoteles
701 2085 762 2140 in
810 2085 986 2141 tertio
1013 2089 1090 2140 De
1126 2087 1314 2140 anima
1355 2084 1514 2155 (text.
1548 2097 1765 2142 comm.
1798 2088 1866 2141 30
1913 2091 1969 2140 et
2014 2084 2099 2156 18)
2148 2090 2326 2156 patet⁴
2358 2088 2487 2143 Non
2534 2092 2735 2144 autem

305 2156 512 2227 lapidi,
540 2156 601 2211 in
633 2168 751 2228 quo
783 2161 872 2213 est
897 2155 1083 2223 color,
1111 2161 1307 2227 potest
1334 2155 1575 2212 attribui
1608 2169 1798 2227 neque
1822 2155 1978 2235 actio
2005 2155 2171 2212 visus
2204 2162 2266 2212 ut
2298 2156 2512 2227 videat,
2540 2171 2737 2238 neque

306 2229 464 2284 actio
513 2225 662 2283 solis
692 2230 756 2282 ut
779 2226 1076 2282 illuminet
1110 2246 1121 2276 =
1169 2233 1311 2297 ergo
1341 2225 1670 2283 secundum
1715 2231 2076 2295 positionem
2111 2226 2451 2296 praedictam
2502 2227 2736 2285 homini

306 2310 431 2355 non
463 2297 678 2378 poterit
708 2296 946 2353 attribui
993 2309 1185 2367 neque
1217 2296 1372 2353 actio
1415 2296 1757 2353 intellectus
1785 2295 2097 2366 possibilis
2134 2303 2195 2352 ut
2243 2297 2539 2368 intelligat
2595 2298 2736 2356 sub·

307 2372 561 2425 stantias
597 2371 929 2438 separatas,
962 2379 1155 2438 neque
1185 2366 1339 2424 actio
1368 2366 1707 2424 intellectus
1735 2367 1990 2438 agentis,
2020 2372 2081 2423 ut
2123 2366 2302 2424 faciat
2343 2367 2646 2426 intellecta
2672 2368 2734 2425 in

307 2444 463 2496 actu.

377 2508 654 2579 Amplius,
688 2506 1017 2565 secundum
1049 2506 1414 2579 positionem
1441 2506 1806 2578 praedictam,
1832 2505 2173 2565 intellectus
2200 2522 2234 2564 a
2277 2523 2391 2565 ens
2416 2522 2541 2566 non
2573 2508 2743 2580 poni-

305 2583 404 2637 tur
433 2578 769 2635 continuari
801 2578 1115 2635 nobiscum
1148 2583 1212 2635 ut
1261 2580 1472 2646 forma,
1505 2578 1622 2635 nisi
1654 2593 1760 2648 per
1787 2577 1901 2634 boc
1931 2578 2090 2650 quod
2117 2583 2209 2635 est
2270 2592 2439 2637 orma
2465 2580 2737 2650 specula·

304 2649 565 2707 tivorum
595 2649 1055 2717 intellectorum,
1078 2662 1331 2720 quorum
1361 2649 1534 2705 etiam
1570 2649 1812 2719 ponitur
1839 2649 2030 2705 forma
2052 2663 2158 2721 per
2179 2649 2317 2717 boc,
2338 2651 2499 2721 quod
2529 2651 2737 2708 eadem

308 2720 463 2777 actio
497 2723 588 2777 est
612 2718 949 2776 intellectus
996 2719 1229 2791 agentis
1270 2724 1324 2775 et
1367 2718 1607 2775 illorum
1649 2718 2119 2790 intellectorum,
2152 2720 2384 2777 scilicet
2424 2722 2619 2778 facere
2644 2721 2737 2777 in·

305 2791 545 2848 tellecta
575 2789 636 2845 in
667 2795 822 2845 actu.
860 2792 989 2846 Non
1020 2789 1204 2861 igitur
1231 2789 1444 2860 poterit
1471 2803 1606 2846 esse
1638 2789 1828 2847 forma
1858 2789 2053 2857 nobis,
2073 2790 2191 2846 nisi
2218 2791 2550 2848 secundum
2574 2791 2739 2864 quod

308 2860 754 2917 communicant
785 2859 847 2915 in
879 2859 1114 2916 actione
1144 2859 1274 2940 ejus
1303 2859 1608 2917 intellecta
1633 2860 2017 2930 speculativa.
2040 2861 2175 2918 Haec
2196 2867 2392 2918 autem
2431 2875 2554 2919 non
2583 2876 2749 2920 com·

308 2931 618 2988 municant
647 2930 709 2986 ιιι
748 2929 1092 3000 operatione
1139 2944 1290 3001 eJuS,
1322 2943 1452 3009 quae
1483 2934 1575 2987 est
1613 2929 1943 3003 intelligere
1990 2930 2361 2989 substantias
2405 2939 2735 3004 separataS,

311 3015 444 3058 cum
479 3001 601 3057 sint
633 3000 865 3070 species
894 3014 1091 3058 rerum
1119 3000 1518 3064 sensibilium,
1554 3000 1671 3057 nisi
1698 3001 2013 3059 redeamus
2041 3000 2115 3058 ad
2156 3001 2501 3082 opinionem
2532 3008 2742 3060 Avem·

305 3085 455 3143 pace
487 3070 648 3142 quod
676 3070 1031 3128 cuidditates
1079 3070 1550 3129 substantiarum
1600 3078 2002 3142 separatarum
2050 3078 2290 3152 possint
2317 3073 2604 3144 cognosci
2634 3087 2746 3144 pei·

309 3156 381 3199 ea
408 3156 540 3213 quae
589 3140 983 3212 intelligimus
1026 3141 1098 3198 de
1145 3141 1282 3199 istis
1329 3141 1740 3199 sensibilibus,
1770 3142 1942 3199 Nullo
1990 3142 2176 3213 igitur
2203 3142 2383 3200 modo
2428 3157 2533 3214 per
2578 3143 2743 3202 viam

308 3212 649 3284 praedictani
681 3211 1011 3283 poterimus
1041 3212 1375 3284 intelligere
1404 3211 1774 3269 substantias
1804 3217 2129 3285 separatas.

380 3285 664 3345 Praeterea,
700 3282 821 3338 inte
872 3288 1038 3340 ectus
1087 3296 1272 3352 agens
1314 3282 1642 3340 secundum
1694 3282 1879 3340 alium
1929 3283 2199 3341 ordinem
2248 3289 2625 3356 eomparatur
2665 3284 2744 3341 ad

309 3352 616 3409 intellecta
647 3366 826 3423 specu
857 3353 1034 3422 ativa,
1058 3366 1311 3425 quorum
1359 3360 1450 3411 est
1493 3353 1766 3422 factivus,
1794 3359 1851 3410 et
1879 3353 1951 3411 ad
2000 3353 2369 3412 substantias
2411 3358 2743 3425 separatas»,

311 3436 562 3495 quarum
590 3435 709 3478 non
744 3428 833 3480 est
859 3424 1134 3493 factivuS,
1166 3422 1273 3481 sed
1314 3424 1764 3495 cognoscitivus
1794 3429 2022 3481 tantum
2054 3424 2386 3482 secundum
2415 3425 2547 3496 eJus
2575 3425 2743 3496 posi-

309 3492 558 3549 tionem.
591 3496 718 3550 Non
763 3492 947 3564 igitur
973 3499 1223 3564 oportet,
1252 3494 1304 3551 si
1332 3495 1645 3565 copuletur
1689 3492 1867 3552 nobis
1894 3509 2001 3565 per
2024 3494 2140 3552 boc
2178 3494 2338 3566 quod
2369 3503 2461 3552 est
2488 3495 2743 3552 factivus

307 3561 748 3621 intellectorum
790 3564 1314 3633 speculativorum,
1341 3563 1501 3636 quod
1545 3562 1856 3633 copuletur
1889 3563 2066 3623 nobis
2095 3565 2427 3622 secundum
2458 3564 2618 3637 quod
2648 3570 2745 3623 est

310 3634 762 3706 cognoscitivus
786 3632 1257 3692 substantiarum
1287 3640 1717 3705 separatarum,
1742 3634 1849 3693 sed
1878 3636 1943 3691 in
1971 3634 2072 3692 tali
2101 3650 2393 3707 processu
2423 3642 2517 3694 est
2538 3636 2754 3719 decep3

306 3703 395 3761 tio
426 3704 741 3761 manifeste
770 3704 1100 3762 secundum
1126 3704 1424 3763 accidens.
2730 3726 2745 3751 ··

380 3775 598 3838 Adhuc,
633 3775 683 3832 si
716 3788 822 3845 per
850 3774 1215 3832 intellectum
1242 3790 1274 3832 a
1320 3781 1514 3832 entem
1544 3775 1973 3848 cognoscimus
2014 3774 2384 3832 substantias
2412 3790 2479 3832 se
2561 3781 2743 3846 ratam,

291 3843 428 3911 ,hoc
459 3859 581 3902 non
609 3850 700 3903 est
728 3845 789 3900 in
821 3852 1120 3927 quantum·
1161 3789 1500 3902 intefflectus
1547 3859 1734 3919 agens
1765 3851 1856 3904 est
1897 3845 2091 3926 forma
2114 3845 2316 3926 liuius·
2340 3845 2431 3902 vel
2461 3790 2626 3927 iffius
2652 3846 2745 3903 in-

275 3913 532 3981 ,itellecti
564 3916 936 3986 speculativi,
968 3916 1074 3973 sed
1103 3930 1169 3973 ιιι
1212 3921 1499 3988 quantum
1523 3914 1589 3972 fit
1618 3918 1809 3973 forma
1853 3914 2055 3974 nobis.
2077 3917 2173 3973 Sic
2222 3930 2381 3973 enim
2411 3931 2517 3987 per
2545 3933 2562 3972 i
2609 3930 2745 3975 sum

308 3998 642 4056 possumus
670 3986 1028 4058 intelligere.
1061 3987 1151 4045 Fit
1191 3993 1388 4043 autem
1432 3986 1627 4044 forma
1653 3986 1828 4046 nobis
1876 3988 2051 4066 etiam
2093 4001 2200 4058 per
2226 3987 2418 4067 prima
2446 3932 2747 4067 inteflecta

316 4057 705 4125 speculativa,
737 4056 1070 4115 secundum
1112 4056 1271 4130 quod
1315 4058 1442 4128 ipse
1494 4058 1658 4115 dicit.
1692 4060 1843 4130 Ergo
1890 4062 2091 4114 statim
2138 4071 2173 4115 a
2218 4070 2516 4128 principio
2562 4057 2747 4116 homo

308 4130 510 4253 potest
539 4141 642 4196 per
668 4126 1036 4185 intellectum
1141 4133 1337 4185 entem
1362 4127 1698 4200 intelligere
1727 4128 2095 4185 substantias
2111 4134 2437 4207 separatas.
2468 4128 2525 4186 Si
2546 4136 2743 4185 autem

354 4201 546 4252 icatur
572 4198 730 4264 quod
762 4211 882 4255 non
914 4197 980 4255 fit
1022 4212 1102 4257 no
1147 4198 1202 4255 is
1229 4198 1485 4269 perfecte
1535 4200 1727 4256 forma
1754 4212 1859 4268 per
1885 4198 2157 4269 quaedam
2187 4198 2427 4255 intellec
2532 4212 2748 4269 specu-

311 4265 495 4323 lativa
525 4265 865 4326 intellectus
911 4282 1119 4343 agens,
1146 4272 1210 4326 ut
1247 4283 1353 4340 per
1393 4269 1591 4350 ipsum
1643 4268 1953 4340 possimus
1991 4267 2327 4340 intelligere
2374 4282 2445 4326 su
2491 4269 2748 4325 stantias

313 4341 642 4407 separataS,
678 4336 792 4394 hoc
820 4351 941 4396 non
973 4344 1066 4397 est
1093 4339 1211 4398 nisi
1240 4338 1381 4411 quia
1403 4354 1536 4411 ipsa
1565 4338 1864 4396 intellecta
1891 4338 2257 4410 speculativa
2278 4353 2398 4397 non
2429 4338 2751 4410 adaequant

310 4407 738 4478 pei-sectionem
768 4408 1105 4469 intellectus
1130 4411 1363 4483 agentis
1380 4410 1443 4466 in
1472 4409 1860 4484 intelligendo
1882 4410 2253 4473 substantias
2281 4415 2605 4483 separatas.
2631 4407 2747 4467 Sed
