3076 5025
1052 302 1186 359 Lm.
1225 302 1320 372 IV,
1358 302 1511 360 GAP.
1551 303 1694 359 vnl.
2482 305 2579 359 501

156 424 438 497 junxerat
477 422 638 495 quod
682 421 1099 496 unusquisque
1140 428 1415 497 resurget
1460 423 1522 480 iu
1571 436 1685 482 suo
1729 423 1960 495 ordine,
2002 423 2259 497 primum
2291 423 2582 496 ChristuS,

159 493 375 554 deinde
399 492 443 550 ii
470 494 570 566 qui
601 497 744 551 sunt
767 492 1023 562 Christi3
1053 498 1113 551 et
1143 499 1352 565 postea
1379 493 1581 551 addit:
1609 495 1818 551 Deinde
1838 498 1987 566 finis,
2019 510 2140 551 cum
2167 495 2463 551 tradiderit
2500 511 2587 552 re-

159 580 329 636 anum
354 568 461 622 Deo
488 567 539 619 ei
555 566 713 644 13atri
739 562 923 644 (ibid,
950 563 1043 636 24)
1076 571 1201 645 χει,
1224 569 1474 623 ostenso
1503 564 1677 637 quale
1706 566 1787 623 sit
1813 566 1930 623 hoc
1961 580 2237 645 regnum,
2265 566 2409 638 quia
2435 565 2591 624 scili-

159 641 256 694 eet
276 639 513 706 oportet
531 649 586 690 ei
609 647 815 692 omma
837 648 972 692 esse
991 634 1280 707 subjecta,
1306 641 1745 707 consequenter
1768 635 2078 708 subjungit
2101 653 2116 693 ε
2151 637 2327 704 Quum
2349 636 2594 706 subjecta

161 707 252 762 illi
288 708 500 773 fuerint
538 707 740 768 omnia,
791 708 917 760 tunc
965 709 1016 761 et
1041 707 1158 775 ipse
1182 707 1355 762 Filius
1380 705 1651 775 subjectus
1679 709 1785 761 erit
1810 707 1970 776 etqui
1995 706 2225 775 subiecit
2245 708 2355 762 sibi
2387 711 2589 764 omnia.

163 777 350 849 mid„
398 775 512 847 28.)
543 778 674 846 lpse
700 788 842 847 ergo
867 780 1183 834 contextus
1212 775 1417 834 litterae
1442 775 1707 834 ostendit
1733 777 1853 834 hoo
1890 776 1962 833 de
1993 776 2226 835 Christo
2257 776 2470 835 debere
2497 777 2592 835 in·

159 846 351 919 telligi
396 846 728 905 secundum
770 845 932 927 quod
976 850 1074 904 est
1113 846 1332 915 homo;
1377 846 1464 903 sic
1513 847 1672 904 enim
1706 853 1983 904 mortuus
2028 851 2121 904 est
2148 848 2589 917 etresurrexit;

162 929 325 986 nam,
376 917 707 974 secundum
737 915 1125 985 divinitatem,
1155 930 1336 990 quum
1385 917 1591 975 omnia
1639 917 1818 975 saciat
1887 931 1977 975 uae
2002 915 2144 974 facit
2184 919 2375 987 Pater,
2406 923 2474 975 ut
2498 931 2594 976 os-

159 991 399 1045 tensum
451 990 561 1057 est,
608 987 784 1044 etiam
836 986 966 1058 ipse
1017 986 1132 1044 sibi
1178 987 1434 1058 subjecit
1480 987 1723 1052 omnia:
1766 1001 1848 1045 un
1893 1002 1925 1045 e
1974 990 2034 1044 et
2057 986 2380 1058 Apostolus
2411 987 2590 1046 dicit:

163 1058 502 1115 Salvatorem
529 1062 872 1128 expectamus
900 1060 1189 1114 Dominum
1205 1063 1450 1114 nostrum
1474 1060 1656 1114 Jcsum
1688 1058 1978 1122 Christum,
2009 1060 2109 1128 qui
2133 1057 2452 1126 reformabit
2475 1074 2594 1114 cor-

157 1143 272 1200 pus
291 1129 619 1184 humilitatis
639 1133 855 1197 nostrae,
882 1131 1275 1199 configuratum
1299 1131 1512 1198 corpori
1540 1130 1811 1184 clamatis
1837 1144 1967 1196 suae,
2011 1129 2306 1185 secundum
2336 1131 2597 1199 operatio-

159 1214 283 1256 nem
306 1214 416 1270 qua
441 1200 604 1253 etiam
624 1201 800 1268 possit
819 1198 928 1254 sibi
952 1199 1214 1268 subjicere
1241 1201 1440 1255 omnia.
1473 1198 1663 1271 (Phia,
1686 1212 1776 1267 111,
1804 1203 1895 1267 20,
1929 1198 2043 1271 21.)

241 1271 326 1327 Ex
366 1283 440 1327 co
483 1272 682 1326 autem
730 1268 890 1341 quod
920 1271 1091 1326 Pater
1128 1269 1279 1327 Filio
1321 1269 1461 1327 dare
1507 1268 1720 1327 dicitur
1763 1269 1829 1326 in
1856 1269 2197 1350 scripturis,
2229 1285 2304 1328 ex
2372 1283 2451 1328 uo
2486 1284 2595 1342 per

160 1339 522 1412 scripturam
553 1340 825 1411 sequitur
848 1339 1043 1411 ipsum
1076 1340 1359 1411 recipere,
1392 1352 1513 1396 non
1543 1343 1741 1409 potest
1762 1339 1999 1398 ostendi
2029 1339 2232 1413 aliqua
2260 1341 2320 1398 in
2367 1341 2593 1412 igentia

164 1422 300 1467 esse
327 1410 392 1466 in
420 1410 591 1481 ipso;
622 1409 728 1467 sed
755 1410 869 1467 hoc
895 1409 1220 1482 requiritur
1248 1409 1322 1468 ad
1351 1410 1466 1468 hoc
1495 1409 1658 1481 quod
1689 1409 1878 1468 Filius
1906 1411 1988 1468 sit
2011 1427 2025 1478 ;
2052 1424 2175 1468 non
2206 1411 2368 1469 enim
2402 1411 2587 1470 Filius

165 1479 281 1538 dici
300 1487 528 1551 posset,
560 1480 675 1537 nisi
703 1494 741 1538 a
767 1483 936 1537 Patre
966 1479 1207 1552 genitus
1236 1484 1429 1549 esset;
1465 1493 1644 1538 omne
1675 1485 1872 1538 autem
1902 1480 2173 1554 genitum
2198 1495 2236 1540 a
2265 1489 2590 1555 generante

166 1555 440 1608 naturam
478 1550 688 1621 recipit
732 1550 1095 1622 generantis.
1142 1553 1253 1607 Per
1298 1552 1411 1608 hoc
1440 1564 1586 1622 ergo
1624 1550 1786 1623 quod
1816 1553 1988 1609 Pater
2016 1550 2162 1609 Filio
2192 1552 2334 1610 dare
2358 1551 2592 1622 dicitur,

167 1620 322 1678 nihil
347 1621 509 1679 aliud
535 1620 888 1693 intelligitur
916 1635 1091 1693 quam
1125 1621 1252 1678 Filii
1282 1622 1612 1694 generati0‚
1639 1623 1970 1679 secundum
2001 1634 2179 1693 quam
2223 1624 2396 1680 Pater
2436 1622 2598 1681 dedit

168 1690 320 1749 Filio
345 1705 516 1748 suam
548 1696 842 1748 naturam.
869 1693 936 1748 Et
963 1691 1079 1749 hoc
1100 1691 1298 1762 ipsum
1328 1706 1398 1748 ex
1428 1705 1502 1748 eo
1528 1691 1687 1763 quod
1709 1692 1884 1750 datur
1911 1691 2166 1764 intelligi
2189 1696 2383 1763 potest
2407 1711 2423 1761 ;
2451 1692 2600 1751 dicit

166 1762 327 1819 enim
354 1762 682 1820 Dominus:
705 1764 869 1818 Pater
885 1777 1034 1818 meus
1054 1762 1199 1832 quod
1221 1759 1374 1817 dedit
1388 1762 1546 1830 milti,
1571 1762 1754 1831 majus
1774 1764 2018 1818 omnibus
2044 1767 2125 1818 est
2163 1764 2381 1831 Joann„
2400 1776 2461 1829 x,
2480 1762 2597 1836 29);

111 1869 120 1888 1
166 1830 230 1889 id
251 1836 451 1890 autem
473 1831 631 1904 quod
646 1831 841 1913 majus
860 1831 1142 1890 omnibus
1165 1836 1277 1913 est,
1308 1831 1505 1913 divina
1530 1837 1743 1890 natura
1762 1838 1872 1901 est,
1890 1833 1954 1889 in
1972 1847 2093 1914 qua
2162 1833 2302 1892 ilius
2330 1838 2423 1893 est
2441 1834 2600 1892 Patri

167 1902 423 1975 aequalis
448 1921 464 1971 ;
486 1902 648 1975 quod
710 1916 843 1974 ipsa
888 1901 1068 1960 verba
1103 1905 1341 1960 Domini
1387 1902 1750 1973 ostendunt3
1840 1907 2168 1962 raemiserat
2224 1904 2382 1961 enim
2437 1904 2599 1977 quod

167 1987 313 2054 oves
337 1987 484 2031 suas
514 1973 719 2031 nullus
750 1973 824 2030 de
867 1986 1050 2054 manu
1081 1973 1211 2054 ejus
1240 1987 1446 2044 rapere
1532 1979 1718 2054 osset,
1749 1917 1834 2031 ad)
1853 1973 2034 2054 cujus·
2068 1973 2482 2055 probationem
2511 1976 2600 2033 in·

168 2044 336 2102 ducit
360 2042 606 2101 verbum
654 2049 1050 2125 propositum,
1078 2043 1310 2102 scilicet
1354 2057 1472 2116 quo
1544 2043 1601 2100 ld
1630 2044 1789 2115 quod
1839 2050 1932 2101 est
1986 2043 2101 2101 sihi
2129 2058 2165 2102 a
2193 2047 2365 2102 Patre
2394 2045 2598 2104 datum

167 2114 369 2186 majus
395 2114 679 2172 omnibus
724 2120 822 2171 sit.
855 2117 940 2183 Et,
971 2113 1115 2186 quia
1137 2114 1212 2172 de
1249 2127 1432 2172 manu
1480 2115 1693 2181 Pau-is
1726 2119 1792 2171 ut
1820 2114 2149 2186 subjungit,
2180 2128 2358 2174 nemo
2391 2130 2600 2187 rapere

169 2189 391 2256 potest,
423 2198 496 2242 ex
525 2184 642 2242 boc
670 2185 940 2257 sequitur
968 2184 1128 2256 quod
1169 2198 1280 2242 nec
1308 2184 1379 2241 de
1405 2197 1587 2242 manu
1632 2184 1801 2252 Filii;
1832 2198 1953 2242 non
2001 2191 2196 2242 autem
2227 2194 2577 2259 sequeretur

167 2255 292 2313 nisi
333 2269 440 2325 per
467 2254 527 2312 id
570 2255 726 2327 quod
764 2261 856 2313 est
900 2254 1018 2313 sibi
1052 2270 1088 2312 a
1133 2258 1304 2313 Patre
1348 2255 1549 2312 datum
1596 2260 1758 2312 esset
1810 2255 1963 2312 Patri
1993 2255 2280 2327 aequalis3
2313 2258 2492 2325 unde,
2522 2271 2559 2315 a

169 2327 288 2384 hoc
318 2325 544 2383 clarius
575 2325 1013 2397 explicandum,
1040 2325 1243 2384 subdit
1271 2344 1285 2383 ι
1311 2328 1425 2394 qu
1453 2327 1689 2381 etPater
1709 2340 1879 2379 unum
1900 2340 2106 2381 sumus.
2130 2325 2370 2396 Unam„
2401 2338 2460 2394 x,
2484 2327 2598 2399 30.)

165 2395 457 2456 Similiter
496 2395 672 2453 etiam
714 2396 1038 2466 Apostolus
1087 2396 1235 2453 dicit
1261 2413 1275 2451 z
1300 2398 1374 2451 Et
1401 2396 1627 2450 donavit
1652 2395 1740 2449 illi
1764 2410 1955 2451 nomen
1983 2394 2128 2466 quod
2154 2400 2420 2467 estsuper
2446 2412 2601 2453 omne

166 2482 384 2537 nomen,
413 2471 476 2523 ut
499 2469 561 2523 in
595 2470 811 2524 nomine
833 2468 962 2523 ἔθευ,
982 2481 1144 2523 οτηπει
1175 2480 1317 2536 penu
1339 2467 1611 2535 flectatur,
1640 2466 1948 2533 coelestium,
1976 2467 2315 2522 terrestrium
2349 2470 2401 2523 ct
2423 2468 2598 2535 inser-

163 2553 364 2597 ncrum
413 2537 601 2609 (Phth,
630 2550 694 2602 11,
725 2542 779 2607 9,
815 2536 901 2609 ¹0)
929 2555 943 2606 ;
968 2549 1188 2595 nomen
1230 2541 1426 2594 autem
1472 2535 1755 2593 omnibus
1800 2534 2148 2594 nominibus
2199 2537 2400 2606 altius,
2434 2537 2595 2610 quod

164 2609 371 2669 omnis
397 2614 669 2665 creatura
701 2615 1034 2675 veneratur,
1067 2621 1189 2665 non
1218 2612 1309 2664 est
1338 2605 1501 2664 aliud
1534 2619 1714 2678 quam
1736 2619 1956 2662 nomen
1980 2606 2310 2665 divinitatis
2335 2625 2351 2676 3
2383 2622 2455 2665 ex
2480 2608 2596 2668 hoc

167 2693 316 2752 ergo
361 2679 768 2749 generationis
810 2678 1052 2736 datione
1115 2677 1421 2751 generatio
1466 2676 1602 2747 ipsa
1628 2675 2371 2756 ‚intelligitursecundum
2417 2692 2597 2750 quam

166 2752 344 2808 Pater
373 2749 522 2807 Filio
564 2763 761 2807 veram
815 2748 1091 2806 deitatem
1142 2747 1322 2806 dedit.
1356 2747 1516 2804 Idem
1564 2752 1740 2803 etiam
1795 2746 2132 2827 ostenditur
2167 2761 2242 2828 ex
2290 2747 2405 2805 hoc
2434 2749 2597 2821 quod

168 2820 378 2879 omnia
401 2819 516 2877 sibi
547 2819 827 2877 dicuntur
845 2832 979 2877 esse
1005 2818 1142 2876 data
1160 2832 1197 2876 a
1224 2820 1393 2875 Patre
1416 2835 1431 2886 ;
1463 2830 1586 2874 non
1609 2820 1806 2874 autem
1835 2822 2039 2874 essent
2067 2816 2183 2875 sibi
2206 2817 2343 2876 data
2371 2819 2596 2890 omnia,

166 2890 291 2949 nisi
321 2891 521 2948 omnis
545 2890 851 2960 plenitudo
871 2888 1199 2947 divinitatis
1228 2902 1360 2961 quae
1388 2888 1563 2946 estin
1595 2890 1764 2944 Patre
1791 2892 1953 2944 esset
1983 2887 2047 2943 in
2068 2887 2239 2946 Filio.
2266 2888 2365 2946 Sic
2390 2888 2594 2962 igitur,

167 2976 246 3019 ex
285 2961 402 3018 hoc
450 2960 608 3032 quod
656 2960 773 3018 sibi
817 2963 1045 3017 Patrem
1094 2958 1333 3017 dedisse
1371 2957 1609 3025 asserit,
1639 2972 1707 3016 se
1752 2971 1957 3015 verum
1988 2957 2204 3015 Filium
2248 2957 2591 3029 confitetur,

169 3036 383 3089 contra
409 3030 726 3089 sabellium
752 3048 767 3101 ;
795 3044 867 3088 ex
893 3029 1305 3102 magnitudine
1328 3043 1469 3086 vero
1495 3027 1627 3101 ejus
1656 3028 1816 3101 quod
1845 3028 2038 3097 datur,
2068 3028 2227 3087 Patri
2257 3041 2326 3087 se
2353 3029 2598 3089 conflte-

168 3106 272 3160 tur
297 3113 430 3159 esse
459 3101 771 3173 aequalem,
802 3105 868 3158 ut
894 3101 1070 3158 Arius
1096 3100 1515 3157 confundatur.

244 3173 411 3229 Patet
434 3172 618 3243 igitur
644 3170 804 3243 quod
834 3172 974 3229 talis
1002 3170 1247 3228 donatio
1277 3170 1669 3242 indigentiam
1695 3170 1759 3229 in
1789 3170 1939 3230 Filio
1970 3184 2089 3229 non
2122 3170 2437 3244 designat;
2467 3184 2594 3230 non

169 3243 334 3301 enim
381 3250 518 3300 ante
565 3241 677 3299 fuit
713 3240 898 3299 Filius
940 3255 1119 3313 quam
1162 3239 1277 3299 sibi
1325 3240 1583 3309 daretur,
1613 3254 1798 3314 quum
1838 3242 2147 3313 generatio
2192 3239 2324 3313 ejus
2362 3242 2442 3300 sit
2466 3242 2601 3313 ipsa

167 3313 456 3383 donati03
483 3326 675 3385 neque
721 3311 1030 3383 plenitudo
1068 3311 1190 3369 dati
1235 3312 1348 3369 hoc
1406 3311 1628 3382 patitur
1688 3317 1754 3370 ut
1792 3311 2063 3383 indigere
2107 3312 2304 3382 possit
2349 3312 2451 3369 ille
2499 3313 2597 3372 cui
2684 3320 2689 3327 ·

168 3389 414 3442 constat
442 3397 577 3440 esse
610 3383 916 3440 donatum.
946 3384 1065 3439 Nec
1091 3381 1292 3439 obviat
1334 3382 1637 3454 praedictis
1665 3381 1825 3454 quod
1859 3396 1931 3439 ex
1956 3386 2223 3453 tempore
2248 3382 2397 3441 Filio
2427 3385 2601 3441 Pater

169 3454 418 3513 dedisse
467 3454 682 3526 legitur
727 3452 790 3509 in
837 3452 1180 3523 scripturis,
1212 3452 1370 3510 sicut
1408 3453 1699 3510 Dominus
1744 3457 1883 3524 post
1926 3452 2426 3512 resurrectionem
2456 3453 2604 3514 dicit

165 3524 492 3595 discipulis
523 3542 536 3580 ε
573 3527 715 3579 Data
753 3527 833 3578 est
855 3523 996 3578 milti
1033 3526 1206 3580 omnis
1233 3527 1469 3594 potestas
1496 3526 1561 3578 in
1598 3523 1723 3578 coelo
1764 3524 1897 3579 etin
1940 3527 2090 3578 terra
2123 3523 2367 3594 (natm,
2392 3536 2598 3586 xxvm.

165 3595 303 3664 18);
335 3600 393 3652 et
419 3594 740 3664 Apostolus
767 3592 933 3661 dicit,
964 3593 1124 3666 quod
1140 3598 1375 3674 propter,
1394 3594 1491 3650 hoc
1516 3596 1659 3649 Deus
1687 3595 1953 3677 ecpaltavit
1978 3594 2154 3656 illum,
2176 3597 2239 3670 ,et
2264 3594 2490 3650 donavit
2514 3594 2604 3651 illi

162 3680 367 3809 ἱῗιἺῗ-ιῖἷ
394 3665 640 3815 iffi?
653 3678 1021 3808 ξῖῗέεῗῗέῖ
1029 3663 2604 3817 Ἒΐὲῥῃᾳέὲῗῧέῗῧέἒῗἕέθὲἷέἵὶἕῗᾳὲξιέᾗῑέοέἑῗ

162 3810 388 3865 suetus
430 3806 746 3875 Scripturae
785 3804 1004 3863 modus
1029 3810 1097 3861 ut
1142 3805 1344 3885 aliqua
1373 3804 1648 3862 dicantur
1689 3818 1825 3863 esse
1853 3805 1944 3863 vel
1972 3804 2123 3874 fieri,
2147 3803 2388 3877 quando
2422 3817 2599 3864 inno·

163 3880 434 3935 tescunt.
468 3878 588 3933 Hoc
638 3881 834 3933 autem
887 3874 1050 3947 quod
1095 3875 1282 3933 Fibus
1326 3874 1400 3933 ab
1448 3882 1672 3932 aeterno
1717 3875 2120 3934 universalem
2160 3880 2514 3946 potestatem
2544 3880 2605 3935 et

163 3960 398 4005 nomen
427 3947 693 4004 divinum
723 3946 1037 4017 acceperit,
1066 3950 1205 4017 post
1248 3946 1748 4003 resurrectionem
1793 3944 2255 4018 praedicantibus
2286 3944 2601 4017 discipulis

163 4016 403 4075 mundo
431 4022 526 4074 est
569 4016 1011 4076 manifestatum
1036 4033 1053 4083 3
1083 4020 1143 4073 et
1169 4015 1285 4074 hoc
1314 4016 1492 4073 etiam
1537 4016 1716 4073 verba
1740 4016 1842 4074 Dei
1872 4015 2233 4086 ostendunt;
2264 4014 2408 4074 dicit
2437 4017 2598 4076 enim

165 4088 470 4145 Dominus
512 4105 530 4142 ε
572 4087 827 4158 clarifica
862 4102 946 4143 me
991 4090 1071 4150 tu,
1116 4088 1300 4156 Pater,
1332 4086 1485 4158 apud
1538 4090 1894 4158 temetipsum,
1926 4088 2175 4143 claritate
2218 4101 2386 4156 quam
2434 4087 2607 4145 habui

158 4162 502 4230 priusquam
539 4158 774 4214 mundus
819 4160 953 4214 esset
980 4155 1217 4238 (Joann.‚
1249 4169 1400 4225 xvn,
1430 4156 1525 4229 5);
1557 4158 1702 4228 petit
1745 4156 1905 4214 enini
1932 4161 1998 4214 ut
2023 4169 2135 4214 sua
2177 4157 2391 4228 gloria,
2464 4172 2601 4219 uam

167 4229 248 4354 {th
276 4236 504 4288 aeterno
532 4241 572 4286 a
597 4231 769 4287 Patre
814 4232 1038 4298 recepit
1067 4233 1132 4286 ut
1157 4230 1339 4299 DeuS‚
1368 4227 1432 4285 in
1460 4237 1534 4284 eo
1557 4227 1682 4298 jam
1713 4226 1957 4286 homine
1984 4228 2142 4285 facto
2172 4239 2311 4287 esse
2337 4226 2445 4287 dee
2473 4243 2600 4288 are-

238 4373 325 4430 Ex
352 4371 476 4431 hoc
504 4372 700 4428 autem
733 4370 1118 4430 manifestum
1161 4376 1256 4429 est
1278 4369 1582 4444 quomodo
1609 4369 1797 4428 Filius
1823 4369 2125 4450 doceatur,
2154 4382 2339 4443 quum
2366 4382 2488 4428 non
2519 4367 2603 4427 sit

161 4442 490 4517 ignorans,
518 4441 839 4515 ostensum
879 4446 975 4502 est
999 4441 1161 4501 enim
1191 4442 1255 4516 (l.
1285 4456 1329 4515 1,
1359 4457 1415 4502 c.
1443 4446 1536 4516 45)
1563 4440 1724 4515 quod
1764 4439 2099 4514 intelligere
2125 4447 2187 4501 et
2214 4446 2350 4501 esse
2376 4440 2444 4500 in
2477 4441 2602 4496 Deo
