3076 5025
1061 303 1194 364 LIB.
1236 306 1333 376 111,
1373 306 1526 363 CAP.
1565 306 1810 364 xxxvii.
2544 312 2651 365 299

1158 578 1411 643 CAPUT
1464 567 1703 643 XXXV.

357 757 510 813 QUOD
533 759 754 806 omma
780 758 1021 807 HOMINIS
1049 761 1344 806 mucius
1371 759 1491 806 NON
1528 760 1823 807 consism
1856 760 1916 806 m
1946 760 2103 807 Auru
2136 762 2503 809 mmmm.

211 991 247 1052 f
274 920 518 1049 lEitthoc
543 921 721 980 etiam
749 925 996 996 apparet
1021 921 1180 995 quod
1201 936 1392 996 neque
1422 922 1486 979 in
1503 927 1641 981 actu
1664 922 1990 996 prudentiae
2010 929 2103 983 est
2129 925 2341 984 ultima
2379 926 2646 985 hominis

240 1006 274 1051 e
303 1008 379 1049 ici
410 1005 496 1050 as.
2401 1023 2405 1027 >

284 1067 470 1120 Actus
499 1062 657 1120 enim
686 1062 1011 1134 prudentiae
1041 1068 1137 1121 est
1162 1063 1360 1122 solum
1389 1063 1552 1122 circa
1578 1078 1648 1122 ea
1667 1079 1799 1137 quae
1827 1069 1968 1123 sunt
1988 1066 2305 1125 moralium
2334 1069 2641 1126 virtutum.

212 1134 349 1193 Non
377 1139 470 1190 est
508 1139 707 1190 autem
733 1133 796 1189 in
846 1133 1079 1190 actibus
1117 1134 1434 1193 moralium
1482 1134 1765 1193 virtutum
1813 1136 2022 1194 ultima
2069 1136 2335 1197 hominis
2371 1139 2646 1198 felicitas,

216 1205 426 1276 Neque
456 1204 639 1275 igitur
661 1204 726 1260 in
754 1208 890 1261 actu
918 1204 1267 1285 prudentiae.

283 1275 507 1337 Adhuc,
539 1274 747 1332 ultima
777 1273 1034 1332 felicitas
1062 1275 1325 1334 hominis
1351 1275 1528 1333 estin
1553 1276 1781 1358 optima
1804 1275 2070 1336 hominis
2098 1279 2465 1351 operatione.
2489 1279 2655 1351 opti-

213 1357 320 1404 ma
346 1349 542 1402 autem
586 1344 852 1403 hominis
891 1346 1179 1417 operatio,
1210 1347 1543 1405 secundum
1575 1346 1638 1404 id
1685 1346 1846 1419 quod
1875 1353 1966 1404 est
2006 1349 2314 1430 proprium
2359 1351 2647 1420 hominis,

215 1419 312 1473 est
339 1415 403 1472 in
432 1416 876 1487 comparatione
905 1415 978 1473 ad
1025 1417 1461 1487 perfectissima
1503 1418 1753 1489 objecta.
1787 1419 1831 1475 0
1912 1422 2063 1478 ratio
2088 1426 2284 1478 autem
2314 1421 2651 1492 prudentiae

213 1498 342 1546 non
370 1491 630 1558 asterga
657 1486 890 1558 objecta
930 1488 1367 1558 perfectissima
1407 1488 1747 1546 intellectus
1774 1502 1843 1544 ve
1897 1490 2185 1558 rationis;
2217 1504 2341 1549 non
2373 1492 2534 1548 enim
2558 1495 2655 1550 est

216 1570 363 1629 erga
391 1558 752 1625 necessaria,
783 1557 888 1614 sed
920 1571 1061 1639 erga
1106 1558 1514 1630 contingentia
1564 1557 1909 1630 operabilia.
1932 1563 2061 1618 Non
2100 1567 2193 1619 est
2217 1562 2400 1634 igitur
2426 1562 2491 1619 in
2519 1561 2655 1634 ejus

217 1627 567 1698 operatione
598 1627 809 1685 ultima
838 1628 1108 1686 hominis
1132 1629 1406 1687 felicitas.

287 1698 564 1768 Amplius,
595 1698 760 1770 quod
780 1698 1090 1757 ordinatur
1115 1699 1188 1756 ad
1210 1699 1464 1757 alterum
1486 1700 1645 1758 sicut
1668 1700 1740 1758 ad
1759 1698 1940 1757 finem
1967 1713 2088 1757 non
2111 1709 2204 1759 est
2222 1702 2432 1760 ultima
2452 1701 2649 1760 homi-

215 1767 318 1825 nis
360 1768 636 1826 felicitas.
669 1768 946 1850 Operatio
993 1775 1189 1828 autem
1236 1769 1564 1842 prudentiae
1615 1770 1925 1829 ordinatur
1956 1769 2032 1830 ad
2083 1772 2331 1830 alterum
2378 1774 2536 1831 sicut
2575 1772 2653 1832 ad

215 1835 399 1896 finem
433 1858 446 1895 :
480 1845 604 1896 tum
636 1855 776 1912 quia
805 1839 1006 1898 omnis
1037 1840 1296 1911 practica
1341 1842 1631 1913 cognitio,
1657 1840 1773 1900 sub
1799 1855 1917 1914 qua
1944 1843 2284 1901 continetur
2311 1843 2651 1915 prudentia,

218 1908 531 1967 ordinatur
555 1909 630 1967 ad
659 1911 1065 1991 operationem
1089 1930 1106 1982 ;
1138 1917 1260 1969 tum
1290 1912 1464 1970 etiam
1488 1912 1628 1984 quia
1688 1912 1962 1969 rudentia
1989 1912 2128 1971 facit
2174 1914 2477 1972 hominem
2497 1913 2651 1972 bene

215 1992 286 2038 se
310 1979 527 2038 habere
556 1980 621 2037 in
651 1981 748 2038 his
777 1995 910 2054 quae
934 1987 1080 2039 sunt
1116 1982 1192 2040 ad
1217 1982 1394 2040 finem
1428 1982 1624 2054 eligen
1671 1998 1726 2051 a,
1759 1982 1917 2040 sicut
1955 1989 2114 2052 patet
2141 1998 2247 2056 per
2269 1985 2648 2044 Aristotelem

243 2050 455 2177 Eltliitti„
485 2064 570 2120 vi,
603 2066 655 2108 c.
691 2053 802 2123 16).
828 2055 962 2110 Non
986 2057 1076 2111 est
1118 2053 1301 2126 igitur
1324 2055 1388 2111 in
1417 2053 1761 2125 operatione
1792 2051 2121 2124 prudentiae
2147 2055 2356 2114 ultima
2387 2054 2651 2113 hominis

243 2135 276 2178 e
305 2134 381 2178 ici
412 2134 499 2179 as,
2322 2167 2326 2172 .

287 2193 438 2254 Item,
472 2191 756 2249 animalia
799 2192 1231 2252 irrationabilia
1276 2208 1400 2253 non
1446 2194 1802 2266 participant
1857 2195 2083 2269 aliquid
2131 2195 2453 2266 felicitatis,
2492 2195 2653 2256 sicui

213 2261 430 2334 probat
454 2263 802 2322 Aristoteles
831 2263 1063 2336 (Ethic.,
1090 2279 1131 2334 1,
1162 2280 1220 2324 c.
1249 2265 1356 2336 ¹3).
1390 2265 1751 2336 participant
1777 2271 1975 2324 autem
2004 2267 2276 2339 quaedam
2306 2281 2513 2326 eorum
2540 2265 2650 2325 ali-

217 2331 363 2405 quid
390 2333 719 2414 prudentiai
769 2339 830 2390 ut
877 2339 1035 2414 patet
1061 2349 1166 2406 per
1214 2335 1491 2393 eumdem
1516 2335 1887 2410 metaphys„
1917 2350 1959 2406 1,
1990 2352 2044 2395 c.
2075 2336 2151 2409 1).
2179 2337 2365 2410 Igitur
2390 2337 2649 2401 felicitas

220 2415 346 2461 non
375 2404 654 2463 consistit
680 2418 748 2462 in
779 2410 1123 2476 operatione
1151 2405 1501 2477 prudentiae.

1156 2624 1408 2689 CAPUT
1447 2624 1718 2689 xxxvi.

574 2805 728 2859 QUOD
757 2803 1059 2851 numus
1099 2802 1222 2849 lton
1257 2798 1558 2850 constanti·
1593 2803 1658 2848 nt
1702 2800 2073 2850 ormnem
2105 2804 2295 2851 anns.

286 2972 455 3028 Patet
480 2968 658 3026 etiam
688 2966 848 3041 quod
876 2980 1071 3039 neque
1099 2966 1163 3024 in
1190 2965 1533 3039 operatione
1564 2967 1730 3026 artis.

289 3040 443 3108 Quia
470 3040 652 3097 etiam
698 3040 846 3096 artis
888 3037 1156 3109 cognitio
1187 3037 1460 3117 ‚practica
1507 3042 1620 3107 est,
1644 3037 1815 3096 etita
1867 3038 1949 3098 ad
1987 3036 2167 3099 finem
2214 3039 2563 3112 ordinatur;
2592 3044 2651 3100 et

222 3109 363 3170 ideo
395 3110 527 3182 ipsa
556 3123 678 3167 non
702 3114 794 3167 est
822 3107 1070 3167 ultimus
1097 3107 1257 3166 finis.

289 3183 576 3249 Praeterea,
619 3179 1032 3250 operationum
1080 3179 1228 3237 artis
1271 3178 1424 3237 fines
1471 3183 1614 3236 sunt
1655 3178 1989 3252 artificiata‚
2018 3195 2150 3254 quae
2220 3194 2342 3239 non
2389 3187 2651 3253 possunt

218 3265 357 3310 esse
389 3251 636 3309 ultimus
665 3248 806 3309 finis
852 3250 1128 3309 humanae
1156 3248 1314 3318 vitae,
1341 3263 1523 3323 quum
1578 3249 1773 3323 magis
1802 3263 1916 3310 nos
1964 3252 2157 3310 simus
2198 3251 2349 3308 fines
2378 3253 2649 3312 omnium

219 3321 620 3380 artificialium
648 3338 662 3391 ;
694 3320 898 3379 omnia
929 3321 1089 3378 enim
1119 3326 1361 3401 propter
1391 3320 1656 3400 nominis
1678 3334 1854 3380 usum
1883 3322 2055 3381 fiunt.
2084 3325 2214 3381 Non
2241 3327 2437 3394 potest
2464 3323 2649 3395 igitur

218 3392 284 3452 in
313 3393 658 3464 operatione
688 3391 835 3450 artis
865 3403 1000 3450 esse
1027 3392 1239 3449 ultima
1261 3390 1536 3449 felicitas.

1135 3608 1394 3677 CAPUT
1421 3611 1723 3676 xxxvii.

343 3792 493 3846 QUOD
529 3788 753 3838 uum
787 3788 1037 3837 nonnus
1067 3788 1368 3836 mucius
1418 3789 1719 3837 CONSISTIT
1753 3791 1817 3836 nt
1853 3791 2369 3840 communen
2402 3794 2521 3841 nm.

292 3953 403 4013 sii
452 3953 565 4011 ‘tur
604 3954 817 4013 ultima
865 3952 1122 4013 felicitas
1161 3953 1429 4012 hominis
1477 3968 1602 4012 non
1652 3953 1931 4012 consistit
1975 3955 2040 4013 in
2081 3955 2475 4015 exterioribus
2516 3973 2649 4030 quae

218 3968 504 4086 dicunfflr
549 4023 708 4081 bona
749 4024 1021 4095 fortunae,
1044 4039 1238 4097 neque
1266 4025 1327 4081 in
1363 4025 1542 4083 bonis
1588 4025 1880 4096 corporis,
1906 4038 2099 4106 neque
2126 4026 2193 4082 in
2228 4025 2406 4107 lionis
2434 4028 2650 4087 animae

263 4099 512 4154 uantum
541 4093 615 4151 ad
645 4096 987 4153 sensitivam
1020 4101 1268 4166 partem,
1301 4109 1492 4168 neque
1547 4102 1835 4168 quantum
1865 4095 1940 4153 ad
1985 4096 2407 4155 intellectivam
2435 4112 2649 4158 secun·

263 4180 362 4225 um
415 4171 587 4222 actus
633 4165 948 4222 moralium
991 4167 1296 4235 virtutum,
1328 4179 1520 4239 neque
1571 4165 1902 4225 secundum
1952 4166 2383 4226 intellectuales
2416 4184 2548 4242 quae
2575 4170 2647 4228 ad

219 4237 522 4295 actionem
551 4234 865 4306 pertinent,
894 4235 1125 4294 scilicet
1148 4241 1336 4295 artem
1360 4242 1420 4293 et
1446 4236 1845 4308 prudentiam,
1867 4236 2226 4310 relinquitur
2250 4238 2410 4311 quod
2440 4241 2652 4298 ultima

222 4306 492 4367 hominis
522 4305 778 4363 felicitas
807 4305 974 4363 sitin
1001 4307 1499 4388 contemplatione
1528 4308 1815 4387 iteritatis·

291 4381 428 4437 Haec
455 4377 617 4435 enim
647 4376 784 4433 sota
810 4377 1073 4458 operatio
1100 4378 1367 4439 hominis
1395 4383 1489 4437 est
1513 4377 1632 4437 sibi
1675 4378 1919 4452 propria
1944 4378 2097 4440 etin
2124 4394 2244 4455 qua
2270 4380 2438 4441 nullo
2467 4379 2648 4441 modo

223 4447 461 4524 aliquod
489 4447 660 4510 aliud
682 4452 1101 4510 commumcat.
1827 4459 1831 4463 ·
