3076 5025
1051 323 1184 381 Lm.
1223 323 1314 394 w,
1353 323 1506 381 cAr.
1548 324 1702 381 an.
2490 330 2594 384 597

60 450 64 461 '
170 445 358 506 dendo
389 450 754 516 pervenerat.
777 444 1066 516 Amplius,
1096 445 1301 505 nullus
1326 452 1525 504 motus
1557 445 1763 505 localis
1791 446 2144 506 terminatur
2170 446 2351 506 simul
2378 448 2452 507 ad
2471 448 2593 508 duo

168 518 316 576 loca.
343 517 723 574 Manifestum
752 520 845 573 est
870 520 1066 574 autem
1094 516 1209 574 hoc
1240 522 1680 575 sacramentum
1710 517 1889 576 simul
1917 518 1980 575 in
2010 517 2260 576 diversis
2304 518 2593 579 altaribus

168 586 471 717 ffilebrari.
503 589 632 667 Non
663 591 756 713 est
779 599 922 660 ergo
945 585 1232 658 possibile
1260 587 1422 660 quod
1449 602 1556 660 per
1585 590 1812 647 motum
1842 588 2098 647 localem
2122 601 2342 661 corpus
2369 589 2588 649 Christi

232 674 248 715 ι
279 671 413 716 esse
438 669 558 714 inci
603 672 661 714 ia
690 698 705 712 .

237 727 511 786 Secunda
534 671 855 785 ᾱιῖῑῆουὶῐειε
883 741 957 785 ex
981 727 1117 786 loco
1145 727 1378 786 accidit.
1409 731 1538 786 Non
1575 728 1730 786 enim
1775 727 2051 789 semotim
2095 733 2297 800 partes
2334 730 2593 803 alicujus

167 798 230 857 in
258 798 510 856 diversis
540 797 694 855 locis
716 797 1118 867 continentur,
1164 798 1296 869 ipso
1341 799 1577 871 integro
1618 802 2021 872 permanente.
2079 800 2456 859 Manifestum
2503 806 2596 860 est

168 873 362 928 autem
387 870 451 925 in
482 868 596 925 hoc
623 873 998 926 sacramento
1026 882 1301 927 seorsum
1335 883 1470 927 esse
1500 883 1715 951 panem
1745 876 1804 927 et
1830 870 2034 928 vinum
2067 868 2132 927 in
2173 870 2324 929 locis
2357 883 2594 952 separa·

165 939 259 998 tis.
283 939 342 997 Si
367 939 551 1011 igitur
577 951 717 997 caro
747 939 964 998 Christi
994 939 1074 996 sit
1101 938 1213 997 sub
1235 941 1434 1011 specie
1464 941 1610 1010 vini,
1637 940 1869 999 videtur
1898 940 2070 1013 sequi
2117 940 2278 1014 quod
2320 940 2592 1000 Christus

168 1022 293 1067 non
323 1013 624 1066 ramaneat
656 1009 904 1082 integer,
933 1008 1039 1067 sed
1067 1022 1320 1137 semgar,
1353 1024 1536 1084 quum
1561 1009 1677 1070 hoc
1708 1016 2146 1070 sacramentum
2196 1010 2413 1084 agitur,
2462 1010 2594 1084 ejus

168 1080 419 1154 sanguis
450 1093 487 1137 a
512 1093 761 1150 corpore
790 1085 1115 1151 separetur.
1144 1084 1191 1136 A
1233 1081 1371 1148 huc,
1402 1080 1774 1153 impossihile
1798 1080 2028 1139 videtur
2054 1081 2214 1154 quod
2244 1082 2439 1153 majus
2468 1095 2596 1139 cor·-

167 1163 283 1279 gns
322 1150 383 1206 in
414 1150 550 1208 loco
580 1149 832 1208 minoris
877 1149 1233 1209 includatur.
1285 1151 1661 1210 Manifestum
1717 1155 1811 1211 est
1858 1157 2057 1210 autem
2110 1164 2317 1210 verum
2372 1164 2592 1223 corpus

210 1220 383 1278 bristi
408 1234 544 1279 esse
572 1220 818 1292 majoris
846 1220 1194 1293 quantitatis
1221 1235 1401 1293 quam
1429 1223 1604 1293 panis
1633 1223 1735 1295 qui
1765 1223 1829 1280 in
1856 1222 2025 1281 altari
2052 1220 2318 1280 offertur.
2364 1224 2593 1294 Impos-

169 1290 338 1371 sibile
366 1291 551 1364 igitur
574 1290 804 1348 videtur
830 1290 989 1371 quod
1029 1305 1231 1349 verum
1262 1306 1480 1363 corpus
1510 1293 1726 1351 Christi
1750 1298 1940 1350 totum
1973 1297 2030 1350 et
2053 1293 2352 1366 integrum
2382 1292 2462 1350 sit
2489 1292 2592 1351 ubi

170 1361 400 1419 videtur
424 1375 560 1419 esse
587 1361 782 1432 panis.
809 1361 868 1418 Sl
898 1364 1093 1418 autem
1121 1361 1203 1419 ibi
1234 1368 1327 1421 est
1355 1376 1476 1421 non
1505 1368 1718 1433 totum,
1746 1362 1851 1421 sed
1877 1362 2076 1434 aliqua
2118 1376 2257 1434 pars
2299 1363 2449 1434 ejuS‚
2499 1377 2593 1421 re-

172 1431 314 1489 dibit
333 1432 590 1502 primum
617 1432 1066 1513 inconveniens,
1091 1431 1248 1504 quod
1280 1446 1533 1504 semper,
1562 1446 1747 1506 quum
1776 1434 1890 1492 hoc
1918 1439 2351 1493 sacramentum
2374 1433 2591 1507 agitur,

180 1516 391 1573 corpus
422 1502 637 1560 Christi
711 1516 776 1560 er
843 1507 999 1559 artes
1020 1502 1410 1574 discerpatur.
1439 1531 1509 1547 -
1531 1504 1822 1576 Amplius,
1850 1503 2221 1575 impossibile
2268 1507 2361 1563 est
2404 1517 2592 1562 unum

175 1586 390 1643 corpus
420 1573 481 1630 in
510 1572 665 1644 pluri
710 1585 783 1631 us
836 1573 966 1631 ocis
994 1573 1269 1631 existere.
1300 1574 1674 1634 Manifestum
1724 1580 1814 1632 est
1858 1580 2054 1632 autem
2100 1573 2216 1632 hoc
2259 1587 2592 1633 sacramen-

171 1648 295 1700 tum
320 1643 385 1699 in
414 1642 687 1715 pluribus
715 1642 867 1701 locis
896 1642 1202 1701 celebrari.
1250 1644 1628 1715 Impossibile
1671 1644 1855 1719 igitur
1896 1644 2130 1702 videtur
2173 1645 2331 1718 quod
2373 1658 2593 1726 corpus

172 1714 393 1773 Christi
422 1714 710 1771 veraciter
739 1713 801 1770 in
829 1712 945 1771 boc
984 1719 1359 1772 sacramento
1405 1715 1814 1783 contineatur;
1861 1714 1979 1773 nisi
2040 1716 2190 1773 sorte
2245 1715 2382 1788 quis
2433 1715 2593 1773 dicat

167 1783 324 1857 quod
358 1784 687 1841 secundum
718 1784 979 1856 aliquam
1003 1784 1353 1855 particulam
1377 1790 1468 1842 est
1505 1785 1619 1854 hic,
1645 1790 1704 1843 et
1729 1784 2058 1843 secundum
2088 1786 2265 1843 aliam
2294 1784 2459 1843 alibi.
2505 1784 2592 1844 Ad

167 1853 327 1928 quod
355 1855 567 1911 iterum
599 1854 867 1926 sequitur
887 1853 1048 1926 quod
1073 1868 1176 1925 per
1203 1854 1665 1913 celebrationem
1692 1855 2035 1927 hujusmodi
2064 1856 2420 1914 sacramenti
2460 1869 2593 1914 cor-

166 1939 283 1998 pus
312 1925 531 1983 Christi
559 1924 854 1982 dividatur
884 1924 944 1981 in
965 1929 1180 1995 partes,
1244 1938 1387 1982 uum
1413 1929 1612 1982 tamen
1637 1939 1748 1984 nec
1811 1926 2070 1984 uantitas
2090 1926 2361 1997 corporis
2380 1925 2593 1983 Christi

166 1994 446 2054 sufficere
483 1994 847 2076 videaturad
871 1999 958 2051 tot
986 1939 1309 2066 particulas
1338 2010 1411 2054 ex
1437 2008 1509 2054 eo
1538 1995 1775 2054 dividen
1820 1996 1976 2054 asin
2001 2002 2148 2069 quot
2176 1996 2329 2054 locis
2358 1995 2475 2054 hoc
2503 2009 2595 2054 sa-

163 2071 538 2125 cramentum
605 2071 883 2136 erag‘ltur.

237 2136 431 2194 Tertia
459 2136 516 2194 di
589 2136 781 2194 cultas
814 2139 907 2194 est
934 2149 1007 2193 ex
1033 2135 1127 2194 his
1156 2148 1287 2209 quae
1325 2135 1391 2192 in
1416 2135 1531 2193 hoc
1558 2140 1934 2194 sacramento
1975 2149 2162 2194 sensu
2204 2136 2589 2208 percipimus.

168 2207 478 2265 sentimus
525 2207 683 2263 enim
743 2206 1054 2264 manifeste
1099 2210 1157 2262 et
1199 2210 1335 2277 post
1385 2206 1898 2264 consecrationem
1939 2205 2001 2264 in
2055 2206 2169 2265 hoc
2219 2212 2592 2265 sacramento

169 2277 379 2337 omnia
402 2277 730 2335 accidentia
755 2277 929 2348 panis
954 2282 1011 2334 et
1037 2276 1180 2345 vini,
1213 2275 1443 2333 scilicet
1469 2276 1752 2347 colorem,
1798 2290 2095 2347 saporem,
2142 2276 2409 2348 odorem,
2440 2276 2593 2350 figu-

165 2362 320 2413 ram,
359 2348 747 2419 quantitatem
778 2352 836 2404 et
859 2346 1116 2418 ponduS,
1147 2346 1306 2404 circa
1331 2360 1463 2418 quae
1494 2346 1685 2416 decipi
1717 2360 1838 2404 non
1867 2361 2215 2418 possumuS,
2263 2348 2406 2419 quia
2454 2360 2590 2405 sen-

166 2432 281 2478 sus
307 2418 466 2475 circa
493 2418 730 2489 propria
758 2416 1068 2476 sensibilia
1093 2430 1215 2474 non
1261 2416 1572 2486 decipitur.
1618 2416 1967 2488 Hujusmodi
2014 2423 2213 2474 autem
2260 2415 2593 2475 accidentia

163 2490 230 2550 in
264 2502 513 2560 corpore
543 2488 759 2547 Christi
789 2501 924 2547 esse
948 2499 1072 2545 non
1100 2492 1357 2558 possunt
1385 2486 1541 2544 sicut
1569 2485 1632 2543 in
1657 2486 1946 2569 subjecto,
1973 2487 2254 2545 similiter
2277 2487 2455 2546 etiam
2480 2500 2590 2546 nec

164 2561 233 2620 in
266 2574 402 2617 aere
433 2559 760 2631 adjacenti3
792 2559 950 2630 quia,
981 2571 1164 2630 quum
1192 2557 1449 2627 plurima
1467 2569 1675 2614 eorum
1722 2563 1844 2616 s1nt
1892 2558 2221 2617 accidentia
2272 2557 2585 2621 naturalia,

163 2632 485 2703 requirunt
512 2630 841 2700 subjectum
872 2627 1271 2686 determinata}
1304 2634 1549 2696 naturae,
1573 2641 1694 2686 non
1720 2628 1914 2701 qualis
1945 2634 2035 2687 est
2064 2635 2276 2686 natura
2319 2630 2591 2700 corporis

162 2701 419 2762 humani
443 2700 535 2758 vel
565 2700 737 2758 aeris.
766 2702 884 2757 Nec
912 2699 1087 2756 etiam
1119 2703 1376 2769 possunt
1402 2712 1505 2768 per
1533 2711 1599 2756 se
1641 2698 1984 2763 subsistere,
2032 2713 2216 2771 quum
2263 2699 2591 2757 accidentis

165 2786 307 2832 esse
338 2771 415 2829 sit
442 2771 643 2829 inesse
668 2788 682 2839 ;
715 2770 1042 2828 accidentia
1067 2774 1286 2837 autem,
1315 2782 1499 2839 quum
1529 2769 1649 2825 sint
1675 2769 1897 2838 formae,
1926 2769 2281 2827 individuari
2307 2782 2432 2828 non
2461 2783 2593 2840 pos-

165 2847 317 2901 sunt
337 2842 452 2899 nisi
484 2856 589 2921 per
616 2840 947 2913 subjectum
972 2857 987 2908 ;
1016 2838 1191 2906 unde,
1224 2843 1451 2895 remoto
1502 2838 1805 2910 subiectO,
1854 2845 2060 2898 essent
2106 2840 2311 2898 formae
2356 2839 2589 2897 univer-

166 2914 352 2973 sales.
389 2911 755 2993 Rehnquitur
780 2911 962 2984 igitur
989 2908 1694 2990 hujusmodiaccidentia
1742 2923 1876 2967 esse
1916 2911 1978 2967 in
2007 2911 2134 2969 suis
2183 2909 2587 2969 determinatis

166 2982 478 3054 subiectis,
512 2983 743 3039 scilicet
768 2982 829 3038 in
859 2980 1194 3039 substantia
1216 2992 1385 3050 panis
1414 2983 1474 3035 et
1501 2993 1642 3047 v1n1‚
1671 2984 1727 3037 et
1771 2994 1893 3038 non
1935 2980 2268 3040 substantia
2312 2980 2582 3053 corporis

168 3053 415 3116 Christi,
447 3066 628 3126 quum
659 3050 1031 3123 impossibile
1059 3049 1326 3108 videatur
1344 3050 1462 3107 duo
1486 3064 1738 3121 corpora
1765 3064 1900 3110 esse
1929 3052 2129 3110 simul.

244 3125 467 3193 Quarta
495 3121 812 3181 difficultas
840 3120 1055 3180 accidit
1083 3135 1153 3178 ex
1179 3121 1559 3191 passionibus
1585 3126 1644 3178 et
1666 3121 2023 3192 actionibuS‚
2059 3136 2190 3195 quae
2216 3122 2588 3196 apparentia

166 3209 327 3268 pane
358 3199 414 3252 et
443 3195 581 3251 vino
612 3198 746 3265 post
772 3191 1282 3251 consecrationem
1309 3192 1466 3249 sicut
1486 3196 1544 3248 et
1572 3195 1728 3250 ante.
1750 3194 1895 3250 Nam
1920 3193 2148 3263 vinum,
2178 3193 2231 3251 si
2277 3193 2339 3252 in
2374 3206 2592 3265 magna

167 3265 500 3338 quantitate
530 3269 882 3332 sumeretur,
912 3262 1259 3321 calefaceret
1287 3267 1345 3319 et
1367 3260 1707 3330 inebriaret,
1736 3262 1910 3333 panis
1948 3268 2145 3322 autem
2191 3270 2250 3321 et
2292 3264 2588 3322 conforta-

163 3341 263 3395 ret
286 3341 347 3393 et
371 3335 653 3402 nutriret3
684 3334 958 3391 videntur
987 3331 1184 3401 etiam,
1210 3333 1262 3389 si
1296 3331 1394 3389 diu
1425 3337 1483 3389 et
1508 3332 1745 3390 incaute
1775 3340 2103 3403 serventur,
2145 3334 2443 3406 putrefieri
2471 3340 2529 3392 et
2555 3348 2593 3391 a

162 3406 448 3464 muribus
476 3404 741 3473 comedi;
772 3403 1040 3463 comburi
1069 3403 1242 3460 etiam
1271 3406 1528 3483 possunt
1546 3406 1603 3459 et
1631 3403 1691 3459 in
1722 3403 1983 3461 cinerem
2007 3404 2195 3531 redisfi
2217 3412 2275 3462 et
2289 3417 2587 3476 vaporem;

167 3490 308 3550 quae
337 3475 538 3534 omnia
562 3475 795 3545 corpori
822 3473 1039 3533 Christi
1061 3485 1377 3531 convenire
1407 3486 1529 3531 non
1605 3479 1838 3542 ossunt,
1906 3487 2048 3531 uum
2077 3473 2116 3531 fi
2161 3488 2225 3532 es
2254 3474 2453 3545 ipsum
2480 3474 2593 3531 im-

160 3547 524 3619 passibilem
555 3545 849 3616 praedicet.
881 3543 1258 3615 Impossibile
1289 3544 1472 3616 igitur
1489 3542 1545 3599 vi
1589 3547 1719 3601 etur
1737 3557 1856 3616 quo
1917 3557 2136 3616 corpus
2152 3544 2370 3602 Christi
2390 3544 2454 3601 in
2475 3544 2591 3602 boc

164 3623 552 3677 sacramento
575 3614 1046 3674 substantialiter
1073 3614 1463 3673 contineatur.

243 3689 466 3756 Quinta
495 3686 812 3745 difficultas
839 3685 1069 3743 videtur
1092 3683 1426 3757 specialiter
1450 3682 1716 3742 accidere
1752 3698 1824 3742 ex
1875 3684 2160 3743 fractione
2208 3684 2404 3757 panis,
2457 3695 2589 3764 quae

153 3778 187 3834 q
207 3758 415 3817 uidem
447 3758 807 3816 sensibiliter
829 3771 865 3815 a
906 3761 1071 3837 paret
1095 3769 1205 3813 nec
1225 3755 1356 3836 sine
1373 3752 1642 3880 subgecto
1664 3768 1798 3812 esse
1820 3760 2035 3835 potest.
2056 3755 2392 3836 Absurdum
2413 3757 2589 3811 etiam

149 3838 208 3886 va
227 3829 406 3886 detur
433 3828 625 3885 dicere
654 3827 813 3900 quod
840 3827 861 3885 i
885 3828 1002 3885 lius
1047 3825 1356 3884 fractionis
1404 3838 1472 3882 su
1541 3829 1737 3881 ectum
1783 3831 1863 3882 sit
1907 3839 2125 3899 corpus
2172 3825 2407 3883 Christi.
2457 3826 2590 3903 Nou

149 3900 353 3975 igitur
380 3899 608 3956 videtur
634 3897 716 3956 ibi
747 3911 882 3956 esse
911 3909 1128 3978 corpus
1156 3894 1388 3964 Christi,
1427 3908 1491 3952 se
1564 3894 1760 3952 solum
1786 3895 2116 3976 substantia
2143 3896 2313 3967 panis
2363 3900 2421 3951 et
2444 3895 2587 3975 vini.

239 3972 378 4027 Haec
405 3969 585 4042 igitur
613 3975 671 4026 et
699 3968 1040 4041 hujusmodl
1066 3970 1209 4025 sunt
1232 3969 1468 4046 propter
1510 3979 1641 4036 quae
1669 3964 1940 4028 doctrina
1967 3965 2181 4026 Christi
2211 3971 2270 4025 et
2312 3962 2590 4028 Ecclesiae

149 4043 243 4100 cir
255 4054 331 4099 ca
357 4040 476 4098 hoc
505 4045 941 4098 sacramentum
968 4038 1118 4097 dura
1140 4049 1276 4096 esse
1302 4035 1554 4094 videtur.
