3076 5025
1140 329 1273 385 LIB.
1312 330 1357 398 1,
1399 329 1551 385 CAP.
1599 330 1825 385 vam.
2628 334 2698 389 73

246 468 368 511 non
421 468 590 512 esse.
631 455 758 512 sed
811 453 899 512 sic
950 452 1254 525 cognitum
1308 452 1604 510 diceretur
1649 467 1686 510 a
1729 455 1850 509 Deo
1887 451 2091 524 utjam
2140 453 2200 509 in
2247 467 2358 512 sua
2401 455 2698 512 esssentia

248 526 443 583 visum
484 542 500 579 :
545 537 672 593 quo
723 526 943 595 posito,
990 537 1112 581 non
1162 529 1427 580 remanet
1513 523 1762 580 raedictae
1812 523 2112 596 questioni
2147 524 2335 592 locuS,
2367 525 2509 596 quia
2538 524 2698 595 quod

245 595 365 668 jani
397 600 517 662 est,
546 608 676 650 non
711 599 908 665 potest
934 599 1220 666 quantum
1252 594 1325 650 ad
1352 538 1504 651 iiim'i’
1543 594 1775 651 instans
1818 607 1937 650 non
1985 607 2141 651 esse.
2191 594 2466 664 Deceptio
2517 594 2700 665 igitur

252 664 477 724 accidit
506 679 583 721 ex
616 665 733 721 hoc
774 663 932 736 quod
980 671 1214 735 tempus
1263 663 1321 720 in
1373 678 1490 736 quo
1538 664 1841 736 loquimur
1886 664 2183 732 coexistit,
2227 665 2561 733 ⁸‹etei-nitati,
2606 664 2697 722 vel

253 736 431 795 etiam
487 738 735 806 tempus
784 735 1140 806 praeteritum
1193 735 1352 807 quod
1398 734 1747 802 designatur
1798 749 1932 791 cum
1984 734 2281 791 dicimus:
2315 737 2470 792 Deus
2501 735 2696 792 scivit.

256 806 417 864 Unde
454 805 753 863 habitudo
786 806 1072 875 temporis
1116 805 1394 875 praeteriti
1442 806 1534 861 vel
1587 805 1899 876 praesentis
1933 804 2004 862 ad
2049 805 2334 872 futurum,
2384 806 2700 863 aeternitati

258 875 840 1003 αιῑτρἑιυίῑιιξᾟᾳυοά
878 875 1125 934 omnino
1159 877 1214 932 ei
1244 888 1368 932 non
1414 876 1715 946 competit.
1745 878 1809 931 Et
1839 890 1911 932 ex
1941 875 2056 932 hoc
2103 874 2317 933 accidit
2365 876 2698 933 secundum

258 962 382 1008 acci
429 960 544 1002 ens
602 961 634 1003 a
689 963 728 1003 i.

324 1020 624 1080 Praeterea.
648 1018 700 1074 si
731 1016 1196 1090 unumquodque
1222 1031 1258 1074 a
1278 1020 1398 1075 Deo
1418 1016 1807 1088 cognoscitur
1826 1016 1982 1074 sicut
2001 1016 2454 1087 praesentialiter
2478 1017 2697 1089 visum,

260 1088 349 1147 sic
374 1088 795 1144 necessarium
846 1089 954 1145 erit
1001 1100 1157 1154 esse,
1193 1088 1353 1161 quod
1397 1090 1556 1145 Deus
1608 1088 1952 1159 cognoscin
1985 1086 2138 1145 sicut
2169 1089 2575 1146 necessarium
2607 1092 2700 1147 est

262 1162 568 1218 Socratem
602 1157 834 1227 sedere,
865 1173 935 1215 ex
976 1158 1131 1230 quod
1169 1159 1376 1215 sedere
1417 1158 1669 1216 videtur.
1713 1160 1833 1215 Hoc
1875 1162 2071 1215 autem
2116 1172 2237 1215 non
2291 1160 2700 1217 necessarium

263 1236 357 1288 est
384 1229 685 1298 absolute,
727 1229 889 1285 velut
917 1243 954 1286 a
990 1229 1347 1300 quibusdam
1398 1228 1637 1297 dicitur,
1682 1229 2038 1286 necessitate
2094 1242 2278 1286 conse
2327 1229 2541 1294 uentiS,
2593 1228 2701 1286 sed

262 1299 377 1360 sub
406 1299 779 1365 conditione,
809 1299 901 1355 vel
939 1299 1294 1356 necessitate
1321 1300 1786 1371 consequentiae.
1811 1301 1944 1356 Haec
1970 1298 2128 1355 enim
2167 1310 2281 1355 con
2328 1299 2592 1356 itionalis
2610 1303 2702 1357 est

262 1370 647 1430 necessaria:
673 1391 703 1420 «
737 1370 797 1427 Si
823 1369 1054 1427 videtur
1100 1370 1328 1439 sedere,
1360 1370 1526 1427 sedet
1557 1391 1607 1426 ».
1645 1369 1823 1437 Unde,
1852 1369 1962 1427 etsi
1990 1369 2416 1427 conditionalis
2450 1369 2508 1425 iii
2540 1375 2697 1426 cate-

304 1441 528 1498 oricam
562 1440 950 1508 tansferatur,
984 1447 1049 1497 ut
1075 1440 1306 1497 dicatur
1336 1458 1350 1496 :
1385 1461 1415 1492 «
1445 1440 1613 1509 Quod
1658 1440 1888 1497 videtur
1939 1439 2167 1509 sedere,
2201 1453 2449 1498 necesse
2486 1446 2576 1498 est
2605 1454 2700 1498 sc-

304 1524 400 1568 ere
424 1530 478 1578 »3
510 1516 672 1581 patet
720 1525 853 1568 eam
905 1510 976 1568 de
1014 1510 1174 1567 dicto
1216 1510 1573 1568 intellectam
1617 1516 1672 1568 ct
1700 1511 2090 1581 compositam
2123 1524 2258 1569 esse
2286 1525 2509 1579 verani,
2537 1511 2608 1567 de
2637 1524 2700 1569 rc

266 1595 404 1639 vero
432 1582 803 1637 intellectam
837 1585 895 1637 et
920 1581 1194 1648 divisam,
1227 1595 1360 1638 esse
1384 1582 1616 1639 falsam.
1651 1584 1715 1637 Et
1745 1583 1834 1638 sic
1856 1582 1951 1638 tiis
1976 1581 2039 1637 in
2065 1582 2349 1639 omnibus
2373 1581 2698 1652 similibuS‚

269 1667 397 1780 guae
416 1653 513 1708 Dei
532 1651 856 1709 scientiam
889 1650 1048 1708 circa
1084 1652 1489 1722 contingentia
1525 1658 1942 1723 oppugnantes
1962 1658 2472 1724 argumentantur,
2493 1665 2702 1709 securi·

315 1736 411 1778 um
440 1721 945 1792 compositionem
976 1728 1034 1778 et
1061 1721 1416 1779 divisionem
1458 1722 1763 1780 falluntur.

352 1793 505 1860 Quod
531 1799 734 1849 autem
772 1795 928 1849 Deus
958 1793 1156 1850 sutura
1180 1793 1592 1865 contingentia
1620 1793 1770 1850 sciat
1799 1794 1975 1850 etiam
2007 1795 2357 1850 auctoritate
2384 1793 2697 1860 Scripturae

282 1876 451 1922 sacrae
477 1862 843 1921 ostenditur.
876 1863 1099 1919 Dicitur
1126 1863 1306 1929 enim,
1337 1866 1493 1933 Sap..
1522 1876 1655 1930 viii,
1677 1867 1731 1931 8,
1755 1863 1825 1920 dc
1858 1864 2057 1921 divina
2086 1864 2425 1934 Sapientia:
2456 1865 2630 1931 siqua
2650 1866 2702 1918 et

279 1938 501 1990 monstra
518 1936 647 2000 scit,
671 1938 967 2002 antequam
985 1935 1138 2002 fiant,
1162 1938 1212 1988 et
1229 1938 1446 1988 eventus
1468 1938 1762 2003 temporum
1780 1938 1830 1988 et
1848 1935 2178 1998 saeculorum3
2198 1939 2254 1991 et
2271 1935 2470 1997 Eccli„
2495 1945 2698 2001 xxxix,

274 2007 353 2070 24,
374 2009 437 2059 25
464 2022 478 2060 z
503 2006 631 2060 Non
654 2007 737 2058 est
767 2005 1055 2073 quicquam
1082 2003 1452 2059 absconditum
1480 2004 1548 2058 ab
1578 2005 1744 2058 oculis
1773 2005 1911 2072 ejus,
1935 2021 1968 2058 α
1991 2006 2182 2059 saeculo
2227 2020 2396 2074 usque
2439 2008 2500 2059 in
2535 2017 2700 2060 saecu-

267 2076 373 2129 lum
397 2076 667 2143 respicit3
710 2079 771 2129 et
796 2074 958 2140 lsai„
1005 2086 1212 2143 vant,
1241 2078 1312 2130 5:
1357 2074 1603 2129 Praediaet
1653 2076 1754 2129 tibi
1794 2091 1862 2128 eae
1915 2079 2062 2144 tunc,
2103 2079 2393 2146 antequam
2433 2077 2678 2131 venirent

264 2146 507 2201 indicavi
536 2145 662 2200 tibi.
697 2143 747 2214 (1
778 2149 953 2214 pai-t„
980 2158 1037 2215 q.
1068 2157 1193 2213 xiv,
1226 2151 1334 2201 art.
1366 2144 1472 2217 13.)

1215 2294 1467 2357 CAPUT
1507 2294 1766 2358 vanl.

828 2436 978 2490 onon
1013 2437 1162 2483 nnus
1199 2438 1514 2485 coenoscrr
1546 2439 1739 2485 riorus
1767 2436 2151 2485 VOLUNTA‘HS.

330 2623 562 2703 Deinde
592 2625 831 2694 oportet
858 2622 1171 2703 ostendere
1199 2624 1359 2696 quod
1392 2625 1551 2682 Deus
1591 2624 1986 2696 cogitationes
2013 2626 2303 2683 mentium
2339 2633 2399 2684 et
2422 2627 2694 2686 volunta-

258 2700 353 2754 tes
379 2694 657 2752 cordium
688 2698 1018 2762 cognoscat
1043 2708 1105 2750 in
1124 2694 1339 2751 virtute
1370 2700 1429 2750 et
1459 2707 1663 2763 causa,
1684 2708 1817 2751 cum
1849 2698 1976 2765 ipse
1996 2695 2074 2751 sit
2098 2697 2430 2753 universale
2452 2698 2692 2755 essendi

260 2766 649 2847 principium.
682 2764 871 2821 Omne
901 2764 1061 2821 enim
1105 2765 1265 2839 quod
1312 2778 1690 2837 quocumque
1733 2765 1913 2822 modo
1957 2769 2067 2833 est,
2099 2777 2171 2823 co
2217 2767 2483 2823 noscitur
2510 2783 2546 2824 a
2574 2771 2693 2826 Deo

261 2850 325 2894 in
353 2842 650 2908 quantum
679 2847 853 2891 suam
895 2837 1216 2893 essentiam
1261 2836 1595 2908 cognoscit,
1627 2840 1690 2891 ut
1719 2849 1901 2904 supra
1930 2832 2079 2906 (cap.
2109 2839 2177 2893 49
2238 2842 2547 2895 ostensum
2580 2844 2690 2896 est.

264 2909 385 2964 Ens
431 2911 633 2963 autem
681 2904 979 2977 quoddam
1023 2905 1083 2962 in
1135 2906 1336 2983 anima
1376 2912 1488 2974 est,
1534 2904 1831 2987 quoddam
1879 2907 1941 2962 in
1978 2905 2157 2964 rebus
2204 2913 2368 2965 extra
2411 2910 2692 2967 animam.

264 2975 593 3050 Cognoscit
615 2974 801 3046 igitur
826 2978 980 3033 Deus
1009 2977 1209 3034 omnis
1238 2978 1419 3047 liuius
1446 2983 1602 3034 entis
1632 2975 2019 3045 differentias,
2048 2982 2107 3034 et
2135 2991 2266 3050 quae
2296 2979 2407 3037 sub
2438 2981 2527 3037 eis
2551 2993 2694 3038 con-

263 3048 557 3105 tinentur.
590 3048 709 3102 Ens
737 3051 935 3103 autem
963 3046 1022 3102 in
1054 3047 1255 3104 anima
1282 3052 1394 3116 est,
1425 3046 1586 3119 quod
1625 3052 1717 3104 est
1747 3047 1810 3103 in
1839 3047 2141 3105 voluntate
2169 3049 2259 3105 vel
2306 3052 2688 3123 cogitatione.

264 3116 647 3242 Relinquitur
675 3115 860 3189 igitur
907 3116 1066 3190 quod
1114 3118 1272 3177 Deus
1317 3132 1390 3177 ea
1431 3132 1565 3191 quae
1610 3121 1753 3176 sunt
1792 3119 1857 3175 in
1891 3119 2252 3191 cogitatione
2288 3126 2348 3178 et
2389 3121 2692 3179 voluntate

264 3203 338 3249 co
388 3201 577 3246 nosca
609 3228 625 3244 .

486 3261 614 3320 lius,
646 3257 737 3316 sic
764 3259 921 3317 Deus
951 3259 1372 3332 cognoscendo
1412 3272 1584 3317 suam
1632 3259 1953 3318 essentiam
2001 3262 2120 3320 alia
2169 3261 2504 3334 cognoscit,
2535 3261 2693 3319 sicut

264 3344 375 3403 per
403 3329 811 3401 cognitionem
843 3343 1038 3388 causae
1065 3336 1511 3403 cognoscuntur
1537 3328 1806 3389 effectae.
1833 3332 2047 3389 Omnia
2076 3332 2256 3405 igitur
2284 3335 2440 3389 Deus
2472 3345 2690 3411 cogno-

263 3402 402 3467 scit,
447 3413 622 3458 suam
664 3399 986 3458 essentiam
1030 3401 1471 3473 cognoscendo,
1503 3401 1579 3457 ad
1625 3415 1756 3473 quae
1802 3415 1917 3459 sua
1959 3403 2283 3460 causalitas
2335 3402 2689 3460 extenditur.

263 3470 620 3531 Extenditui·
648 3476 843 3528 autem
874 3470 949 3529 ad
987 3473 1363 3541 operationes
1407 3471 1747 3529 intellectus
1772 3477 1831 3529 et
1858 3472 2201 3530 voluntatis».
2234 3474 2400 3539 Nam,
2431 3486 2566 3529 cum
2596 3484 2695 3529 res

310 3542 558 3600 uaelibet
588 3547 862 3613 operetur
889 3555 993 3613 per
1020 3555 1191 3599 sua-m
1234 3542 1507 3610 formam,
1554 3556 1591 3598 a
1629 3556 1745 3614 qua
1775 3548 1866 3599 est
1894 3542 2136 3624 aliquod
2166 3555 2300 3599 esse
2329 3542 2435 3610 rei,
2464 3547 2699 3612 oportet

290 3613 495 3672 ontale
528 3612 887 3683 principium
915 3613 1099 3669 totius
1129 3625 1283 3681 esse,
1315 3628 1351 3670 a
1377 3626 1497 3686 quo
1526 3617 1621 3670 est
1650 3613 1827 3670 etiam
1854 3626 2052 3671 omnis
2083 3613 2294 3677 forma,
2323 3613 2522 3670 omnis
2552 3626 2691 3682 ope-

265 3683 526 3743 rationis
558 3683 914 3752 principium
945 3696 1102 3751 esse,
1132 3696 1267 3740 cum
1296 3682 1544 3740 effectus
1574 3696 1890 3740 causarum
1923 3683 2322 3741 secundarum
2367 3683 2431 3738 in
2479 3696 2693 3740 causas

266 3756 497 3882 pit-limas
528 3752 919 3879 principaltius
947 3752 1324 3811 reducantur.
1356 3754 1677 3826 Cognoscit
1705 3753 1889 3826 igitur
1913 3755 2070 3812 Deus
2111 3760 2171 3811 et
2215 3752 2610 3825 cogitationes
2636 3759 2696 3811 et

269 3841 305 3885 a
352 3825 629 3882 ectiones
663 3836 798 3879 men
829 3823 900 3881 is.

337 3897 490 3958 Item,
526 3894 687 3952 sicut
727 3907 863 3951 esse
909 3906 1086 3952 suum
1133 3899 1226 3952 est
1267 3894 1547 3966 primum,
1577 3899 1636 3952 et
1682 3907 1788 3966 per
1817 3894 1930 3952 hoc
1958 3892 2158 3953 omnis
2198 3907 2333 3953 esse
2377 3909 2579 3963 causa,
2609 3894 2694 3954 ita

277 3978 445 4025 suum
481 3964 820 4045 intelligere
857 3970 951 4022 est
983 3966 1261 4036 primum.
1291 3971 1350 4021 et
1377 3980 1481 4037 per
1511 3967 1626 4023 hoc
1651 3965 1850 4023 omnis
1880 3964 2300 4023 intellectualis
2328 3967 2693 4036 operationis

277 4051 475 4096 causa.
500 4036 670 4093 Sicut
698 4035 879 4107 igitur
906 4036 1083 4104 neue,
1114 4035 1535 4105 cognoscendo
1566 4049 1742 4095 suum
1773 4049 1930 4103 esse,
1956 4036 2268 4108 cognoscit
2308 4050 2444 4094 esse
2489 4037 2689 4109 cujus-

269 4106 407 4191 libet
436 4108 552 4187 rei,
586 4107 691 4171 ita,
717 4107 1138 4233 cognoscendo
1183 4120 1361 4165 suum
1404 4106 1738 4180 intelligere
1783 4112 1840 4164 et
1888 4106 2058 4175 velle,
2102 4107 2415 4179 cognoscit
2454 4120 2692 4165 omnem

270 4182 896 4330 cossssangfflsezgg
920 4183 1465 4331 {fflfiffinssbgnogcst
1488 4246 1946 4331 ressecundum
1973 4247 2133 4320 quod
2161 4248 2225 4306 in
2267 4248 2489 4330 seipsis
2530 4253 2690 4315 sunt,

262 4321 370 4379 sed
400 4326 587 4378 etiam
619 4317 951 4376 secundum
982 4319 1138 4399 quod
1170 4325 1312 4401 sunt
1342 4333 1403 4399 ¹⁰.
1434 4331 1635 4378 causis
1666 4331 1815 4387 suis,
1850 4324 1916 4374 ut
1941 4332 2014 4375 ex
2040 4320 2397 4390 supradictis
2443 4320 2592 4392 (cap.
2625 4322 2692 4399 653

261 4392 336 4449 ad
363 4390 497 4463 fin.)
530 4394 715 4461 patet.
738 4389 1053 4461 Cognoscit
1088 4403 1247 4447 enim
1277 4390 1548 4449 ordinem
1577 4403 1774 4447 causae
1798 4388 1873 4445 ad
1902 4401 2076 4446 suum
2104 4390 2397 4447 ellectum.
2422 4390 2531 4446 Sed
2559 4391 2694 4466 arti·

265 4460 493 4525 ficialia
522 4458 763 4520 suntin
791 4456 1119 4521 artificibus
1159 4474 1268 4536 per
1309 4460 1677 4522 intellectum
1707 4464 1765 4520 et
1791 4460 2154 4520 voluntatem
2195 4460 2510 4523 artificum.
2539 4460 2695 4523 siout
