3076 5025
487 251 594 308 304
1375 241 1509 300 [ΑΒ.
1549 240 1651 311 111,
1690 240 1845 298 CAP.
1882 239 2016 299 xm.

1467 477 1722 543 CAPUT
1780 477 1934 542 XLI.

498 656 650 713 QUOD
686 654 847 701 ΗΟΜΟ
885 653 1005 700 NON
1038 652 1258 699 POTEST
1294 650 1357 699 m
1390 650 1509 697 HAG
1544 648 1694 696 vrrA
1728 646 2101 695 coenosum
2154 646 2547 695 subsannas
2583 648 2840 696 surmus

563 744 678 790 PER
714 743 965 788 summm
1000 742 1075 787 m·
1109 737 1553 793 momsmom
1599 735 1992 785 SGIENTIARUM
2027 734 2568 787 stzcmnvanm,
2599 737 2667 783 u'l'
2697 737 2846 784 vol-m

565 830 906 878 AvaGE.

568 993 755 1053 Habet
783 997 980 1051 autem
1011 995 1070 1048 et
1098 990 1293 1049 adhuc
1322 990 1501 1048 aliam
1526 987 1936 1061 cognitionem
1966 986 2037 1046 de
2068 987 2630 1047 Deoiutellectualis
2653 987 2847 1047 substan·

494 1064 600 1124 tia.
635 1064 867 1121 Dictum
911 1068 1003 1120 est
1031 1062 1190 1119 enim
1221 1062 1285 1133 (l.
1310 1074 1377 1132 11,
1406 1075 1460 1118 c.
1491 1061 1582 1132 98)
1612 1059 1772 1133 quod
1804 1058 2229 1117 intellectualis
2259 1058 2602 1118 substantia
2633 1066 2850 1130 separati,

496 1149 569 1195 co
615 1133 923 1193 noscendo
950 1133 1275 1191 essentiam
1306 1145 1500 1199 suam,
1525 1130 1842 1203 cognoscit
1870 1135 1928 1211 et
1956 1128 2115 1202 quod
2146 1133 2238 1187 est
2262 1142 2446 1211 supra
2474 1144 2541 1188 se
2575 1137 2633 1187 et
2652 1131 2850 1202 quod&

498 1150 613 1265 sug
643 1219 707 1263 se
750 1210 808 1263 et
836 1204 1166 1262 secundum
1196 1202 1437 1259 modum
1469 1215 1596 1259 suae
1627 1201 2015 1269 substantiae3
2047 1200 2208 1272 quod
2238 1213 2536 1271 praeclpue
2557 1206 2849 1258 necesseett

497 1278 551 1336 si
578 1248 729 1334 illud
797 1275 916 1333 uod
940 1280 1030 1355 est
1058 1288 1238 1355 supra
1267 1274 1456 1343 ipsam
1488 1272 1566 1329 sit
1595 1285 1781 1329 causa
1809 1271 1961 1341 ejus,
1991 1284 2175 1352 quum
2203 1276 2476 1341 oporteat
2504 1271 2567 1328 in
2618 1269 2849 1352 effectilm

498 1291 954 1406 similituginem
985 1358 1239 1401 inveniri
1258 1356 1484 1423 causae.
1515 1341 1700 1409 Unde,
1727 1356 1911 1414 quum
1942 1344 2099 1398 Deus
2123 1345 2202 1422 sit
2247 1354 2432 1422 causa
2472 1355 2733 1399 omnium
2764 1341 2852 1399 sub·

499 1417 855 1476 stantiarum
884 1414 1375 1473 intellectualium
1407 1418 1762 1480 creatarum,
1795 1417 1860 1469 ut
1885 1426 1959 1469 ex
1987 1412 2398 1481 superioribus
2431 1412 2495 1485 (l.
2527 1426 2594 1481 11,
2627 1426 2678 1469 c.
2707 1412 2777 1482 ¹5)
2797 1424 2860 1483 μ-

496 1492 603 1558 tet,
632 1500 881 1545 necesse
922 1490 1014 1543 est
1054 1485 1214 1559 quod
1258 1483 1694 1541 intellectuales
1737 1481 2088 1562 substantiae
2139 1490 2446 1563 separatae,
2503 1484 2858 1556 cognoscendo

499 1571 673 1616 suam
706 1556 1052 1623 essentiam,
1074 1558 1442 1627 cognoscant
1468 1567 1574 1625 per
1602 1552 1841 1610 modum
1874 1553 2128 1610 visionis
2156 1553 2467 1624 quusdam
2492 1554 2692 1624 ipsum
2710 1555 2860 1609 Deum.

499 1630 618 1686 Res
648 1628 807 1685 enim
834 1626 939 1684 illa
958 1640 1062 1698 per
1080 1624 1467 1694 intellectum,
1488 1623 1743 1681 visionis
1764 1622 1965 1687 modo,
1986 1624 2373 1695 cognoscitur
2398 1623 2573 1696 cuius
2595 1622 2863 1683 similitudo

500 1699 565 1755 in
597 1696 900 1754 intellectu
929 1696 1150 1764 existit,
1180 1696 1338 1753 sicut
1365 1700 1421 1752 et
1448 1692 1778 1752 similitudo
1806 1694 1890 1751 rei
1920 1694 2308 1764 corporaliter
2330 1694 2473 1751 visae
2504 1700 2600 1752 est
2627 1696 2688 1752 iu
2730 1706 2862 1751 sensu

501 1767 779 1826 videntis.
810 1767 1178 1839 Quicumque
1207 1779 1272 1824 er
1314 1779 1350 1822 o
1376 1763 1719 1823 intellectus
1745 1764 2132 1844 apprehendit
2150 1764 2551 1822 substantiam
2571 1771 2864 1843 separatam,

502 1837 924 1910 cognoscendo
954 1837 1025 1893 de
1045 1852 1118 1894 ea
1149 1836 1248 1909 qui
1312 1835 1803 1906 est,videt1)eum
1829 1835 2025 1892 altiori
2046 1834 2225 1892 modo
2254 1849 2434 1908 quam
2458 1837 2666 1908 aliqua
2687 1851 2718 1908 p

500 1913 697 1967 tarum
721 1912 1139 1983 cognoscatur.

576 1978 729 2046 Quia
756 1990 897 2049 ergo
923 1977 1165 2050 quidam
1193 1980 1528 2048 posuerunt
1550 1974 1821 2034 ultimam
1852 1972 2193 2035 felicitatem
2223 1976 2492 2035 hominis
2537 1990 2673 2035 esse
2712 1976 2766 2034 in
2791 1975 2866 2034 liat

501 2047 627 2105 vita
653 2062 760 2119 per
788 2046 904 2105 hoc
955 2047 1117 2129 quod
1158 2047 1474 2119 cognoscit
1520 2046 1889 2105 substantias
1932 2053 2255 2117 separatae,
2287 2047 2777 2105 considerandum
2808 2048 2870 2103 est

501 2124 703 2177 utrum
730 2118 912 2176 homo
968 2132 1032 2174 rn
1084 2118 1196 2175 hac
1224 2118 1345 2176 vita
1390 2117 1585 2188 possit
1631 2117 2001 2176 substantias
2029 2123 2336 2189 separatas
2382 2131 2760 2189 cognoscere.
2785 2118 2870 2174 lloc

503 2193 704 2247 autem
729 2188 1122 2269 quaestionem
1145 2187 1348 2269 ‚hi-ibet:
1378 2187 1721 2246 Intellectus
1749 2189 1907 2245 enim
1937 2192 2160 2269 noster,
2184 2188 2517 2247 secundum
2549 2194 2757 2248 statum

506 2262 760 2329 sentem,
788 2258 938 2340 nihil
968 2258 1250 2340 intelligit
1294 2271 1427 2339 sin-e
1447 2258 1889 2340 phantasmate,
1965 2259 2082 2316 uod
2126 2264 2210 2316 ita
2238 2271 2304 2316 se
2329 2258 2509 2316 babet
2538 2260 2612 2317 ad
2657 2260 2768 2340 inte
2789 2259 2870 2315 lei:-

502 2334 633 2387 tum
662 2328 1035 2401 possibilem,
1062 2342 1182 2410 quo
1207 2328 1622 2401 intelligimus,
1651 2335 1809 2387 sicut
1837 2343 1901 2388 se
1989 2329 2166 2386 abent
2210 2329 2446 2387 colores
2492 2329 2570 2386 ad
2613 2331 2872 2396 visum,iit

504 2404 668 2472 patet
696 2414 769 2457 ex
793 2400 890 2457 his
919 2413 1050 2472 quae
1077 2413 1138 2457 in
1170 2398 1435 2457 secundo
1474 2398 1628 2457 libro
1661 2399 1733 2471 (c.
1766 2404 1819 2468 8,
1852 2403 1919 2456 59
1947 2405 2006 2456 et
2032 2398 2124 2470 73)
2153 2404 2400 2457 tractata
2432 2406 2598 2458 sunt.
2629 2401 2685 2458 Si
2717 2400 2870 2472 igitur,

502 2485 612 2544 per
632 2484 703 2529 co
751 2470 1035 2529 nitionem
1063 2470 1485 2530 intellectivam
1511 2484 1645 2542 quae
1671 2476 1762 2529 est
1792 2484 1864 2528 ex
1907 2470 2449 2542 phantasmatibuS,
2479 2471 2674 2543 possit
2785 2481 2870 2528 rre-

504 2542 636 2600 nire
666 2484 886 2624 afiquis
915 2547 1186 2624 nostrum
1214 2541 1290 2623 ad
1315 2540 1736 2623 intelligentias
1766 2541 2134 2623 substantias
2164 2484 2872 2615 separatasfflossihffieffi

505 2611 668 2685 quod
697 2613 916 2685 aliquis
943 2626 1005 2669 in
1036 2613 1148 2672 bac
1173 2618 1292 2669 vita
1318 2612 1616 2684 intelligat
1643 2625 1806 2684 ipsas
1836 2612 2207 2670 substantias
2237 2619 2567 2684 separatas,
2589 2619 2646 2670 et
2668 2623 2872 2685 percon·

506 2696 787 2755 sequens,
818 2683 1073 2741 videndo
1117 2683 1280 2754 ipsas
1315 2682 1686 2740 substantias
1713 2689 2037 2763 separatas,
2062 2682 2439 2754 participabit
2484 2685 2727 2743 modum
2754 2683 2868 2759 iffilss.

507 2753 873 2825 cognitionis
903 2768 1022 2827 quo
1050 2753 1387 2812 substantia
1435 2758 1726 2824 separata,
1778 2753 2122 2825 intelligens
2166 2766 2253 2823 se,
2301 2754 2588 2826 intelligit
2628 2751 2868 2830 Deum&

508 2828 726 2893 autem,
751 2838 856 2895 per
880 2824 1283 2904 cognitionem
1315 2838 1446 2896 quae
1489 2829 1582 2880 est
1616 2838 1688 2881 ex
1716 2823 2252 2894 phantasmatibus,
2300 2824 2471 2881 nulio
2519 2825 2697 2883 modo
2731 2825 2868 2896 posui

503 2895 815 3021 gervenire
849 2894 920 2951 ad
952 2894 1372 2966 intelligendas
1403 2894 1774 2952 substantias
1803 2900 2129 2965 separatas,
2161 2907 2281 2952 non
2312 2894 2425 2952 erit
2452 2896 2736 2967 possibile
2759 2889 2870 2967 quud

552 2976 714 3090 οηέο,
745 2964 809 3020 in
839 2968 997 3022 statu
1026 2964 1205 3037 hujus
1233 2965 1387 3033 vitae,
1415 2963 1764 3036 praedictum
1814 2965 2057 3023 modum
2081 2964 2321 3024 divinae
2359 2967 2726 3039 cognitionis
2753 2975 2868 3022 asse

590 3047 624 3091 a
654 3047 741 3090 ur.

506 3047 751 3172 unuod
777 3107 996 3184 autem,
1028 3118 1101 3161 ex
1127 3103 1470 3177 cognitione
1500 3119 1633 3177 quae
1663 3109 1755 3162 cst
1772 3119 1880 3176 per
1907 3105 2342 3176 phantasmata,
2374 3105 2447 3164 ad
2474 3104 2868 3180 intelligendum

508 3173 876 3232 substantias
911 3179 1215 3244 separatas
1241 3175 1546 3246 pervenire
1575 3175 1882 3247 possimus
1908 3176 2091 3248 aliqui
2137 3176 2540 3235 diversimode
2581 3178 2868 3259 posuerunt.

505 3249 833 3315 Avempace
863 3258 1119 3317 namque
1147 3246 1348 3317 posuit
1383 3246 1565 3318 quod,
1588 3260 1690 3317 per
1716 3246 1979 3303 studium
1999 3246 2499 3317 speculativarum
2523 3247 2867 3307 scientiarum,

506 3316 1058 3443 {gsisnunffiseejxdhis
1082 3314 1402 3444 ingegzcttis
1432 3331 1564 3387 quae
1593 3330 1697 3442 pei·
1716 3317 2134 3444 phantasmata
2159 3320 2591 3445 cognoscimus
2627 3316 2870 3444 pertveliniig

505 3459 607 3513 tus
638 3400 943 3537 exzragere
957 3400 1831 3538 Zsuisdldistatenliassesieguffljffsfiget
1851 3400 2145 3515 Offgblglitliss
2169 3401 2638 3540 eguilclldiittataeige·
2662 3402 2771 3516 lujaee
2787 3465 2866 3534 neu

508 3529 600 3583 est
627 3539 738 3583 sua
766 3525 1066 3599 quidditas
1093 3545 1107 3596 ;
1143 3532 1233 3586 est
1257 3540 1415 3584 enim
1444 3528 1782 3586 intellectus
1807 3534 1984 3586 natus
2012 3542 2379 3602 cognoscere
2411 3530 2640 3603 quamli
2685 3521 2866 3599 etquid-

508 3594 772 3676 ditatem,
802 3596 864 3653 in
894 3603 1181 3678 quantum
1211 3602 1303 3655 est
1329 3596 1651 3678 quidditas,
1684 3612 1866 3671 quum
1911 3599 2250 3657 intellectus
2278 3601 2587 3672 proprium
2632 3599 2868 3671 objectum

508 3671 589 3746 sit
657 3665 776 3724 uod
807 3668 950 3739 quid
976 3674 1085 3726 est.
1114 3668 1174 3726 Si
1204 3672 1401 3726 autem
1431 3667 1583 3726 illud
1611 3669 1771 3741 quod
1800 3668 1993 3740 primo
2041 3683 2144 3740 per
2167 3670 2537 3728 intellectum
2582 3666 2866 3742 possibilem

505 3682 863 3818 inteqligitur
891 3743 981 3795 est
1031 3738 1256 3811 aliquid
1304 3738 1532 3820 habens
1576 3739 1988 3821 quidditatem,
2035 3753 2371 3822 possumus·
2408 3755 2517 3812 per
2563 3740 2866 3822 intellectam

505 3807 860 3932 gossibilem
886 3807 1229 3866 abstrahere
1258 3807 1646 3881 quidditatem
1675 3809 1840 3868 illius
1867 3823 2062 3891 primo
2088 3809 2405 3881 intellecti;
2436 3817 2515 3881 et,
2545 3825 2597 3870 si
2626 3810 2726 3868 illa
2745 3802 2864 3881 quid·

512 3881 665 3956 ‘itas
694 3878 907 3936 babeat
934 3878 1344 3951 quidditatem,
1374 3879 1666 3951 possibile
1708 3880 1820 3938 erit
1870 3887 2086 3939 iterum
2133 3882 2481 3940 abstrahere
2539 3880 2865 3955 quidditaten

504 3945 677 4004 illius
704 3949 1087 4030 quidditatis3
1120 3954 1412 4031 et,·quum
1442 3963 1566 4008 non
1597 3950 1675 4008 sit
1696 3951 2016 4023 procedere
2045 3952 2109 4009 in
2133 3951 2459 4023 infinitum,
2490 3943 2863 4030 oportetquffl

506 4019 700 4074 stetur
717 4019 955 4078 alicubi.
982 4023 1222 4078 Potesti
1271 4021 1390 4080 itur
1415 4020 1756 4080 intellectus
1779 4028 1986 4082 noster
2011 4023 2338 4094 pervenire,
2370 4025 2468 4081 via
2513 4023 2861 4098 resolutioiiis,

506 4084 586 4144 ad
599 4090 1086 4166 ,cognoscendam
1111 4090 1211 4164 qui
1255 4091 1495 4150 ditatem
1527 4092 1879 4152 substantiae
1908 4098 2196 4165 separatae
2244 4107 2365 4152 non
2395 4094 2702 4152 habentem
2727 4090 2857 4170 alian

449 4192 464 4218 t
500 4154 918 4284 Ιἒῑῐὶιῐιὲὶιιιίὲῑεῖῐειη.
948 4162 1106 4220 'ralis
1135 4168 1331 4220 autem
1361 4167 1454 4222 est
1468 4163 1780 4245 ,quidditas
1814 4164 2165 4224 substantiae
2193 4171 2502 4247 separatae.
2525 4161 2863 4283 Potestigimt?

504 4237 1140 4380 peffeussrssffffffiffgffi
1157 4235 2564 4379 pggdgggsitiliggtiggffangssaegtmlghantasmatihus
2615 4243 2779 4302 mm
2829 4263 2859 4373 f
2943 4305 2944 4308 ’

566 4368 858 4448 'Procedit
883 4376 1080 4432 autem
1106 4318 1183 4435 aff
1208 4375 1646 4438 ostendendum
1691 4377 1849 4438 idem
1876 4391 1986 4451 per
2025 4377 2205 4440 aliam
2247 4377 2507 4440 similem
2541 4377 2707 4436 viam.
2731 4365 2857 4431 ponit
