<?xml version="1.0" encoding="UTF-8"?>
<!DOCTYPE html PUBLIC "-//W3C//DTD XHTML 1.0 Transitional//EN"
    "http://www.w3.org/TR/xhtml1/DTD/xhtml1-transitional.dtd">
<html xmlns="http://www.w3.org/1999/xhtml" xml:lang="en" lang="en">
 <head>
  <title>
</title>
<meta http-equiv="Content-Type" content="text/html;charset=utf-8" />
  <meta name='ocr-system' content='tesseract 3.04.00' />
  <meta name='ocr-capabilities' content='ocr_page ocr_carea ocr_par ocr_line ocrx_word'/>
</head>
<body>
  <div class='ocr_page' id='page_1' title='image "./deveritatecatho00rubegoog_0210.png"; bbox 0 0 3076 5025; ppageno 0'>
   <div class='ocr_carea' id='block_1_1' title="bbox 535 329 2086 405">
    <p class='ocr_par' dir='ltr' id='par_1_1' title="bbox 535 329 2086 405">
     <span class='ocr_line' id='line_1_1' title="bbox 535 329 2086 405; baseline -0.003 -9"><span class='ocrx_word' id='word_1_1' title='bbox 535 339 639 396; x_wconf 72' lang='lat' dir='ltr'>tu</span> <span class='ocrx_word' id='word_1_2' title='bbox 1446 329 1584 392; x_wconf 71' lang='lat' dir='ltr'>bin.</span> <span class='ocrx_word' id='word_1_3' title='bbox 1617 331 1694 405; x_wconf 77' lang='grc' dir='ltr'>Π,</span> <span class='ocrx_word' id='word_1_4' title='bbox 1732 331 1888 391; x_wconf 56' lang='grc' dir='ltr'>ΕΔΒ.</span> <span class='ocrx_word' id='word_1_5' title='bbox 1925 331 2086 393; x_wconf 73' lang='grc' dir='ltr'><strong>ΙΝῙΙ.</strong></span> 
     </span>
    </p>
   </div>
   <div class='ocr_carea' id='block_1_2' title="bbox 490 410 2866 1797">
    <p class='ocr_par' dir='ltr' id='par_1_2' title="bbox 2765 410 2789 437">
     <span class='ocr_line' id='line_1_2' title="bbox 2765 410 2789 437; baseline 0 0"><span class='ocrx_word' id='word_1_6' title='bbox 2765 410 2789 437; x_wconf 73' lang='lat'>0</span> 
     </span>
    </p>

    <p class='ocr_par' dir='ltr' id='par_1_3' title="bbox 490 455 2861 811">
     <span class='ocr_line' id='line_1_3' title="bbox 604 455 2861 538; baseline 0.001 -23"><span class='ocrx_word' id='word_1_7' title='bbox 604 459 879 529; x_wconf 72' lang='lat' dir='ltr'>Amplius.</span> <span class='ocrx_word' id='word_1_8' title='bbox 908 469 1086 515; x_wconf 88' lang='lat' dir='ltr'>omne</span> <span class='ocrx_word' id='word_1_9' title='bbox 1113 456 1263 515; x_wconf 84' lang='lat' dir='ltr'>illud</span> <span class='ocrx_word' id='word_1_10' title='bbox 1290 455 1463 527; x_wconf 88' lang='lat' dir='ltr'>cujus</span> <span class='ocrx_word' id='word_1_11' title='bbox 1488 469 1623 514; x_wconf 89' lang='lat' dir='ltr'>esse</span> <span class='ocrx_word' id='word_1_12' title='bbox 1652 459 1746 514; x_wconf 82' lang='lat' dir='ltr'>est</span> <span class='ocrx_word' id='word_1_13' title='bbox 1782 457 1844 514; x_wconf 91' lang='lat' dir='ltr'>in</span> <span class='ocrx_word' id='word_1_14' title='bbox 1893 455 2144 514; x_wconf 83' lang='lat' dir='ltr'>materia</span> <span class='ocrx_word' id='word_1_15' title='bbox 2185 461 2422 538; x_wconf 81' lang='lat' dir='ltr'>oportet</span> <span class='ocrx_word' id='word_1_16' title='bbox 2465 469 2605 515; x_wconf 80' lang='lat' dir='ltr'>esse</span> <span class='ocrx_word' id='word_1_17' title='bbox 2629 459 2861 518; x_wconf 72' lang='grc' dir='ltr'><strong>111616τί111.</strong></span> 
     </span>
     <span class='ocr_line' id='line_1_4' title="bbox 533 527 2860 601; baseline 0.001 -14"><span class='ocrx_word' id='word_1_18' title='bbox 533 530 667 597; x_wconf 83' lang='lat' dir='ltr'>Sed,</span> <span class='ocrx_word' id='word_1_19' title='bbox 711 531 764 586; x_wconf 88' lang='lat' dir='ltr'>si</span> <span class='ocrx_word' id='word_1_20' title='bbox 797 528 1132 586; x_wconf 86' lang='lat' dir='ltr'>substantia</span> <span class='ocrx_word' id='word_1_21' title='bbox 1178 527 1602 585; x_wconf 77' lang='lat' dir='ltr'>intellectualis</span> <span class='ocrx_word' id='word_1_22' title='bbox 1641 532 1738 586; x_wconf 87' lang='lat' dir='ltr'>est</span> <span class='ocrx_word' id='word_1_23' title='bbox 1780 528 1974 586; x_wconf 84' lang='lat' dir='ltr'>forma</span> <span class='ocrx_word' id='word_1_24' title='bbox 2016 541 2309 599; x_wconf 83' lang='lat' dir='ltr'>corporis,</span> <span class='ocrx_word' id='word_1_25' title='bbox 2357 534 2592 599; x_wconf 81' lang='lat' dir='ltr'>oportet</span> <span class='ocrx_word' id='word_1_26' title='bbox 2616 529 2754 601; x_wconf 80' lang='lat' dir='ltr'>quod</span> <span class='ocrx_word' id='word_1_27' title='bbox 2786 543 2860 590; x_wconf 69' lang='grc' dir='ltr'>αι</span> 
     </span>
     <span class='ocr_line' id='line_1_5' title="bbox 535 599 2860 672; baseline -0 -15"><span class='ocrx_word' id='word_1_28' title='bbox 535 600 666 672; x_wconf 59' lang='lat' dir='ltr'>eius</span> <span class='ocrx_word' id='word_1_29' title='bbox 697 600 777 656; x_wconf 86' lang='lat' dir='ltr'>sit</span> <span class='ocrx_word' id='word_1_30' title='bbox 804 599 865 656; x_wconf 86' lang='lat' dir='ltr'>in</span> <span class='ocrx_word' id='word_1_31' title='bbox 925 600 1172 656; x_wconf 86' lang='lat' dir='ltr'>materia</span> <span class='ocrx_word' id='word_1_32' title='bbox 1225 599 1515 669; x_wconf 81' lang='lat' dir='ltr'>corporali</span> <span class='ocrx_word' id='word_1_33' title='bbox 1551 615 1568 667; x_wconf 78' lang='lat'>3</span> <span class='ocrx_word' id='word_1_34' title='bbox 1603 612 1723 655; x_wconf 90' lang='lat' dir='ltr'>non</span> <span class='ocrx_word' id='word_1_35' title='bbox 1778 599 1939 655; x_wconf 86' lang='lat' dir='ltr'>enim</span> <span class='ocrx_word' id='word_1_36' title='bbox 1992 612 2128 655; x_wconf 88' lang='lat' dir='ltr'>esse</span> <span class='ocrx_word' id='word_1_37' title='bbox 2187 599 2391 657; x_wconf 77' lang='lat' dir='ltr'>formae</span> <span class='ocrx_word' id='word_1_38' title='bbox 2417 606 2514 656; x_wconf 88' lang='lat' dir='ltr'>est</span> <span class='ocrx_word' id='word_1_39' title='bbox 2569 608 2755 670; x_wconf 75' lang='lat' dir='ltr'>praitei·</span> <span class='ocrx_word' id='word_1_40' title='bbox 2788 611 2860 662; x_wconf 67' lang='lat' dir='ltr'>eut</span> 
     </span>
     <span class='ocr_line' id='line_1_6' title="bbox 490 669 2858 742; baseline 0 -13"><span class='ocrx_word' id='word_1_41' title='bbox 490 723 501 742; x_wconf 62' lang='lat'>.‚</span> <span class='ocrx_word' id='word_1_42' title='bbox 533 671 819 728; x_wconf 65' lang='lat' dir='ltr'>materiai.</span> <span class='ocrx_word' id='word_1_43' title='bbox 851 671 1127 741; x_wconf 87' lang='lat' dir='ltr'>Sequitur</span> <span class='ocrx_word' id='word_1_44' title='bbox 1152 670 1335 742; x_wconf 86' lang='lat' dir='ltr'>igitur</span> <span class='ocrx_word' id='word_1_45' title='bbox 1362 669 1522 740; x_wconf 88' lang='lat' dir='ltr'>quod</span> <span class='ocrx_word' id='word_1_46' title='bbox 1552 671 1890 727; x_wconf 71' lang='lat' dir='ltr'>substantia</span> <span class='ocrx_word' id='word_1_47' title='bbox 1914 669 2338 727; x_wconf 85' lang='lat' dir='ltr'>intellectualis</span> <span class='ocrx_word' id='word_1_48' title='bbox 2365 683 2485 727; x_wconf 90' lang='lat' dir='ltr'>non</span> <span class='ocrx_word' id='word_1_49' title='bbox 2507 670 2588 728; x_wconf 88' lang='lat' dir='ltr'>sit</span> <span class='ocrx_word' id='word_1_50' title='bbox 2606 671 2858 730; x_wconf 65' lang='lat' dir='ltr'>immaturi}</span> 
     </span>
     <span class='ocr_line' id='line_1_7' title="bbox 533 739 1663 811; baseline -0.001 -14"><span class='ocrx_word' id='word_1_51' title='bbox 533 739 634 808; x_wconf 87' lang='lat' dir='ltr'>lis,</span> <span class='ocrx_word' id='word_1_52' title='bbox 671 747 733 797; x_wconf 92' lang='lat' dir='ltr'>ut</span> <span class='ocrx_word' id='word_1_53' title='bbox 763 754 946 809; x_wconf 87' lang='lat' dir='ltr'>supra</span> <span class='ocrx_word' id='word_1_54' title='bbox 976 740 1047 811; x_wconf 91' lang='lat' dir='ltr'>(c.</span> <span class='ocrx_word' id='word_1_55' title='bbox 1079 740 1169 811; x_wconf 76' lang='lat'>50)</span> <span class='ocrx_word' id='word_1_56' title='bbox 1200 745 1511 796; x_wconf 86' lang='lat' dir='ltr'>ostensum</span> <span class='ocrx_word' id='word_1_57' title='bbox 1552 745 1663 796; x_wconf 87' lang='lat' dir='ltr'>est.</span> 
     </span>
    </p>

    <p class='ocr_par' dir='ltr' id='par_1_4' title="bbox 494 810 2864 1172">
     <span class='ocr_line' id='line_1_8' title="bbox 604 810 2864 883; baseline 0.001 -16"><span class='ocrx_word' id='word_1_58' title='bbox 604 813 758 872; x_wconf 77' lang='lat' dir='ltr'>Item,</span> <span class='ocrx_word' id='word_1_59' title='bbox 791 811 1166 881; x_wconf 85' lang='lat' dir='ltr'>impossibile</span> <span class='ocrx_word' id='word_1_60' title='bbox 1196 815 1288 868; x_wconf 89' lang='lat' dir='ltr'>est</span> <span class='ocrx_word' id='word_1_61' title='bbox 1314 810 1487 880; x_wconf 85' lang='lat' dir='ltr'>cujus</span> <span class='ocrx_word' id='word_1_62' title='bbox 1516 823 1652 867; x_wconf 91' lang='lat' dir='ltr'>esse</span> <span class='ocrx_word' id='word_1_63' title='bbox 1681 813 1774 867; x_wconf 85' lang='grc'>651</span> <span class='ocrx_word' id='word_1_64' title='bbox 1805 810 1870 865; x_wconf 86' lang='lat' dir='ltr'>in</span> <span class='ocrx_word' id='word_1_65' title='bbox 1906 819 2154 879; x_wconf 83' lang='lat' dir='ltr'>corpore</span> <span class='ocrx_word' id='word_1_66' title='bbox 2195 821 2332 867; x_wconf 85' lang='lat' dir='ltr'>esse</span> <span class='ocrx_word' id='word_1_67' title='bbox 2369 824 2403 868; x_wconf 86' lang='lat' dir='ltr'>a</span> <span class='ocrx_word' id='word_1_68' title='bbox 2445 824 2691 883; x_wconf 75' lang='lat' dir='ltr'>ccipere</span> <span class='ocrx_word' id='word_1_69' title='bbox 2717 823 2864 881; x_wconf 73' lang='grc'><strong>566111»</strong></span> 
     </span>
     <span class='ocr_line' id='line_1_9' title="bbox 532 880 2861 952; baseline 0 -14"><span class='ocrx_word' id='word_1_70' title='bbox 532 886 682 939; x_wconf 77' lang='lat' dir='ltr'>tum.</span> <span class='ocrx_word' id='word_1_71' title='bbox 731 882 1075 938; x_wconf 77' lang='lat' dir='ltr'><strong>Intellectus</strong></span> <span class='ocrx_word' id='word_1_72' title='bbox 1119 887 1314 937; x_wconf 89' lang='lat' dir='ltr'>autem</span> <span class='ocrx_word' id='word_1_73' title='bbox 1360 881 1697 937; x_wconf 75' lang='lat' dir='ltr'><strong>ostenditur</strong></span> <span class='ocrx_word' id='word_1_74' title='bbox 1725 895 1760 938; x_wconf 86' lang='lat' dir='ltr'>a</span> <span class='ocrx_word' id='word_1_75' title='bbox 1786 880 2054 952; x_wconf 73' lang='lat' dir='ltr'><strong>physicis</strong></span> <span class='ocrx_word' id='word_1_76' title='bbox 2081 881 2179 952; x_wconf 82' lang='lat' dir='ltr'>(De</span> <span class='ocrx_word' id='word_1_77' title='bbox 2203 883 2413 950; x_wconf 70' lang='grc'><strong>661166,</strong></span> <span class='ocrx_word' id='word_1_78' title='bbox 2443 894 2532 950; x_wconf 91' lang='lat'>111,</span> <span class='ocrx_word' id='word_1_79' title='bbox 2567 887 2702 938; x_wconf 82' lang='lat' dir='ltr'>text.</span> <span class='ocrx_word' id='word_1_80' title='bbox 2726 895 2861 940; x_wconf 68' lang='lat' dir='ltr'>comt.</span> 
     </span>
     <span class='ocr_line' id='line_1_10' title="bbox 532 950 2863 1024; baseline 0.001 -16"><span class='ocrx_word' id='word_1_81' title='bbox 532 955 570 1009; x_wconf 68' lang='grc' dir='ltr'>ὃ</span> <span class='ocrx_word' id='word_1_82' title='bbox 590 958 653 1008; x_wconf 87' lang='grc'>61</span> <span class='ocrx_word' id='word_1_83' title='bbox 683 952 769 1022; x_wconf 84' lang='grc'>19)</span> <span class='ocrx_word' id='word_1_84' title='bbox 802 966 935 1008; x_wconf 90' lang='grc'><strong>6556</strong></span> <span class='ocrx_word' id='word_1_85' title='bbox 967 958 1277 1022; x_wconf 85' lang='lat' dir='ltr'>separatus</span> <span class='ocrx_word' id='word_1_86' title='bbox 1308 966 1343 1009; x_wconf 85' lang='lat' dir='ltr'>a</span> <span class='ocrx_word' id='word_1_87' title='bbox 1372 964 1642 1022; x_wconf 83' lang='lat' dir='ltr'>corpore,</span> <span class='ocrx_word' id='word_1_88' title='bbox 1673 956 1733 1008; x_wconf 84' lang='grc'>61</span> <span class='ocrx_word' id='word_1_89' title='bbox 1761 950 1917 1022; x_wconf 86' lang='lat' dir='ltr'>quod</span> <span class='ocrx_word' id='word_1_90' title='bbox 1955 964 2147 1022; x_wconf 90' lang='lat' dir='ltr'>neque</span> <span class='ocrx_word' id='word_1_91' title='bbox 2173 956 2267 1007; x_wconf 86' lang='lat' dir='ltr'>est</span> <span class='ocrx_word' id='word_1_92' title='bbox 2291 965 2513 1022; x_wconf 88' lang='lat' dir='ltr'>corpus</span> <span class='ocrx_word' id='word_1_93' title='bbox 2539 966 2718 1024; x_wconf 82' lang='lat' dir='ltr'>neque</span> <span class='ocrx_word' id='word_1_94' title='bbox 2751 955 2863 1010; x_wconf 79' lang='lat' dir='ltr'>virtu</span> 
     </span>
     <span class='ocr_line' id='line_1_11' title="bbox 494 1021 2859 1095; baseline 0.001 -16"><span class='ocrx_word' id='word_1_95' title='bbox 494 1047 498 1056; x_wconf 85' lang='grc'><em>·</em></span> <span class='ocrx_word' id='word_1_96' title='bbox 530 1021 594 1079; x_wconf 84' lang='lat' dir='ltr'>in</span> <span class='ocrx_word' id='word_1_97' title='bbox 623 1035 890 1091; x_wconf 89' lang='lat' dir='ltr'>corpore.</span> <span class='ocrx_word' id='word_1_98' title='bbox 924 1024 1054 1079; x_wconf 88' lang='lat' dir='ltr'>Non</span> <span class='ocrx_word' id='word_1_99' title='bbox 1101 1028 1193 1078; x_wconf 88' lang='lat' dir='ltr'>est</span> <span class='ocrx_word' id='word_1_100' title='bbox 1236 1022 1420 1093; x_wconf 83' lang='lat' dir='ltr'>igitur</span> <span class='ocrx_word' id='word_1_101' title='bbox 1464 1021 1888 1079; x_wconf 85' lang='lat' dir='ltr'>intellectualis</span> <span class='ocrx_word' id='word_1_102' title='bbox 1933 1021 2270 1079; x_wconf 79' lang='lat' dir='ltr'>substantia</span> <span class='ocrx_word' id='word_1_103' title='bbox 2301 1022 2492 1080; x_wconf 81' lang='lat' dir='ltr'>forma</span> <span class='ocrx_word' id='word_1_104' title='bbox 2521 1023 2859 1095; x_wconf 55' lang='lat' dir='ltr'>corpor-isaie</span> 
     </span>
     <span class='ocr_line' id='line_1_12' title="bbox 532 1092 1611 1172; baseline 0.001 -22"><span class='ocrx_word' id='word_1_105' title='bbox 532 1092 695 1150; x_wconf 77' lang='lat' dir='ltr'>enim</span> <span class='ocrx_word' id='word_1_106' title='bbox 725 1106 858 1150; x_wconf 85' lang='lat' dir='ltr'>esse</span> <span class='ocrx_word' id='word_1_107' title='bbox 888 1092 1019 1172; x_wconf 67' lang='lat' dir='ltr'>ejus</span> <span class='ocrx_word' id='word_1_108' title='bbox 1049 1097 1208 1150; x_wconf 86' lang='lat' dir='ltr'>esset</span> <span class='ocrx_word' id='word_1_109' title='bbox 1239 1093 1301 1147; x_wconf 91' lang='lat' dir='ltr'>in</span> <span class='ocrx_word' id='word_1_110' title='bbox 1340 1106 1611 1162; x_wconf 86' lang='lat' dir='ltr'>corpore.</span> 
     </span>
    </p>

    <p class='ocr_par' dir='ltr' id='par_1_5' title="bbox 531 1162 2866 1797">
     <span class='ocr_line' id='line_1_13' title="bbox 600 1162 2860 1235; baseline 0.002 -17"><span class='ocrx_word' id='word_1_111' title='bbox 600 1163 818 1226; x_wconf 77' lang='lat' dir='ltr'>Adhuc,</span> <span class='ocrx_word' id='word_1_112' title='bbox 848 1176 1023 1235; x_wconf 73' lang='lat' dir='ltr'>cujus</span> <span class='ocrx_word' id='word_1_113' title='bbox 1050 1176 1187 1221; x_wconf 90' lang='lat' dir='ltr'>esse</span> <span class='ocrx_word' id='word_1_114' title='bbox 1210 1169 1304 1220; x_wconf 89' lang='lat' dir='ltr'>est</span> <span class='ocrx_word' id='word_1_115' title='bbox 1328 1175 1648 1220; x_wconf 86' lang='lat' dir='ltr'>commune</span> <span class='ocrx_word' id='word_1_116' title='bbox 1671 1162 1909 1233; x_wconf 79' lang='lat' dir='ltr'>corpori</span> <span class='ocrx_word' id='word_1_117' title='bbox 1940 1166 2172 1233; x_wconf 75' lang='lat' dir='ltr'>oportet</span> <span class='ocrx_word' id='word_1_118' title='bbox 2199 1165 2259 1219; x_wconf 85' lang='lat' dir='ltr'>et</span> <span class='ocrx_word' id='word_1_119' title='bbox 2285 1163 2686 1234; x_wconf 71' lang='lat' dir='ltr'>operationem</span> <span class='ocrx_word' id='word_1_120' title='bbox 2707 1163 2860 1234; x_wconf 64' lang='lat' dir='ltr'>eorm</span> 
     </span>
     <span class='ocr_line' id='line_1_14' title="bbox 531 1229 2860 1306; baseline 0 -15"><span class='ocrx_word' id='word_1_121' title='bbox 531 1245 907 1291; x_wconf 78' lang='lat' dir='ltr'>communem</span> <span class='ocrx_word' id='word_1_122' title='bbox 940 1247 1074 1290; x_wconf 88' lang='lat' dir='ltr'>esse</span> <span class='ocrx_word' id='word_1_123' title='bbox 1108 1251 1122 1301; x_wconf 88' lang='lat'><em>;</em></span> <span class='ocrx_word' id='word_1_124' title='bbox 1156 1234 1623 1306; x_wconf 88' lang='lat' dir='ltr'>unumquodque</span> <span class='ocrx_word' id='word_1_125' title='bbox 1650 1233 1808 1289; x_wconf 85' lang='lat' dir='ltr'>enim</span> <span class='ocrx_word' id='word_1_126' title='bbox 1840 1233 1962 1305; x_wconf 82' lang='lat' dir='ltr'>agit</span> <span class='ocrx_word' id='word_1_127' title='bbox 1985 1232 2316 1290; x_wconf 85' lang='lat' dir='ltr'>secundum</span> <span class='ocrx_word' id='word_1_128' title='bbox 2343 1229 2505 1305; x_wconf 83' lang='lat' dir='ltr'>quod</span> <span class='ocrx_word' id='word_1_129' title='bbox 2531 1241 2622 1291; x_wconf 88' lang='lat' dir='ltr'>est</span> <span class='ocrx_word' id='word_1_130' title='bbox 2644 1245 2860 1301; x_wconf 77' lang='grc' dir='ltr'><strong>665ς611</strong></span> 
     </span>
     <span class='ocr_line' id='line_1_15' title="bbox 531 1302 2862 1376; baseline 0.001 -18"><span class='ocrx_word' id='word_1_131' title='bbox 531 1302 721 1360; x_wconf 80' lang='lat' dir='ltr'>virtus</span> <span class='ocrx_word' id='word_1_132' title='bbox 749 1305 1051 1374; x_wconf 76' lang='lat' dir='ltr'>operativa</span> <span class='ocrx_word' id='word_1_133' title='bbox 1080 1304 1161 1359; x_wconf 86' lang='lat' dir='ltr'>rei</span> <span class='ocrx_word' id='word_1_134' title='bbox 1193 1309 1387 1374; x_wconf 87' lang='lat' dir='ltr'>potest</span> <span class='ocrx_word' id='word_1_135' title='bbox 1416 1317 1552 1361; x_wconf 89' lang='grc'><strong>6556</strong></span> <span class='ocrx_word' id='word_1_136' title='bbox 1580 1303 1896 1361; x_wconf 75' lang='lat' dir='ltr'>sublimior</span> <span class='ocrx_word' id='word_1_137' title='bbox 1921 1315 2098 1376; x_wconf 84' lang='lat' dir='ltr'>quam</span> <span class='ocrx_word' id='word_1_138' title='bbox 2126 1303 2177 1376; x_wconf 84' lang='lat' dir='ltr'>ej</span> <span class='ocrx_word' id='word_1_139' title='bbox 2190 1318 2258 1362; x_wconf 89' lang='grc'>65</span> <span class='ocrx_word' id='word_1_140' title='bbox 2287 1305 2572 1371; x_wconf 84' lang='lat' dir='ltr'>essentia,</span> <span class='ocrx_word' id='word_1_141' title='bbox 2601 1320 2724 1363; x_wconf 87' lang='lat' dir='ltr'>cuni</span> <span class='ocrx_word' id='word_1_142' title='bbox 2743 1306 2862 1361; x_wconf 78' lang='lat' dir='ltr'>vinus</span> 
     </span>
     <span class='ocr_line' id='line_1_16' title="bbox 532 1374 2861 1446; baseline 0 -15"><span class='ocrx_word' id='word_1_143' title='bbox 532 1375 811 1431; x_wconf 80' lang='lat' dir='ltr'>essentiae</span> <span class='ocrx_word' id='word_1_144' title='bbox 864 1375 1152 1445; x_wconf 84' lang='lat' dir='ltr'>principia</span> <span class='ocrx_word' id='word_1_145' title='bbox 1204 1380 1624 1446; x_wconf 76' lang='lat' dir='ltr'>consequatur.</span> <span class='ocrx_word' id='word_1_146' title='bbox 1668 1374 1726 1432; x_wconf 86' lang='lat' dir='ltr'>Si</span> <span class='ocrx_word' id='word_1_147' title='bbox 1774 1381 1971 1432; x_wconf 83' lang='lat' dir='ltr'>autem</span> <span class='ocrx_word' id='word_1_148' title='bbox 2023 1376 2359 1433; x_wconf 82' lang='lat' dir='ltr'>substantia</span> <span class='ocrx_word' id='word_1_149' title='bbox 2406 1375 2790 1433; x_wconf 79' lang='lat' dir='ltr'>intellectualis</span> <span class='ocrx_word' id='word_1_150' title='bbox 2819 1375 2861 1432; x_wconf 76' lang='lat' dir='ltr'>iit</span> 
     </span>
     <span class='ocr_line' id='line_1_17' title="bbox 531 1443 2862 1516; baseline 0 -16"><span class='ocrx_word' id='word_1_151' title='bbox 531 1443 726 1501; x_wconf 85' lang='lat' dir='ltr'>forma</span> <span class='ocrx_word' id='word_1_152' title='bbox 753 1445 1043 1515; x_wconf 87' lang='lat' dir='ltr'>corporis,</span> <span class='ocrx_word' id='word_1_153' title='bbox 1073 1449 1304 1513; x_wconf 76' lang='lat' dir='ltr'>oportet</span> <span class='ocrx_word' id='word_1_154' title='bbox 1330 1445 1489 1515; x_wconf 89' lang='lat' dir='ltr'>quod</span> <span class='ocrx_word' id='word_1_155' title='bbox 1519 1459 1656 1503; x_wconf 87' lang='lat' dir='ltr'>esse</span> <span class='ocrx_word' id='word_1_156' title='bbox 1691 1444 1822 1514; x_wconf 85' lang='lat' dir='ltr'>ejus</span> <span class='ocrx_word' id='word_1_157' title='bbox 1851 1446 1932 1502; x_wconf 90' lang='lat' dir='ltr'>sit</span> <span class='ocrx_word' id='word_1_158' title='bbox 1973 1445 2088 1503; x_wconf 85' lang='lat' dir='ltr'>sibi</span> <span class='ocrx_word' id='word_1_159' title='bbox 2115 1452 2172 1503; x_wconf 87' lang='lat' dir='ltr'>et</span> <span class='ocrx_word' id='word_1_160' title='bbox 2223 1446 2456 1516; x_wconf 80' lang='lat' dir='ltr'>corpori</span> <span class='ocrx_word' id='word_1_161' title='bbox 2503 1447 2862 1504; x_wconf 65' lang='lat' dir='ltr'>communen</span> 
     </span>
     <span class='ocr_line' id='line_1_18' title="bbox 532 1511 2862 1589; baseline 0 -17"><span class='ocrx_word' id='word_1_162' title='bbox 532 1511 727 1572; x_wconf 80' lang='lat' dir='ltr'>forma</span> <span class='ocrx_word' id='word_1_163' title='bbox 750 1516 913 1571; x_wconf 86' lang='lat' dir='ltr'>enim</span> <span class='ocrx_word' id='word_1_164' title='bbox 943 1520 999 1570; x_wconf 89' lang='grc'>61</span> <span class='ocrx_word' id='word_1_165' title='bbox 1040 1515 1281 1572; x_wconf 83' lang='lat' dir='ltr'>materia</span> <span class='ocrx_word' id='word_1_166' title='bbox 1312 1514 1376 1572; x_wconf 86' lang='lat' dir='ltr'>fit</span> <span class='ocrx_word' id='word_1_167' title='bbox 1403 1516 1629 1588; x_wconf 86' lang='lat' dir='ltr'>aliquid</span> <span class='ocrx_word' id='word_1_168' title='bbox 1667 1528 1853 1573; x_wconf 87' lang='grc'><strong>66661</strong></span> <span class='ocrx_word' id='word_1_169' title='bbox 1899 1516 2271 1587; x_wconf 87' lang='lat' dir='ltr'>simpliciter,</span> <span class='ocrx_word' id='word_1_170' title='bbox 2315 1515 2474 1589; x_wconf 90' lang='lat' dir='ltr'>quod</span> <span class='ocrx_word' id='word_1_171' title='bbox 2503 1524 2596 1574; x_wconf 86' lang='lat' dir='ltr'>est</span> <span class='ocrx_word' id='word_1_172' title='bbox 2624 1516 2862 1575; x_wconf 74' lang='lat' dir='ltr'>secundun</span> 
     </span>
     <span class='ocr_line' id='line_1_19' title="bbox 532 1585 2866 1664; baseline -0 -21"><span class='ocrx_word' id='word_1_173' title='bbox 532 1597 669 1643; x_wconf 80' lang='lat' dir='ltr'>esse</span> <span class='ocrx_word' id='word_1_174' title='bbox 701 1598 906 1652; x_wconf 87' lang='lat' dir='ltr'>unum,</span> <span class='ocrx_word' id='word_1_175' title='bbox 965 1585 1085 1641; x_wconf 83' lang='lat' dir='ltr'>Erit</span> <span class='ocrx_word' id='word_1_176' title='bbox 1138 1585 1320 1664; x_wconf 78' lang='lat' dir='ltr'>igitur</span> <span class='ocrx_word' id='word_1_177' title='bbox 1347 1592 1404 1642; x_wconf 97' lang='grc'>61</span> <span class='ocrx_word' id='word_1_178' title='bbox 1455 1586 1721 1658; x_wconf 84' lang='lat' dir='ltr'>operatio</span> <span class='ocrx_word' id='word_1_179' title='bbox 1769 1587 2121 1644; x_wconf 83' lang='lat' dir='ltr'>substantiae</span> <span class='ocrx_word' id='word_1_180' title='bbox 2167 1587 2594 1646; x_wconf 84' lang='lat' dir='ltr'>intellectualis</span> <span class='ocrx_word' id='word_1_181' title='bbox 2617 1587 2866 1646; x_wconf 76' lang='lat' dir='ltr'>communit</span> 
     </span>
     <span class='ocr_line' id='line_1_20' title="bbox 533 1654 2864 1783; baseline 0.002 -72"><span class='ocrx_word' id='word_1_182' title='bbox 533 1655 879 1783; x_wconf 41' lang='lat' dir='ltr'>eorporiffie}</span> <span class='ocrx_word' id='word_1_183' title='bbox 906 1654 1093 1713; x_wconf 84' lang='lat' dir='ltr'>virtus</span> <span class='ocrx_word' id='word_1_184' title='bbox 1120 1668 1249 1727; x_wconf 67' lang='lat' dir='ltr'>ejus</span> <span class='ocrx_word' id='word_1_185' title='bbox 1292 1655 1483 1716; x_wconf 77' lang='lat' dir='ltr'>virtus</span> <span class='ocrx_word' id='word_1_186' title='bbox 1530 1657 1598 1715; x_wconf 87' lang='lat' dir='ltr'>in</span> <span class='ocrx_word' id='word_1_187' title='bbox 1641 1669 1889 1729; x_wconf 87' lang='lat' dir='ltr'>corpore</span> <span class='ocrx_word' id='word_1_188' title='bbox 1921 1676 1938 1727; x_wconf 88' lang='lat'>;</span> <span class='ocrx_word' id='word_1_189' title='bbox 1966 1657 2130 1731; x_wconf 84' lang='lat' dir='ltr'>quod</span> <span class='ocrx_word' id='word_1_190' title='bbox 2169 1671 2243 1715; x_wconf 83' lang='lat' dir='ltr'>ex</span> <span class='ocrx_word' id='word_1_191' title='bbox 2268 1659 2600 1731; x_wconf 75' lang='lat' dir='ltr'>praemissis</span> <span class='ocrx_word' id='word_1_192' title='bbox 2633 1664 2864 1734; x_wconf 62' lang='grc'><strong>66161651</strong></span> 
     </span>
     <span class='ocr_line' id='line_1_21' title="bbox 535 1737 935 1797; baseline 0.003 -15"><span class='ocrx_word' id='word_1_193' title='bbox 535 1737 790 1797; x_wconf 81' lang='grc'><strong>11666551</strong></span> <span class='ocrx_word' id='word_1_194' title='bbox 835 1740 856 1782; x_wconf 86' lang='grc'>1</span> <span class='ocrx_word' id='word_1_195' title='bbox 881 1739 935 1783; x_wconf 85' lang='lat' dir='ltr'>e.</span> 
     </span>
    </p>
   </div>
   <div class='ocr_carea' id='block_1_3' title="bbox 1491 1892 2005 1961">
    <p class='ocr_par' dir='ltr' id='par_1_6' title="bbox 1491 1892 2005 1961">
     <span class='ocr_line' id='line_1_22' title="bbox 1491 1892 2005 1961; baseline 0.002 -2"><span class='ocrx_word' id='word_1_196' title='bbox 1491 1892 1747 1960; x_wconf 73' lang='lat' dir='ltr'>CAPUT</span> <span class='ocrx_word' id='word_1_197' title='bbox 1825 1893 2005 1961; x_wconf 84' lang='lat' dir='ltr'><strong>LVII.</strong></span> 
     </span>
    </p>
   </div>
   <div class='ocr_carea' id='block_1_4' title="bbox 740 2063 2727 2119">
    <p class='ocr_par' dir='ltr' id='par_1_7' title="bbox 740 2063 2727 2119">
     <span class='ocr_line' id='line_1_23' title="bbox 740 2063 2727 2119; baseline 0.004 -6"><span class='ocrx_word' id='word_1_198' title='bbox 740 2063 969 2113; x_wconf 72' lang='lat' dir='ltr'>rosmo</span> <span class='ocrx_word' id='word_1_199' title='bbox 987 2064 1269 2112; x_wconf 68' lang='lat' dir='ltr'>tumme</span> <span class='ocrx_word' id='word_1_200' title='bbox 1286 2066 1365 2112; x_wconf 71' lang='grc' dir='ltr'>ΒΕ</span> <span class='ocrx_word' id='word_1_201' title='bbox 1399 2066 1619 2113; x_wconf 64' lang='lat' dir='ltr'>timon</span> <span class='ocrx_word' id='word_1_202' title='bbox 1643 2065 1852 2113; x_wconf 69' lang='lat' dir='ltr'>Anum</span> <span class='ocrx_word' id='word_1_203' title='bbox 1880 2067 2364 2117; x_wconf 66' lang='lat' dir='ltr'>mni-mumma</span> <span class='ocrx_word' id='word_1_204' title='bbox 2388 2070 2474 2118; x_wconf 74' lang='lat' dir='ltr'>Al&gt;</span> <span class='ocrx_word' id='word_1_205' title='bbox 2498 2069 2727 2119; x_wconf 65' lang='lat' dir='ltr'>mm</span> 
     </span>
    </p>
   </div>
   <div class='ocr_carea' id='block_1_5' title="bbox 474 2219 2884 4489">
    <p class='ocr_par' dir='ltr' id='par_1_8' title="bbox 529 2219 2864 2577">
     <span class='ocr_line' id='line_1_24' title="bbox 605 2219 2864 2353; baseline 0 -74"><span class='ocrx_word' id='word_1_206' title='bbox 605 2222 688 2279; x_wconf 82' lang='lat' dir='ltr'>Ex</span> <span class='ocrx_word' id='word_1_207' title='bbox 711 2219 1035 2302; x_wconf 36' lang='lat' dir='ltr'>bis-autem</span> <span class='ocrx_word' id='word_1_208' title='bbox 1066 2225 1126 2277; x_wconf 88' lang='lat' dir='ltr'>et</span> <span class='ocrx_word' id='word_1_209' title='bbox 1158 2219 1460 2280; x_wconf 85' lang='lat' dir='ltr'>similibus</span> <span class='ocrx_word' id='word_1_210' title='bbox 1486 2221 1822 2280; x_wconf 85' lang='lat' dir='ltr'>rationibus</span> <span class='ocrx_word' id='word_1_211' title='bbox 1852 2222 2036 2296; x_wconf 80' lang='lat' dir='ltr'>aliqui</span> <span class='ocrx_word' id='word_1_212' title='bbox 2079 2225 2249 2294; x_wconf 84' lang='lat' dir='ltr'>moti,</span> <span class='ocrx_word' id='word_1_213' title='bbox 2279 2224 2557 2284; x_wconf 83' lang='lat' dir='ltr'>dixerunt</span> <span class='ocrx_word' id='word_1_214' title='bbox 2597 2224 2746 2353; x_wconf 51' lang='lat' dir='ltr'>qgiod</span> <span class='ocrx_word' id='word_1_215' title='bbox 2765 2221 2864 2280; x_wconf 77' lang='lat' dir='ltr'>nulli</span> 
     </span>
     <span class='ocr_line' id='line_1_25' title="bbox 529 2289 2864 2368; baseline 0 -17"><span class='ocrx_word' id='word_1_216' title='bbox 529 2290 870 2351; x_wconf 78' lang='lat' dir='ltr'>substantia</span> <span class='ocrx_word' id='word_1_217' title='bbox 902 2292 1320 2349; x_wconf 90' lang='lat' dir='ltr'>intellectualis</span> <span class='ocrx_word' id='word_1_218' title='bbox 1367 2300 1561 2363; x_wconf 85' lang='lat' dir='ltr'>potest</span> <span class='ocrx_word' id='word_1_219' title='bbox 1592 2306 1726 2351; x_wconf 89' lang='grc'><strong>6556</strong></span> <span class='ocrx_word' id='word_1_220' title='bbox 1759 2292 1947 2351; x_wconf 77' lang='lat' dir='ltr'>forma</span> <span class='ocrx_word' id='word_1_221' title='bbox 1994 2296 2283 2367; x_wconf 87' lang='lat' dir='ltr'>corporis.</span> <span class='ocrx_word' id='word_1_222' title='bbox 2319 2297 2431 2353; x_wconf 79' lang='lat' dir='ltr'>Sed</span> <span class='ocrx_word' id='word_1_223' title='bbox 2463 2297 2604 2368; x_wconf 87' lang='lat' dir='ltr'>quia</span> <span class='ocrx_word' id='word_1_224' title='bbox 2670 2289 2864 2365; x_wconf 58' lang='lat' dir='ltr'>uicpoff</span> 
     </span>
     <span class='ocr_line' id='line_1_26' title="bbox 530 2361 2864 2439; baseline 0 -19"><span class='ocrx_word' id='word_1_225' title='bbox 530 2362 682 2420; x_wconf 83' lang='lat' dir='ltr'>tioni</span> <span class='ocrx_word' id='word_1_226' title='bbox 714 2362 847 2433; x_wconf 77' lang='lat' dir='ltr'>ipsa</span> <span class='ocrx_word' id='word_1_227' title='bbox 879 2362 1142 2419; x_wconf 85' lang='lat' dir='ltr'>hominis</span> <span class='ocrx_word' id='word_1_228' title='bbox 1180 2368 1394 2420; x_wconf 85' lang='lat' dir='ltr'>natura</span> <span class='ocrx_word' id='word_1_229' title='bbox 1433 2364 1839 2421; x_wconf 83' lang='lat' dir='ltr'>contradicere</span> <span class='ocrx_word' id='word_1_230' title='bbox 1869 2364 2195 2435; x_wconf 78' lang='lat' dir='ltr'>videbatur,</span> <span class='ocrx_word' id='word_1_231' title='bbox 2228 2368 2369 2439; x_wconf 88' lang='lat' dir='ltr'>quia</span> <span class='ocrx_word' id='word_1_232' title='bbox 2392 2383 2463 2424; x_wconf 86' lang='lat' dir='ltr'>ex</span> <span class='ocrx_word' id='word_1_233' title='bbox 2493 2369 2684 2425; x_wconf 84' lang='lat' dir='ltr'>anima</span> <span class='ocrx_word' id='word_1_234' title='bbox 2713 2361 2864 2422; x_wconf 75' lang='lat' dir='ltr'>intelli·</span> 
     </span>
     <span class='ocr_line' id='line_1_27' title="bbox 530 2432 2864 2510; baseline 0 -19"><span class='ocrx_word' id='word_1_235' title='bbox 530 2432 711 2492; x_wconf 82' lang='lat' dir='ltr'>ctuali</span> <span class='ocrx_word' id='word_1_236' title='bbox 769 2439 826 2489; x_wconf 92' lang='lat' dir='ltr'>et</span> <span class='ocrx_word' id='word_1_237' title='bbox 866 2447 1113 2504; x_wconf 89' lang='lat' dir='ltr'>corpore</span> <span class='ocrx_word' id='word_1_238' title='bbox 1135 2432 1366 2490; x_wconf 79' lang='lat' dir='ltr'>videtur</span> <span class='ocrx_word' id='word_1_239' title='bbox 1390 2447 1525 2491; x_wconf 89' lang='lat' dir='ltr'>esse</span> <span class='ocrx_word' id='word_1_240' title='bbox 1572 2434 1964 2506; x_wconf 87' lang='lat' dir='ltr'>compositus,</span> <span class='ocrx_word' id='word_1_241' title='bbox 1996 2437 2482 2509; x_wconf 82' lang='lat' dir='ltr'>excogitaverunt</span> <span class='ocrx_word' id='word_1_242' title='bbox 2507 2434 2864 2510; x_wconf 73' lang='lat' dir='ltr'>quasdamits</span> 
     </span>
     <span class='ocr_line' id='line_1_28' title="bbox 530 2502 1741 2577; baseline 0.001 -16"><span class='ocrx_word' id='word_1_243' title='bbox 530 2518 638 2577; x_wconf 81' lang='lat' dir='ltr'>per</span> <span class='ocrx_word' id='word_1_244' title='bbox 666 2517 819 2576; x_wconf 85' lang='lat' dir='ltr'>quas</span> <span class='ocrx_word' id='word_1_245' title='bbox 848 2508 1062 2561; x_wconf 86' lang='lat' dir='ltr'>natura</span> <span class='ocrx_word' id='word_1_246' title='bbox 1094 2502 1360 2562; x_wconf 88' lang='lat' dir='ltr'>hominis</span> <span class='ocrx_word' id='word_1_247' title='bbox 1391 2504 1741 2563; x_wconf 79' lang='lat' dir='ltr'>salvaretur.</span> 
     </span>
    </p>

    <p class='ocr_par' dir='ltr' id='par_1_9' title="bbox 529 2574 2870 2913">
     <span class='ocr_line' id='line_1_29' title="bbox 559 2574 2870 2656; baseline 0.001 -24"><span class='ocrx_word' id='word_1_248' title='bbox 559 2576 576 2595; x_wconf 82' lang='lat'><em>⁴</em></span> <span class='ocrx_word' id='word_1_249' title='bbox 604 2576 770 2632; x_wconf 84' lang='lat' dir='ltr'>Plato</span> <span class='ocrx_word' id='word_1_250' title='bbox 802 2575 983 2656; x_wconf 81' lang='lat' dir='ltr'>igitur</span> <span class='ocrx_word' id='word_1_251' title='bbox 1001 2575 1222 2647; x_wconf 78' lang='lat' dir='ltr'>posuit,</span> <span class='ocrx_word' id='word_1_252' title='bbox 1240 2579 1299 2632; x_wconf 89' lang='lat' dir='ltr'>et</span> <span class='ocrx_word' id='word_1_253' title='bbox 1312 2574 1441 2656; x_wconf 77' lang='lat' dir='ltr'>ejus</span> <span class='ocrx_word' id='word_1_254' title='bbox 1463 2589 1774 2648; x_wconf 83' lang='lat' dir='ltr'>sequaces,</span> <span class='ocrx_word' id='word_1_255' title='bbox 1790 2576 1949 2650; x_wconf 88' lang='lat' dir='ltr'>quod</span> <span class='ocrx_word' id='word_1_256' title='bbox 1969 2577 2170 2635; x_wconf 84' lang='lat' dir='ltr'>anima</span> <span class='ocrx_word' id='word_1_257' title='bbox 2185 2578 2606 2638; x_wconf 80' lang='lat' dir='ltr'>intellectualis</span> <span class='ocrx_word' id='word_1_258' title='bbox 2617 2575 2870 2653; x_wconf 73' lang='lat' dir='ltr'>nonunittlr</span> 
     </span>
     <span class='ocr_line' id='line_1_30' title="bbox 531 2646 2862 2726; baseline -0.001 -21"><span class='ocrx_word' id='word_1_259' title='bbox 531 2646 767 2717; x_wconf 86' lang='lat' dir='ltr'>corpori</span> <span class='ocrx_word' id='word_1_260' title='bbox 798 2651 955 2725; x_wconf 79' lang='lat' dir='ltr'>sicut</span> <span class='ocrx_word' id='word_1_261' title='bbox 980 2647 1173 2703; x_wconf 82' lang='lat' dir='ltr'>forma</span> <span class='ocrx_word' id='word_1_262' title='bbox 1200 2652 1481 2726; x_wconf 60' lang='lat' dir='ltr'>materiai,</span> <span class='ocrx_word' id='word_1_263' title='bbox 1512 2646 1619 2704; x_wconf 83' lang='lat' dir='ltr'>sed</span> <span class='ocrx_word' id='word_1_264' title='bbox 1653 2649 1849 2705; x_wconf 89' lang='lat' dir='ltr'>solum</span> <span class='ocrx_word' id='word_1_265' title='bbox 1899 2648 2054 2706; x_wconf 89' lang='lat' dir='ltr'>sicut</span> <span class='ocrx_word' id='word_1_266' title='bbox 2082 2653 2280 2707; x_wconf 88' lang='lat' dir='ltr'>motor</span> <span class='ocrx_word' id='word_1_267' title='bbox 2315 2650 2545 2719; x_wconf 85' lang='lat' dir='ltr'>mobili,</span> <span class='ocrx_word' id='word_1_268' title='bbox 2576 2651 2757 2708; x_wconf 79' lang='lat' dir='ltr'>dicens</span> <span class='ocrx_word' id='word_1_269' title='bbox 2789 2657 2862 2703; x_wconf 77' lang='lat' dir='ltr'>am-</span> 
     </span>
     <span class='ocr_line' id='line_1_31' title="bbox 529 2719 2865 2788; baseline 0 -16"><span class='ocrx_word' id='word_1_270' title='bbox 529 2728 688 2773; x_wconf 86' lang='lat' dir='ltr'>mam</span> <span class='ocrx_word' id='word_1_271' title='bbox 720 2729 855 2773; x_wconf 91' lang='lat' dir='ltr'>esse</span> <span class='ocrx_word' id='word_1_272' title='bbox 885 2729 947 2772; x_wconf 87' lang='lat' dir='ltr'>iii</span> <span class='ocrx_word' id='word_1_273' title='bbox 977 2730 1225 2788; x_wconf 88' lang='lat' dir='ltr'>corpore</span> <span class='ocrx_word' id='word_1_274' title='bbox 1257 2722 1415 2775; x_wconf 88' lang='lat' dir='ltr'>sicut</span> <span class='ocrx_word' id='word_1_275' title='bbox 1463 2721 1645 2775; x_wconf 86' lang='lat' dir='ltr'>nauta</span> <span class='ocrx_word' id='word_1_276' title='bbox 1685 2725 1776 2776; x_wconf 86' lang='lat' dir='ltr'>est</span> <span class='ocrx_word' id='word_1_277' title='bbox 1802 2719 1865 2775; x_wconf 87' lang='lat' dir='ltr'>in</span> <span class='ocrx_word' id='word_1_278' title='bbox 1896 2720 2031 2776; x_wconf 86' lang='lat' dir='ltr'>navi</span> <span class='ocrx_word' id='word_1_279' title='bbox 2058 2737 2075 2787; x_wconf 78' lang='lat'><em>3</em></span> <span class='ocrx_word' id='word_1_280' title='bbox 2105 2725 2164 2775; x_wconf 89' lang='lat' dir='ltr'>et</span> <span class='ocrx_word' id='word_1_281' title='bbox 2191 2721 2281 2778; x_wconf 92' lang='lat' dir='ltr'>sic</span> <span class='ocrx_word' id='word_1_282' title='bbox 2308 2721 2454 2778; x_wconf 90' lang='lat' dir='ltr'>unio</span> <span class='ocrx_word' id='word_1_283' title='bbox 2505 2721 2707 2779; x_wconf 72' lang='lat' dir='ltr'>animan</span> <span class='ocrx_word' id='word_1_284' title='bbox 2727 2724 2865 2775; x_wconf 71' lang='lat' dir='ltr'>etonr</span> 
     </span>
     <span class='ocr_line' id='line_1_32' title="bbox 529 2787 2859 2913; baseline -0 -69"><span class='ocrx_word' id='word_1_285' title='bbox 529 2787 698 2913; x_wconf 64' lang='lat' dir='ltr'>poti-is</span> <span class='ocrx_word' id='word_1_286' title='bbox 726 2796 849 2844; x_wconf 87' lang='lat' dir='ltr'>non</span> <span class='ocrx_word' id='word_1_287' title='bbox 876 2793 1036 2844; x_wconf 88' lang='lat' dir='ltr'>esset</span> <span class='ocrx_word' id='word_1_288' title='bbox 1064 2787 1182 2844; x_wconf 90' lang='lat' dir='ltr'>nisi</span> <span class='ocrx_word' id='word_1_289' title='bbox 1220 2800 1328 2858; x_wconf 86' lang='lat' dir='ltr'>per</span> <span class='ocrx_word' id='word_1_290' title='bbox 1371 2792 1712 2846; x_wconf 86' lang='lat' dir='ltr'>contactum</span> <span class='ocrx_word' id='word_1_291' title='bbox 1742 2789 2001 2859; x_wconf 84' lang='lat' dir='ltr'>virtutis,</span> <span class='ocrx_word' id='word_1_292' title='bbox 2034 2789 2109 2847; x_wconf 86' lang='lat' dir='ltr'>de</span> <span class='ocrx_word' id='word_1_293' title='bbox 2134 2804 2255 2863; x_wconf 90' lang='lat' dir='ltr'>quo</span> <span class='ocrx_word' id='word_1_294' title='bbox 2283 2804 2468 2863; x_wconf 86' lang='lat' dir='ltr'>supra</span> <span class='ocrx_word' id='word_1_295' title='bbox 2495 2792 2571 2864; x_wconf 91' lang='lat' dir='ltr'>(c.</span> <span class='ocrx_word' id='word_1_296' title='bbox 2597 2792 2680 2863; x_wconf 74' lang='grc'>56)</span> <span class='ocrx_word' id='word_1_297' title='bbox 2712 2789 2859 2847; x_wconf 70' lang='lat' dir='ltr'>dictu</span> 
     </span>
    </p>

    <p class='ocr_par' dir='ltr' id='par_1_10' title="bbox 530 2925 2859 3266">
     <span class='ocr_line' id='line_1_33' title="bbox 603 2925 2859 3002; baseline 0.001 -19"><span class='ocrx_word' id='word_1_298' title='bbox 603 2929 727 2983; x_wconf 81' lang='lat' dir='ltr'>Boc</span> <span class='ocrx_word' id='word_1_299' title='bbox 753 2932 950 2983; x_wconf 84' lang='lat' dir='ltr'>autem</span> <span class='ocrx_word' id='word_1_300' title='bbox 975 2925 1207 2983; x_wconf 82' lang='lat' dir='ltr'>videtur</span> <span class='ocrx_word' id='word_1_301' title='bbox 1235 2927 1686 2987; x_wconf 85' lang='lat' dir='ltr'>inconveniens.</span> <span class='ocrx_word' id='word_1_302' title='bbox 1708 2928 2047 2988; x_wconf 87' lang='lat' dir='ltr'>Secundum</span> <span class='ocrx_word' id='word_1_303' title='bbox 2067 2930 2412 3002; x_wconf 74' lang='lat' dir='ltr'>praedictum</span> <span class='ocrx_word' id='word_1_304' title='bbox 2434 2932 2594 2990; x_wconf 88' lang='lat' dir='ltr'>enim</span> <span class='ocrx_word' id='word_1_305' title='bbox 2614 2932 2859 2990; x_wconf 68' lang='lat' dir='ltr'>contactu</span> 
     </span>
     <span class='ocr_line' id='line_1_34' title="bbox 532 2994 2858 3081; baseline 0.001 -27"><span class='ocrx_word' id='word_1_306' title='bbox 532 3010 659 3054; x_wconf 87' lang='lat' dir='ltr'>non</span> <span class='ocrx_word' id='word_1_307' title='bbox 688 2994 1004 3075; x_wconf 39' lang='lat' dir='ltr'>tit-aliquid</span> <span class='ocrx_word' id='word_1_308' title='bbox 1031 3010 1216 3054; x_wconf 89' lang='lat' dir='ltr'>unum</span> <span class='ocrx_word' id='word_1_309' title='bbox 1265 2998 1637 3069; x_wconf 88' lang='lat' dir='ltr'>simpliciter,</span> <span class='ocrx_word' id='word_1_310' title='bbox 1671 3004 1731 3057; x_wconf 88' lang='lat' dir='ltr'>ut</span> <span class='ocrx_word' id='word_1_311' title='bbox 1767 3000 1842 3081; x_wconf 85' lang='lat' dir='ltr'>(c.</span> <span class='ocrx_word' id='word_1_312' title='bbox 1871 3002 1964 3073; x_wconf 79' lang='lat'>56)</span> <span class='ocrx_word' id='word_1_313' title='bbox 1999 3008 2308 3059; x_wconf 87' lang='lat' dir='ltr'>ostensum</span> <span class='ocrx_word' id='word_1_314' title='bbox 2339 3009 2451 3061; x_wconf 86' lang='grc'><strong>651.</strong></span> <span class='ocrx_word' id='word_1_315' title='bbox 2483 3005 2560 3061; x_wconf 78' lang='lat' dir='ltr'>Ex</span> <span class='ocrx_word' id='word_1_316' title='bbox 2589 3004 2858 3073; x_wconf 68' lang='lat' dir='ltr'>unicum·</span> 
     </span>
     <span class='ocr_line' id='line_1_35' title="bbox 530 3066 2858 3145; baseline 0.002 -22"><span class='ocrx_word' id='word_1_317' title='bbox 530 3073 653 3123; x_wconf 86' lang='lat' dir='ltr'>tem</span> <span class='ocrx_word' id='word_1_318' title='bbox 683 3079 895 3122; x_wconf 78' lang='lat' dir='ltr'>animae</span> <span class='ocrx_word' id='word_1_319' title='bbox 924 3073 984 3123; x_wconf 86' lang='lat' dir='ltr'>et</span> <span class='ocrx_word' id='word_1_320' title='bbox 1026 3066 1296 3138; x_wconf 85' lang='lat' dir='ltr'>corporis</span> <span class='ocrx_word' id='word_1_321' title='bbox 1326 3067 1391 3124; x_wconf 84' lang='lat' dir='ltr'>fit</span> <span class='ocrx_word' id='word_1_322' title='bbox 1429 3069 1632 3127; x_wconf 85' lang='lat' dir='ltr'>homo.</span> <span class='ocrx_word' id='word_1_323' title='bbox 1664 3070 2042 3143; x_wconf 76' lang='lat' dir='ltr'>Relinquitur</span> <span class='ocrx_word' id='word_1_324' title='bbox 2066 3072 2249 3143; x_wconf 83' lang='lat' dir='ltr'>igitur</span> <span class='ocrx_word' id='word_1_325' title='bbox 2275 3074 2435 3145; x_wconf 89' lang='lat' dir='ltr'>quod</span> <span class='ocrx_word' id='word_1_326' title='bbox 2466 3073 2644 3133; x_wconf 86' lang='lat' dir='ltr'>bomo</span> <span class='ocrx_word' id='word_1_327' title='bbox 2688 3082 2775 3129; x_wconf 79' lang='lat' dir='ltr'>noti</span> <span class='ocrx_word' id='word_1_328' title='bbox 2805 3067 2858 3122; x_wconf 72' lang='lat'>811</span> 
     </span>
     <span class='ocr_line' id='line_1_36' title="bbox 530 3136 2853 3262; baseline 0.004 -71"><span class='ocrx_word' id='word_1_329' title='bbox 530 3146 717 3262; x_wconf 53' lang='lat' dir='ltr'>unqff</span> <span class='ocrx_word' id='word_1_330' title='bbox 750 3136 1119 3208; x_wconf 84' lang='lat' dir='ltr'>simpliciter,</span> <span class='ocrx_word' id='word_1_331' title='bbox 1142 3143 1211 3195; x_wconf 80' lang='lat' dir='ltr'>et</span> <span class='ocrx_word' id='word_1_332' title='bbox 1250 3150 1357 3210; x_wconf 81' lang='lat' dir='ltr'>per</span> <span class='ocrx_word' id='word_1_333' title='bbox 1400 3153 1785 3213; x_wconf 85' lang='lat' dir='ltr'>consequens</span> <span class='ocrx_word' id='word_1_334' title='bbox 1842 3149 1952 3199; x_wconf 82' lang='lat' dir='ltr'>nec</span> <span class='ocrx_word' id='word_1_335' title='bbox 2005 3154 2116 3199; x_wconf 89' lang='grc'>665</span> <span class='ocrx_word' id='word_1_336' title='bbox 2172 3142 2542 3216; x_wconf 87' lang='lat' dir='ltr'>simpliciter,</span> <span class='ocrx_word' id='word_1_337' title='bbox 2572 3143 2672 3203; x_wconf 82' lang='lat' dir='ltr'>sed</span> <span class='ocrx_word' id='word_1_338' title='bbox 2695 3146 2853 3209; x_wconf 65' lang='grc'><strong>66118</strong></span> 
     </span>
     <span class='ocr_line' id='line_1_37' title="bbox 533 3219 833 3266; baseline -0.007 0"><span class='ocrx_word' id='word_1_339' title='bbox 533 3220 658 3266; x_wconf 84' lang='lat' dir='ltr'>acci</span> <span class='ocrx_word' id='word_1_340' title='bbox 705 3219 833 3264; x_wconf 91' lang='lat' dir='ltr'>ens.</span> 
     </span>
    </p>

    <p class='ocr_par' dir='ltr' id='par_1_11' title="bbox 527 3276 2856 3476">
     <span class='ocr_line' id='line_1_38' title="bbox 600 3276 2856 3407; baseline 0.002 -74"><span class='ocrx_word' id='word_1_341' title='bbox 600 3276 683 3358; x_wconf 70' lang='lat' dir='ltr'>An</span> <span class='ocrx_word' id='word_1_342' title='bbox 715 3276 828 3334; x_wconf 85' lang='lat' dir='ltr'>hoc</span> <span class='ocrx_word' id='word_1_343' title='bbox 854 3281 1051 3359; x_wconf 81' lang='lat' dir='ltr'>autem</span> <span class='ocrx_word' id='word_1_344' title='bbox 1079 3278 1418 3337; x_wconf 82' lang='lat' dir='ltr'>evitandum</span> <span class='ocrx_word' id='word_1_345' title='bbox 1449 3278 1617 3338; x_wconf 83' lang='lat' dir='ltr'>Plato</span> <span class='ocrx_word' id='word_1_346' title='bbox 1632 3281 1845 3407; x_wconf 54' lang='lat' dir='ltr'>⁴§insuit</span> <span class='ocrx_word' id='word_1_347' title='bbox 1884 3280 2045 3356; x_wconf 82' lang='lat' dir='ltr'>quod</span> <span class='ocrx_word' id='word_1_348' title='bbox 2073 3282 2256 3342; x_wconf 84' lang='lat' dir='ltr'>homo</span> <span class='ocrx_word' id='word_1_349' title='bbox 2278 3294 2403 3343; x_wconf 89' lang='lat' dir='ltr'>non</span> <span class='ocrx_word' id='word_1_350' title='bbox 2431 3284 2513 3343; x_wconf 89' lang='lat' dir='ltr'>sit</span> <span class='ocrx_word' id='word_1_351' title='bbox 2539 3280 2856 3358; x_wconf 70' lang='lat' dir='ltr'>aliquidem</span> 
     </span>
     <span class='ocr_line' id='line_1_39' title="bbox 527 3345 2854 3476; baseline 0.003 -72"><span class='ocrx_word' id='word_1_352' title='bbox 527 3353 791 3476; x_wconf 62' lang='lat' dir='ltr'>Bositum</span> <span class='ocrx_word' id='word_1_353' title='bbox 822 3362 893 3428; x_wconf 80' lang='lat' dir='ltr'>ex</span> <span class='ocrx_word' id='word_1_354' title='bbox 919 3359 1118 3406; x_wconf 85' lang='lat' dir='ltr'>anima</span> <span class='ocrx_word' id='word_1_355' title='bbox 1142 3355 1202 3406; x_wconf 87' lang='lat' dir='ltr'>et</span> <span class='ocrx_word' id='word_1_356' title='bbox 1253 3360 1522 3422; x_wconf 85' lang='lat' dir='ltr'>corpore,</span> <span class='ocrx_word' id='word_1_357' title='bbox 1564 3365 1629 3408; x_wconf 91' lang='lat' dir='ltr'>se</span> <span class='ocrx_word' id='word_1_358' title='bbox 1719 3351 1880 3424; x_wconf 80' lang='lat' dir='ltr'>quod</span> <span class='ocrx_word' id='word_1_359' title='bbox 1935 3353 2065 3424; x_wconf 88' lang='lat' dir='ltr'>ipsa</span> <span class='ocrx_word' id='word_1_360' title='bbox 2109 3355 2312 3414; x_wconf 84' lang='lat' dir='ltr'>anima</span> <span class='ocrx_word' id='word_1_361' title='bbox 2362 3360 2539 3413; x_wconf 87' lang='lat' dir='ltr'>utens</span> <span class='ocrx_word' id='word_1_362' title='bbox 2592 3345 2854 3425; x_wconf 70' lang='lat' dir='ltr'>corporesfl</span> 
     </span>
    </p>

    <p class='ocr_par' dir='ltr' id='par_1_12' title="bbox 527 3416 2856 3556">
     <span class='ocr_line' id='line_1_40' title="bbox 575 3416 2856 3495; baseline 0.001 -20"><span class='ocrx_word' id='word_1_363' title='bbox 575 3431 713 3475; x_wconf 89' lang='lat' dir='ltr'>omo</span> <span class='ocrx_word' id='word_1_364' title='bbox 745 3437 759 3486; x_wconf 89' lang='grc'><strong>;</strong></span> <span class='ocrx_word' id='word_1_365' title='bbox 790 3426 949 3475; x_wconf 83' lang='lat' dir='ltr'>sicut</span> <span class='ocrx_word' id='word_1_366' title='bbox 993 3420 1202 3478; x_wconf 86' lang='lat' dir='ltr'>Petrus</span> <span class='ocrx_word' id='word_1_367' title='bbox 1252 3433 1371 3477; x_wconf 88' lang='lat' dir='ltr'>non</span> <span class='ocrx_word' id='word_1_368' title='bbox 1434 3427 1526 3479; x_wconf 89' lang='lat' dir='ltr'>est</span> <span class='ocrx_word' id='word_1_369' title='bbox 1554 3422 1780 3494; x_wconf 86' lang='lat' dir='ltr'>aliquid</span> <span class='ocrx_word' id='word_1_370' title='bbox 1833 3424 2235 3495; x_wconf 85' lang='lat' dir='ltr'>compositum</span> <span class='ocrx_word' id='word_1_371' title='bbox 2263 3440 2338 3484; x_wconf 85' lang='lat' dir='ltr'>ex</span> <span class='ocrx_word' id='word_1_372' title='bbox 2381 3426 2626 3484; x_wconf 87' lang='lat' dir='ltr'>homine</span> <span class='ocrx_word' id='word_1_373' title='bbox 2665 3430 2715 3482; x_wconf 87' lang='lat' dir='ltr'>et</span> <span class='ocrx_word' id='word_1_374' title='bbox 2745 3416 2856 3478; x_wconf 73' lang='lat' dir='ltr'>indt-</span> 
     </span>
     <span class='ocr_line' id='line_1_41' title="bbox 527 3488 1701 3556; baseline 0.003 -10"><span class='ocrx_word' id='word_1_375' title='bbox 527 3495 753 3556; x_wconf 88' lang='lat' dir='ltr'>mento,</span> <span class='ocrx_word' id='word_1_376' title='bbox 783 3488 885 3545; x_wconf 89' lang='lat' dir='ltr'>sed</span> <span class='ocrx_word' id='word_1_377' title='bbox 917 3489 1096 3547; x_wconf 88' lang='lat' dir='ltr'>homo</span> <span class='ocrx_word' id='word_1_378' title='bbox 1126 3496 1301 3548; x_wconf 88' lang='lat' dir='ltr'>utens</span> <span class='ocrx_word' id='word_1_379' title='bbox 1328 3490 1701 3550; x_wconf 86' lang='lat' dir='ltr'>indumento.</span> 
     </span>
    </p>

    <p class='ocr_par' dir='ltr' id='par_1_13' title="bbox 526 3561 2884 4055">
     <span class='ocr_line' id='line_1_42' title="bbox 600 3561 2859 3641; baseline 0.002 -26"><span class='ocrx_word' id='word_1_380' title='bbox 600 3561 725 3616; x_wconf 79' lang='lat' dir='ltr'>Hoc</span> <span class='ocrx_word' id='word_1_381' title='bbox 752 3565 965 3641; x_wconf 43' lang='lat' dir='ltr'>autern·</span> <span class='ocrx_word' id='word_1_382' title='bbox 982 3574 1118 3618; x_wconf 90' lang='lat' dir='ltr'>esse</span> <span class='ocrx_word' id='word_1_383' title='bbox 1146 3562 1519 3632; x_wconf 87' lang='lat' dir='ltr'>impossibile</span> <span class='ocrx_word' id='word_1_384' title='bbox 1551 3562 1903 3621; x_wconf 84' lang='lat' dir='ltr'>ostenditur.</span> <span class='ocrx_word' id='word_1_385' title='bbox 1924 3565 2158 3624; x_wconf 72' lang='lat' dir='ltr'>Animal</span> <span class='ocrx_word' id='word_1_386' title='bbox 2186 3565 2346 3625; x_wconf 87' lang='lat' dir='ltr'>enim</span> <span class='ocrx_word' id='word_1_387' title='bbox 2368 3567 2623 3626; x_wconf 85' lang='lat' dir='ltr'>ethomo</span> <span class='ocrx_word' id='word_1_388' title='bbox 2641 3566 2859 3637; x_wconf 63' lang='grc'><strong>56616111·</strong></span> 
     </span>
     <span class='ocr_line' id='line_1_43' title="bbox 526 3628 2884 3709; baseline 0.003 -21"><span class='ocrx_word' id='word_1_389' title='bbox 526 3628 663 3688; x_wconf 83' lang='lat' dir='ltr'>dam</span> <span class='ocrx_word' id='word_1_390' title='bbox 694 3630 1027 3698; x_wconf 72' lang='lat' dir='ltr'>sensibilia,</span> <span class='ocrx_word' id='word_1_391' title='bbox 1059 3636 1118 3688; x_wconf 89' lang='grc'>61</span> <span class='ocrx_word' id='word_1_392' title='bbox 1174 3633 1489 3690; x_wconf 82' lang='lat' dir='ltr'>naturalia.</span> <span class='ocrx_word' id='word_1_393' title='bbox 1522 3634 1646 3690; x_wconf 85' lang='lat' dir='ltr'>Hoc</span> <span class='ocrx_word' id='word_1_394' title='bbox 1696 3642 1894 3692; x_wconf 88' lang='lat' dir='ltr'>autem</span> <span class='ocrx_word' id='word_1_395' title='bbox 1947 3648 2073 3696; x_wconf 83' lang='lat' dir='ltr'>non</span> <span class='ocrx_word' id='word_1_396' title='bbox 2133 3643 2313 3706; x_wconf 89' lang='lat' dir='ltr'>esset,</span> <span class='ocrx_word' id='word_1_397' title='bbox 2362 3638 2416 3696; x_wconf 90' lang='lat' dir='ltr'>si</span> <span class='ocrx_word' id='word_1_398' title='bbox 2465 3650 2671 3709; x_wconf 87' lang='lat' dir='ltr'>corpus</span> <span class='ocrx_word' id='word_1_399' title='bbox 2701 3639 2748 3691; x_wconf 80' lang='lat' dir='ltr'>et</span> <span class='ocrx_word' id='word_1_400' title='bbox 2775 3635 2884 3696; x_wconf 52' lang='grc'><strong>018-</strong></span> 
     </span>
     <span class='ocr_line' id='line_1_44' title="bbox 527 3696 2858 3779; baseline 0.002 -21"><span class='ocrx_word' id='word_1_401' title='bbox 527 3707 729 3772; x_wconf 83' lang='lat' dir='ltr'>partes</span> <span class='ocrx_word' id='word_1_402' title='bbox 765 3714 886 3758; x_wconf 89' lang='lat' dir='ltr'>non</span> <span class='ocrx_word' id='word_1_403' title='bbox 917 3707 1119 3758; x_wconf 87' lang='lat' dir='ltr'>essent</span> <span class='ocrx_word' id='word_1_404' title='bbox 1173 3701 1245 3759; x_wconf 89' lang='lat' dir='ltr'>de</span> <span class='ocrx_word' id='word_1_405' title='bbox 1301 3702 1565 3761; x_wconf 86' lang='lat' dir='ltr'>essentia</span> <span class='ocrx_word' id='word_1_406' title='bbox 1613 3704 1881 3762; x_wconf 86' lang='lat' dir='ltr'>hominis</span> <span class='ocrx_word' id='word_1_407' title='bbox 1931 3712 1991 3763; x_wconf 86' lang='lat' dir='ltr'>et</span> <span class='ocrx_word' id='word_1_408' title='bbox 2037 3707 2339 3777; x_wconf 85' lang='lat' dir='ltr'>animalis,</span> <span class='ocrx_word' id='word_1_409' title='bbox 2371 3708 2477 3766; x_wconf 85' lang='lat' dir='ltr'>sed</span> <span class='ocrx_word' id='word_1_410' title='bbox 2523 3715 2638 3767; x_wconf 82' lang='lat' dir='ltr'>tota</span> <span class='ocrx_word' id='word_1_411' title='bbox 2680 3696 2858 3779; x_wconf 68' lang='grc' dir='ltr'><strong>655611ῑῆ</strong></span> 
     </span>
     <span class='ocr_line' id='line_1_45' title="bbox 529 3772 2855 3905; baseline 0.003 -79"><span class='ocrx_word' id='word_1_412' title='bbox 529 3772 841 3850; x_wconf 82' lang='lat' dir='ltr'>utriusque</span> <span class='ocrx_word' id='word_1_413' title='bbox 885 3777 1044 3829; x_wconf 89' lang='lat' dir='ltr'>esset</span> <span class='ocrx_word' id='word_1_414' title='bbox 1081 3773 1288 3853; x_wconf 76' lang='lat' dir='ltr'>anima</span> <span class='ocrx_word' id='word_1_415' title='bbox 1331 3775 1661 3854; x_wconf 81' lang='lat' dir='ltr'>secundum</span> <span class='ocrx_word' id='word_1_416' title='bbox 1710 3777 2068 3846; x_wconf 88' lang='lat' dir='ltr'>positionem</span> <span class='ocrx_word' id='word_1_417' title='bbox 2105 3778 2445 3905; x_wconf 61' lang='lat' dir='ltr'>praedictam</span> <span class='ocrx_word' id='word_1_418' title='bbox 2493 3778 2566 3853; x_wconf 86' lang='grc'>(6.</span> <span class='ocrx_word' id='word_1_419' title='bbox 2595 3777 2692 3849; x_wconf 78' lang='lat'>56).</span> <span class='ocrx_word' id='word_1_420' title='bbox 2718 3776 2855 3853; x_wconf 56' lang='lat' dir='ltr'>sulm</span> 
     </span>
     <span class='ocr_line' id='line_1_46' title="bbox 528 3842 2854 3922; baseline 0.004 -26"><span class='ocrx_word' id='word_1_421' title='bbox 528 3852 689 3920; x_wconf 80' lang='grc'><strong>66116</strong></span> <span class='ocrx_word' id='word_1_422' title='bbox 716 3855 834 3899; x_wconf 90' lang='lat' dir='ltr'>non</span> <span class='ocrx_word' id='word_1_423' title='bbox 876 3848 971 3900; x_wconf 89' lang='lat' dir='ltr'>est</span> <span class='ocrx_word' id='word_1_424' title='bbox 1016 3842 1239 3915; x_wconf 91' lang='lat' dir='ltr'>aliquid</span> <span class='ocrx_word' id='word_1_425' title='bbox 1282 3844 1567 3902; x_wconf 88' lang='lat' dir='ltr'>sensibile</span> <span class='ocrx_word' id='word_1_426' title='bbox 1619 3859 1812 3919; x_wconf 89' lang='lat' dir='ltr'>neque</span> <span class='ocrx_word' id='word_1_427' title='bbox 1858 3849 2104 3906; x_wconf 86' lang='lat' dir='ltr'>materia</span> <span class='ocrx_word' id='word_1_428' title='bbox 2130 3863 2182 3906; x_wconf 92' lang='grc'>6.</span> <span class='ocrx_word' id='word_1_429' title='bbox 2224 3851 2598 3921; x_wconf 87' lang='lat' dir='ltr'>Impossibile</span> <span class='ocrx_word' id='word_1_430' title='bbox 2625 3853 2704 3905; x_wconf 87' lang='lat' dir='ltr'>est</span> <span class='ocrx_word' id='word_1_431' title='bbox 2736 3858 2757 3922; x_wconf 55' lang='grc' dir='ltr'>ι,</span> <span class='ocrx_word' id='word_1_432' title='bbox 2799 3845 2854 3892; x_wconf 72' lang='lat'>²¹1¹</span> 
     </span>
     <span class='ocr_line' id='line_1_47' title="bbox 529 3910 2853 3993; baseline 0.002 -26"><span class='ocrx_word' id='word_1_433' title='bbox 529 3910 832 3968; x_wconf 86' lang='lat' dir='ltr'>hominem</span> <span class='ocrx_word' id='word_1_434' title='bbox 863 3922 918 3968; x_wconf 86' lang='lat' dir='ltr'>ei</span> <span class='ocrx_word' id='word_1_435' title='bbox 950 3913 1170 3993; x_wconf 65' lang='lat' dir='ltr'>animal</span> <span class='ocrx_word' id='word_1_436' title='bbox 1203 3926 1338 3971; x_wconf 90' lang='lat' dir='ltr'>esse</span> <span class='ocrx_word' id='word_1_437' title='bbox 1364 3916 1626 3973; x_wconf 82' lang='lat' dir='ltr'>animam</span> <span class='ocrx_word' id='word_1_438' title='bbox 1647 3922 1912 3975; x_wconf 82' lang='lat' dir='ltr'>utentem</span> <span class='ocrx_word' id='word_1_439' title='bbox 1933 3930 2203 3991; x_wconf 86' lang='lat' dir='ltr'>corpore,</span> <span class='ocrx_word' id='word_1_440' title='bbox 2229 3932 2355 3979; x_wconf 87' lang='lat' dir='ltr'>non</span> <span class='ocrx_word' id='word_1_441' title='bbox 2382 3928 2578 3980; x_wconf 80' lang='lat' dir='ltr'>autem</span> <span class='ocrx_word' id='word_1_442' title='bbox 2606 3919 2759 3990; x_wconf 81' lang='lat' dir='ltr'>aliqui</span> <span class='ocrx_word' id='word_1_443' title='bbox 2810 3916 2853 3964; x_wconf 61' lang='grc' dir='ltr'>ὕ</span> 
     </span>
     <span class='ocr_line' id='line_1_48' title="bbox 529 3985 1546 4055; baseline 0.006 -19"><span class='ocrx_word' id='word_1_444' title='bbox 529 3990 779 4049; x_wconf 79' lang='lat' dir='ltr'>coi-pore</span> <span class='ocrx_word' id='word_1_445' title='bbox 808 3988 867 4038; x_wconf 87' lang='lat' dir='ltr'>et</span> <span class='ocrx_word' id='word_1_446' title='bbox 894 3996 1095 4040; x_wconf 78' lang='lat' dir='ltr'>anima</span> <span class='ocrx_word' id='word_1_447' title='bbox 1122 3985 1546 4055; x_wconf 84' lang='lat' dir='ltr'>compositum.</span> 
     </span>
    </p>

    <p class='ocr_par' dir='ltr' id='par_1_14' title="bbox 474 4043 2854 4489">
     <span class='ocr_line' id='line_1_49' title="bbox 597 4043 2854 4130; baseline 0.005 -25"><span class='ocrx_word' id='word_1_448' title='bbox 597 4050 753 4130; x_wconf 61' lang='lat' dir='ltr'>Rern.</span> <span class='ocrx_word' id='word_1_449' title='bbox 784 4051 1158 4122; x_wconf 73' lang='lat' dir='ltr'>impossibile</span> <span class='ocrx_word' id='word_1_450' title='bbox 1185 4062 1280 4112; x_wconf 87' lang='lat' dir='ltr'>cst</span> <span class='ocrx_word' id='word_1_451' title='bbox 1314 4055 1472 4128; x_wconf 82' lang='lat' dir='ltr'>quod</span> <span class='ocrx_word' id='word_1_452' title='bbox 1504 4068 1714 4114; x_wconf 87' lang='lat' dir='ltr'>eorum</span> <span class='ocrx_word' id='word_1_453' title='bbox 1740 4070 1876 4129; x_wconf 69' lang='lat' dir='ltr'>quae</span> <span class='ocrx_word' id='word_1_454' title='bbox 1919 4064 2062 4116; x_wconf 85' lang='lat' dir='ltr'>sunt</span> <span class='ocrx_word' id='word_1_455' title='bbox 2081 4056 2322 4120; x_wconf 79' lang='lat' dir='ltr'>diversa</span> <span class='ocrx_word' id='word_1_456' title='bbox 2359 4062 2673 4120; x_wconf 79' lang='lat' dir='ltr'>secundum</span> <span class='ocrx_word' id='word_1_457' title='bbox 2693 4043 2854 4115; x_wconf 50' lang='lat' dir='ltr'>esso&amp;</span> 
     </span>
     <span class='ocr_line' id='line_1_50' title="bbox 510 4112 2850 4205; baseline 0.003 -28"><span class='ocrx_word' id='word_1_458' title='bbox 510 4128 797 4201; x_wconf 21' lang='lat' dir='ltr'>‘operatio</span> <span class='ocrx_word' id='word_1_459' title='bbox 827 4137 963 4181; x_wconf 86' lang='lat' dir='ltr'>una.</span> <span class='ocrx_word' id='word_1_460' title='bbox 992 4124 1133 4204; x_wconf 65' lang='lat' dir='ltr'>bico</span> <span class='ocrx_word' id='word_1_461' title='bbox 1166 4131 1364 4182; x_wconf 80' lang='lat' dir='ltr'>autem</span> <span class='ocrx_word' id='word_1_462' title='bbox 1393 4127 1796 4198; x_wconf 82' lang='lat' dir='ltr'>operationem</span> <span class='ocrx_word' id='word_1_463' title='bbox 1854 4142 2053 4197; x_wconf 83' lang='lat' dir='ltr'>unam,</span> <span class='ocrx_word' id='word_1_464' title='bbox 2087 4142 2209 4189; x_wconf 84' lang='lat' dir='ltr'>non</span> <span class='ocrx_word' id='word_1_465' title='bbox 2235 4142 2309 4190; x_wconf 80' lang='lat' dir='ltr'>ex</span> <span class='ocrx_word' id='word_1_466' title='bbox 2339 4138 2505 4205; x_wconf 85' lang='lat' dir='ltr'>parte</span> <span class='ocrx_word' id='word_1_467' title='bbox 2545 4134 2660 4190; x_wconf 87' lang='lat' dir='ltr'>e&#39;us</span> <span class='ocrx_word' id='word_1_468' title='bbox 2682 4130 2728 4185; x_wconf 87' lang='lat' dir='ltr'>in</span> <span class='ocrx_word' id='word_1_469' title='bbox 2749 4112 2850 4198; x_wconf 60' lang='grc' dir='ltr'><strong>«παρ’</strong></span> 
     </span>
     <span class='ocr_line' id='line_1_51' title="bbox 512 4195 2850 4276; baseline 0.003 -27"><span class='ocrx_word' id='word_1_470' title='bbox 512 4195 881 4249; x_wconf 79' lang='lat' dir='ltr'>¹terminatur</span> <span class='ocrx_word' id='word_1_471' title='bbox 908 4200 1084 4263; x_wconf 87' lang='lat' dir='ltr'>actio,</span> <span class='ocrx_word' id='word_1_472' title='bbox 1115 4195 1221 4253; x_wconf 90' lang='lat' dir='ltr'>sed</span> <span class='ocrx_word' id='word_1_473' title='bbox 1271 4196 1600 4255; x_wconf 89' lang='lat' dir='ltr'>secundum</span> <span class='ocrx_word' id='word_1_474' title='bbox 1652 4199 1812 4271; x_wconf 84' lang='lat' dir='ltr'>quod</span> <span class='ocrx_word' id='word_1_475' title='bbox 1841 4200 2144 4272; x_wconf 82' lang='lat' dir='ltr'>egreditur</span> <span class='ocrx_word' id='word_1_476' title='bbox 2190 4202 2265 4260; x_wconf 85' lang='lat' dir='ltr'>ab</span> <span class='ocrx_word' id='word_1_477' title='bbox 2289 4208 2526 4276; x_wconf 78' lang='lat' dir='ltr'>agente.</span> <span class='ocrx_word' id='word_1_478' title='bbox 2617 4199 2708 4260; x_wconf 84' lang='lat' dir='ltr'>ulti</span> <span class='ocrx_word' id='word_1_479' title='bbox 2748 4197 2850 4250; x_wconf 69' lang='lat'>⁶⁰¹!</span> 
     </span>
     <span class='ocr_line' id='line_1_52' title="bbox 476 4258 2850 4347; baseline 0.005 -31"><span class='ocrx_word' id='word_1_480' title='bbox 476 4290 481 4299; x_wconf 46' lang='grc' dir='ltr'><strong>ι</strong></span> <span class='ocrx_word' id='word_1_481' title='bbox 528 4258 834 4318; x_wconf 78' lang='lat' dir='ltr'>trahentes</span> <span class='ocrx_word' id='word_1_482' title='bbox 886 4264 1103 4328; x_wconf 85' lang='lat' dir='ltr'>navim.</span> <span class='ocrx_word' id='word_1_483' title='bbox 1152 4280 1334 4324; x_wconf 82' lang='grc'><strong>6116111</strong></span> <span class='ocrx_word' id='word_1_484' title='bbox 1391 4268 1685 4326; x_wconf 89' lang='lat' dir='ltr'>actionem</span> <span class='ocrx_word' id='word_1_485' title='bbox 1747 4270 1974 4328; x_wconf 83' lang='lat' dir='ltr'>faciunt</span> <span class='ocrx_word' id='word_1_486' title='bbox 2023 4282 2096 4329; x_wconf 81' lang='lat' dir='ltr'>ex</span> <span class='ocrx_word' id='word_1_487' title='bbox 2141 4278 2303 4344; x_wconf 83' lang='lat' dir='ltr'>parte</span> <span class='ocrx_word' id='word_1_488' title='bbox 2361 4276 2601 4347; x_wconf 83' lang='lat' dir='ltr'>operati,</span> <span class='ocrx_word' id='word_1_489' title='bbox 2641 4262 2764 4343; x_wconf 77' lang='lat' dir='ltr'>quod</span> <span class='ocrx_word' id='word_1_490' title='bbox 2793 4258 2850 4315; x_wconf 61' lang='lat'>&amp;¹</span> 
     </span>
     <span class='ocr_line' id='line_1_53' title="bbox 474 4330 2850 4415; baseline 0.005 -28"><span class='ocrx_word' id='word_1_491' title='bbox 474 4380 480 4400; x_wconf 83' lang='lat'>,</span> <span class='ocrx_word' id='word_1_492' title='bbox 526 4342 743 4412; x_wconf 63' lang='lat' dir='ltr'>unum,</span> <span class='ocrx_word' id='word_1_493' title='bbox 769 4330 873 4412; x_wconf 80' lang='lat' dir='ltr'>sed</span> <span class='ocrx_word' id='word_1_494' title='bbox 904 4338 1099 4390; x_wconf 77' lang='lat' dir='ltr'>tamen</span> <span class='ocrx_word' id='word_1_495' title='bbox 1145 4351 1219 4393; x_wconf 78' lang='lat' dir='ltr'>ex</span> <span class='ocrx_word' id='word_1_496' title='bbox 1263 4343 1426 4408; x_wconf 84' lang='lat' dir='ltr'>parte</span> <span class='ocrx_word' id='word_1_497' title='bbox 1470 4339 1831 4398; x_wconf 85' lang='lat' dir='ltr'>trahentium</span> <span class='ocrx_word' id='word_1_498' title='bbox 1873 4345 2016 4398; x_wconf 87' lang='lat' dir='ltr'>sunt</span> <span class='ocrx_word' id='word_1_499' title='bbox 2055 4343 2255 4401; x_wconf 81' lang='lat' dir='ltr'>multae</span> <span class='ocrx_word' id='word_1_500' title='bbox 2283 4346 2568 4411; x_wconf 85' lang='lat' dir='ltr'>actiones,</span> <span class='ocrx_word' id='word_1_501' title='bbox 2614 4340 2729 4415; x_wconf 82' lang='lat' dir='ltr'>quia</span> <span class='ocrx_word' id='word_1_502' title='bbox 2759 4330 2850 4389; x_wconf 63' lang='lat'>8¹1³</span> 
     </span>
     <span class='ocr_line' id='line_1_54' title="bbox 474 4399 2844 4489; baseline 0.005 -38"><span class='ocrx_word' id='word_1_503' title='bbox 474 4424 481 4451; x_wconf 90' lang='lat'>.·</span> <span class='ocrx_word' id='word_1_504' title='bbox 526 4399 746 4458; x_wconf 81' lang='lat' dir='ltr'>diversi</span> <span class='ocrx_word' id='word_1_505' title='bbox 792 4406 1087 4472; x_wconf 87' lang='lat' dir='ltr'>impulsus</span> <span class='ocrx_word' id='word_1_506' title='bbox 1143 4406 1216 4463; x_wconf 85' lang='lat' dir='ltr'>ad</span> <span class='ocrx_word' id='word_1_507' title='bbox 1254 4409 1630 4466; x_wconf 83' lang='lat' dir='ltr'>trahendum.</span> <span class='ocrx_word' id='word_1_508' title='bbox 1661 4409 1806 4468; x_wconf 86' lang='lat' dir='ltr'>Cum</span> <span class='ocrx_word' id='word_1_509' title='bbox 1864 4412 2024 4468; x_wconf 87' lang='lat' dir='ltr'>enim</span> <span class='ocrx_word' id='word_1_510' title='bbox 2052 4414 2209 4471; x_wconf 84' lang='lat' dir='ltr'>actio</span> <span class='ocrx_word' id='word_1_511' title='bbox 2247 4421 2637 4489; x_wconf 81' lang='lat' dir='ltr'>consequatur</span> <span class='ocrx_word' id='word_1_512' title='bbox 2657 4408 2844 4467; x_wconf 60' lang='lat' dir='ltr'>foi-mm</span> 
     </span>
    </p>
   </div>
   <div class='ocr_carea' id='block_1_6' title="bbox 470 4472 2844 4552">
    <p class='ocr_par' dir='ltr' id='par_1_15' title="bbox 470 4472 2844 4552">
     <span class='ocr_line' id='line_1_55' title="bbox 470 4472 2844 4552; baseline 0.008 -23"><span class='ocrx_word' id='word_1_513' title='bbox 470 4476 480 4520; x_wconf 58' lang='grc' dir='ltr'><strong><em>ἰ</em></strong></span> <span class='ocrx_word' id='word_1_514' title='bbox 532 4474 591 4530; x_wconf 88' lang='grc'>61</span> <span class='ocrx_word' id='word_1_515' title='bbox 650 4472 968 4545; x_wconf 82' lang='lat' dir='ltr'>virtutem,</span> <span class='ocrx_word' id='word_1_516' title='bbox 1024 4481 1257 4551; x_wconf 82' lang='lat' dir='ltr'>oportet</span> <span class='ocrx_word' id='word_1_517' title='bbox 1302 4492 1559 4552; x_wconf 87' lang='lat' dir='ltr'>quorum</span> <span class='ocrx_word' id='word_1_518' title='bbox 1611 4488 1758 4542; x_wconf 83' lang='lat' dir='ltr'>sunt</span> <span class='ocrx_word' id='word_1_519' title='bbox 1807 4481 2057 4543; x_wconf 81' lang='lat' dir='ltr'>diversae</span> <span class='ocrx_word' id='word_1_520' title='bbox 2106 4485 2314 4546; x_wconf 84' lang='lat' dir='ltr'>formae</span> <span class='ocrx_word' id='word_1_521' title='bbox 2367 4492 2428 4547; x_wconf 86' lang='grc'>61</span> <span class='ocrx_word' id='word_1_522' title='bbox 2481 4487 2725 4548; x_wconf 69' lang='lat' dir='ltr'>virtutes,</span> <span class='ocrx_word' id='word_1_523' title='bbox 2760 4476 2844 4528; x_wconf 48' lang='grc' dir='ltr'><strong><em>Ν</em></strong></span> 
     </span>
    </p>
   </div>
  </div>
 </body>
</html>
