3076 5025
2677 19 3076 187 η

304 414 414 470 236
1175 408 1308 464 Lm.
1346 408 1420 476 11,
1461 407 1616 464 CAP.
1656 407 1915 464 LXXXIX.

307 532 470 616 quod
499 532 777 606 figuratio
801 535 862 589 et
886 530 1192 604 quantitas
1220 528 1625 588 membrorum
1651 529 1939 613 procedit,
1969 534 2026 588 et
2055 529 2271 589 animae
2301 530 2479 589 etiam
2523 543 2737 603 opera-

306 611 508 664 tiones
553 604 749 684 magis
793 616 864 660 ac
893 616 951 659 m
1034 601 1087 659 is
1132 601 1627 670 manifestantur3
1660 612 1799 658 nain
1844 615 2012 673 prius
2038 607 2282 673 apparet
2309 602 2576 673 operatio
2604 600 2737 660 ani·

308 688 425 733 mae
456 674 781 742 sensium,
808 677 866 732 et
884 678 984 731 tan
1030 685 1146 740 em,
1169 684 1417 742 corpore
1448 671 1765 743 completo,
1794 671 2063 752 operatio
2093 673 2307 730 animae
2335 671 2737 730 intellectivae.

309 748 466 818 Ergo
514 744 672 803 idem
715 748 807 802 est
845 741 1208 814 principium
1259 742 1478 802 animae
1526 748 1585 799 et
1627 755 1918 814 corporis.
1947 742 2061 801 Sed
2091 741 2451 815 principium
2481 743 2741 816 originis

308 815 583 897 corporis
629 820 721 873 est
770 827 876 887 per
910 812 1278 872 decisionem
1319 812 1593 871 seminis·
1637 814 1789 886 Ergo
1830 817 1925 872 est
1969 820 2031 871 et
2071 812 2433 886 principium
2480 813 2738 885 originis

308 900 546 946 animae.

378 958 600 1023 Adhuc,
634 955 795 1038 quod
821 952 1229 1028 configuratur
1254 953 1460 1023 alicui,
1484 953 1873 1034 constituitur
1898 967 1971 1011 ex
1985 953 2234 1035 ,ratione
2261 953 2392 1027 ejus
2419 953 2519 1014 eui
2549 952 2740 1013 confi·

306 1033 593 1100 guratur;
624 1032 783 1086 sicut
829 1039 988 1094 cera,
1016 1040 1151 1100 quae
1179 1024 1591 1098 configuratur
1617 1024 1843 1096 sigillo,
1873 1030 2090 1095 accipit
2113 1024 2269 1083 hanc
2308 1024 2739 1098 configuratio·

307 1112 448 1156 nem
478 1112 551 1155 ex
577 1097 974 1169 impressione
1025 1095 1234 1169 sigilli.
1287 1097 1528 1153 Constat
1560 1100 1755 1153 autem
1788 1107 2009 1166 corpus
2039 1094 2306 1153 hominis
2331 1100 2390 1153 et
2418 1095 2746 1167 cujuslibet

308 1168 591 1227 animalis
637 1181 773 1227 esse
815 1168 1070 1248 propriae
1115 1166 1331 1225 animai
1376 1165 1818 1239 configuratum
1843 1183 1857 1234 ;
1886 1165 2023 1225 talis
2061 1171 2154 1224 est
2183 1166 2342 1223 enirn
2372 1179 2738 1239 organorum

306 1238 630 1310 dispositio
675 1239 874 1313 qualis
915 1237 1198 1309 competit
1243 1237 1315 1295 ad
1366 1237 1749 1309 operationes
1794 1236 2013 1295 animae
2057 1251 2164 1318 per
2201 1249 2305 1295 eas
2350 1237 2737 1296 exercendas.

310 1310 541 1382 Corpus
589 1309 773 1382 igitur
820 1309 1110 1367 formatur
1157 1322 1230 1365 ex
1258 1307 1493 1366 actione
1522 1306 1777 1377 animae;
1824 1306 1979 1365 unde
2006 1311 2183 1366 etiam
2212 1306 2564 1366 Aristoteles
2594 1306 2747 1366 dicit

308 1379 409 1449 (De
457 1382 662 1444 anima,
715 1394 783 1448 11,
831 1384 970 1437 text.
1018 1391 1235 1438 comm.
1269 1378 1356 1447 36)
1387 1378 1548 1451 quod
1578 1379 1781 1436 anima
1807 1383 1900 1459 est
1928 1376 2197 1436 efficiens
2231 1391 2417 1437 causa
2443 1379 2740 1451 corporis.

308 1450 433 1508 Hoc
471 1456 668 1509 autem
700 1462 823 1508 non
862 1455 1045 1519 esset,
1090 1449 1209 1507 nisi
1239 1449 1441 1507 anima
1470 1455 1633 1507 esset
1658 1448 1722 1505 in
1750 1461 1985 1528 semine
2004 1466 2019 1517 ;
2052 1461 2190 1506 nam
2221 1462 2440 1520 corpus
2471 1463 2579 1520 per
2619 1449 2743 1506 vir·

305 1524 493 1579 tutem
523 1536 655 1593 quae
673 1526 766 1579 est
792 1520 854 1577 in
876 1520 1104 1578 semine
1124 1520 1528 1578 constituitur.
1562 1522 1663 1577 Est
1688 1518 1872 1592 igitur
1887 1531 2091 1577 anima
2110 1519 2373 1579 humana
2401 1520 2464 1577 in
2497 1520 2736 1579 semine

307 1590 599 1659 hominis,
627 1598 686 1648 et
713 1591 798 1649 ita
823 1605 896 1648 ex
921 1590 1229 1649 decisione
1258 1589 1509 1649 seminis
1537 1589 1834 1662 originem
1867 1589 2066 1648 habet.

377 1664 530 1725 Item,
564 1661 713 1718 nihil
741 1661 885 1718 vivit
911 1661 1029 1718 nisi
1056 1675 1162 1732 per
1190 1661 1473 1718 animam.
1527 1662 1740 1717 Semen
1770 1665 1969 1718 autem
2000 1665 2094 1717 est
2118 1660 2354 1729 vivum;
2388 1659 2547 1733 quod
2576 1665 2747 1733 patet

308 1731 642 1790 extribus:
675 1732 870 1802 primo
899 1731 1161 1803 quidem,
1190 1731 1333 1803 quia
1363 1746 1399 1787 a
1422 1730 1656 1811 vivente
1686 1729 2019 1800 deciditur3
2049 1730 2338 1795 secundo,
2371 1732 2512 1804 quia
2540 1730 2604 1789 in
2645 1745 2743 1791 se-

305 1802 470 1861 mine
498 1808 739 1874 apparet
765 1801 930 1859 calor
958 1801 1157 1859 vitalis
1187 1809 1243 1859 et
1275 1801 1543 1873 operatio
1572 1805 1727 1870 vitae,
1766 1815 1899 1873 quae
1928 1807 2071 1859 sunt
2097 1801 2184 1859 rei
2213 1801 2468 1860 viventis
2489 1801 2741 1872 indicia;

307 1874 508 1942 terti0,
541 1873 684 1945 quia
711 1872 944 1930 semina
971 1871 1307 1943 plantarum
1338 1877 1507 1929 terrae
1535 1870 1837 1941 mandata,
1867 1871 1987 1929 nisi
2028 1871 2092 1928 in
2123 1885 2189 1930 se
2216 1872 2398 1930 vitam
2429 1871 2743 1944 haberent,

309 1947 590 2023 exterra,
616 1956 747 2016 quae
791 1948 884 2001 est
911 1943 1226 2023 exanimis,
1255 1955 1380 2001 non
1410 1947 1660 2023 possent
1686 1942 1992 2024 calescere·
2014 1942 2088 2001 ad
2113 1942 2451 2001 vivendum.
2485 1945 2587 2002 Est
2621 1943 2745 2017 igi-

305 2018 406 2071 tur
427 2027 632 2140 anima
651 2013 716 2070 in
737 2014 990 2083 semiue,
1021 2018 1082 2070 et
1108 2026 1199 2072 sic
1227 2026 1300 2072 ex
1322 2012 1633 2071 decisione
1656 2025 1909 2071 seminis
1938 2017 2121 2071 vitam
2149 2012 2411 2072 habetet
2440 2013 2743 2087 originem

306 2096 380 2142 ca
422 2099 440 2141 i
473 2125 489 2138 .
2682 2120 2691 2126 -

379 2097 658 2224 Pampanis,
690 2153 743 2212 si
772 2153 976 2212 anima
1003 2166 1122 2235 noti
1154 2158 1246 2212 est
1277 2158 1416 2212 ante
1444 2167 1686 2225 corpus’,
1725 2157 1793 2212 ut
1819 2159 2132 2213 ostensum
2161 2159 2256 2213 est
2282 2153 2356 2227 (c.
2387 2155 2501 2228 83),
2541 2168 2748 2230 neque

307 2224 522 2295 incipit
546 2238 682 2282 esse
716 2238 852 2282 cum
883 2224 1134 2283 seminis
1164 2224 1491 2293 decisione,
1524 2224 1796 2297 sequitur
1818 2224 1979 2297 quod
2004 2225 2171 2296 prius
2199 2225 2489 2284 formetur
2516 2240 2747 2300 corpus

305 2299 367 2352 et
397 2300 607 2375 postea
650 2294 703 2352 ei
735 2295 1088 2354 infundatur
1114 2295 1316 2353 anima
1359 2295 1431 2352 de
1460 2308 1617 2353 novo
1645 2301 1863 2354 creata.
1896 2295 2011 2354 Sed
2035 2296 2090 2354 si
2120 2296 2236 2355 hoc
2263 2301 2356 2354 est
2381 2310 2609 2368 verum,
2639 2311 2743 2356 se-

305 2373 513 2439 quitui·
556 2365 807 2424 ulterius
853 2366 1016 2439 quod
1061 2366 1264 2424 anima
1310 2366 1391 2424 sit
1434 2370 1676 2438 propter
1719 2366 2167 2439 corpus3quod
2194 2367 2356 2425 enim
2383 2372 2475 2426 est
2499 2375 2746 2441 propter

306 2435 493 2507 aliud,
537 2435 840 2494 invenitur
879 2451 952 2495 eo
994 2438 1317 2508 posteriue,
1369 2436 1529 2495 sicut
1571 2436 1928 2495 vestimenta
1956 2443 2100 2497 sunt
2125 2443 2367 2511 propter
2406 2439 2741 2499 hominem.

305 2507 430 2565 Hoc
468 2515 665 2566 autem
712 2512 806 2567 est
846 2506 1109 2579 falsum;
1153 2522 1291 2567 nain
1336 2508 1532 2581 magis
1575 2508 1667 2567 est
1712 2522 1932 2581 eorpus
1982 2522 2091 2582 pro
2134 2516 2224 2567 ter
2256 2509 2556 2582 animam;
2595 2510 2743 2572 tinis

304 2578 734 2661 enim-semper
778 2579 1043 2661 nobilior
1089 2586 1201 2638 est.
1248 2581 1492 2651 Oportet
1526 2579 1713 2652 igitur
1740 2579 1938 2638 dicere
1964 2593 2086 2654 quo
2155 2580 2357 2640 anima
2384 2581 2568 2642 simul
2595 2596 2740 2643 eum

305 2646 615 2708 decisione
643 2662 896 2708 seminis
926 2655 1173 2709 oriatur.

1204 2870 1457 2935 CAPUT
1505 2872 1823 2937 LXXXIX.
1887 2927 1893 2936 .

1064 3050 1495 3096 nEsPonsioNsss
1530 3051 1612 3097 An
1647 3050 1971 3098 nmmum.

370 3211 458 3272 Ad
502 3211 830 3272 faciliorem
871 3226 1013 3271 vero
1056 3215 1502 3285 praemissarum
1547 3216 1847 3274 rationum
1894 3216 2280 3288 solutionem,
2309 3218 2728 3301 praemittenda

302 3290 447 3343 sunt
472 3284 741 3358 quiedam
765 3285 839 3365 ad
868 3285 1282 3357 exponendum
1313 3287 1584 3345 ordinem
1610 3291 1669 3345 et
1695 3300 2047 3359 processum
2075 3291 2483 3361 generationis
2512 3291 2731 3351 huma-

299 3368 416 3423 nae,
447 3361 505 3435 et
532 3354 888 3435 generaliter
913 3355 1223 3436 animalis.

372 3427 572 3483 Primo
601 3431 800 3496 itaque
840 3426 1151 3506 sciendum
1180 3433 1273 3485 est
1313 3427 1524 3486 falsam
1556 3441 1690 3486 esse
1720 3429 2067 3500 opinionem
2095 3429 2491 3502 quorumdam
2521 3430 2729 3491 dicen-

297 3495 450 3553 tium
477 3497 636 3569 quod
666 3509 845 3566 opera
873 3503 1028 3565 vitai,
1059 3512 1190 3570 quae
1218 3505 1503 3570 apparent
1531 3499 1593 3556 in
1624 3498 1946 3573 embryone
1975 3505 2111 3558 ante
2143 3499 2418 3559 ultimum
2463 3504 2727 3574 comple-

298 3572 590 3635 mentum,
639 3578 761 3647 non
810 3571 1070 3648 sunt-ex
1097 3569 1299 3641 aliqua
1344 3569 1548 3627 anima
1569 3570 1660 3626 vel
1688 3569 1903 3644 virtute
1931 3570 2148 3629 animae
2178 3569 2241 3627 in
2285 3585 2356 3629 eo
2409 3572 2726 3643 existente,

298 3637 404 3718 sed
454 3651 526 3694 ex
564 3650 766 3695 anima
805 3642 1034 3696 matris.
1082 3639 1141 3696 Si
1184 3640 1343 3696 enim
1379 3640 1510 3720 hoe·
1542 3646 1704 3698 esset
1730 3655 1956 3704 verum,
1981 3640 2105 3712 jam
2136 3641 2379 3715 embryo
2410 3656 2531 3703 non
2560 3650 2732 3702 esset

296 3707 559 3788 animal„
585 3722 770 3779 quum
811 3721 988 3766 omne
1035 3709 1254 3789 animal
1297 3725 1369 3768 ex
1414 3724 1617 3768 anima
1657 3716 1716 3768 et
1768 3724 2016 3784 corpore
2046 3717 2298 3770 constet.
2331 3713 2725 3783 operationes

297 3782 478 3858 etiam
505 3782 641 3834 vitae
666 3791 787 3836 non
814 3784 1174 3850 proveniunt
1198 3795 1234 3838 a
1260 3781 1556 3852 principio
1586 3781 1779 3840 activo
1809 3783 2166 3853 extrinse00‚
2199 3783 2304 3840 sed
2335 3784 2408 3841 ab
2452 3783 2731 3844 intranea

293 3853 549 3917 virtute3
595 3848 658 3905 in
702 3861 822 3921 quo
870 3849 1171 3931 praecipue
1220 3864 1255 3908 a
1300 3865 1429 3931 noii-
1471 3851 1809 3911 viventibus
1847 3853 2107 3911 viventia
2130 3852 2408 3911 videntur
2434 3854 2725 3939 discerni,

293 3931 551 3998 quorum
594 3925 687 3976 est
728 3932 1036 3991 proprium
1083 3934 1318 3979 movere
1345 3935 1565 3993 seipsa.
1600 3922 1772 3991 Quod
1802 3925 1962 3982 enirn
1993 3924 2252 3982 nutritur
2278 3925 2575 3984 assimilat
2601 3926 2725 3985 sibi

293 3993 765 4059 nutrimentum;
797 3991 954 4071 unde
984 3997 1216 4072 oportet
1241 3991 1307 4048 in
1337 3993 1561 4050 nutrito
1587 4007 1721 4051 esse
1749 3995 2027 4053 virtutem
2058 3995 2405 4053 nutritionis
2442 3996 2723 4070 activam,

292 4071 479 4130 quum
532 4072 718 4131 agens
764 4061 880 4141 sitii
911 4061 1109 4120 simile
1155 4068 1328 4143 agat3
1360 4068 1419 4119 et
1446 4063 1636 4121 inulto
1664 4070 1755 4122 est
1783 4065 1899 4123 hoc
1928 4064 2308 4124 manifestius
2349 4067 2410 4123 in
2437 4067 2728 4138 operibus

293 4140 567 4208 sensusi
607 4143 742 4187 nam
790 4132 988 4190 videre
1032 4138 1091 4190 et
1126 4133 1330 4191 audire
1376 4135 1656 4192 convenit
1696 4134 1877 4194 alicui
1965 4148 2031 4194 er
2056 4136 2332 4193 virtutem
2362 4136 2621 4210 aliquam
2655 4138 2728 4197 in

292 4197 429 4270 ipso
477 4206 848 4278 existentem,
899 4215 1022 4261 non
1064 4203 1125 4260 in
1175 4203 1317 4261 alio.
1362 4204 1547 4275 Unde,
1598 4219 1782 4279 quum
1826 4150 2071 4279 emssryo
2117 4206 2457 4265 inveniatur
2501 4208 2726 4268 nutriri

293 4273 432 4396 agte
477 4268 754 4395 ulgmtuin
802 4274 1304 4345 complementum
1353 4280 1413 4332 et
1452 4277 1631 4334 etiam
1666 4275 1909 4346 sentire,
1936 4289 2059 4334 non
2099 4283 2298 4349 potest
2331 4278 2446 4336 hoc
2474 4279 2725 4341 attribui

295 4353 332 4397 a
377 4353 512 4397 imae
605 4353 640 4395 a
667 4353 770 4398 ris.

363 4411 481 4467 Nec
526 4414 725 4468 tamen
770 4417 966 4483 potest
1010 4414 1127 4472 diei
1172 4415 1332 4488 quod
1378 4415 1441 4472 in
1483 4415 1735 4486 semine,
1782 4417 2020 4490 abipso
2049 4417 2363 4489 principio,
2405 4418 2485 4476 sit
2514 4419 2727 4479 anima

286 4480 624 4538 secundum
670 4495 843 4542 suam
887 4486 1212 4543 essentiam
1264 4501 1396 4544 com
1442 4488 1642 4557 letam,
1695 4487 1868 4560 eujus
1914 4494 2114 4547 tamen
2166 4490 2545 4560 operationes
2583 4504 2719 4549 non

291 4558 575 4623 apparent
615 4558 856 4626 propter
898 4569 1262 4628 organorum
1314 4557 1385 4615 de
1414 4563 1630 4618 ectum.
1660 4560 1827 4631 Nam,
1857 4574 2043 4634 quum
2079 4560 2282 4620 anima
2307 4560 2551 4620 uniatur
2577 4574 2717 4621 cor-
