3076 5025
358 311 459 365 ¹02
1244 299 1376 354 LIB.
1417 298 1462 366 i,
1504 296 1657 352 CAP.
1695 295 1898 351 xcvtl.

357 437 472 487 tur.
505 431 626 485 Hoc
655 430 851 483 autem
880 427 971 481 est
998 418 1393 492 impossihile.
1426 417 1594 486 Quod
1626 415 1865 488 quidem
1888 419 2065 485 patet,
2086 414 2256 471 sires
2283 427 2388 484 pei·
2413 412 2783 468 voluntatem

360 499 550 571 ipsius
576 496 638 554 in
683 508 817 552 esse
859 491 1203 564 procedant,
1234 489 1375 569 quia
1402 494 1544 568 tunc
1574 491 1804 566 oportet
1833 486 2126 566 actionem
2157 498 2274 555 qua
2316 495 2413 540 res
2442 480 2784 562 producun-

357 577 456 627 tur
473 580 606 625 esse
637 562 1048 623 voluntariam.
1081 560 1385 626 Similiter,
1414 571 1466 614 si
1486 556 1833 614 naturaliter
1861 560 1940 612 sit
1961 568 2153 612 rerum
2187 566 2389 622 causa,
2425 566 2586 623 quia,
2618 554 2781 607 sicut

402 641 553 695 lacet
568 637 681 694 sibi
715 649 826 692 sua
852 638 1082 700 natura,
1104 631 1193 689 sic
1263 630 1416 709 lacet
1436 627 1552 685 sibi
1577 640 1754 684 omne
1780 625 1929 683 illud
1954 623 2112 697 quod
2142 637 2255 682 sua
2275 628 2485 680 natura
2513 618 2783 693 requirit.
2863 624 2886 638 ’·

415 708 597 765 ullam
625 705 808 777 igitur
835 717 959 761 rem
995 705 1152 760 Deus
1180 713 1217 758 ο
1262 704 1325 756 lt.
2324 762 2336 773 ⁸
2648 759 2660 772 ·

430 781 715 844 Praeterea,
746 774 892 830 illud
920 772 1080 845 quod
1134 769 1436 828 invenitur
1485 769 1551 825 in
1593 765 1874 825 omnibus
1917 763 2122 822 causis
2164 762 2374 822 activis
2406 758 2780 829 naturaliter,

362 849 654 921 praecipue
683 846 745 902 in
775 844 966 915 primo
994 847 1205 912 agente
1233 851 1480 898 necesse
1508 843 1600 895 est
1626 835 1901 894 inveniri.
1934 835 2147 893 Omnia
2174 839 2370 892 autem
2398 830 2642 905 agentia
2668 842 2783 889 suo

363 918 543 977 modo
571 930 719 974 suos
748 913 996 972 effectus
1040 917 1242 970 amant
1293 908 1626 969 secundum
1672 906 1832 980 quod
1878 905 2247 978 hujusmodi,
2295 904 2455 962 sieut
2498 905 2783 973 parentes

364 988 545 1056 filine,
576 991 763 1058 poetae
791 989 1066 1057 poenam,
1095 980 1355 1040 artifices
1384 994 1496 1060 sua
1522 992 1724 1049 opera.
1751 976 1930 1035 Multo
1980 976 2162 1048 igitur
2208 973 2404 1047 magis
2461 975 2626 1030 Deus
2649 972 2779 1030 nul-

369 1060 484 1116 lam
514 1072 639 1114 rem
672 1055 817 1124 odit,
848 1068 980 1112 cum
1012 1053 1140 1124 ipse
1169 1051 1249 1109 sit
1275 1063 1546 1108 omnium
1577 1061 1780 1107 causa.

438 1132 558 1186 Hoc
588 1133 784 1184 autem
814 1131 905 1182 est
931 1124 1087 1196 quod
1119 1122 1354 1191 dicitur,
1384 1123 1542 1191 Sap..
1574 1132 1660 1188 xi,
1679 1122 1748 1176 25
1780 1135 1798 1175 ε
1831 1117 2029 1186 nitio&
2055 1115 2618 1187 momentana
2643 1111 2793 1169 nim
2841 1177 2852 1185 .

364 1200 532 1255 odisti
557 1212 736 1253 eorum
764 1211 882 1265 quae
911 1196 1108 1263 fecisti.

440 1267 664 1326 Dicitur
709 1270 902 1323 autem
957 1267 1113 1322 Deus
1160 1263 1361 1334 aliqua
1415 1260 1580 1319 odire
1630 1256 2133 1325 similitudinarie,
2163 1259 2224 1313 et
2264 1255 2388 1313 boe
2428 1253 2789 1325 dupliciter:

368 1339 567 1395 Primo
594 1337 771 1394 modo
798 1349 870 1393 ex
899 1336 1013 1392 boe
1040 1333 1197 1407 quod
1229 1335 1386 1390 Deus
1414 1329 1671 1389 amando
1718 1342 1837 1396 res,
1866 1328 2076 1386 volens
2119 1339 2325 1384 eorum
2373 1324 2602 1383 bouum
2629 1337 2791 1394 esse,

369 1408 498 1466 vult
525 1407 889 1466 contrarium
919 1405 1139 1462 malum
1170 1416 1293 1460 non
1323 1415 1461 1460 esse
1481 1419 1496 1468 ;
1519 1400 1678 1458 unde
1706 1398 2000 1456 malorum
2050 1396 2253 1454 odium
2297 1395 2516 1453 babere
2551 1394 2791 1452 dicitur.

368 1482 516 1536 Nam
547 1491 677 1550 quae
711 1489 831 1534 non
861 1487 997 1532 esse
1024 1473 1301 1531 volumus
1330 1471 1586 1530 dicimur
1613 1469 1755 1527 odio
1783 1469 2020 1536 babere,
2051 1466 2380 1526 secundum
2410 1465 2560 1523 illud
2588 1464 2792 1533 zach..

368 1563 503 1616 vni,
521 1555 580 1605 17
610 1567 623 1603 :
648 1547 1025 1615 Unusquisque
1045 1544 1249 1599 malum
1266 1547 1455 1598 contra
1473 1543 1706 1596 amicum
1715 1555 1873 1595 suum
1889 1554 1957 1595 ne
1983 1536 2556 1607 woitetisincordibus
2575 1537 2796 1604 metris,

369 1626 421 1674 et
438 1619 811 1688 juramentum
838 1615 1077 1670 mendace
1103 1629 1171 1669 ne
1191 1613 1296 1668 dil·
1332 1615 1458 1668 atis.
1490 1612 1687 1670 Omnia
1711 1612 1855 1665 enim
1883 1610 1993 1665 liaec
2009 1612 2139 1665 sunt
2165 1622 2285 1680 quae
2315 1606 2426 1669 odi,
2448 1606 2587 1662 dicit
2612 1607 2799 1661 Domi-

370 1704 495 1745 nus.
527 1691 661 1744 flaec
688 1691 884 1744 autem
915 1697 1038 1741 non
1064 1688 1206 1741 sunt
1231 1698 1263 1739 6
1313 1688 1500 1750 ectus,
1530 1686 1614 1738 ut.
1642 1693 1742 1738 res
1782 1678 2203 1746 subsistentes,
2292 1690 2501 1734 uorum
2553 1676 2792 1748 proprie

372 1764 464 1816 est
491 1758 694 1816 odium
722 1756 816 1813 vel
845 1768 1033 1813 amor.
1062 1753 1230 1812 Alius
1260 1758 1457 1810 antem
1488 1750 1704 1808 modus
1732 1754 1844 1818 est,
1876 1764 1948 1806 ex
1975 1750 2090 1806 boc
2127 1763 2206 1829 qu
2333 1750 2491 1805 Deus
2536 1747 2665 1804 vult
2689 1745 2795 1803 ali·

369 1827 531 1901 quod
561 1827 757 1898 majus
773 1826 1019 1892 bonum,
1049 1824 1210 1897 quod
1239 1836 1375 1881 esse
1404 1835 1525 1879 non
1557 1824 1756 1892 potest
1777 1820 1910 1878 sine
1959 1820 2294 1900 privatione
2335 1816 2592 1876 minoris
2619 1815 2794 1887 boni,

373 1903 433 1955 et
457 1898 547 1956 sic
574 1897 791 1954 dicitur
820 1895 1004 1962 odire,
1039 1908 1175 1952 cum
1207 1893 1401 1965 magis
1430 1894 1546 1949 boc
1574 1892 1651 1949 sit
1676 1905 1895 1948 amare.
1924 1892 2019 1948 Sic
2048 1889 2208 1946 enim
2239 1889 2304 1945 in
2342 1893 2636 1969 quantum
2665 1887 2798 1943 vult

371 1968 597 2026 bonum
617 1965 885 2039 iustitiae,
916 1965 1009 2022 vel
1037 1965 1265 2023 ordinis
1295 1963 1582 2030 universi,
1693 1961 1769 2019 od
1799 1974 1935 2019 esse
1953 1973 2078 2018 non,
2101 1965 2298 2031 potest
2318 1972 2452 2017 sine
2479 1958 2802 2029 punitione

369 2038 469 2096 vel
495 2036 874 2107 corruptione
897 2034 1254 2107 aliquorum,
1286 2034 1581 2091 diceretur
1608 2033 1623 2088 i
1655 2033 1714 2089 la
1737 2031 1904 2089 odire
1931 2043 2186 2104 quorum
2213 2029 2606 2100 privationem
2647 2028 2798 2090 vult.

372 2108 469 2166 vel
495 2108 961 2178 corruptionem,
991 2105 1322 2163 secundum
1353 2103 1497 2162 illud
1526 2103 1799 2165 Balach..
1828 2115 1875 2164 1,
1908 2105 1941 2158 3
1972 2118 1987 2158 ε
2018 2104 2168 2157 Esau
2199 2100 2326 2156 odio
2345 2101 2536 2168 habui,
2565 2103 2627 2155 et
2650 2097 2805 2155 illud

378 2181 476 2236 Ps.
506 2192 570 2241 v,
598 2183 631 2235 7
667 2195 681 2234 ε
714 2176 893 2235 Odisti
916 2189 1095 2232 omnes
1120 2177 1217 2245 qiu·
1243 2179 1537 2246 operantur
1561 2175 1928 2243 iniquitatem,
2052 2172 2148 2228 des
2173 2186 2350 2227 omnes
2372 2173 2472 2242 qui
2502 2171 2806 2242 loquuntur

372 2248 714 2306 mendacium
742 2265 761 2302 ε
789 2248 972 2303 virum
997 2248 1327 2315 sunamitem
1352 2249 1405 2301 et
1430 2244 1673 2301 dolosum
1702 2243 1954 2298 abomiiw
2000 2244 2103 2298 ’tur
2119 2244 2400 2300 Dominus.

670 2327 693 2360 Χ

1336 2464 1589 2528 CAPUT
1637 2463 1869 2527 XCVII.

1095 2645 1282 2698 QUOD
1341 2644 1525 2689 nitus
1592 2642 1720 2688 EST
1775 2641 2080 2687 vlvmm.

448 2811 531 2866 Ex
557 2808 655 2866 bis
682 2812 879 2866 autem
909 2821 1041 2880 quae
1070 2819 1253 2877 supra
1280 2807 1432 2880 (cap.
1468 2812 1536 2864 44
1566 2813 1624 2863 et
1649 2805 1744 2878 72)
1785 2805 1910 2877 jam
1949 2811 2196 2865 ostensa
2241 2809 2383 2863 sunt
2424 2805 2498 2864 de
2542 2808 2810 2865 necessi,

374 2883 497 2937 tate
550 2879 799 2936 habetur
847 2877 1006 2949 quod
1050 2879 1207 2934 Deus
1250 2883 1346 2936 est
1386 2877 1617 2934 vivens.
1674 2878 1995 2935 ostensum
2054 2881 2147 2934 est
2201 2876 2359 2933 enim
2421 2878 2610 2934 Deum
2664 2891 2807 2935 esse

377 2949 812 3028 intelligentem
859 2953 916 3004 et
958 2946 1297 3027 volentem3
1344 2946 1677 3019 intelligere
1722 2952 1919 3005 autem
1947 2951 2005 3004 et
2047 2945 2200 3004 velle
2249 2946 2493 3005 nonnisi
2544 2946 2806 3006 viventis

377 3023 499 3075 est..
528 3021 626 3073 Est
655 3022 838 3089 igitur
865 3019 1022 3073 Deus
1050 3027 1275 3077 vivens.

447 3087 664 3154 Adhuc,
688 3088 882 3143 vivere
912 3085 1243 3166 secundum
1272 3087 1388 3166 boc
1429 3085 1733 3157 aliquibus
1782 3085 2126 3144 attributum
2167 3090 2279 3156 est,
2311 3087 2470 3159 quod
2502 3087 2626 3145 visa
2650 3090 2799 3143 sunt

378 3170 499 3238 per·
512 3170 598 3224 se,
633 3169 750 3213 non
791 3155 865 3213 ab
896 3154 1035 3225 alie,
1064 3169 1308 3212 moveri.
1340 3158 1405 3212 Et
1433 3162 1670 3227 propter
1698 3157 1814 3214 hoc
1840 3157 1945 3214 illa
1970 3170 2103 3229 quae
2140 3156 2416 3214 videntur
2442 3171 2542 3229 per
2567 3170 2630 3214 se
2661 3168 2798 3213 mo·

378 3240 524 3308 veri,
554 3240 808 3308 quorum
836 3230 1100 3307 motores
1129 3225 1348 3298 vulgus
1395 3239 1517 3283 non
1568 3225 1838 3299 percipit,
1882 3240 1988 3298 per
2032 3227 2488 3286 similitudinem
2534 3226 2796 3285 dicimus

375 3310 595 3378 vivere,
621 3301 777 3354 sicut
804 3308 1021 3368 aquam
1044 3309 1236 3353 vivam
1268 3296 1453 3354 fontis
1484 3296 1747 3365 fluentis,
1778 3310 1899 3354 non
1923 3302 2121 3355 autem
2152 3297 2427 3357 cisternae
2463 3298 2554 3355 vel
2597 3297 2805 3370 stagni

378 3373 627 3447 stantis„
652 3373 713 3423 et
729 3370 1045 3447 argentum
1070 3365 1293 3437 vivum,
1321 3366 1481 3438 quod
1511 3375 1738 3425 motum
1767 3368 2083 3440 quemdam
2131 3367 2346 3427 babere
2376 3369 2623 3427 videtur.
2654 3370 2804 3426 Pro-

376 3450 503 3508 prie
534 3450 690 3494 enim
725 3437 829 3493 illa
856 3436 1119 3517 sola—per
1163 3450 1239 3518 se·
1276 3444 1609 3506 moventur,
1684 3451 1772 3496 ute
1817 3444 2054 3496 movent
2099 3439 2320 3519 seipsa,
2350 3438 2688 3511 composita
2723 3451 2807 3499 ox

376 3514 607 3588 motor-e
651 3512 708 3563 et
744 3512 927 3586 motu,
958 3511 1118 3588 sicut
1142 3515 1425 3566 animata.
1456 3508 1618 3565 Unde
1708 3521 1794 3565 aec
1838 3508 1971 3566 sola
2014 3521 2251 3580 proprie
2285 3509 2484 3567 vivere
2516 3509 2802 3568 dicimus.

373 3577 506 3634 Alia
533 3590 675 3634 vero
701 3589 905 3657 omnia
931 3576 1004 3633 ab
1042 3578 1244 3658 aliquo
1285 3578 1564 3635 exteriori
1594 3582 1924 3646 moventur,
1972 3578 2064 3635 vel
2112 3587 2434 3650 generante
2467 3581 2557 3638 vel
2603 3592 2804 3637 remo·

374 3652 550 3704 vente
576 3646 925 3727 prohibens,
943 3647 1036 3703 vel
1065 3648 1427 3719 impellente.
1450 3651 1534 3717 Et,
1555 3649 1697 3719 quia
1724 3648 2105 3717 operationes
2120 3649 2441 3708 sensibiles
2471 3664 2608 3708 cum
2629 3654 2803 3717 motu

374 3723 538 3784 sunt,
566 3717 820 3796 ulterius
846 3729 1025 3774 omne
1051 3717 1199 3799 illud
1228 3718 1386 3799 quod
1414 3723 1537 3791 agit
1566 3731 1631 3775 se
1660 3717 1733 3775 ad
1765 3719 2035 3800 proprias
2073 3720 2476 3790 operationes,
2506 3719 2790 3793 quamvis

375 3800 499 3866 nori
527 3792 606 3842 sit
633 3800 767 3866 cum
797 3793 983 3855 motu,
1015 3786 1233 3845 dicitur
1254 3803 1471 3845 vivere.
1509 3787 1670 3845 Unde
1697 3788 2049 3861 intelligere,
2072 3795 2440 3862 etappetere‚
2465 3796 2524 3849 et
2538 3790 2789 3860 sentire,

376 3862 649 3936 actiones
673 3863 806 3937 vitae
835 3858 1125 3916 sunt.sed
1155 3860 1313 3917 Deus
1341 3858 1597 3916 maxime
1621 3872 1743 3915 non
1762 3859 1836 3916 ab
1866 3860 2008 3928 alio,
2038 3859 2144 3917 sed
2169 3874 2207 3919 a
2235 3862 2462 3932 seipso.
2492 3867 2800 3933 operatur,

372 3939 511 3984 cum
537 3932 833 4052 sitdprima
855 3940 1036 3986 causa
1065 3942 1252 4001 agens
1283 3947 1297 3985 ε
1322 3930 1576 3986 maxime
1602 3929 1788 4001 igitur
1812 3929 1867 3986 ei
1898 3931 2179 4000 competit
2209 3932 2425 3989 vivere.

442 3997 599 4059 Iton,
664 4010 887 4055 ivinum
917 4012 1053 4057 esse
1081 4012 1319 4056 omnem
1345 3999 1768 4080 perfectionem
1797 4000 2039 4059 essendi
2069 4001 2542 4073 comprehendit.
2568 4005 2637 4060 ut
2685 4014 2801 4057 su-

372 4078 481 4139 pra
508 4066 657 4148 (cap.
686 4068 795 4150 28).
810 4074 1126 4150 ostensum
1148 4074 1258 4126 est.
1304 4070 1508 4150 Vivere
1552 4077 1749 4128 autem
1775 4074 1867 4127 est
1899 4070 2198 4143 quoddam
2229 4085 2366 4130 esse
2413 4071 2744 4143 perrectum
2776 4088 2799 4128 ε

372 4135 532 4217 unde
582 4143 841 4197 viventia
881 4152 945 4195 in
999 4140 1209 4198 ordine
1256 4145 1484 4197 entium
1530 4153 1651 4197 non
1679 4139 2015 4200 viventibus
2062 4141 2474 4211 praeferuntur.
2513 4140 2806 4200 Divinum

375 4204 561 4278 igitur
585 4220 721 4288 esse
749 4214 841 4266 est
862 4208 1077 4266 vivere.
1108 4212 1241 4280 lpse
1262 4209 1447 4290 igitur
1473 4219 1566 4267 est
1593 4210 1818 4268 vivens.

445 4277 567 4333 Hoc
620 4284 795 4335 etiam
851 4279 1199 4337 auctoritate
1247 4280 1462 4337 divinae
1514 4281 1831 4351 Scriptum
1883 4278 2286 4339 confirmatur.
2321 4280 2548 4339 Dicitur
2602 4280 2801 4352 enim,

373 4345 569 4417 Dent„
590 4359 781 4417 xxxii,
801 4351 982 4406 40:131
999 4348 1180 4405 dicam
1201 4368 1221 4404 ε
1254 4352 1389 4407 Vivo
1416 4365 1511 4419 eqo
1537 4353 1598 4406 in
1639 4356 1924 4418 aeteimum3
1964 4356 2022 4408 et
2056 4351 2119 4408 in
2157 4354 2256 4409 Ps.
2293 4364 2544 4420 Lxxxm,
2574 4354 2613 4412 2
2643 4369 2661 4410 ε
2692 4352 2810 4412 001·

368 4422 621 4475 namet
643 4433 772 4475 car-o
794 4420 1309 4475 neaeaeultaverunt
1334 4422 1395 4474 in
1417 4423 1589 4478 Deum
1610 4423 1814 4477 uiarum.
1845 4420 1891 4494 (Ι
1918 4426 2094 4494 part..
2118 4436 2178 4495 q.
2207 4433 2341 4491 ΧΠ,
2365 4426 2480 4481 art.
2509 4419 2590 4495 l.)
