3076 5025
1117 341 1250 396 ΠΒ.
1290 341 1364 408 11,
1401 340 1558 396 CAP.
1598 340 1853 396 LXXXIX.
2587 344 2701 401 23⁹

247 475 460 536 neque
487 477 597 533 per
621 461 752 533 ejus
775 460 1223 543 corruptionem
1247 461 1666 533 corrumpitur.
1702 462 1985 519 Diversus
2014 474 2158 534 ergo
2187 462 2403 520 modus
2433 463 2691 535 originis

255 534 329 594 in
357 533 679 591 animabus
705 532 1007 604 praedictis
1052 544 1176 589 non
1221 536 1314 590 est
1346 546 1421 589 ex
1463 537 1631 603 parte
1676 532 1971 599 sensitivi‚
2002 546 2073 589 ex
2102 546 2224 604 quo
2255 533 2514 590 sumitur
2543 534 2696 593 ratio

261 604 528 678 generis,
551 603 658 660 sed
686 618 758 660 ex
786 608 950 674 parte
970 603 1338 671 intellectivi,
1366 617 1439 660 ex
1461 615 1583 675 quo
1610 603 1870 660 sumitur
1888 600 2220 661 differentia
2249 604 2468 675 speciei
2495 622 2508 673 3
2536 606 2696 663 unde

269 688 394 736 non
423 679 626 745 potest
652 672 932 732 concludi
960 672 1274 731 diversitas
1306 674 1568 745 generis,
1602 673 1704 730 sed
1738 673 1870 731 sola
1898 672 2214 731 diversitas
2241 675 2482 744 speciei.

337 744 513 815 Quod
541 758 683 802 vero
725 743 993 802 secundo
1037 744 1336 816 objicitur,
1369 749 1721 814 conceptum
1753 744 1921 814 prius
1948 756 2084 801 esse
2112 744 2334 802 animal
2368 758 2544 817 quam
2580 746 2696 804 ho-

266 816 515 878 minem,
546 828 671 872 non
719 814 983 872 ostendit
1031 814 1383 872 rationalem
1441 814 1703 871 animam
1744 827 1879 871 cum
1908 814 2136 871 semine
2156 817 2502 896 propagari.
2549 819 2698 875 Nam

266 888 472 946 anima
499 885 812 954 sensitiva,
835 899 942 956 per
969 898 1145 957 quam
1173 884 1394 942 animal
1420 888 1566 954 erat,
1589 896 1710 942 non
1740 889 1959 953 manet,
1982 883 2087 941 sed
2115 898 2171 941 ei
2202 886 2467 943 succedit
2497 887 2700 947 anima

265 970 401 1033 quat
430 960 527 1084 egt
554 956 735 1083 stimul
751 955 1054 1083 {eusitiva
1078 960 1138 1013 et
1164 955 1547 1024 intellectiva,
1578 968 1799 1029 exffqua
1823 959 1916 1013 est
1941 954 2163 1012 animal
2193 961 2251 1012 et
2278 957 2459 1014 homo
2488 958 2697 1028 simul,

267 1034 336 1086 ut
363 1042 438 1085 ex
507 1041 563 1085 tc
591 1042 645 1084 is
713 1040 749 1083 a
836 1068 850 1082 .

342 1098 515 1166 Quod
563 1041 710 1155 vero)
747 1096 924 1153 tertio
967 1095 1269 1177 objicitur,
1300 1096 1672 1154 diversorum
1711 1092 2017 1176 agentium
2046 1094 2315 1176 actiones
2345 1109 2466 1155 non
2496 1099 2696 1156 termi-

267 1169 404 1227 nari
432 1168 509 1226 ad
540 1181 725 1226 unum
773 1167 1015 1234 factum,
1050 1166 1504 1238 intelligendum
1531 1172 1624 1224 est
1651 1165 1725 1223 de
1756 1167 2009 1224 diversis
2038 1166 2356 1237 agentlbus
2385 1181 2506 1225 non
2538 1168 2698 1226 ordi-

268 1238 456 1297 natis.
486 1239 548 1295 Si
596 1239 756 1295 enim
785 1237 1062 1296 ordinata
1091 1238 1215 1295 sint
1241 1237 1313 1295 ad
1341 1236 1619 1305 invicem,
1651 1241 1885 1307 oportet
1908 1248 2115 1293 eorum
2141 1248 2276 1294 esse
2306 1250 2490 1294 unum
2523 1236 2696 1298 effec-

269 1314 404 1368 tum
437 1326 453 1379 ;
484 1322 623 1368 nam
654 1322 838 1367 causa
883 1320 1072 1381 agens
1115 1308 1309 1379 prima
1353 1307 1478 1380 agit
1507 1308 1567 1364 in
1600 1305 1877 1365 effectum
1904 1319 2104 1364 causae
2133 1306 2412 1364 secundae
2443 1322 2473 1365 a
2520 1309 2697 1379 emisi,

233 1382 248 1407 '
269 1380 691 1438 vehementius
719 1392 897 1451 quam
928 1379 1105 1436 etiam
1138 1379 1268 1449 ipsa
1295 1391 1478 1436 causa
1523 1377 1825 1448 secunda3
1854 1376 2012 1437 unde
2038 1376 2312 1435 videmus
2341 1392 2459 1450 quo
2531 1378 2701 1437 effee-

268 1456 376 1509 tus
400 1450 505 1523 qui
531 1464 637 1522 per
663 1451 1123 1508 instrumentum
1153 1449 1350 1520 agitur
1377 1464 1413 1507 a
1437 1448 1753 1519 principali
1781 1452 2015 1521 agente,
2042 1448 2235 1520 magis
2274 1449 2510 1520 proprie
2536 1448 2699 1508 attri-

273 1520 485 1581 buitur
519 1520 840 1592 principali
867 1520 1066 1591 agenti
1096 1533 1276 1592 quam
1315 1520 1735 1585 instrumento.
1763 1519 1975 1577 contin
2022 1518 2067 1575 it
2095 1524 2291 1575 autem
2341 1520 2700 1593 quandoque

276 1591 442 1664 quod
472 1593 631 1649 actio
675 1590 1026 1670 principalis
1070 1590 1306 1662 agentis
1347 1590 1633 1662 pertingit
1678 1589 1751 1648 ad
1795 1533 2021 1661 aliquig
2049 1589 2113 1645 in
2139 1595 2404 1659 operato,
2436 1590 2509 1647 ad
2539 1590 2700 1663 quod

273 1675 398 1720 non
429 1662 623 1732 pertin
671 1667 717 1718 it
744 1662 902 1718 actio
928 1660 1308 1718 instrumenti
1336 1679 1349 1729 ;
1382 1660 1538 1719 sicut
1587 1660 1679 1718 vis
1725 1660 2053 1732 vegetativa
2097 1659 2172 1716 ad
2210 1661 2468 1731 speciem
2501 1661 2700 1720 carnis

275 1732 571 1805 perducit,
595 1747 631 1789 a
708 1745 886 1804 quam
916 1744 1038 1789 non
1065 1735 1261 1802 potest
1299 1731 1621 1802 perducere
1651 1731 1816 1788 calor
1841 1730 2002 1802 ignis
2030 1730 2132 1802 qui
2181 1737 2271 1789 est
2318 1730 2447 1802 eJ'us
2476 1731 2701 1789 instru-

276 1808 570 1869 mentum,
600 1802 741 1859 licet
781 1807 1056 1873 operetur
1090 1801 1464 1873 disponendo
1504 1801 1579 1858 ad
1608 1815 1760 1870 eam,
1793 1800 2148 1859 resolvendo
2176 1805 2234 1858 et
2264 1802 2697 1861 consumendo.

277 1875 474 1943 Quum
514 1872 699 1945 igitur
739 1873 940 1930 omnis
982 1872 1172 1930 virtus
1197 1878 1423 1930 naturai
1456 1872 1646 1929 activa
1674 1876 2049 1944 comparetur
2076 1870 2150 1928 ad
2177 1873 2359 1929 Deum
2391 1872 2548 1929 sicut
2573 1874 2700 1931 ins-

277 1949 647 2002 trumentum
697 1943 771 2001 ad
812 1943 1068 2014 primum
1115 1947 1175 2000 et
1257 1942 1542 2014 rincipale
1589 1954 1796 2013 agens,
1829 1941 1979 1999 nihil
2026 1942 2320 2013 prohibet,
2367 1943 2427 1999 in
2477 1956 2598 2001 uno
2642 1947 2702 2000 et

283 2016 494 2073 eodem
546 2020 831 2086 generato
876 2014 1035 2086 quod
1084 2018 1177 2071 est
1216 1957 1425 2079 Romo,
1457 2013 1753 2071 actionem
1798 2018 2024 2070 naturae
2072 2013 2146 2070 ad
2181 2012 2405 2084 aliquid
2438 2012 2703 2071 hominis

284 2084 618 2153 terminari,
661 2089 721 2141 et
765 2097 888 2142 non
937 2084 1012 2141 ad
1040 2087 1229 2141 totum
1269 2083 1427 2156 quod
1457 2082 1522 2140 fit
1554 2084 1789 2141 actione
1818 2083 1941 2140 Dei.
1972 2084 2198 2155 Corpus
2227 2084 2410 2155 igitur
2438 2084 2702 2142 hominis

292 2156 586 2214 formatur
614 2154 792 2212 simul
828 2160 885 2211 et
904 2154 1119 2212 virtute
1149 2154 1250 2211 Dei
1283 2154 1454 2226 quasi
1486 2153 1835 2225 principalis
1863 2168 1898 2211 a
1940 2153 2096 2211 entis
2124 2158 2179 2211 et
2210 2154 2406 2235 primi,
2438 2161 2496 2211 et
2524 2154 2703 2212 etiarn

289 2227 506 2284 virtute
536 2225 789 2283 seminis
814 2225 983 2306 quasi
1010 2225 1244 2296 agentis
1268 2224 1547 2294 secundi;
1583 2225 1687 2282 sed
1707 2225 1863 2282 actio
1934 2225 1986 2281 ei
2014 2224 2292 2295 producit
2311 2238 2569 2282 ammam
2600 2226 2706 2282 hu-

291 2309 556 2360 mnam,
585 2308 764 2368 quam
792 2302 982 2353 virtus
1008 2295 1261 2353 seminis
1284 2296 1611 2369 producere
1640 2308 1764 2351 non
1835 2298 2010 2364 otest,
2030 2294 2138 2352 sed
2167 2295 2432 2366 disponit
2455 2296 2528 2353 ad
2549 2309 2702 2353 eam.

359 2367 524 2425 Unde
567 2371 732 2437 patet
770 2366 996 2423 solutio
1040 2365 1113 2422 ad
1157 2372 1455 2437 quartum.
1488 2366 1585 2422 Sic
1615 2366 1775 2422 enim
1847 2376 1986 2421 omo
2036 2364 2151 2422 sibi
2181 2365 2379 2422 simile
2409 2366 2469 2422 in
2503 2366 2704 2437 specie

324 2441 552 2507 enerat,
582 2436 646 2493 in
674 2442 961 2508 quantum
985 2436 1175 2493 virtus
1203 2436 1454 2493 seminis
1483 2435 1614 2506 ejus
1643 2435 1991 2507 dispositive
2022 2440 2301 2506 operatur
2327 2435 2400 2492 ad
2430 2436 2702 2493 ultimam

308 2522 562 2578 ormam,
593 2523 665 2565 ex
691 2523 809 2580 qua
832 2507 1014 2566 homo
1042 2506 1300 2579 speciem
1328 2505 1595 2564 sortitur.

353 2582 542 2639 Deum
588 2591 729 2636 vero
776 2578 1061 2635 adulteris
1106 2591 1216 2635 coo
1261 2577 1412 2633 erari
1459 2577 1519 2633 in
1553 2576 1786 2634 actione
1820 2582 2047 2633 naturae
2092 2576 2245 2633 nihil
2290 2581 2383 2634 est
2422 2577 2705 2636 inconve-

292 2650 489 2708 nienS.
515 2652 643 2706 Non
677 2647 836 2705 enim
868 2655 1079 2705 natura
1110 2648 1225 2706 adu
1253 2651 1513 2704 terorum
1534 2646 1695 2704 mala
1719 2651 1831 2714 est,
1853 2646 1959 2703 sed
1978 2618 2256 2704 voiuntas
2281 2665 2296 2714 ;
2326 2648 2481 2704 actio
2509 2654 2706 2705 autem

289 2734 424 2793 quae
457 2724 551 2778 est
579 2734 651 2776 ex
693 2719 907 2776 virtute
956 2718 1208 2776 seminis
1249 2718 1516 2788 ipsorum
1549 2723 1640 2775 est
1665 2716 1975 2778 naturalis,
2009 2729 2131 2773 non
2155 2716 2523 2787 voluntaria;
2548 2720 2709 2777 unde

285 2804 416 2919 ιιέοι]
446 2789 1000 2918 οεῑῂῑιέοοηνῖἰῃίοῐιε
1029 2789 1081 2846 si
1112 2790 1270 2846 Deus
1296 2787 1384 2844 illi
1415 2786 1748 2859 operationi
1781 2791 2154 2859 cooperatur,
2184 2787 2454 2845 ultimam
2483 2789 2707 2860 perfec-

334 2875 512 2921 onem
543 2875 605 2918 in
653 2873 800 2917 ucen
845 2873 902 2916 0.

363 2932 536 3000 Quod
569 2945 711 2989 vero
753 2935 923 2988 sexto
965 2927 1260 3004 objicitur,
1292 2931 1450 3000 patet
1482 2925 1656 3008 ,quod
1703 2941 1825 2986 non
1873 2928 1945 2985 de
1989 2929 2344 2987 necessitate
2383 2930 2708 2990 conciudit.

292 3003 416 3060 Etsi
448 3002 605 3060 enim
640 3001 811 3058 detur
838 2999 999 3072 quod
1025 3012 1246 3069 corpus
1267 2998 1529 3057 hominis
1556 2997 1845 3055 formetur
1861 2999 2209 3071 priusquam
2235 3001 2436 3059 anima
2457 3005 2708 3071 creetur,

291 3079 398 3131 aut
432 3086 467 3130 e
513 3084 826 3140 converSO,
857 3083 982 3128 non
1036 3069 1309 3141 sequitur
1357 3069 1517 3142 quod
1558 3067 1717 3137 idem
1760 3069 1941 3128 homo
1993 3070 2073 3127 sit
2126 3070 2291 3142 prior
2314 3071 2553 3141 seipso;
2585 3083 2711 3129 non

287 3144 450 3200 enim
487 3142 669 3200 homo
716 3147 810 3199 est
854 3153 1031 3199 suum
1080 3153 1299 3211 corpus
1333 3152 1527 3212 neque
1568 3152 1682 3196 sua
1723 3140 1942 3198 anima.
1986 3141 2264 3214 Sequitur
2301 3147 2498 3199 autem
2550 3140 2711 3212 quod

289 3213 492 3285 aliqua
512 3226 657 3284 pars
687 3211 817 3284 ejus
846 3211 925 3270 sit
953 3211 1137 3269 altera
1164 3210 1346 3281 prior,
1375 3210 1537 3282 quod
1580 3221 1704 3266 non
1732 3215 1826 3268 est
1852 3210 2283 3270 inconveniens
2312 3229 2328 3281 ;
2358 3225 2494 3269 nam
2524 3216 2713 3270 mate·-

287 3284 381 3342 ria
408 3289 676 3353 tempore
707 3287 800 3340 est
826 3282 991 3353 prior
1016 3282 1242 3349 forma3
1272 3281 1522 3338 materia
1563 3280 1717 3349 dic0‚
1750 3281 2079 3338 secundum
2110 3282 2269 3353 quod
2300 3283 2474 3339 estin
2502 3287 2712 3352 poten—

289 3355 376 3412 tia
398 3354 472 3411 ad
503 3355 778 3418 sormam,
809 3366 932 3410 non
961 3351 1294 3410 secundum
1345 3351 1504 3423 quod
1554 3356 1688 3408 actu
1738 3355 1830 3408 est
1872 3365 1978 3423 per
2004 3353 2253 3409 formam
2331 3352 2589 3420 erfecta3
2621 3352 2712 3411 sic

283 3426 451 3482 enim
480 3431 573 3482 est
604 3424 787 3481 simul
834 3436 969 3480 cum
999 3423 1210 3480 forma.
1241 3424 1468 3493 Corpus
1491 3421 1675 3492 igitur
1698 3421 2049 3491 humanum,
2080 3437 2261 3481 secun
2313 3437 2409 3479 um
2436 3423 2594 3495 quod
2620 3426 2714 3481 est

289 3495 353 3551 in
385 3495 656 3566 potentia
682 3493 756 3551 ad
785 3494 1067 3563 animam,
1097 3498 1300 3564 utpote
1346 3505 1532 3564 quum
1581 3492 1847 3550 nondum
1894 3492 2070 3550 hahet
2111 3494 2393 3562 animam,
2424 3496 2515 3550 est
2544 3494 2711 3563 prius

286 3570 561 3637 tempore
591 3578 771 3637 quam
803 3565 1041 3631 anima;
1069 3567 1212 3620 tunc
1258 3568 1454 3620 autem
1497 3575 1618 3620 non
1650 3567 1742 3620 est
1769 3563 2097 3620 humanum
2126 3570 2282 3633 actu,
2315 3562 2419 3621 sed
2446 3564 2712 3634 potentia

289 3640 561 3704 tantum3
594 3648 778 3708 quum
831 3648 974 3691 vero
1016 3639 1108 3691 est
1148 3634 1475 3691 humanum
1520 3638 1676 3697 actu,
1703 3634 1877 3706 quasi
1921 3647 2029 3705 per
2073 3634 2330 3694 animam
2388 3635 2709 3692 humanam

289 3706 639 3778 perfectum,
665 3717 791 3762 non
820 3709 911 3762 est
939 3702 1107 3775 prius
1137 3717 1327 3776 neque
1357 3704 1658 3775 posterius
1688 3704 1908 3772 anima,
1939 3704 2043 3761 sed
2075 3704 2255 3764 simul
2281 3718 2416 3762 cum
2443 3719 2533 3762 ea.

365 3780 569 3850 Neque
600 3776 779 3833 etiam
805 3775 1095 3847 sequitur,
1129 3774 1181 3831 si
1208 3775 1408 3832 anima
1432 3789 1503 3832 ex
1525 3774 1741 3831 virtute
1773 3775 2025 3832 seminis
2055 3788 2177 3833 non
2204 3775 2571 3846 producitur,
2602 3774 2711 3834 sed

293 3847 493 3906 solum
533 3860 776 3918 corpus,
820 3846 981 3918 quod
1030 3845 1111 3902 sit
1157 3845 1499 3925 imperfecta
1545 3844 1815 3916 operatio
1862 3849 1980 3903 tam
2028 3846 2130 3903 Dei
2157 3859 2337 3918 quam
2368 3851 2612 3916 naturae,
2647 3851 2710 3904 ut

287 3919 545 3989 septima
585 3919 738 3975 ratio
787 3915 1163 3989 procedebat.
1192 3917 1415 3997 Virtute
1469 3916 1631 3973 enim
1680 3917 1781 3996 Dei
1830 3924 2144 3988 utrumque
2186 3915 2270 3985 fit,
2317 3921 2375 3974 et
2404 3930 2622 3988 corpus
2653 3920 2714 3976 et

287 3989 511 4056 anima,
537 3988 678 4045 licet
705 3988 985 4046 formatio
1010 3998 1279 4058 corporis
1309 3987 1390 4043 sit
1417 3986 1489 4043 ab
1520 4000 1593 4044 eo
1624 3987 1920 4044 medlante
1943 3987 2157 4043 virtute
2188 3987 2439 4044 seminis
2470 3994 2710 4045 natura·

287 4057 386 4128 lis,
416 4059 679 4117 animam
710 4064 906 4116 antem
935 4057 1277 4115 immediate
1305 4057 1610 4128 producat.
1634 4059 1834 4129 Neque
1859 4057 2037 4115 etiam
2065 4058 2336 4129 sequitur
2362 4058 2521 4129 quod
2551 4058 2708 4116 actio

284 4130 526 4187 virtutis
555 4128 807 4186 seminis
836 4130 915 4186 sit
940 4129 1302 4210 imperfecta,
1327 4141 1509 4200 quum
1531 4126 1797 4199 perficiat
1824 4128 1940 4185 hoc
1967 4128 2041 4185 ad
2071 4127 2230 4200 quod
2259 4133 2371 4184 est.

357 4199 680 4259 Sciendum
710 4205 802 4257 est
829 4200 1005 4257 etiam
1035 4212 1099 4257 m
1129 4199 1360 4256 semine
1381 4198 1601 4278 virtute
1640 4199 1931 4256 contineri
1978 4199 2183 4256 omnia
2223 4197 2330 4255 illa
2371 4213 2503 4271 quae
2525 4200 2710 4257 virtu-

287 4273 408 4328 tem
447 4282 795 4340 corpoream
830 4283 954 4328 non
998 4269 1310 4338 excedunt,
1342 4273 1500 4326 sicut
1528 4269 1774 4336 foenum,
1803 4269 2057 4339 culmus,
2080 4269 2418 4327 internodia
2448 4276 2505 4326 et
2543 4269 2710 4326 simi-

288 4339 409 4411 lia;
438 4352 516 4398 ex
561 4352 683 4412 quo
723 4340 1000 4398 concludi
1049 4353 1172 4398 non
1219 4345 1416 4412 potest
1458 4338 1709 4410 quodid
1737 4339 2002 4397 hominis
2032 4339 2191 4412 quod
2218 4345 2403 4399 totam
2433 4341 2709 4397 virtutem

287 4423 638 4543 ffiffi‘t’ream
662 4410 914 4485 excedit,
941 4412 1007 4470 in
1039 4410 1270 4471 semine
1301 4410 1518 4469 virtute
1540 4408 1934 4479 contineatur,
1957 4415 2021 4468 ut
2053 4416 2264 4471 octava
2288 4411 2440 4469 ratio
2468 4408 2710 4467 conclu-
