3076 5025
1126 257 1258 313 LIB.
1299 256 1395 324 111,
1437 256 1589 311 CAP.
1631 256 1772 312 Lm.
2566 261 2670 317 325

230 382 431 437 autem
477 377 682 436 divina
721 391 844 435 non
886 379 1086 449 potest
1129 372 1541 456 sic-intelligi,
1573 378 1864 456 iit-supra
1886 373 2038 446 (cap.
2064 373 2154 446 49)
2195 379 2507 434 ostensum
2551 386 2667 438 est.

230 448 610 519 Impossibile
649 453 740 506 est
769 462 912 520 ergo
957 446 1251 520 perveniri
1281 444 1355 502 ab
1401 445 1607 517 aliquo
1653 444 1959 526 intellectu
2012 450 2212 503 creato
2254 445 2329 503 ad
2371 448 2666 510 visionem

230 519 450 648 divigae
477 518 851 590 substantiae,
882 518 1001 577 nisi
1039 530 1146 590 per
1195 516 1493 575 actionem
1522 515 1651 586 Dei,
1681 529 1783 589 qui
1836 528 2075 573 omnem
2108 520 2440 575 creaturam
2471 524 2668 579 trans-

229 603 341 648 cen
385 590 450 648 it.
2710 617 2716 626 .

300 659 451 718 Hinc
479 660 745 735 estquod
768 662 960 728 Rom„
979 671 1067 728 v1,
1091 662 1185 723 23,
1215 656 1433 716 dicitur
1460 657 1708 739 :th-ati'a
1730 657 1833 738 Dei
1855 658 1976 737 vita
1999 659 2221 715 aetema.
2251 662 2318 716 ln
2346 657 2477 731 ipsa
2509 660 2668 719 enim

230 727 434 789 divina
477 731 712 789 visione
752 729 1129 789 ostendimus
1157 741 1292 787 esse
1341 729 1606 786 bominis
1646 726 2098 796 beatitudinem,
2171 743 2260 786 uae
2301 733 2420 786 vita
2464 734 2670 788 aeterna

232 801 468 871 dicitur,
494 802 569 860 ad
594 815 770 875 quam
795 801 929 860 sola
950 800 1054 857 Dei
1085 799 1277 881 gratia
1300 798 1556 856 dicimur
1581 797 1908 869 pervenire,
1930 797 2074 869 quia
2095 803 2154 855 ta
2181 798 2232 856 is
2251 798 2407 859 visio
2427 814 2666 863 omnem

231 877 519 932 creaturae
545 872 890 940 facultatem
914 869 1164 940 excedit,
1193 883 1304 929 nee
1333 874 1425 950 est
1451 868 1744 941 possibile
1776 868 1852 926 ad
1881 882 2013 950 eam
2038 871 2346 950 pervenire
2372 871 2490 929 nisi
2522 872 2666 932 divi-

230 956 311 1000 no
345 957 612 1001 munere.
646 945 787 1012 Quae
826 947 1026 1000 autem
1056 941 1145 998 sic
1175 939 1501 999 adveniunt
1552 946 1858 1007 creaturae,
1892 940 1994 995 Dei
2048 944 2254 1011 gratiae
2285 940 2663 1012 deputantur.

230 1013 601 1157 ehJofsxlv,
629 1019 722 1084 21,
747 1014 1038 1082 Dominus
1057 1011 1200 1071 dicit
1232 1029 1246 1069 :
1278 1013 1394 1080 Epo
1413 1010 1777 1079 manifestabo
1803 1011 1857 1066 ei
1878 1011 2165 1080 meipsum.
2197 1010 2241 1084 (1
2266 1018 2442 1084 part„
2468 1028 2525 1086 q.
2555 1024 2665 1086 ΧΠ,

1227 1232 1480 1298 CAPUT
1518 1232 1674 1298 Lllt.

228 1414 385 1470 QUOD
421 1413 807 1462 muamus
844 1414 1104 1461 cunnus
1149 1414 1386 1460 mmm·
1430 1415 1652 1467 ALIQUA
1687 1414 2038 1461 INFLUBNTIA
2074 1413 2270 1462 mvlm
2311 1417 2549 1464 numius
2586 1416 2671 1468 AD

809 1486 940 1533 Hoc»
959 1485 1112 1540 QUOD
1150 1485 1314 1531 nm
1347 1485 1462 1531 rmt
1486 1485 1815 1531 ESSENTIAM
1848 1486 2091 1531 vaAT.

300 1651 547 1724 Oportet
573 1655 771 1710 autem
806 1649 966 1723 quod
998 1650 1070 1708 ad
1103 1655 1222 1709 tam
1266 1648 1529 1708 nobilem
1576 1649 1873 1708 visionem
1919 1649 2261 1710 intellectus
2298 1657 2536 1711 creatus
2564 1666 2671 1726 pei·

228 1722 494 1795 aliquam
523 1721 739 1779 divinae
770 1721 1055 1780 bonitatis
1079 1720 1452 1779 influentiam
1482 1721 1762 1801 elevetur.
1793 1720 2172 1791 Impossibile
2196 1728 2291 1781 est
2317 1724 2477 1781 enim
2506 1723 2667 1806 quod

228 1794 291 1853 id
321 1792 486 1866 quod
530 1797 620 1849 est
667 1792 861 1850 forma
906 1791 1160 1864 aliqu'us
1204 1791 1288 1849 rei
1360 1805 1580 1872 ropria,
1608 1789 1712 1848 fiat
1758 1791 2008 1850 alterius
2058 1793 2143 1850 rei
2175 1792 2387 1864 forma,
2419 1794 2539 1852 nisi
2571 1806 2669 1854 res

230 1865 337 1924 illa
380 1862 696 1936 participet
742 1862 1007 1935 aliquam
1053 1861 1306 1944 similitu
1351 1863 1509 1920 inem
1558 1861 1952 1989 Jlliu32.0u{¹.¹⁸
1992 1868 2097 1944 ‚est
2144 1864 2385 1945 propria
2433 1864 2666 1945 forma3

231 1936 395 1995 sicut
423 1934 528 1992 lux
550 1947 676 1992 non
723 1933 787 1990 fit
817 1938 987 1991 actus
1036 1933 1289 2005 alicujus
1335 1945 1626 2004 corporiS,
1654 1946 1773 1990 nisi
1820 1933 2044 2006 aiquid
2094 1935 2407 2006 participet
2432 1934 2507 1992 de
2537 1934 2667 1993 dia-

225 2006 452 2079 phano.
485 2003 757 2062 Essentia
800 2010 997 2061 autem
1027 2002 1230 2061 divina
1258 2007 1350 2061 est
1398 2003 1639 2084 propria
1664 2004 1854 2061 forma
1894 2003 2294 2077 intelligibilis
2324 2005 2668 2066 intellectus

231 2074 441 2144 divini,
472 2079 528 2133 et
554 2075 607 2132 ei
638 2072 1102 2156 proportionata.
1131 2077 1276 2131 Nam
1307 2071 1435 2154 baec
1457 2077 1575 2131 tria
1618 2073 1679 2130 in
1714 2076 1834 2132 Deo
1864 2088 2050 2132 unum
2081 2080 2224 2154 sunt
2254 2093 2270 2134 ε
2301 2075 2666 2146 intellectus,

225 2146 336 2220 (id)
366 2159 488 2220 quo
509 2145 697 2227 intelli
746 2152 863 2226 itur
880 2145 1120 2271 etquod
1132 2144 1509 2226 intelligitur.
1543 2143 1919 2226 Impossibile
1960 2152 2053 2203 est
2096 2145 2281 2218 igitur
2333 2146 2494 2229 quod
2534 2147 2669 2220 ipsa

229 2216 501 2277 essentia
523 2218 628 2273 Dei
721 2220 780 2273 at
829 2215 972 2272 intel
1004 2215 1228 2287 igibilis
1276 2215 1470 2272 forma
1495 2214 1751 2288 alicujus
1794 2215 2133 2274 intellectus
2176 2221 2381 2285 creati,
2414 2217 2534 2276 nisi
2564 2230 2671 2290 per

229 2288 349 2348 hoc
403 2286 563 2360 quod
589 2286 851 2360 aliquam
890 2286 1152 2343 divinam
1196 2284 1654 2344 similitudinem
1685 2285 2025 2344 intellectus
2067 2292 2304 2346 creatus
2328 2287 2666 2359 participat.

232 2357 418 2418 Haeei
466 2357 585 2414 itur
628 2356 844 2438 divinae
886 2356 1302 2414 similitudinis
1348 2355 1723 2428 participatio
1768 2357 2110 2415 necessaria
2134 2364 2228 2415 est
2253 2357 2329 2415 ad
2361 2358 2476 2416 boc
2505 2359 2667 2432 quod

228 2430 336 2488 Dei
367 2442 440 2487 su
484 2433 705 2486 stantia
730 2427 1020 2484 videatur.

301 2499 523 2563 Adhuc,
556 2498 707 2556 nihil
736 2504 828 2557 est
852 2496 1257 2570 susceptivum
1288 2496 1494 2555 sormae
1543 2496 1937 2566 sublimioris,
1968 2495 2085 2555 nisi
2116 2510 2222 2568 per
2250 2497 2514 2572 aliquam
2543 2498 2665 2558 dis·

231 2570 596 2653 positionem
627 2571 700 2628 ad
731 2570 896 2651 illius
917 2569 1301 2649 capacitatem
1336 2567 1617 2626 elevetur.
1643 2570 1754 2626 Pro
1797 2569 1925 2649 rius
1954 2568 2122 2649 enim·
2143 2573 2312 2626 actus
2334 2570 2395 2626 in
2424 2570 2667 2643 propria

229 2637 2667 2792 {rittiga1¹1³Sattiaettitila‘ftitlss.²{2¹2⁰iffati¹¹tiitffsssszssffisst‘lissffiizfliss:

230 2782 510 2842 tellectus
538 2781 743 2850 creati,
774 2780 935 2863 quod
982 2784 1306 2853 requiritur
1332 2778 1406 2836 ad
1433 2779 1548 2837 hoc
1576 2779 1735 2861 quod
1767 2723 1969 2861 (ἦπου,
1996 2779 2351 2862 ‚substantia
2369 2795 2427 2863 γι
2455 2787 2645 2863 μᾶζαι·

230 2867 486 2984 ἓοοεεῗε
532 2858 625 2980 εἰει
667 2852 828 2925 quod
873 2851 1215 2909 intellectus
1262 2856 1498 2909 creatus
1535 2850 1739 2924 aliqua
1780 2850 2176 2923 dispositione
2223 2851 2564 2910 sublimiori
2590 2824 2668 2913 ad

278 2938 354 2983 oc
382 2939 414 2981 e
440 2936 543 2981 eve
572 2936 661 2981 ur.

304 2995 580 3065 Amplius,
607 2992 661 3052 si
692 2992 895 3065 aliqua
918 2992 1037 3051 duo
1059 2992 1228 3064 prius
1249 2991 1472 3048 fuerint
1494 3004 1618 3050 non
1648 2990 1837 3064 unita,
1859 2997 1919 3050 et
1943 2992 2327 3064 postmodum
2358 2994 2667 3076 uniantur,

232 3070 473 3138 oportet
494 3063 654 3138 quod
700 3064 816 3121 hoc
861 3062 961 3120 fiat
1002 3078 1108 3136 per
1135 3063 1526 3120 mutationem
1552 3064 1885 3135 utriusque,
1915 3063 2011 3121 vel
2039 3063 2286 3121 alterius
2314 3069 2565 3122 tantum.
2602 3066 2664 3123 Si

232 3140 437 3195 autem
487 3139 785 3206 ponantur
828 3133 990 3206 quod
1036 3133 1375 3191 intellectus
1416 3133 1639 3206 aliquis
1681 3138 1917 3192 creatus
1971 3133 2044 3192 de
2089 3146 2245 3193 novo
2290 3134 2539 3208 incipiat
2562 3135 2667 3194 Dei

231 3205 634 3266 substantiam
682 3204 905 3273 videre,
936 3209 1169 3275 oportet
1211 3203 1544 3262 secundum
1585 3204 1917 3275 praemissa,
1954 3204 2116 3277 quod
2158 3204 2361 3263 divina
2402 3205 2668 3265 essentia

232 3276 738 3406 39ξὲῙέῑὲἕὲἑὲἒὲ
764 3274 2667 3418 ἓῖῑῒαῗὲέᾞῗὲέἷὲἑῗὲῗαἳὶἒῗξῑξἢέρωρῗῧεέξῑὲἓηέῗιῧ“ἑὲῗ’3ἒὲἒ

233 3420 325 3475 tet
352 3418 536 3490 igitur
564 3417 723 3490 quod
749 3416 889 3475 talis
920 3387 1340 3488 unio’incipiat
1366 3429 1504 3474 esse
1532 3430 1638 3487 per
1662 3388 2055 3474 n’iutationem
2095 3416 2433 3476 intellectus
2463 3416 2668 3475 creati.

237 3490 385 3557 Quae
414 3487 654 3561 quidem
676 3487 928 3545 mutatio
953 3487 1126 3545 aliter
1148 3500 1282 3545 esse
1313 3499 1435 3544 non
1474 3490 1692 3557 potest,
1715 3486 1834 3544 nisi
1861 3501 1968 3559 per
1991 3487 2107 3546 boc
2133 3488 2296 3559 quod
2325 3486 2669 3546 intellectus

234 3564 477 3618 creatus
505 3559 768 3631 aliquam
799 3558 1259 3629 dispositionem
1284 3556 1356 3615 de
1387 3570 1543 3615 novo
1573 3556 1860 3629 acquirat.
1892 3556 2051 3616 idem
2074 3564 2269 3616 autem
2296 3556 2587 3629 sequitur,
2615 3557 2672 3617 si

237 3628 414 3696 detur
453 3629 613 3703 quod
651 3644 689 3688 a
713 3628 1010 3701 principio
1040 3642 1165 3687 suae
1195 3628 1516 3687 creationis
1546 3627 1648 3685 tali
1686 3627 1920 3686 visione
1967 3629 2188 3701 aliquis
2232 3633 2468 3686 creatus
2496 3627 2672 3686 intel·

235 3699 433 3761 lectus
459 3700 740 3772 potiatur.
770 3701 940 3768 Nam,
971 3700 1024 3758 si
1048 3698 1188 3758 talis
1232 3698 1388 3779 visio
1436 3698 1773 3779 facultatem
1823 3705 2050 3757 naturae
2076 3706 2288 3757 creatae
2319 3698 2568 3767 excedit,
2604 3703 2674 3779 ut

235 3769 554 3844 probatum
584 3775 675 3828 est
704 3769 855 3842 (cap.
883 3770 994 3841 52),
1027 3768 1494 3841 potestintelligi
1522 3768 1600 3827 ali
1647 3782 1743 3827 uis
1772 3768 2110 3828 intellectus
2131 3776 2366 3828 creatus
2390 3770 2450 3826 in
2471 3784 2500 3827 s
2545 3781 2673 3831 ecio

236 3854 369 3903 suae
399 3845 625 3898 naturai
674 3841 1028 3911 consistere,
1055 3839 1281 3912 absque
1312 3840 1428 3899 boc
1472 3852 1593 3912 quo
1661 3840 1766 3898 Dei
1808 3840 2206 3899 substantiam
2234 3842 2450 3898 videat.
2529 3838 2670 3910 nde,

238 3910 371 4038 sive
399 3924 436 3967 a
491 3910 753 4037 ⁸rincgpio
782 3912 934 4040 sive(l
983 3910 1332 3993 ostmodum
1356 3911 1543 3968 Deum
1571 3909 1773 3969 videre
1810 3910 2076 3984 incipiat,
2124 3916 2357 3982 oportet
2400 3911 2530 3985 ejus
2573 3923 2674 3969 na·

273 3992 398 4038 urae
425 3994 502 4037 ai
551 3994 609 4037 ui
679 3994 752 4039 su
795 3996 896 4039 era
982 3997 1021 4044 i.

312 4053 467 4131 Item,
495 3995 646 4107 ἓίὴίι
693 3996 888 4130 poptest
912 4052 989 4109 ad
1028 4050 1299 4110 altiorem
1351 4051 1760 4123 operationem
1810 4052 2049 4122 elevari,
2080 4051 2201 4119 nisi
2231 4066 2335 4133 per
2372 4053 2489 4111 hoc
2513 4051 2676 4126 quod

236 4120 377 4195 ejus
404 4125 595 4178 virtus
621 4120 990 4179 fortiflcctur.
1022 4122 1326 4194 Contingit
1353 4126 1551 4179 autem
1583 4121 1898 4194 dupliciter
1921 4123 2176 4194 alicujus
2203 4128 2479 4181 virtutem
2506 4123 2679 4184 forti·

238 4190 431 4275 ficari.
465 4192 595 4272 Uno
621 4190 800 4272 modo
847 4206 951 4263 per
979 4191 1314 4275 simplicem
1343 4191 1747 4274 intensionem
1783 4193 1977 4264 ipsius
2005 4193 2275 4275 virtutis3
2306 4193 2462 4252 sicut
2488 4195 2679 4252 virtus

240 4267 438 4322 activa
464 4260 646 4320 calidi
676 4266 926 4334 augetur
951 4276 1057 4333 per
1076 4268 1481 4321 intensionem
1506 4262 1748 4333 caloris,
1778 4268 1845 4320 ut
1868 4267 2064 4334 possit
2094 4262 2329 4322 efficere
2355 4265 2678 4322 vehemen-

239 4334 455 4393 tiorem
487 4332 780 4390 rationem
809 4331 872 4388 in
902 4332 1106 4390 eadem
1146 4333 1366 4406 specie.
1394 4331 1525 4392 Alio
1556 4333 1735 4391 modo
1781 4346 1887 4404 per
1912 4346 2081 4391 novae
2111 4334 2316 4392 formae
2347 4333 2675 4406 oppositio·

240 4416 401 4477 nem,
429 4404 591 4464 sicut
635 4402 918 4475 diaphani
947 4403 1135 4463 virtus
1181 4409 1434 4478 augetur
1461 4402 1535 4461 ad
1581 4404 1696 4462 hoc
1744 4402 1907 4477 quod
1940 4403 2137 4476 possit
2180 4404 2542 4474 illuminare,
2570 4409 2679 4473 per
