3076 5025
288 208 389 264 198
1163 202 1296 256 Lm.
1338 202 1409 267 ιι,
1450 200 1601 256 CAP.
1644 200 1869 255 Lxxiii.
1934 158 1957 169 ..
1992 160 2003 173 ’

287 326 567 387 animalis
597 323 961 390 intellectivi‚
989 322 1148 394 quod
1177 327 1268 378 est
1295 321 1446 379 ratio
1478 321 1783 390 hominis3
1814 326 1872 377 et
1902 320 1991 378 sic
2019 319 2349 378 remanebit
2370 320 2518 378 illud
2549 321 2718 395 quod

283 398 550 470 speciem
576 396 897 452 humanam
934 393 1031 449 dat
1062 406 1184 451 non
1205 406 1338 449 esse
1371 398 1745 449 numeratum
1777 391 1839 447 in
1870 390 2142 448 diversis,

357 468 574 528 Adhuc,
623 464 769 521 illud
804 478 907 534 per
934 464 1092 535 quod
1142 463 1400 534 speciem
1451 463 1698 520 sortitur
1721 462 2185 534 unumquodque
2217 461 2442 529 vivenS,
2471 467 2564 519 est
2592 477 2725 533 per-

288 538 468 597 fectio
521 537 732 608 prima,
787 540 844 591 et
900 547 1021 591 non
1067 533 1350 605 perfectio
1405 533 1689 596 secunda,
1747 538 1807 589 ut
1862 537 2023 603 patet
2063 546 2168 602 per
2217 532 2593 612 Aristotelem
2623 533 2724 604 (Do

288 612 495 673 anima,
525 620 590 673 11,
618 611 757 662 text.
791 619 1005 661 comm.
1039 608 1069 660 5
1101 608 1156 660 et
1184 604 1257 676 6).
1293 604 1656 661 Phantasma
1683 610 1879 660 autem
1912 615 2032 660 non
2066 608 2157 659 est
2189 603 2473 674 perfectio
2505 617 2716 674 prima,

288 679 393 737 sed
427 677 709 749 perfectio
745 674 1009 733 secunda
1040 693 1055 731 :
1089 679 1182 732 est
1220 673 1376 734 enim
1424 673 1742 745 phantasia
1771 678 1971 730 motus
2000 673 2194 730 factus
2225 688 2262 730 a
2288 686 2471 730 sensu
2501 687 2713 731 secun·

289 749 429 808 dum
463 754 681 814 actum,
712 749 776 803 ut
805 746 1021 803 dicitur
1050 745 1113 801 ιιι
1139 744 1405 802 secundo
1429 747 1509 801 De
1531 747 1719 799 anana
1746 743 1907 815 (text.
1957 757 2174 800 comm.
2211 743 2355 815 ¹68).
2387 746 2516 801 Non
2537 744 2718 816 igitur

288 824 382 879 est
411 819 607 889 ipsum
637 818 992 888 phantasma
1020 815 1179 887 quod
1206 820 1555 872 numeratur
1579 831 1614 873 a
1636 828 1756 886 quo
1783 814 1964 873 homo
1995 814 2255 885 speciem
2283 814 2480 872 habet.

358 890 635 959 Amplius,
691 888 1107 958 phantasmata
1154 901 1288 958 quae
1336 892 1478 943 sunt
1525 886 1827 943 intellecta
1860 885 1921 941 in
1951 885 2239 956 potentia,
2290 884 2527 943 diversa
2555 890 2718 943 sunt.

286 959 440 1017 Illud
468 965 662 1016 autem
686 971 806 1030 quo
834 956 1060 1028 aliquid
1091 956 1348 1036 speciem
1382 956 1631 1014 sortitur
1654 961 1927 1027 opportet
1959 969 2097 1013 esse
2139 969 2364 1023 unum;
2400 970 2536 1013 nam
2582 969 2724 1027 spe·

288 1030 413 1087 cies
437 1043 552 1086 una
579 1034 673 1085 est
700 1029 901 1084 unius.
947 1030 1076 1083 Non
1125 1028 1308 1099 igitur
1358 1041 1462 1098 per
1508 1027 1944 1097 phantasmata,
1975 1030 2155 1098 prout
2179 1031 2483 1098 ponuntur
2513 1040 2722 1083 nume-

288 1101 406 1157 rari
427 1100 488 1155 in
522 1099 776 1156 diversis
806 1103 870 1154 ut
892 1104 1034 1154 sunt
1062 1097 1362 1155 intellecta
1390 1098 1454 1154 in
1485 1098 1767 1168 potentia,
1792 1098 1973 1154 homo
2004 1096 2263 1167 speciem
2304 1099 2572 1154 sortitur.

359 1172 511 1231 Item,
552 1168 705 1225 Illud
731 1183 763 1225 a
836 1182 912 1225 uo
946 1168 1125 1226 homo
1176 1169 1424 1226 sortitur
1474 1169 1735 1239 speciem
1767 1172 1997 1238 oportet
2026 1180 2262 1238 semper
2292 1181 2427 1224 esse
2459 1180 2722 1226 manens

289 1241 354 1298 in
377 1240 588 1296 eodem
615 1239 796 1296 indivi
841 1252 922 1296 uo
959 1238 1098 1296 dum
1124 1238 1324 1306 durat;
1361 1238 1512 1296 alias
1548 1239 1919 1296 individuum
1949 1252 2069 1295 non
2097 1244 2506 1308 semperesset
2533 1238 2722 1296 unius

292 1315 350 1368 et
370 1310 635 1382 ejusdem
670 1309 914 1380 speciei,
942 1309 1046 1367 sed
1073 1309 1431 1381 quandoque
1464 1309 1663 1380 hujuS,
1738 1309 2051 1382 nandoque
2085 1309 2271 1365 illius
2296 1308 2728 1366 Phantasmata

292 1386 490 1438 autem
522 1394 639 1437 nou
674 1394 909 1450 semper
936 1379 1138 1436 eadem
1173 1384 1413 1436 manent
1443 1379 1504 1436 in
1559 1394 1680 1437 uno
1767 1379 1989 1448 omine,
2022 1379 2126 1436 sed
2158 1379 2427 1451 quaedam
2458 1379 2530 1436 de
2556 1392 2720 1438 novo

294 1451 634 1513 adveniunt,
667 1457 725 1507 et
747 1450 1013 1523 quaedam
1041 1450 1516 1521 praeexsistentia
1554 1450 1889 1508 abolentur.
1911 1449 2281 1507 individuum
2310 1450 2495 1521 igitur
2523 1449 2725 1507 homi-

293 1522 392 1579 nis
423 1537 613 1593 neque
653 1535 756 1601 per
802 1521 1156 1591 phantasma
1192 1521 1439 1578 sortitur
1476 1522 1757 1591 speciem,
1814 1534 2009 1593 neque
2038 1534 2142 1601 per
2168 1520 2366 1591 ipsum
2402 1520 2725 1578 continua·

293 1596 391 1649 tur
415 1592 707 1662 principio
737 1604 861 1648 suae
885 1591 1127 1661 speciei,
1155 1590 1314 1672 quod
1342 1597 1433 1648 est
1462 1591 1803 1649 intellectus
1831 1590 2167 1663 possibilis.

363 1662 418 1719 Si
450 1667 645 1718 autem
675 1661 905 1717 dicatur
935 1661 1090 1732 quod
1117 1661 1413 1719 hic-homo
1443 1674 1565 1719 non
1598 1663 1844 1719 sortitur
1886 1662 2146 1733 speciem
2183 1662 2255 1719 ab
2294 1661 2444 1732 ipsis
2474 1662 2724 1742 phanta-

295 1733 609 1796 smatibus,
628 1731 731 1789 sed
754 1746 790 1788 a
809 1732 1125 1789 virtutibus
1145 1732 1206 1788 in
1227 1732 1447 1804 quibus
1465 1738 1607 1789 sunt
1623 1733 2055 1814 phantasmata,
2072 1732 2722 1804 scilicetimaginativa;

291 1804 701 1870 memorativa,
732 1807 789 1858 et
817 1803 1136 1874 cogitativa
1158 1818 1291 1875 quae
1320 1809 1413 1860 est
1441 1817 1680 1874 propria
1711 1803 1961 1873 homini,
2001 1817 2177 1875 quam
2224 1803 2574 1860 Aristoteles
2622 1802 2729 1874 (De

292 1876 498 1936 mima.
532 1887 620 1942 m,
657 1877 793 1929 tect.
825 1885 1041 1953 comm.
1078 1872 1167 1945 20)
1193 1875 1499 1945 passivum
1529 1874 1896 1931 intellectum
1924 1877 2116 1940 vocat,
2147 1872 2343 1931 adhuc
2386 1879 2731 1946 sequuntur

291 1945 498 2002 eadem
530 1944 1017 2001 inconvenientia
1046 1961 1061 1999 ε

365 2015 535 2082 Quia,
566 2027 750 2086 quum
777 2013 967 2071 virtus
999 2013 1319 2086 cogitativa
1341 2015 1555 2072 habeat
1577 2015 1984 2084 operationem
2013 2015 2211 2073 solum
2254 2016 2414 2072 circa
2459 2014 2729 2087 partious

289 2083 442 2142 laria
470 2098 722 2157 quorum
754 2085 1121 2142 intentiones
1151 2084 1360 2142 dividit
1387 2092 1442 2142 et
1472 2086 1797 2157 componit,
1831 2092 1887 2143 et
1940 2085 2154 2143 habeat
2183 2098 2477 2159 organum
2506 2097 2728 2155 corpo-

289 2155 412 2213 rale
442 2169 546 2225 per
570 2155 729 2228 quod
757 2155 898 2234 agit,
931 2168 1054 2212 non
1081 2155 1448 2213 transcendit
1477 2169 1669 2228 genus
1700 2157 1913 2213 animae
1944 2157 2266 2214 sensitivae.
2300 2159 2488 2213 Homo
2517 2160 2726 2217 autem

290 2237 364 2283 ex
392 2227 592 2282 anima
613 2226 902 2283 sensitiva
924 2238 1046 2283 non
1075 2224 1251 2282 habet
1276 2226 1436 2297 quod
1466 2227 1547 2283 sit
1578 2226 1779 2296 bom0,
1812 2226 1914 2284 sed
1945 2227 2105 2299 quod
2136 2227 2215 2285 sit
2239 2227 2482 2285 animal.
2510 2225 2726 2286 Adhuc

290 2294 475 2368 igitur
502 2296 858 2369 relinquitur
885 2296 1043 2368 quod
1075 2302 1420 2354 numeretur
1447 2296 1511 2353 in
1546 2297 1722 2356 nobis
1748 2297 1944 2356 solum
1976 2297 2036 2355 id
2081 2297 2244 2371 quod
2282 2297 2566 2368 competit
2611 2297 2727 2355 ho·

289 2366 439 2424 mini
472 2367 532 2422 in
564 2371 851 2440 quantum
882 2372 973 2424 est
1001 2366 1242 2424 animal.

356 2439 644 2501 Praeterea,
671 2438 860 2495 virtus
889 2437 1225 2509 cogitativa,
1257 2451 1441 2510 quum
1475 2445 1751 2509 operetur
1776 2452 1882 2509 per
1905 2451 2221 2512 organum,
2252 2452 2377 2497 non
2401 2443 2493 2497 est
2516 2438 2573 2496 id
2597 2451 2725 2511 qno

286 2506 705 2580 intelligimus,
738 2522 921 2582 quum
952 2506 1283 2581 intelligere
1315 2523 1438 2566 non
1468 2508 1544 2567 sit
1576 2511 1842 2580 operatio
1867 2509 2123 2580 alicujus
2153 2510 2385 2584 organi.
2421 2508 2482 2568 ld
2514 2516 2723 2570 autem

290 2580 827 2652 quo-intelligimus
857 2584 949 2637 est
971 2578 1032 2636 id
1064 2592 1184 2651 quo
1213 2579 1393 2638 homo
1420 2586 1512 2637 est
1535 2581 1738 2650 homo,
1813 2594 1957 2637 uum
1981 2581 2316 2662 intelligere
2346 2581 2426 2637 sit
2474 2582 2726 2652 propria

286 2650 554 2720 operatio
582 2650 869 2720 hominis,
900 2663 1280 2722 consequens
1315 2650 1445 2723 eJus
1475 2652 1762 2721 speciem.
1848 2665 1925 2709 oti
1974 2658 2063 2709 est
2108 2652 2294 2725 igitur
2334 2652 2449 2710 hoc
2500 2652 2719 2709 indivi-

288 2718 472 2777 duum
505 2720 683 2777 homo
713 2736 817 2792 per
844 2720 1117 2778 virtutem
1145 2721 1547 2793 cogitativam,
1580 2735 1770 2795 neque
1806 2723 1932 2780 liaec
1954 2723 2144 2781 virtus
2172 2728 2265 2781 est
2310 2721 2371 2780 id
2417 2736 2522 2793 per
2597 2722 2721 2780 uod

285 2788 471 2848 homo
503 2791 976 2849 substantialiter
1007 2790 1204 2848 differt
1231 2806 1267 2848 a
1307 2792 1522 2862 brutis,
1568 2797 1631 2850 ut
1677 2795 2118 2851 commentator
2168 2792 2491 2864 praedictus
2594 2793 2727 2865 ogit

285 2855 389 2933 <De
417 2864 625 2930 anima,
657 2876 746 2929 ιιι,
778 2866 918 2918 text.
951 2875 1169 2918 comm.
1202 2861 1276 2933 8).

355 2930 574 2999 Adhuc,
603 2933 793 2988 virtus
822 2931 1141 3003 cogitativa
1169 2945 1292 2989 non
1321 2932 1499 2989 habet
1525 2933 1798 2991 ordinem
1829 2934 1902 2991 ad
1942 2933 2311 2992 intellectum
2357 2933 2721 3005 possibilem

282 3011 406 3073 quo
434 3001 620 3057 intelli
670 3002 714 3057 it
744 3002 943 3069 homo,
975 3002 1092 3059 nisi
1127 3015 1231 3072 per
1260 3015 1436 3059 suum
1467 3010 1665 3060 actum
1696 3018 1815 3085 quo
1846 3010 2252 3076 praeparantur
2270 3006 2720 3076 phantasmata,

281 3074 354 3132 ut
374 3084 479 3142 per
506 3016 868 3152 int-eflectum
900 3077 1172 3152 agentem
1195 3071 1339 3128 fiant
1362 3073 1767 3153 intelligibilia
1796 3082 1930 3133 actu
1961 3082 2019 3132 et
2047 3074 2414 3147 perficientia
2440 3075 2717 3132 intellec-

280 3143 411 3198 tum
439 3142 807 3212 possibilem.
840 3144 1114 3212 Operatio
1145 3149 1339 3200 autem
1372 3150 1486 3201 ista
1518 3157 1640 3201 non
1671 3159 1906 3218 semper
1929 3146 2133 3203 eadem
2164 3153 2368 3203 manet
2393 3146 2455 3202 ιιι
2503 3145 2707 3203 nobiS.

281 3212 662 3293 Impossibile
692 3217 783 3270 est
806 3211 988 3283 igitur
1013 3213 1172 3285 quod
1202 3213 1383 3271 homo
1412 3228 1515 3285 per
1542 3228 1674 3272 eam
1704 3217 1794 3273 vel
1840 3216 2222 3274 continuetur
2254 3214 2546 3289 principio
2575 3229 2717 3287 spe-

282 3295 409 3362 ciei·
428 3283 702 3340 humanae
730 3284 822 3339 vel
853 3297 958 3354 per
984 3297 1113 3340 eam
1144 3283 1358 3341 habeat
1388 3286 1671 3357 speciem.
2682 3325 2687 3328 -

354 3353 451 3409 Sic
480 3354 662 3424 igitur
689 3360 846 3425 patet
875 3353 1030 3425 quod
1059 3354 1338 3424 praedicta
1370 3358 1690 3427 responsio
1716 3358 1965 3416 omnino
1994 3357 2359 3417 confutanda
2385 3361 2497 3416 est.

349 3423 499 3486 Item,
529 3425 588 3482 id
617 3438 736 3497 quo
767 3424 989 3496 aliquid
1019 3432 1297 3495 operatur
1316 3431 1420 3483 aut
1446 3427 1572 3499 agit
1594 3435 1688 3485 est
1708 3429 2068 3499 principium
2098 3429 2167 3486 ad
2220 3428 2378 3502 quod
2429 3426 2709 3500 sequitur

282 3496 577 3575 operatio,
602 3509 722 3552 non
752 3495 945 3553 solum
967 3566 977 3575 .
1000 3503 1287 3568 quantum
1332 3497 1402 3554 ad
1453 3511 1588 3555 esse
1640 3499 1852 3579 ipsiuS,
1898 3500 2004 3556 sed
2057 3499 2233 3557 etiam
2281 3505 2571 3571 quantum
2628 3497 2710 3557 ad

275 3565 719 3623 multitudinem
750 3573 851 3624 aut
876 3571 1195 3635 unitatem3
1228 3566 1301 3623 ab
1328 3567 1536 3625 eodem
1580 3583 1739 3627 enim
1787 3569 1984 3628 calore
2036 3583 2154 3627 non
2204 3574 2294 3626 est
2343 3570 2460 3625 nisi
2514 3581 2707 3628 unum

277 3634 603 3715 calefacere
632 3638 757 3694 sive
786 3650 906 3694 una
934 3637 1241 3695 calefactio
1263 3640 1474 3707 activa,
1506 3641 1779 3711 quamvis
1808 3641 2002 3711 possit
2031 3654 2165 3698 esse
2195 3640 2505 3711 multiplex
2551 3639 2713 3697 cale-

276 3703 427 3767 fieri,
456 3707 579 3764 sive
609 3708 808 3765 multae
837 3706 1256 3766 calefactiones
1285 3709 1541 3779 passivae
1572 3711 1901 3768 secundum
1943 3711 2345 3768 diversitatem
2376 3710 2705 3768 calefacto-

275 3788 409 3855 rum
438 3779 616 3834 simul
649 3793 752 3849 pei·
775 3791 962 3835 unum
990 3778 1269 3836 calorem.
1301 3779 1645 3838 Intellectus
1674 3788 1870 3839 autem
1903 3781 2213 3853 possibilis
2241 3786 2333 3838 est
2363 3795 2483 3853 quo
2527 3781 2707 3839 intel-

273 3843 406 3924 ligit
435 3849 652 3916 anima,
679 3855 745 3905 ut
770 3849 912 3906 dicit
937 3849 1284 3906 Aristoteles
1315 3848 1412 3920 (De
1438 3853 1644 3919 anima,
1675 3865 1761 3915 ιιι,
1821 3857 1961 3909 text.
2007 3866 2225 3910 comm.
2272 3851 2348 3924 5).
2401 3851 2461 3908 Si
2514 3851 2709 3923 igitur

272 3916 947 4000 intellectus-possibilis
976 3918 1155 4000 hujus
1184 3924 1240 3975 et
1268 3918 1433 3977 illius
1466 3920 1729 3980 hominis
1772 3922 1850 3981 sit
1902 3936 2061 3982 unus
2103 3928 2163 3980 et
2203 3921 2363 3980 idem
2420 3935 2704 3989 numero,

275 3997 522 4066 necesse
552 3995 663 4044 erit
691 3993 868 4047 etiam
888 3989 1221 4062 intelligere
1249 3992 1562 4064 utriusque
1607 4007 1740 4051 esse
1774 4006 1960 4050 unum
1991 3997 2051 4050 et
2093 3993 2285 4061 idem3
2334 3993 2491 4066 quod
2540 3996 2709 4064 patet

274 4067 409 4115 esse
460 4060 858 4136 impossihile;
906 4073 1041 4116 nam
1092 4060 1457 4118 diversorum
1509 4063 1952 4122 individuorum
2000 4064 2376 4135 impossihile
2418 4069 2512 4121 est
2558 4076 2707 4123 esse

267 4131 674 4254 ssss3r³t¹ss⁰9m
708 4144 909 4258 anain.
956 4130 1332 4203 Impossibile
1383 4138 1473 4190 est
1514 4132 1701 4206 igitur
1738 4134 2107 4193 intellectum
2149 4134 2502 4206 possibilem
2552 4146 2699 4195 esse

361 4210 459 4253 um
536 4212 671 4267 ujus
696 4214 728 4255 e
781 4216 798 4257 ι
851 4214 967 4259 ius.

308 4267 401 4348 ‚si
436 4274 632 4324 autem
660 4269 887 4329 dicatur
909 4273 1070 4346 quod
1096 4273 1290 4346 ipsum
1322 4272 1657 4347 intelligere
1687 4275 2114 4349 multiplicatur
2139 4275 2471 4337 secundum
2497 4275 2701 4338 diver·

270 4341 508 4397 sitatem
536 4338 1042 4416 phantasmatum,
1074 4343 1188 4405 hoc
1216 4350 1372 4405 stare
1402 4358 1527 4404 non
1552 4349 1771 4423 potest.
