3076 5025
1071 298 1203 355 ms.
1244 297 1341 367 111,
1382 297 1533 353 car.
1573 296 1751 354 xciv.
2513 302 2619 359 387

178 418 419 478 ordinis
439 418 1030 490 praemeditationem,
1069 421 1129 473 et
1165 415 1553 488 praemeditati
1579 415 1810 474 ordinis
1846 414 2305 489 institutionem,
2342 420 2407 486 in
2431 422 2614 482 rebus

176 504 319 563 quae
340 489 727 562 providentiae
748 488 1105 557 subduntur,
1138 500 1392 569 quorum
1421 487 1679 557 primum
1727 486 1800 544 ad
1831 489 2303 560 cognoscitivam
2330 492 2609 553 virtutem

174 560 463 633 pertinet,
494 559 658 617 aliud
679 573 819 617 vero
849 559 922 617 ad
952 565 1338 631 operativam,
1371 558 1484 614 hoc
1514 557 1695 638 inter·
1720 564 2039 631 utrumque
2077 558 2292 630 differt,
2345 562 2505 634 quod
2550 564 2618 622 in

177 629 646 704 praemeditante
676 629 968 700 ordinem,
1015 634 1177 686 tanto
1230 634 1323 686 est
1363 628 1738 699 providentia
1775 629 2111 700 perfectior,
2160 638 2388 704 quanto
2417 635 2617 707 magis

175 715 379 774 usque
426 700 503 759 ad
547 701 796 758 minima
837 700 985 758 ordo
1079 697 1420 757 revidentiae
1472 703 1670 769 potest
1727 697 1991 770 perduci.
2056 701 2226 769 Quod
2283 703 2444 761 enim
2498 717 2615 763 nos

177 771 460 831 omnium
484 771 933 843 particularium
960 784 1028 828 or
1070 770 1231 827 inem
1259 768 1654 853 praemeditari
1686 782 1807 826 non
1836 783 2163 841 possumus
2191 772 2352 831 circa
2380 789 2453 833 ea
2481 788 2617 848 quae

176 847 332 903 sunt
358 841 1020 914 disponendaanobis,
1060 856 1134 898 ex
1180 840 1412 897 defectu
1457 845 1679 897 nostrae
1728 840 2094 912 cognitionis
2139 844 2431 915 provenit,
2479 857 2618 919 quae

175 918 406 972 cuncta
433 913 528 971 sin
617 912 767 970 laria
796 911 1110 984 complecti
1133 923 1255 968 non
1277 915 1493 982 potest.
1523 912 1709 967 Tanto
1736 915 1934 967 autem
1951 911 2016 968 in
2040 913 2407 984 providendo
2426 929 2617 975 unus·
2699 951 2703 958 ·

174 983 445 1057 quisque
474 996 543 1040 so
569 983 791 1040 licitior
803 983 1075 1053 liabetur,
1097 986 1322 1054 quanto
1356 980 1527 1052 plura
1555 981 1939 1052 singulariter
1968 984 2363 1053 praemeditari
2383 992 2613 1057 potest3
2715 1004 2718 1007 ⁴

174 1057 364 1126 cujus
393 1060 589 1111 autem
610 1053 876 1125 provisio
903 1054 967 1110 in
988 1053 1141 1111 solis
1162 1050 1605 1110 universalibus
1634 1052 2011 1122 consisteret,
2038 1066 2247 1125 parum
2273 1055 2345 1111 de
2365 1057 2621 1128 pruden-

175 1126 276 1183 tia
303 1124 511 1197 partici
556 1129 702 1192 aret,
731 1124 930 1181 simile
962 1129 1161 1182 autem
1189 1123 1252 1180 in
1282 1121 1567 1203 omnibus
1607 1122 1929 1204 operativis
1973 1124 2202 1182 artibus
2248 1126 2619 1186 considerari

228 1200 408 1253 otest.
434 1196 505 1254 Se
565 1195 631 1251 in
664 1195 779 1252 hoc
807 1194 968 1268 quod
999 1193 1145 1252 ordo
1192 1192 1637 1265 praemeditatus
1688 1192 1868 1251 rebus
1912 1195 2259 1266 imponitur,
2312 1201 2478 1255 tanto
2525 1202 2620 1257 est

233 1264 432 1339 'gnior
458 1271 515 1322 et
541 1265 858 1337 perfectior
910 1264 1284 1347 providentia
1330 1262 1742 1336 gubernantis,
1793 1269 2017 1345 quanto
2063 1270 2154 1323 est
2196 1266 2615 1337 universalior,

177 1339 245 1395 et
277 1349 386 1407 per
423 1335 597 1407 plura
643 1335 979 1394 ministeria
1019 1349 1191 1395 suam
1242 1333 1491 1405 explicat
1543 1332 2134 1406 praemeditationem,
2184 1337 2324 1409 quia
2371 1343 2431 1395 et
2484 1338 2621 1409 ipsa

177 1404 662 1464 ministeriorum
692 1406 1012 1479 dispositio
1035 1419 1314 1479 magnam
1344 1408 1571 1477 partem
1600 1403 1826 1476 provisi
1868 1405 2100 1464 ordinis
2146 1406 2343 1466 hahet.
2377 1410 2623 1481 Oportet

178 1482 389 1536 autem
406 1476 568 1550 quod
587 1477 791 1535 divina
807 1477 1182 1549 providentia
1206 1476 1268 1533 in
1288 1487 1527 1533 summo
1564 1474 1949 1545 perfectionis
1984 1477 2298 1547 consistat,
2357 1480 2458 1537 uia
2487 1480 2619 1551 ipse

185 1553 287 1606 est
316 1546 669 1618 simpliciter
692 1553 750 1604 et
775 1547 1192 1605 universaliter
1214 1546 1534 1617 perfectus,
1566 1550 1630 1603 ut
1658 1545 1721 1602 in
1751 1545 1944 1616 primo
1978 1546 2082 1604 lib.
2108 1546 2258 1620 (cap.
2290 1554 2323 1606 2
2362 1549 2380 1622 )
2415 1555 2621 1608 osten·

184 1631 329 1676 sum
350 1622 461 1676 est.
492 1620 559 1675 In
588 1617 955 1690 providendo
989 1617 1174 1691 igitur
1201 1630 1326 1674 suae
1357 1615 1667 1697 sapientiae
1686 1615 2214 1696 ,praemeditatione
2256 1620 2623 1693 sempiterna

185 1688 400 1747 omnia
447 1688 706 1758 ordinat,
754 1694 1304 1761 quantumcumque
1352 1699 1604 1743 minima
1643 1685 1975 1745 videantur.
2031 1689 2429 1763 Quaecumque
2476 1704 2619 1750 vero

184 1771 400 1818 eorum
446 1757 866 1828 adoperantur,
909 1756 1446 1837 instrumentaliter
1486 1761 1672 1836 agunt
1706 1756 1781 1814 ab
1810 1771 1882 1815 eo
1914 1764 2096 1829 mota,
2127 1761 2266 1816 etei
2315 1760 2621 1833 obtempe-

182 1829 379 1887 rando
408 1828 770 1898 ministrant,
797 1829 870 1888 ad
897 1829 1169 1888 ordinem
1198 1825 1584 1900 providentiae
1610 1826 1683 1885 ab
1713 1833 1955 1898 aeternO,
1988 1835 2054 1887 ut
2084 1829 2169 1888 ita
2194 1829 2411 1903 dicam,
2442 1845 2621 1891 exco-

181 1901 440 1973 gitatum
473 1898 890 1971 explicandum
921 1900 985 1956 in
1014 1899 1216 1957 rebus.

259 1969 321 2028 Si
346 1974 543 2028 autem
573 1970 778 2027 omnia
804 1984 938 2042 quae
965 1983 1142 2042 agere
1169 1973 1429 2041 possunt
1457 1980 1708 2026 necesse
1742 1975 1836 2026 est
1875 1974 1943 2026 ut
1989 1969 2052 2025 in
2082 1970 2314 2043 agendo
2354 1971 2407 2029 ei
2438 1972 2618 2031 mini-

184 2045 402 2111 strent,
426 2039 801 2168 ἱωὲρεεὶὸῇιᾳ
841 2046 934 2098 est
961 2039 1120 2113 quod
1165 2039 1406 2113 aliquod
1435 2052 1623 2113 agens
1653 2038 1867 2119 divinae
1891 2039 2278 2120 providentiae
2317 2045 2621 2103 executio-

185 2125 330 2169 nem
349 2111 507 2183 impe
553 2115 653 2182 1at,
684 2110 800 2168 sibi
829 2111 1194 2169 contrarium
1220 2110 1473 2182 agendo.
1501 2113 1698 2182 Neque
1728 2113 1906 2166 etiam
1936 2110 2223 2181 possibile
2244 2118 2337 2170 est
2355 2114 2621 2175 divinam

181 2180 622 2255 providentiam
650 2180 922 2262 impediri
954 2195 1059 2254 per
1090 2181 1386 2239 defectum
1415 2180 1670 2251 alicujus
1722 2181 1978 2252 agentis,
2009 2181 2100 2238 vel
2133 2183 2434 2253 patientis,
2479 2198 2620 2245 cum

186 2252 393 2311 omnis
420 2252 609 2310 virtus
633 2257 827 2310 activa
850 2252 944 2309 vel
1012 2252 1212 2310 assiva
1240 2251 1403 2309 sitin
1433 2250 1615 2331 rebus
1642 2251 1972 2308 secundum
1996 2251 2255 2310 divinam
2275 2254 2623 2336 dispositio-

184 2336 331 2382 nem
359 2328 623 2381 causata.
654 2322 977 2394 Impossibi
1004 2337 1036 2380 e
1065 2327 1160 2380 est
1196 2323 1372 2379 etiam
1403 2320 1566 2394 quod
1597 2321 1957 2393 impediatur
1984 2322 2199 2380 divinae
2230 2325 2620 2394 providentiae

184 2393 465 2452 executio
494 2406 598 2465 per
623 2392 1010 2464 providentiae
1033 2392 1535 2455 immutationem,
1568 2404 1704 2448 cum
1736 2394 1893 2448 Deus
1911 2392 1990 2449 sit
2014 2394 2264 2450 omnino
2284 2395 2625 2454 immutabi-

185 2464 294 2535 lis,
326 2468 603 2546 utsupra
626 2468 939 2546 ostensum
966 2468 1059 2522 est
1087 2463 1212 2538 (lib.
1233 2476 1278 2534 1,
1302 2476 1432 2535 cap.
1465 2461 1572 2536 15).
1605 2460 1982 2534 Relinquitur
2019 2476 2163 2536 ergo
2202 2464 2363 2536 quod
2414 2466 2621 2527 divina

185 2547 458 2609 provisio
479 2548 706 2593 cassari
736 2548 860 2592 non
887 2540 1103 2607 potest.

261 2604 555 2677 Deinceps
610 2611 810 2663 autem
864 2603 1366 2664 considerandum
1417 2609 1510 2661 est
1563 2602 1724 2676 quod
1766 2615 1944 2660 omne
2010 2617 2197 2676 agens
2240 2605 2499 2665 intendit
2541 2609 2621 2669 ad

181 2676 417 2735 bonum
471 2681 528 2734 et
555 2676 772 2734 melius
793 2676 1122 2734 secundum
1151 2673 1314 2748 quod
1342 2678 1558 2746 potest,
1593 2678 1656 2730 ut
1691 2686 1874 2753 supra
1908 2673 2057 2745 (cap.
2082 2675 2137 2756 3)
2169 2681 2483 2736 ostensum
2505 2684 2616 2739 est.

184 2749 427 2806 Bonum
449 2752 648 2805 autem
677 2751 736 2803 et
773 2747 992 2815 melius
1021 2758 1144 2803 non
1173 2744 1382 2802 eodem
1413 2743 1595 2801 modo
1623 2743 2084 2825 considerantur
2110 2758 2172 2801 in
2203 2751 2328 2805 toto
2351 2753 2410 2805 et
2435 2750 2621 2821 parti-

183 2818 328 2877 bus,
359 2820 423 2875 ln
452 2821 581 2874 toto
605 2817 765 2875 enim
806 2817 1032 2875 bonum
1062 2821 1153 2874 est
1177 2815 1510 2887 integritaS,
1543 2828 1676 2887 quae
1712 2829 1786 2872 ex
1824 2820 2081 2887 partium
2125 2816 2334 2874 ordine
2364 2824 2423 2876 et
2453 2833 2618 2879 com-

183 2887 494 2961 positione
523 2887 881 2960 relinquitur
909 2905 926 2944 :
957 2886 1114 2945 unde
1143 2886 1361 2944 melius
1390 2890 1482 2944 est
1509 2885 1616 2942 toti
1645 2884 1806 2958 quod
1844 2885 1922 2943 sit
1951 2885 2107 2943 inter
2133 2894 2333 2958 partes
2364 2888 2618 2961 dispari-

181 2966 308 3028 ωε,
336 2958 470 3017 sine
498 2972 619 3030 qua
648 2958 795 3015 ordo
825 2963 884 3016 et
910 2958 1194 3030 perfectio
1217 2957 1404 3015 totius
1430 2970 1566 3015 esse
1596 2969 1718 3013 non
1759 2960 1976 3028 potest,
2007 2971 2184 3030 quarn
2217 2959 2377 3031 quod
2406 2973 2620 3020 omnes

182 3034 392 3103 partes
420 3028 544 3087 sint
571 3043 619 3086 ae
662 3028 852 3097 uales‚
881 3042 1237 3102 unaquaque
1266 3041 1470 3086 earum
1523 3026 1904 3108 perveniente
1951 3027 2024 3085 ad
2068 3028 2318 3101 gradum
2373 3031 2623 3091 nobilis-

184 3100 364 3158 simae
381 3098 586 3170 partis.
670 3099 909 3157 uaelibet
951 3106 1147 3157 autem
1175 3113 1315 3171 pars
1361 3098 1667 3156 inferioris
1714 3097 1938 3179 gradus
1992 3098 2055 3155 in
2098 3112 2164 3157 se
2216 3101 2616 3175 considerata,

182 3169 409 3228 melior
431 3175 611 3240 esset,
641 3170 694 3227 si
725 3173 887 3228 esset
905 3169 969 3226 in
1006 3170 1194 3242 gradu
1224 3169 1554 3241 superioris
1598 3172 1804 3240 partiS,
1855 3168 2011 3226 sicut
2100 3176 2219 3227 atet
2259 3170 2322 3228 in
2369 3186 2620 3244 corpore

185 3239 479 3299 humano.
511 3240 760 3310 Dignior
781 3240 938 3298 enim
965 3254 1105 3310 pars
1134 3244 1295 3298 esset
1321 3253 1426 3310 pes
1457 3240 1510 3298 si
1542 3239 1700 3297 oculi
1732 3239 2030 3310 pulchritu
2079 3241 2235 3298 inem
2266 3247 2323 3299 et
2338 3243 2619 3303 virtutem

184 3310 458 3369 haberet.
481 3310 708 3381 Corpus
735 3316 932 3368 autem
955 3316 1148 3368 totum
1176 3316 1337 3368 esset
1359 3309 1787 3391 imperfectiuS,
1820 3310 1872 3367 si
1902 3311 1956 3367 ei
1987 3309 2250 3369 officium
2268 3313 2440 3384 pedis
2454 3313 2624 3373 dees·

185 3386 305 3440 set.
328 3380 416 3438 Ad
437 3379 598 3438 aliud
628 3380 811 3453 igitur
832 3380 1024 3438 tendit
1047 3381 1300 3438 intentio
1316 3380 1694 3452 particularis
1721 3381 1957 3452 agentis
1986 3386 2044 3437 et
2064 3382 2445 3443 universalis.
2468 3387 2623 3444 Nam

185 3451 547 3524 particulare
579 3464 765 3523 agens
789 3452 980 3509 tendit
1003 3451 1079 3509 ad
1104 3451 1329 3510 bonum
1357 3451 1545 3524 partis
1574 3450 1870 3521 absolute,
1914 3457 1973 3509 et
2015 3452 2157 3509 facit
2210 3467 2341 3512 eam
2392 3462 2620 3528 quanto

184 3522 501 3581 meliorem
570 3527 768 3590 otest3
799 3521 1135 3581 universale
1159 3527 1358 3579 autem
1391 3534 1579 3593 agens
1608 3521 1797 3579 tendit
1825 3521 1898 3579 ad
1938 3520 2165 3581 bonum
2194 3525 2380 3583 totius
2412 3543 2426 3582 ε
2459 3526 2621 3584 unde

185 3588 411 3674 aliquis
441 3536 707 3674 defectus
733 3597 826 3650 est
847 3598 1058 3673 praeter
1083 3592 1475 3674 intentionem
1492 3591 1870 3673 particularis
1890 3593 2145 3665 agentis,
2165 3595 2383 3675 qui-est
2401 3609 2623 3653 secun-

186 3662 335 3721 dum
359 3668 753 3720 intentionem
783 3669 1018 3736 agentis
1046 3663 1425 3727 universalis,
1459 3668 1618 3721 sicut
1644 3668 1805 3744 patet
1874 3663 1992 3721 uod
2022 3670 2327 3736 generatio
2358 3665 2621 3725 foeminae

185 3739 284 3792 est
309 3738 521 3806 praeter
544 3734 939 3793 intentionem
963 3738 1192 3792 naturae
1259 3733 1620 3804 articularis,
1650 3732 1713 3790 id
1741 3739 1833 3791 est
1904 3733 2042 3805 ujus
2087 3735 2323 3793 virtutis
2367 3749 2499 3808 quae
2528 3742 2624 3794 est
2714 3759 2723 3777 ν

183 3804 255 3863 in
278 3804 395 3862 hoc
414 3805 666 3875 semine,
693 3818 825 3877 quae
853 3804 929 3862 ad
958 3804 1074 3862 hoc
1102 3809 1202 3861 ten
1247 3804 1291 3861 it
1323 3803 1483 3876 quod
1510 3802 1782 3875 perficiat
1800 3810 2155 3884 conceptum
2174 3810 2398 3877 quanto
2422 3806 2621 3879 magis

178 3879 404 3948 potest.
436 3877 538 3933 Est
563 3880 763 3933 autem
787 3874 859 3934 de
886 3875 1218 3933 intentione
1246 3879 1473 3933 naturae
1502 3874 1881 3942 universalis,
1912 3874 1973 3932 id
2003 3881 2096 3933 est
2122 3876 2359 3934 virtutis
2391 3876 2625 3935 univer-

182 3946 338 4005 salis
371 3946 607 4019 agentis
641 3946 713 4003 ad
741 3945 1188 4019 generationem
1225 3945 1599 4014 inferiorum,
1630 3945 1793 4019 quod
1823 3945 2070 4003 foemina
2096 3951 2432 4018 generetur,
2485 3947 2621 4005 sine

180 4029 308 4089 qua
333 4017 640 4089 generatio
670 4016 994 4074 multorum
1017 4016 1367 4075 animalium
1396 4016 1682 4088 compleri
1703 4028 1825 4075 non
1858 4023 2083 4089 posset.
2105 4019 2170 4073 Et
2196 4016 2409 4075 eodem
2433 4016 2617 4076 modo

181 4087 493 4158 corruptio
527 4091 586 4142 et
609 4085 926 4144 diminutio
961 4091 1019 4145 et
1040 4087 1241 4144 omnis
1270 4086 1537 4144 defectus
1567 4092 1661 4144 est
1688 4086 1759 4144 de
1779 4086 2113 4144 intentione
2135 4093 2361 4145 naturae
2381 4087 2619 4147 univer-

179 4156 359 4224 salis,
392 4169 515 4213 non
550 4161 744 4213 autem
777 4162 1004 4215 naturae
1032 4156 1411 4229 particularis
1437 4173 1454 4225 3
1484 4169 1623 4214 nam
1664 4155 1947 4230 quaelibet
1989 4170 2086 4213 res
2116 4156 2270 4229 fugit
2299 4157 2619 4229 defectum,

177 4225 379 4285 tendit
402 4239 544 4283 vero
570 4224 646 4283 ad
672 4226 1094 4297 perfectionem
1121 4227 1494 4301 quantumin
1522 4240 1589 4285 se
1613 4233 1723 4285 est.
1754 4230 1921 4284 Patet
1943 4239 2087 4299 ergo
2125 4228 2282 4298 quod
2316 4229 2388 4287 de
2419 4228 2617 4288 inten-

178 4294 350 4355 tione
380 4296 617 4369 agentis
641 4296 1017 4367 particularis
1043 4303 1138 4357 est
1185 4297 1348 4371 quod
1378 4295 1627 4356 effectus
1655 4311 1805 4355 suus
1834 4296 1937 4353 fiat
1973 4296 2269 4369 perfectus
2298 4305 2655 4372 quantum-.

178 4380 443 4441 cumque
498 4372 696 4439 potest
741 4367 806 4423 in
849 4380 1068 4440 genere
1111 4382 1264 4436 suo;
1296 4367 1368 4425 de
1394 4367 1726 4425 intentione
1756 4373 1954 4425 autem
1987 4372 2212 4425 naturae
2252 4368 2612 4426 universalis

180 4442 278 4498 est
326 4437 488 4513 quod
542 4437 643 4497 hic
688 4435 938 4498 effectus
982 4436 1087 4499 flat
1132 4439 1433 4510 perfectus
1468 4438 1576 4497 tali
1619 4437 2008 4511 perfectione,
2053 4444 2198 4511 puta
2242 4438 2610 4512 perfectione
