3076 5025
1090 321 1226 378 Lm.
1263 322 1364 392 111,
1402 322 1557 381 CAP.
1591 322 1782 379 Lxxx.
2554 325 2663 383 36⁵

199 445 478 520 principe
504 443 857 526 Iudaeorum·
875 449 935 503 et
950 443 1228 572 (principe
1254 445 1572 503 Persarum
1600 450 1661 502 et
1685 446 2021 504 Graecorum
2049 463 2065 515 ;
2095 449 2156 504 et
2196 446 2286 504 sic
2328 446 2657 518 dispositio

201 527 536 596 regnorum
563 520 622 572 et
649 520 900 573 mutatio

203 586 395 659 huius
423 584 657 645 ordinis
684 586 981 657 pertinere
1005 589 1255 657 oportet.
1287 586 1611 644 instructio
1640 585 1819 643 etiam
1858 598 2067 643 eorum
2111 587 2214 660 qui
2263 588 2418 646 inter
2459 586 2659 645 homi·

992 514 1382 573 ominationis
1433 528 1471 573 a
1513 520 1692 587 gente
1721 515 1785 572 iii
1831 522 2070 588 gentem
2124 514 2199 575 ad
2243 517 2656 576 ministerium
2752 537 2757 554 -·

202 669 324 715 nes
353 656 618 715 existunt
695 655 976 728 rincipes,
1008 654 1081 713 de
1120 655 1217 714 liis
1266 669 1401 728 quae
1442 655 1518 714 ad
1561 655 2144 715 administrationem
2190 657 2288 715 sui
2334 656 2655 731 regiminis
2758 713 2761 716 ,

201 726 533 801 pertinent,
564 724 641 784 ad
714 739 831 785 une
855 726 1128 784 ordinem
1158 731 1428 797 spectare
1450 725 1751 785 videntur.

283 800 389 856 Est
414 797 596 855 etiam
626 796 868 868 aliquod
897 797 1229 855 humanum
1256 797 1484 854 bonum
1516 796 1680 871 quod
1709 809 1832 854 non
1860 796 1926 855 in
1954 798 2384 857 communitate
2422 799 2658 859 consis-

200 867 303 949 tit,
334 867 443 927 sed
471 867 544 928 ad
589 867 850 940 aliquem
891 868 1148 939 pertinet
1186 867 1519 926 secundum
1564 867 1832 949 seipsum
1882 885 1899 925 ε
1948 880 2072 925 non
2115 873 2315 926 tamen
2369 870 2475 928 uni
2530 869 2654 930 soli
2734 859 2758 926 ἰ

203 941 385 1008 utile,
409 937 518 996 sed
560 937 792 1008 multis,
820 937 979 997 sicut
1019 951 1153 1012 quae
1198 943 1341 996 sunt
1376 938 1451 996 ab
1501 938 1785 996 omnibus
1836 942 1895 995 et
1937 937 2198 1011 singulis
2244 938 2542 999 credenda
2589 946 2654 1002 et

205 1006 610 1078 observanda,
642 1008 800 1067 sicut
826 1022 898 1066 ea
927 1021 1058 1083 quae
1088 1014 1231 1067 sunt
1256 1007 1395 1066 fidei
1421 1013 1479 1066 et
1502 1008 1701 1067 cultus
1744 1007 2005 1080 divinus,
2036 1011 2096 1066 et
2124 1009 2244 1068 alia
2279 1009 2655 1082 hujusmodi.

203 1079 281 1140 Et
307 1079 426 1139 hoc
449 1079 525 1138 ad
552 1079 923 1148 Archanqetos
945 1079 1202 1152 pertinet
1258 1078 1330 1138 de
1359 1078 1580 1152 quibus
1626 1079 1948 1151 Gregorius
1989 1078 2157 1148 dicit,
2207 1079 2369 1162 quod
2414 1091 2660 1140 summa

203 1149 516 1234 puntiant,
545 1149 705 1208 sicut
726 1150 1054 1233 Gabrielem
1099 1163 1198 1209 are
1245 1149 1525 1277 angelum
1569 1150 1977 1220 nominamuS,
2018 1149 2124 1223 qui
2151 1151 2449 1224 unigeniti
2475 1151 2655 1211 verbi

203 1225 693 1281 incarnationem
721 1226 1035 1290 nuntiavit,
1066 1220 1141 1279 ab
1170 1231 1333 1279 omni
1380 1233 1454 1279 us
1481 1219 1860 1279 credendam.

207 1303 214 1308 ·
278 1291 596 1361 Quoddam
646 1302 787 1349 vero
832 1291 1163 1349 humanum
1211 1291 1438 1350 bonurn
1482 1296 1579 1350 est
1620 1290 1696 1348 ad
1746 1299 1932 1348 unuin
1979 1290 2216 1363 uodque
2262 1290 2654 1364 singulariter

248 1361 543 1444 ertinens,
578 1365 639 1420 et
663 1361 780 1420 hoc
821 1362 897 1420 ad
936 1362 1206 1420 ordinem
1253 1363 1508 1434 pertinet
1547 1362 1884 1431 Anpelorum
1978 1373 2011 1418 e
2065 1361 2286 1434 quibus
2332 1362 2658 1434 Gregorius

273 1437 363 1492 cit
450 1431 570 1491 uod
598 1431 809 1490 infima
849 1433 1144 1490 nuntiant.
1177 1431 1341 1490 Unde
1371 1436 1429 1490 et
1473 1431 1787 1491 hominum
1837 1430 2122 1491 custodes
2161 1441 2298 1491 esse
2354 1432 2659 1501 dicuntur,

198 1516 402 1563 secun
445 1516 548 1560 um
576 1502 726 1561 illud
756 1506 851 1561 Ps.
881 1515 977 1572 xc,
1005 1508 1065 1561 ll
1102 1520 1117 1559 t
1147 1503 1377 1572 Angelis
1400 1505 1517 1559 suis
1545 1505 1685 1560 Deus
1710 1503 1999 1559 mandavit
2033 1503 2102 1559 d‘e
2141 1506 2210 1567 te,
2239 1505 2304 1560 ttt
2347 1504 2665 1561 custodiant

198 1577 262 1632 te
277 1575 348 1630 in
374 1573 623 1630 omnibus
649 1576 756 1630 viis
783 1576 913 1630 tuis.
947 1573 1109 1631 Unde
1137 1578 1195 1632 et
1223 1574 1549 1645 Dionysius
1562 1573 1724 1643 dicit,
1745 1572 1905 1648 quod
1922 1572 2275 1646 Archangeli
2293 1574 2484 1632 medii»
2504 1579 2657 1633 sunt

202 1644 373 1702 inter
395 1643 773 1716 principatus
801 1651 860 1703 et
884 1644 1168 1716 Angelos,
1193 1643 1484 1702 habentes
1528 1642 1774 1725 aliquod
1813 1653 2132 1701 commune
2181 1655 2320 1702 cum
2359 1645 2656 1718 utrisque.

200 1716 360 1773 Cum
390 1714 831 1787 principatibus
880 1714 1120 1787 quidem
1174 1715 1239 1773 in
1289 1719 1581 1787 quantum
1633 1713 2021 1772 inferioribus
2075 1715 2310 1787 angelis
2364 1714 2650 1774 ducatum

200 1790 518 1859 praestant.
548 1786 671 1843 Nec
697 1785 1016 1850 immerito,
1059 1785 1202 1867 quia
1245 1797 1383 1859 quae
1430 1790 1577 1844 sunt
1613 1799 1723 1858 pro
1768 1784 1858 1843 ria
1897 1785 1963 1843 in
2007 1785 2291 1844 humanis
2320 1785 2658 1845 secundum

202 1870 280 1914 ea
308 1868 446 1930 quae
472 1861 617 1914 sunt
643 1855 990 1914 communia
1026 1855 1362 1928 dispensari
1404 1861 1657 1927 oportet.
1751 1863 1848 1913 um
1896 1855 2274 1930 archangelis
2318 1869 2481 1921 vero,
2508 1856 2661 1930 quia

203 1925 576 1985 annuntiant
600 1926 857 1999 angelis,
885 1931 942 1984 et
975 1938 1080 1998 per
1107 1927 1357 1998 angelos
1385 1926 1584 1989 nobis,
1616 1935 1872 1999 quorum
1900 1929 1994 1985 est
2021 1926 2406 1985 manifestare
2454 1926 2659 1985 hoini-

202 1996 397 2055 nibus
426 2008 560 2070 quae
587 1996 664 2055 ad
692 2010 799 2055 eos
826 1996 1126 2069 pertinent
1152 1995 1485 2079 secundum
1514 1995 1993 2078 uniuspujusque
2015 1997 2358 2079 anai-ogiam
2377 2015 2393 2067 ;
2414 2003 2663 2079 propter

210 2066 1532 2219 {initiet‘a‘itlffiinfiaitissantelati&
1549 2080 1916 2220 issfflaiffii'
1923 2066 2671 2221 {l⁶.{z¹013..3⁸1÷330li03323

216 2207 346 2338 ggii
373 2213 1032 2350 ῗιοῳθυῗιξοωὲοεηιᾳω
1061 2207 1279 2266 habent
1307 2222 1381 2266 ex
1425 2214 1700 2280 utroque.
1733 2210 2037 2266 Dicuntur·
2075 2219 2234 2267 enim
2282 2208 2667 2283 Archangeli,

295 2289 368 2336 as
463 2291 592 2335 rinc
659 2291 724 2336 es
799 2291 837 2334 ii
885 2292 982 2335 ei.

204 2289 246 2353 q
276 2292 572 2421 Assignat
598 2352 795 2406 autem
824 2292 883 2405 egt
929 2346 1254 2420 Gregorius
1279 2347 1453 2406 aliter
1477 2347 1819 2407 coelestium'
1847 2348 2169 2419 spirituum
2189 2348 2659 2409 ordinationem.

207 2418 361 2478 Nam
393 2417 770 2491 principatus
812 2418 1202 2477 intermedios
1256 2417 1507 2490 spiritus
1562 2422 1957 2476 connumerat
2006 2422 2146 2489 post
2201 2420 2661 2478 nominationes

210 2488 564 2550 immediate
617 2489 874 2548 Virtutes
900 2502 1042 2547 vero
1071 2489 1229 2546 inter
1253 2487 1520 2558 infimos,
1549 2493 1689 2547 ante
1731 2488 2162 2569 Archangelos.
2194 2488 2309 2547 Sed
2340 2488 2664 2564 diligenter

208 2532 683 2632 inspicientibus
707 2565 956 2641 utraque
986 2558 1285 2618 ordinatio
1312 2558 1377 2617 in
1421 2558 1663 2640 modico
1693 2557 1931 2628 differt3
1963 2572 2099 2617 nam
2147 2557 2480 2618 secundum
2515 2560 2658 2619 Gre-

212 2632 462 2714 goriutn
489 2631 864 2712 principatus
880 2630 1161 2688 dicuntur
1182 2642 1304 2688 non
1328 2630 1432 2703 qui
1449 2629 1731 2703 gentibus
1750 2635 2198 2710 praeponuntur,
2220 2629 2326 2689 sed
2349 2630 2451 2704 qui
2473 2631 2657 2689 etiam

206 2702 371 2833 ἓξὲξ
396 2700 2234 2843 trattati‘titianaepatratas}iiiii-{litiis0³31
2280 2700 2659 2832 niti-⁵¹33&

208 2844 480 2917 priorem
514 2843 789 2902 existere.
820 2844 946 2900 Hoc
972 2847 1170 2899 autem
1199 2840 1531 2899 secundum
1560 2841 2034 2913 assignationem
2063 2846 2201 2899 ante
2238 2840 2457 2899 dietam
2510 2842 2661 2901 dixi·

210 2926 358 2972 mus
382 2913 458 2971 ad
473 2912 767 2972 Virtutum
788 2913 1059 2971 ordinem
1079 2913 1375 2985 pertinere
1389 2912 1678 2970 :Virtutes
1697 2916 1916 2981 autem,
1936 2911 2266 2970 secundum
2285 2913 2663 2986 Gregorium,

208 2989 364 3044 sunt
433 2996 525 3042 uae
555 2984 629 3042 ad
656 2984 950 3059 quasdam
992 2982 1383 3055 particulares
1429 2982 1810 3055 operationes
1862 2982 2237 3051 ordinantur,
2266 2997 2404 3041 cuni
2448 2983 2658 3057 aliquo

211 3054 426 3128 specia
450 3053 470 3111 i
500 3066 645 3113 casu
673 3059 887 3127 praetei·
908 3064 1289 3112 communem
1315 3053 1588 3111 ordinem
1608 3057 1841 3124 oportet
1858 3052 2083 3126 aliquid
2112 3054 2472 3111 miraculose
2493 3052 2659 3123 fieri3

212 3123 554 3185 seeundum
583 3139 762 3199 quain
791 3125 1084 3183 rationem
1113 3123 1263 3183 satis
1286 3125 1712 3182 convenienter
1738 3137 1877 3182 cum
1905 3122 2133 3182 infimis
2174 3124 2546 3185 ordinantur.

295 3195 562 3268 Utraque
584 3200 781 3254 antem
811 3195 1112 3254 ordinatio
1131 3206 1202 3253 ex
1228 3194 1428 3254 verbis
1451 3193 1720 3266 Apostoli
1746 3195 2161 3253 auctoritatem
2192 3194 2408 3253 babere
2434 3199 2658 3268 potest.

212 3262 376 3325 mcii
401 3264 583 3336 enim,
614 3267 830 3339 Eph.,1,
859 3270 952 3336 20,
975 3270 1040 3323 21
1074 3283 1093 3321 ε
1120 3265 1458 3323 constituens
1481 3264 1660 3328 illum,
1687 3264 1919 3323 scilicet
1930 3265 2252 3335 Christum,
2280 3266 2355 3321 ad
2372 3265 2659 3323 dexteram

211 3346 377 3395 sitam
407 3339 470 3393 in
494 3338 792 3394 coelestibus
819 3350 991 3408 supra
1017 3350 1224 3393 omnem
1249 3338 1444 3394 Prinei
1482 3340 1639 3393 atum
1659 3339 1713 3391 et
1732 3337 2073 3405 Potestatem,
2099 3334 2372 3394 Virtutem
2396 3341 2449 3393 et
2474 3338 2668 3394 Demi-

213 3409 515 3466 aaronem.
551 3410 620 3466 ln
646 3420 767 3483 quo
822 3405 1181 3488 patet-quod
1228 3348 1633 3472 ascendssndo,
1681 3416 1865 3477 supra
1907 3406 2285 3489 principatus
2326 3408 2665 3489 potestates

215 3478 448 3551 posuit,
480 3482 540 3535 et
562 3488 745 3551 supra
771 3477 905 3547 has,
934 3478 1215 3547 virtuteS,
1246 3488 1316 3536 sn
1363 3488 1430 3535 ra
1455 3486 1613 3550 quas
1625 3476 2077 3536 nominationes
2107 3477 2441 3537 collocavit.
2469 3478 2662 3549 Quem

213 3547 490 3607 ordinem
513 3548 840 3621 Dionysius
868 3547 1223 3606 observavit.
1253 3552 1298 3605 A
1368 3547 1601 3606 coloss
1633 3551 1852 3615 autem,
1878 3550 2026 3618 ωδ,
2047 3547 2108 3606 10
2154 3562 2305 3606 uens
2325 3548 2397 3606 de
2415 3546 2658 3607 Christo

215 3618 367 3677 dicit
395 3636 414 3674 ε
443 3619 568 3676 Sive
598 3621 821 3683 Thi-oni,
853 3620 966 3674 sive
991 3619 1417 3687 Demutationes,
1444 3621 1559 3674 sive
1582 3619 1958 3690 principatus,
1986 3619 2100 3676 sive
2170 3622 2439 3689 otestates,
2474 3620 2666 3675 omnia

211 3702 321 3761 pei·
347 3691 530 3761 ipsum
554 3692 692 3746 etin
717 3691 837 3760 ipso
865 3692 1048 3744 ereata
1077 3692 1225 3745 sunt.
1257 3691 1323 3747 ln
1350 3688 1512 3764 quod
1580 3692 1702 3749 atet
1725 3688 1887 3761 quod
1940 3702 1980 3747 a
2022 3689 2281 3748 Thronis
2330 3689 2659 3761 incipiens,

218 3758 660 3829 descendendo,
690 3759 805 3818 sub
835 3759 926 3818 eis
955 3758 1429 3831 nominationes,
1458 3768 1532 3818 su
1578 3758 1831 3831 'quibus
1868 3759 2264 3830 principatus,
2296 3764 2357 3818 et
2397 3759 2515 3818 sub
2558 3758 2664 3819 his
2757 3794 2765 3805 ·

219 3831 568 3889 potestates·
609 3830 833 3903 posuit.
883 3830 1072 3899 Quem
1126 3828 1397 3888 ordinem
1449 3831 1559 3887 Gre
1604 3830 1771 3888 orius
1816 3829 2171 3888 observavit.
2208 3832 2290 3888 ne
2343 3830 2485 3889 Sera
2529 3828 2661 3889 him

213 3904 415 3959 autem
434 3899 502 3958 fit
517 3901 742 3959 mentio
773 3900 1056 3969 isaiaem,
1077 3896 1150 3958 de
1175 3896 1498 3958 Cherubim
1601 3899 1807 3963 echite,
1823 3911 1868 3969 1,
1893 3899 1967 3958 d'e
1984 3899 2374 3973 Archangelis
2393 3901 2456 3958 in
2524 3912 2668 3981 anp-

214 3968 356 4099 {351²
376 3968 760 4099 Ιιιρεεέεσωὶῖ
775 3966 1006 4099 ibligine!
1021 3969 1400 4097 Areuanqetus
1423 3980 1546 4026 cum
1567 3969 1786 4027 diabolo
1809 3970 2123 4042 disputans,
2144 3974 2283 4040 etc„
2310 3969 2388 4030 de
2411 3969 2663 4044 Angelis

326 4054 514 4098 emin
625 4085 639 4099 .
691 4056 732 4099 u
827 4057 848 4099 i
911 4050 1011 4100 uin
1043 4053 1108 4099 es
1140 4083 1154 4099 .

292 4108 618 4169 {letantem
646 4082 1249 4171 omnibusordinatis
1274 4109 1595 4171 virtutibus
1616 4111 1736 4171 hoc
1764 4123 2105 4180 commune,
2131 4109 2278 4183 quia
2299 4109 2368 4169 in
2392 4109 2454 4170 vi
2481 4124 2663 4195 supe-

213 4178 400 4240 rioris
421 4179 664 4239 virtutis
687 4192 898 4240 omnes
923 4181 1242 4241 inferiores
1265 4187 1491 4262 agnou
1522 4182 1683 4241 unde
1700 4180 1763 4240 id
1779 4181 1941 4255 quod
1964 4180 2226 4261 diximus
2244 4179 2317 4239 ad
2338 4180 2661 4256 Seraphim-

215 4251 510 4311 ordinem·
541 4251 861 4333 pertinere,
916 4260 1127 4311 omnes
1162 4251 1484 4334 inferiores
1524 4266 1623 4334 ex·
1642 4251 1858 4310 virtute
1902 4253 2099 4331 ipsius
2141 4260 2537 4328 exequuntur.
2586 4252 2664 4312 Et

215 4321 502 4383 similiter
530 4326 712 4382 etiam
737 4332 806 4380 in
829 4316 966 4383 allis
994 4321 1309 4383 ordinibus
1337 4326 1429 4381 est
1452 4321 1980 4382 considerandum.
