3076 5025
382 227 451 287 16
1292 217 1426 275 Lm.
1467 219 1513 286 I,
1551 217 1708 276 GAP.
1744 219 1886 275 XIII.

381 348 591 412 totum,
639 340 782 413 quia
838 318 1228 411 sequerentur
1267 339 1578 411 praemissa
1641 337 2143 407 inconvenientia,
2189 337 2420 419 scilicet
2462 337 2623 411 quod
2680 337 2793 399 ali·

380 413 524 486 quid
580 410 759 469 simul
791 415 1052 467 moveret
1101 415 1156 466 et
1209 415 1542 466 moveretur
1570 409 1898 467 seeundum
1944 408 2212 466 eamdem
2251 422 2512 479 speciem
2562 413 2787 479 motuS,

380 488 440 541 et
469 481 624 554 quod
652 481 831 539 simul
860 486 1019 537 esset
1044 479 1107 535 in
1138 479 1400 549 potentia
1429 485 1486 535 et
1514 486 1671 541 actu,
1702 485 1759 535 et
1787 478 2036 536 ulterius
2058 478 2216 551 quod
2244 485 2434 536 totum
2465 491 2587 536 non
2631 486 2796 562 esset

379 553 573 626 primo
601 564 845 608 movens
871 564 959 618 se,
988 549 1093 608 sed
1122 549 1349 607 ratione
1374 549 1559 620 partis
1588 549 1873 622 (Physic‚,
1900 562 2032 618 viii,
2061 553 2201 606 text.
2233 563 2449 629 comm..
2478 548 2552 621 5).
2584 550 2793 631 Relin-

381 623 583 694 quitur
610 635 774 692 ergo,
791 620 949 693 quod
970 620 1264 678 moventis
1285 619 1547 691 seipsum
1567 624 1799 690 oportet
1813 632 1992 677 unam
2014 625 2241 690 partem
2264 633 2400 678 esse
2424 620 2793 678 immobilem

380 697 442 749 et
466 698 798 748 moventem
829 690 1005 747 aliam
1036 695 1284 761 partem.
2127 758 2139 771 ·
2174 759 2186 771 ⁸
2321 758 2334 771 ⁶
2494 759 2506 771 ι
2634 759 2646 772 .

454 762 564 819 Sed
588 761 729 832 quia
756 761 819 817 in
847 760 1225 818 moventibus
1256 772 1322 816 se
1363 773 1496 831 quae
1526 762 1668 816 sunt
1702 758 2023 840 apudnos,
2054 759 2286 818 scillcet
2316 773 2379 815 in
2410 759 2789 828 animalibu8‚

380 843 522 904 pars
549 843 817 899 movens,
849 830 1080 888 scilicet
1107 830 1325 896 anima,
1356 829 1468 887 etsi
1499 829 1579 886 sit
1625 829 1953 886 immobilis
1995 843 2098 900 per
2145 844 2238 910 ες),ζ
2282 836 2550 886 movetur
2593 837 2795 889 tamen

381 915 489 973 per
509 900 807 969 accidenS‚
839 899 1090 958 ulterius
1118 899 1378 957 ostendit
1400 899 1557 971 quod
1586 899 1763 971 primi
1792 900 2085 957 moventis
2103 912 2367 971 seipsum
2389 913 2528 980 pars
2547 914 2792 959 movens

380 984 508 1037 non
537 977 807 1029 movetur
826 984 1019 1042 neque
1049 984 1154 1041 per
1190 984 1255 1027 se
1281 983 1472 1050 neque
1498 983 1602 1040 per
1636 968 1933 1050 accidens.
1980 970 2270 1052 moventia
2318 984 2475 1027 enim
2525 984 2612 1039 se,
2659 984 2792 1052 (1¹².ae

381 1045 526 1099 sunt
553 1041 708 1111 apud
729 1054 863 1106 nos,-
888 1040 1117 1099 scilicet
1148 1040 1447 1102 animalia,
1480 1053 1615 1097 cum
1640 1046 1763 1097 sint
1793 1040 2221 1121 corruptibilia,
2253 1054 2390 1111 pars
2442 1054 2705 1121 movens·
2729 1053 2796 1122 in

378 1111 472 1169 eis
508 1117 778 1168 movetur
810 1125 912 1181 per
940 1109 1237 1167 accidens.
1269 1112 1523 1167 Necesse
1567 1115 1657 1167 est
1702 1116 1897 1167 autem
1937 1117 2235 1168 moventia
2274 1124 2339 1169 se
2387 1110 2796 1181 corruptibilia

381 1180 585 1239 reduci
607 1180 679 1237 ad
706 1180 945 1253 aliquod
976 1180 1230 1251 primum
1249 1192 1494 1238 movens
1511 1194 1598 1248 se,
1619 1179 1776 1251 quod
1801 1181 1881 1239 sit
1907 1181 2353 1262 sempiternum.
2377 1183 2528 1252 Ergo
2546 1194 2793 1240 necesse

381 1255 475 1308 est
506 1251 763 1321 aliquem
795 1257 1083 1308 motorem
1112 1264 1247 1309 esse
1277 1251 1532 1322 alicujus
1553 1251 1846 1309 moventis
1886 1253 2153 1322 seipsum
2183 1266 2285 1324 qui
2330 1263 2521 1324 neque
2563 1265 2671 1323 pei·
2700 1264 2789 1322 se,

382 1332 577 1391 neque
643 1334 707 1376 er
731 1321 1010 1378 accidens
1045 1326 1369 1378 moveatur.
1965 1392 1977 1403 ·
2013 1392 2024 1404 ·
2328 1392 2339 1405 ·

451 1392 581 1458 Quo
655 1397 849 1447 autern
882 1405 1127 1447 necesse
1156 1391 1254 1459 sit,
1288 1391 1617 1448 secundum
1648 1404 1818 1449 suam
1844 1396 2231 1473 positionem,
2262 1392 2510 1474 aliquod
2547 1402 2795 1453 movens

379 1472 447 1518 se
478 1474 616 1519 esse
639 1460 1086 1530 sempiternum,
1117 1466 1296 1530 patet.
1326 1461 1381 1516 Si
1415 1462 1574 1517 enim
1605 1468 1804 1519 motus
1832 1468 1925 1520 est
1952 1468 2370 1533 sempiternuS,
2405 1469 2468 1521 ut
2494 1477 2622 1534 ipse
2651 1478 2794 1534 sup·

378 1531 550 1601 ponit
579 1530 859 1601 (puysie,
889 1543 1022 1597 viii,
1052 1535 1193 1586 text.
1222 1534 1292 1586 46
1324 1534 1382 1586 et
1410 1530 1584 1602 seq.),
1614 1536 1847 1602 oportet
1880 1532 2037 1603 quod
2085 1532 2389 1604 generatio
2433 1535 2801 1592 moventium

380 1601 603 1670 seipsa,
623 1613 755 1679 quae
784 1605 925 1657 sunt
955 1599 1322 1671 generabilia
1344 1606 1403 1656 et
1425 1601 1855 1671 corruptibilia,
1888 1603 1964 1659 sit
1994 1610 2293 1673 perpetua.
2326 1604 2438 1660 Sed
2473 1604 2651 1684 hujus
2673 1617 2801 1675 per·

379 1670 685 1741 petuitatis
713 1682 835 1727 non
865 1675 1058 1739 potest
1083 1683 1219 1727 esse
1244 1684 1429 1727 causa
1455 1671 1697 1743 aliquod
1724 1672 1992 1743 ipsorum
2016 1675 2378 1730 moventium
2407 1688 2492 1742 se,
2516 1689 2657 1747 quia
2676 1687 2800 1732 non

381 1751 617 1810 semper
646 1744 768 1807 est;
800 1753 911 1795 nec
941 1739 1121 1796 simul
1160 1741 1383 1808 omnia,
1416 1746 1536 1797 tum
1587 1742 1728 1813 quia
1768 1741 1999 1799 infinita
2042 1749 2268 1813 essent,
2316 1750 2439 1802 tuin
2484 1746 2625 1817 quia
2676 1757 2820 1804 nont
2873 1770 2876 1771 ⁷

377 1809 563 1866 simul
594 1814 755 1867 sunt.
786 1809 1159 1880 Relinquitur
1186 1824 1328 1881 ergo
1357 1811 1517 1881 quod
1538 1815 1772 1882 oportet
1796 1826 1929 1870 esse
1960 1813 2203 1886 aliquod
2248 1827 2495 1872 movens
2530 1816 2798 1886 seipsum

376 1885 749 1950 perpetuum,
780 1879 939 1951 quod
967 1884 1175 1938 causat
1198 1882 1645 1950 perpetuitatem
1676 1884 2082 1953 generationis
2124 1884 2189 1941 in
2228 1884 2366 1943 istis
2407 1886 2796 1946 inferioribus

377 1950 758 2075 moygntibus
785 1962 872 2019 se,
903 1950 1078 2007 etsie
1105 1956 1302 2007 motor
1329 1950 1459 2020 ejus
1488 1964 1614 2009 non
1639 1958 1910 2010 movetur
1953 1967 2146 2027 neque
2189 1969 2296 2026 per
2322 1969 2411 2025 se,
2460 1969 2652 2029 neque
2692 1969 2799 2028 per

310 2040 311 2043 ¹
379 2031 504 2076 acci
551 2032 679 2076 ens.

447 2088 601 2156 Item,
633 2090 694 2144 iii
725 2089 1102 2148 moventibus
1131 2103 1196 2148 se
1224 2091 1498 2149 videmus
1528 2092 1687 2164 quod
1717 2091 1919 2166 aliqua
1945 2093 2240 2166 incipiunt
2267 2095 2340 2153 de
2379 2109 2537 2155 novo
2571 2099 2799 2155 moveri

378 2165 621 2231 propter
646 2159 906 2231 aliquem
943 2166 1193 2228 motum,
1226 2175 1345 2233 quo
1374 2175 1496 2219 non
1535 2169 1804 2220 movetur
1833 2179 1870 2221 a
1915 2165 2117 2235 seipso
2160 2165 2404 2234 animal,
2449 2167 2606 2225 sicut
2663 2168 2803 2226 cibo

378 2229 634 2301 digest0,
666 2235 766 2286 aut
803 2244 936 2287 aere
960 2231 1237 2301 alterat03
1265 2245 1384 2303 quo
1416 2233 1657 2304 quidem
1680 2240 1840 2314 motu
1874 2234 2003 2304 ipse
2037 2240 2234 2293 motor
2252 2249 2501 2295 movens
2527 2239 2802 2317 seipsum

372 2305 647 2356 movetur
669 2313 776 2369 per
800 2300 1097 2358 accidens.
1118 2304 1199 2357 Ex
1228 2315 1347 2373 quo
1364 2308 1558 2373 potest
1575 2318 1764 2374 accipi
1786 2304 1946 2375 quod
1973 2306 2205 2363 nullum
2244 2320 2492 2365 movens
2528 2321 2808 2379 seipsum.

370 2374 646 2427 movetur
674 2383 925 2449 semper,
956 2371 1127 2442 cujus
1156 2377 1352 2429 motor
1380 2381 1650 2431 movetur
1689 2388 1792 2445 pei·
1821 2389 1886 2432 se
1910 2376 2000 2432 vel
2047 2388 2153 2446 per
2194 2377 2496 2434 accidenS.
2535 2379 2799 2437 Primum

372 2451 623 2496 movens
664 2453 929 2511 seipsum
972 2447 1242 2498 movetur
1281 2456 1536 2514 semper,
1568 2443 1721 2501 alias
1747 2457 1866 2502 nori
1911 2452 2118 2517 posset
2152 2454 2357 2505 motus
2408 2461 2542 2506 esse
2575 2449 2803 2522 sempi-
2883 2486 2904 2493 —

372 2514 600 2577 ternus,
632 2524 766 2567 cum
797 2510 995 2569 omnis
1024 2512 1180 2570 alius
1209 2520 1407 2571 motus
1437 2522 1656 2572 amotu
1675 2515 1845 2586 primi
1869 2516 2168 2574 moventis
2189 2518 2454 2590 seipsum
2489 2524 2795 2578 causetur.

369 2580 746 2652 Relinquitur
781 2582 964 2652 igitur
988 2583 1146 2654 quod
1174 2585 1430 2654 primum
1462 2598 1709 2642 movens
1739 2587 2005 2657 seipsum
2038 2596 2310 2646 movetur
2335 2603 2374 2647 a
2415 2597 2649 2649 motore
2686 2591 2795 2664 qui

370 2661 497 2707 non
526 2655 799 2707 movetur
827 2664 1017 2723 neque
1046 2667 1151 2724 per
1178 2666 1265 2721 se,
1303 2667 1495 2727 neque
1530 2670 1636 2726 per
1662 2656 1962 2716 accidens.

442 2721 563 2776 Nec
592 2725 682 2777 est
708 2726 916 2778 contra
943 2723 1093 2779 lianc
1120 2724 1405 2781 rationein
1439 2727 1597 2798 quod
1622 2732 1883 2785 motores
1907 2726 2259 2787 inferiorum
2288 2729 2525 2789 orbium
2549 2736 2796 2790 movent

370 2800 602 2847 motum
634 2791 1059 2862 sempiternum
1091 2799 1149 2849 et
1170 2800 1365 2850 tamen
1394 2795 1674 2853 dicuntur
1699 2798 1922 2855 moveri
1951 2813 2055 2870 pei·
2095 2800 2375 2858 accidens
2405 2815 2526 2858 non
2558 2803 2793 2861 ratione

371 2859 762 2987 suiipsorum,
803 2861 912 2919 sed
939 2864 1171 2920 ratione
1198 2876 1447 2923 suoi-um
1475 2865 1811 2937 mobilium,
1842 2882 1973 2940 quae
2006 2876 2341 2942 sequuntur
2363 2879 2592 2930 motum
2620 2886 2794 2944 supe·

368 2941 552 2988 rioris
578 2944 647 2987 or
688 2944 762 2987 is.

445 2999 554 3056 Sed
581 3000 722 3069 quia
749 3001 908 3058 Deus
935 3012 1056 3058 non
1087 3009 1178 3059 est
1206 3017 1348 3073 pars
1373 3005 1630 3086 alicujus
1649 3008 1945 3066 moventis
1969 3010 2256 3080 seipsum,
2286 3012 2539 3072 ulterius
2560 3012 2785 3071 Aristo·

373 3067 526 3126 teies
556 3069 925 3149 metaphys..
954 3071 994 3127 l.
1023 3083 1127 3151 xii,
1161 3086 1376 3131 comm.
1409 3077 1497 3147 36)
1529 3077 1867 3150 investigat,
1900 3093 1972 3135 ex
2000 3080 2114 3136 hoc
2143 3088 2371 3140 motore
2400 3084 2501 3155 qui
2534 3088 2622 3141 est
2646 3095 2787 3154 pars

369 3144 666 3217 moventis
682 3152 968 3210 seipsum,
987 3142 1170 3222 aliu-m
1194 3149 1482 3202 motorem
1504 3154 1840 3216 separatum
1870 3151 2137 3220 omnin0,
2158 3152 2258 3223 qui
2283 3159 2375 3210 est
2393 3156 2568 3212 Deus.
2587 3155 2783 3221 Quum

370 3220 531 3265 enim
559 3221 735 3266 omne
765 3223 1011 3267 movens
1030 3225 1297 3282 seipsum
1318 3222 1624 3273 moveatur
1639 3232 1744 3288 per
1761 3220 2106 3290 appetitum,
2134 3229 2366 3292 oportet
2384 3225 2545 3296 quod
2567 3230 2782 3296 motor,

368 3278 472 3355 qui
496 3285 587 3336 est
615 3292 751 3349 pars
785 3282 1078 3339 moventis
1108 3284 1395 3363 seipsum,
1423 3293 1656 3344 moveat
1687 3296 1924 3360 propter
1946 3291 2267 3361 appetitum
2315 3294 2570 3367 alicujus
2607 3308 2785 3365 appe-

367 3347 581 3416 tibiliS,
611 3349 771 3421 quod
801 3357 891 3407 est
911 3364 983 3407 eo
1013 3366 1291 3432 superius
1320 3355 1379 3411 in
1412 3358 1742 3426 movendo;
1773 3373 1908 3417 nam
1931 3366 2215 3440 appetens
2238 3365 2786 3435 estquodammodo

366 3426 865 3500 movens-motuum
884 3438 898 3487 ;
917 3424 1232 3493 appetibile
1253 3430 1448 3483 autem
1477 3434 1569 3484 est
1591 3442 1837 3487 movens
1858 3444 2106 3490 omnino
2125 3446 2245 3490 non
2268 3441 2515 3492 motum.
2543 3437 2787 3507 Oportet

365 3494 553 3559 igitur
572 3502 707 3568 esse
728 3503 981 3561 primum
1006 3499 1291 3551 motorem
1312 3510 1377 3553 se
1421 3502 1933 3567 aratum,omnino
1953 3502 2344 3574 immobilem,
2363 3506 2466 3578 qui
2483 3508 2641 3563 Deus
2664 3511 2782 3564 est.

439 3558 760 3617 Praedictos
789 3567 987 3640 autem
1013 3576 1333 3632 processus
1405 3580 1480 3625 uo
1511 3568 1783 3626 videntur
1808 3570 2107 3629 infirmare
2138 3587 2154 3628 ε

439 3627 702 3693 Quoi-um
720 3644 975 3701 primum
999 3639 1109 3704 est,
1132 3637 1290 3706 quod
1306 3637 1635 3707 procedunt
1655 3654 1728 3695 ex
1746 3642 2159 3710 suppositione
2180 3646 2525 3704 aeternitatis
2543 3653 2744 3707 motus
2759 3665 2778 3679 ·

364 3697 525 3775 quod
556 3699 712 3780 apud
741 3702 1081 3781 catholicos
1109 3709 1466 3776 supponitur
1496 3721 1630 3765 esse
1650 3709 1888 3767 salsum.
1925 3714 1989 3768 Et
2011 3713 2084 3770 ad
2107 3714 2221 3771 hoc
2240 3714 2582 3786 dicendum,
2612 3691 2776 3790 quod

364 3779 463 3823 via
492 3768 910 3847 efficacissima
935 3772 1009 3830 ad
1040 3776 1406 3854 probandum
1438 3780 1605 3834 Deum
1631 3794 1759 3849 esse,
1786 3786 1879 3838 est
1919 3796 1992 3839 ex
2035 3786 2449 3855 suppositione
2493 3788 2780 3848 novitatis

362 3837 593 3915 muudi,
628 3852 748 3918 non
780 3847 976 3898 autem
1006 3856 1113 3907 sic,
1143 3860 1214 3924 ex
1239 3849 1652 3916 suppositione
1689 3851 2038 3911 aeternitatis
2082 3855 2323 3924 mundi;
2385 3871 2502 3928 qua
2551 3858 2774 3929 posita,

364 3919 567 3964 minus
588 3908 979 3990 videturesse
1003 3917 1407 3984 manifestum,
1438 3920 1594 3990 quod
1623 3922 1780 3978 Deus
1817 3922 1916 3980 sit.
1942 3927 2108 3994 Nam,
2140 3925 2474 3985 simundus
2499 3933 2555 3984 et
2573 3933 2776 3987 motus

366 3974 439 4032 de
458 3989 614 4035 novo
638 3987 876 4051 incepit,
903 3983 1142 4053 planum
1175 3988 1445 4059 estquod
1485 3995 1717 4059 oportet
1749 3993 1891 4063 poni
1933 3994 2192 4065 aliquam
2223 4009 2489 4067 causam,
2515 4011 2650 4069 quae
2698 3998 2777 4057 de

369 4058 526 4125 novo
555 4049 841 4128 producat
888 4054 1172 4111 mundum
1219 4062 1275 4112 et
1321 4064 1575 4126 motum;
1621 4060 1763 4140 quia
1808 4076 2004 4132 omne,
2047 4064 2209 4135 quod
2258 4065 2331 4122 de
2373 4081 2528 4125 novo
2560 4070 2644 4132 flt,
2694 4068 2779 4128 ab

364 4115 948 4199 aliquo-innovatore
973 4137 1009 4180 o
1053 4130 1204 4182 ortet
1232 4139 1467 4185 sumere
1496 4130 1812 4202 originem,
1835 4147 2019 4205 quum
2047 4134 2200 4193 nihil
2227 4135 2439 4194 educat
2463 4150 2532 4196 se
2560 4138 2633 4197 de
2659 4151 2772 4210 po·

368 4192 633 4245 tentiam
659 4196 852 4248 actum
880 4193 969 4249 vel
1037 4208 1069 4250 e
1099 4208 1385 4255 non-esse
1406 4199 1466 4255 in
1496 4212 1653 4258 esse.

434 4258 769 4317 Secundum
796 4267 913 4341 est,
938 4263 1093 4342 quod
1130 4269 1503 4338 supponitur,
1533 4270 1595 4328 in
1625 4273 1920 4343 praedictis
1964 4274 2597 4343 demonstrationibus,
2641 4278 2770 4359 pri·

359 4336 527 4389 mum
552 4336 803 4403 motum,
828 4332 1058 4394 scilicet
1074 4348 1294 4412 corpus
1322 4340 1582 4411 coeleste,
1614 4356 1748 4404 esse
1776 4349 2006 4406 motum
2035 4360 2110 4408 ex
2130 4360 2220 4419 se,
2248 4361 2324 4409 ex
2346 4363 2468 4424 quo
2492 4354 2768 4424 sequitui·
