3076 5025
1113 273 1248 329 ΗΒ.
1288 272 1387 341 111,
1426 272 1581 328 CAP.
1622 271 1779 328 exn.
2557 277 2667 331 415

221 392 735 522 intellectualibus
759 393 1051 453 creaturis
1072 392 1425 466 providetur
1449 398 1695 465 propter
1733 406 1823 463 se,
1851 391 2086 452 caeteris
2119 397 2319 453 autem
2366 396 2661 456 creaturis

267 478 334 523 ro
401 478 467 523 er
493 481 512 522 1
558 478 680 523 sas.

219 479 262 538 p
293 478 573 615 Aenpliuts',
605 532 1106 608 quandocumque
1135 538 1278 594 sunt
1302 533 1506 608 aliqua
1529 534 1807 593 ordinata
1830 533 2116 616 adfinem
2144 535 2424 608 aliquem,
2450 536 2505 594 si
2542 551 2664 610 qua

222 606 387 664 inter
414 605 519 665 illa
545 604 622 664 ad
649 605 829 663 linem
857 606 1194 679 pertingere
1223 619 1349 663 non
1395 611 1654 677 possunt
1697 619 1803 677 per
1846 618 2069 676 seipsa,
2123 610 2357 677 oportet
2390 620 2461 664 ea
2500 607 2660 665 ordi-

222 677 359 735 nari
416 677 490 735 ad
541 675 648 734 illa
698 689 831 749 quae
879 675 1061 734 finem
1113 682 1588 757 consequuntur,
1637 689 1772 749 quae
1817 681 2058 747 propter
2109 689 2176 735 se
2222 676 2576 736 ordinantur
2595 679 2662 736 in

220 746 408 807 finem
436 764 453 817 ;
485 746 645 805 sicut
670 745 812 804 finis
839 747 1137 806 exercitus
1160 752 1253 805 est
1277 746 1549 815 victoria,
1580 760 1758 819 quam
1788 746 2011 805 milites
2056 753 2508 820 consequuntur
2556 762 2663 820 per

220 817 535 890 proprium
563 820 763 874 actum
786 831 870 897 pu
917 817 1138 886 nando,
1167 816 1271 890 qui
1300 817 1415 875 soli
1465 821 1707 889 propter
1738 830 1806 875 se
1854 817 1918 874 in
1967 817 2229 876 exercitu
2277 823 2658 890 quaeruntur3

219 901 439 946 omnes
467 891 667 946 autem
697 887 800 945 alii
831 901 866 945 a
935 888 1055 947 alia
1076 887 1278 946 officia
1307 886 1592 959 deputati,
1615 892 1760 959 puta
1788 886 1862 945 ad
1890 886 2320 946 custodiendos
2346 902 2557 962 equoS‚
2583 890 2660 949 ad

213 957 555 1032 parandum
585 972 773 1027 arma,
801 964 1042 1031 propter
1069 959 1292 1017 milites
1347 958 1413 1015 in
1456 958 1720 1016 exercitu
1763 963 2129 1031 quaeruntur.
2158 961 2405 1017 Constat
2452 966 2657 1020 autem

218 1043 301 1087 ex
325 1029 659 1101 praemissis
687 1027 867 1087 finem
898 1029 1175 1088 ultimum
1199 1027 1466 1087 universi
1494 1031 1683 1086 Deum
1702 1042 1861 1097 esse,
1882 1042 2057 1101 quem
2076 1028 2209 1087 sola
2234 1029 2659 1091 intellectualis

217 1099 860 1181 naturaconsequitur
885 1099 954 1158 in
1005 1099 1232 1181 seipso²
1262 1113 1399 1181 eum
1438 1100 1671 1181 scilicet
1714 1099 2139 1227 cognoscendo
2182 1105 2241 1157 et
2285 1100 2564 1172 amando,
2593 1105 2663 1160 ut

220 1184 300 1229 ex
326 1169 1016 1252 clict1s,(cap.‚22)patett
1048 1171 1187 1228 Sola
1214 1175 1399 1243 igitur
1440 1171 1786 1228 intellectus
1811 1183 1863 1251 is
1914 1175 2129 1228 natura
2167 1174 2262 1229 est
2303 1176 2544 1243 propter
2586 1184 2660 1232 se

218 1241 568 1315 quaesitam
601 1253 910 1310 universo,
940 1241 1060 1299 alia
1084 1247 1283 1299 autem
1311 1241 1516 1299 omnia
1546 1247 1785 1312 propter
1810 1253 2030 1312 Ipsam.

291 1313 447 1380 Item,
477 1310 543 1368 in
571 1310 839 1384 quolibet
866 1315 992 1370 toto
1019 1315 1218 1384 partes
1246 1311 1611 1384 principales
1634 1317 1874 1383 propter
1901 1324 1967 1370 se
1992 1311 2313 1385 exiguntur
2336 1312 2413 1371 ad
2439 1314 2662 1372 consti·

218 1381 451 1440 tionem
480 1382 689 1449 totiuS‚
715 1381 849 1440 aliae
870 1394 1013 1440 vero
1041 1381 1116 1441 ad
1142 1382 1684 1451 conservationem,
1717 1382 1812 1439 vel
1858 1382 1934 1440 ad
1986 1382 2247 1455 aliquam
2294 1383 2660 1443 melioratio-

221 1464 367 1511 nem
393 1465 619 1511 earum.
651 1455 809 1510 lnter
834 1465 1047 1512 omnes
1069 1458 1269 1510 autem
1295 1458 1496 1535 partes
1524 1452 2156 1534 universi-nobiliores
2198 1458 2343 1511 sunt
2390 1454 2657 1514 intellec·

221 1523 423 1581 tuales
447 1527 752 1591 creaturan,
779 1524 922 1595 quia
946 1523 1143 1596 magis
1173 1523 1249 1581 ad
1271 1523 1730 1583 similitudinem
1760 1522 2025 1581 d1vinam
2073 1523 2384 1582 accedunt.
2416 1527 2652 1585 Naturae

221 1605 373 1666 ergo
400 1593 836 1675 intellectuales
865 1598 1008 1652 sunt
1032 1607 1140 1666 per
1163 1607 1233 1653 se
1260 1593 1337 1652 ad
1368 1592 1634 1653 divinam
1669 1594 2104 1667 providentiam
2146 1600 2499 1666 procuratae,
2533 1596 2655 1655 alia

217 1676 368 1722 vero
394 1676 600 1722 omma
624 1669 865 1736 propter
893 1664 1083 1737 ipsas,

290 1736 580 1800 Praeterea,
610 1735 995 1794 manifestum
1023 1739 1118 1794 est
1142 1740 1342 1807 partes
1358 1749 1572 1795 omnes
1599 1734 1865 1793 ordinari
1892 1735 1969 1794 ad
1994 1734 2422 1807 perfectionem
2440 1737 2648 1796 totius,

213 1805 357 1863 Non
384 1804 548 1864 enim
570 1809 662 1864 est
688 1810 880 1863 totum
898 1812 1139 1889 propter
1166 1810 1388 1878 partes,
1416 1806 1522 1866 sed
1578 1811 1736 1865 artes
1749 1812 1988 1879 propter
2014 1812 2204 1865 totum
2220 1813 2381 1865 sunt.
2416 1809 2653 1867 Naturae

220 1882 428 1935 autem
455 1874 892 1934 intellectuales
921 1890 1209 1959 majorem
1241 1877 1462 1936 habent
1489 1890 1526 1935 a
1595 1877 1840 1934 nitatem
1863 1877 1940 1935 ad
1966 1882 2155 1935 totum
2180 1891 2358 1950 quam
2388 1877 2522 1937 aliae
2551 1892 2655 1937 na·

216 1949 411 2017 turae3
447 1959 589 2005 nam
609 1959 985 2020 unaquaeque
1018 1946 1444 2006 intellectualis
1463 1947 1803 2006 substantia
1847 1952 1941 2006 est
1959 1948 2403 2020 quodammodo
2430 1949 2659 2020 omnia,

216 2016 287 2075 in
317 2021 611 2092 quantum
641 2018 827 2076 totius
850 2018 1007 2077 entis
1019 2018 1514 2090 comprehensiva
1540 2023 1633 2077 est
1653 2031 1768 2076 suo
1794 2017 2098 2076 intellectu
2124 2037 2141 2088 ;
2163 2019 2442 2093 quaelibet
2460 2025 2660 2078 autem

223 2086 352 2169 alja
377 2087 717 2169 substantia
737 2088 1171 2216 particularem⁴
1212 2089 1408 2171 solam
1435 2089 1593 2171 entis
1640 2088 1849 2216 pertici
1897 2089 2163 2170 ationem
2206 2089 2403 2148 hahet.
2435 2092 2660 2149 Conve-

221 2161 465 2217 menter
490 2164 675 2232 Igitur
701 2172 735 2216 a
761 2173 820 2217 ia
844 2165 1087 2232 propter
1113 2158 1484 2219 substantias
1513 2164 1636 2216 inte
1664 2159 1859 2217 lectua
1883 2173 1950 2218 es
1999 2159 2387 2232 providentur
2430 2174 2468 2219 a
2513 2163 2658 2221 De0.

292 2229 514 2291 Adhuc,
546 2228 706 2287 sicut
731 2229 930 2302 agitur
963 2231 1433 2305 unumquodque
1462 2244 1646 2288 cursu
1671 2235 1920 2292 naturas,
1950 2230 2034 2288 ita
2064 2235 2269 2289 natum
2298 2234 2392 2289 est
2416 2232 2534 2304 agi.
2561 2231 2659 2290 Sic

222 2305 430 2361 autem
457 2298 731 2358 videmus
757 2314 855 2358 res
882 2314 1060 2360 cursu
1091 2308 1319 2360 naturae
1346 2315 1585 2361 currere
1633 2300 1794 2374 quod
1842 2300 2182 2359 substantia
2230 2301 2655 2362 intellectualis

219 2370 510 2431 omnibus
534 2370 673 2429 aliis
702 2370 891 2428 utitur
913 2377 1155 2443 propter
1176 2385 1243 2431 se
1267 2390 1282 2442 ;
1312 2372 1406 2430 vel
1436 2372 1510 2429 ad
1557 2370 1901 2429 intellectus
1929 2371 2378 2442 perfectionem,
2405 2372 2547 2444 quia
2589 2373 2655 2430 in

219 2441 318 2500 eis
344 2441 652 2498 veritatem
700 2441 1063 2514 speculatur,
1108 2442 1202 2500 vel
1251 2440 1327 2500 ad
1371 2455 1498 2500 suae
1542 2441 1781 2500 virtutis
1829 2441 2243 2499 executionem
2289 2445 2349 2498 et
2387 2442 2655 2502 scientiae

221 2511 703 2584 explicationem,
736 2511 811 2571 ad
840 2512 1086 2572 modum
1115 2527 1236 2587 quo
1266 2512 1479 2572 artifex
1503 2510 1761 2584 explicat
1786 2512 1933 2570 artis
1960 2525 2086 2570 suae
2115 2511 2571 2584 conceptionem
2590 2514 2656 2571 in

217 2582 478 2642 materia
503 2596 608 2641 cor
648 2583 798 2641 orali
823 2602 836 2615 ·
868 2583 961 2642 vel
989 2584 1169 2642 etiam
1191 2583 1265 2642 ad
1284 2582 1556 2655 corporis
1575 2582 2103 2656 sustentationem,
2125 2582 2285 2655 quod
2308 2588 2402 2641 est
2421 2583 2655 2641 unitum

221 2654 443 2713 animae
469 2654 614 2711 intel
642 2627 878 2736 ectual’i,
910 2654 1068 2713 sicut
1095 2655 1160 2712 in
1189 2654 1537 2735 hominibus
1566 2658 1744 2735 patet.
1772 2653 2150 2735 manifestum
2198 2659 2291 2735 est
2327 2666 2471 2726 ergo
2494 2654 2656 2728 quod

218 2737 333 2797 pro
376 2729 465 2782 ter
491 2723 862 2783 substantias
892 2724 1328 2783 intellectuales
1357 2737 1567 2783 omnia
1593 2724 1715 2782 alia
1736 2723 2023 2782 divinitus
2052 2724 2460 2796 providentur.

355 2795 577 2867 mplius,
608 2796 768 2868 quod
808 2796 1030 2869 aliquis
1056 2800 1296 2867 propter
1336 2808 1403 2854 se
1448 2795 1708 2868 quaerit3
1760 2807 1998 2877 semper
2041 2793 2192 2853 illud
2236 2796 2449 2876 quaerit
2496 2794 2660 2868 quod

219 2866 384 2926 enim
414 2871 656 2937 propter
682 2880 749 2924 se
793 2872 887 2925 est
915 2879 1152 2937 semper
1181 2870 1314 2925 est:
1347 2867 1508 2939 quod
1551 2879 1694 2925 vero
1719 2866 1941 2938 aliquis
1983 2870 2223 2938 propter
2251 2865 2413 2924 aliud
2443 2866 2659 2938 quaerit

221 2950 351 2996 non
379 2940 614 3008 oportet
633 2936 793 3008 quod
823 2950 1061 3010 semper
1084 2937 1236 2996 illud
1274 2941 1521 3009 quaerat,
1550 2936 1657 2995 sed
1692 2936 2023 2994 secundum
2117 2935 2234 2995 uod
2279 2936 2561 3007 competit
2600 2937 2661 2996 ei

219 3012 468 3081 propter
489 3005 649 3080 quod
674 3007 977 3089 quaeritur.
1011 3009 1155 3067 Esse
1183 3012 1383 3066 autem
1412 3021 1613 3065 rerum
1641 3021 1714 3065 ex
1759 3007 1963 3065 divina
2005 3020 2082 3065 vo
2109 3011 2311 3065 untate
2352 3005 2657 3079 profluxit,

220 3084 294 3136 ut
318 3076 835 3159 exsuperioribus
879 3077 1008 3152 (lib.
1036 3092 1081 3148 ι,
1112 3092 1242 3151 cap.
1271 3079 1366 3149 23)
1412 3082 1507 3137 est
1545 3076 1951 3137 manifestum.
2001 3078 2144 3146 Quae
2191 3077 2376 3151 igitur
2420 3090 2660 3150 semper

220 3153 372 3207 sunt
395 3161 461 3205 m
487 3147 729 3207 entibus
780 3154 922 3207 sunt
962 3155 1204 3221 propter
1241 3162 1309 3208 se
1338 3163 1376 3207 a
1401 3150 1523 3207 Deo
1547 3149 1776 3218 volita;
1810 3162 1945 3222 quae
1988 3153 2186 3207 autem
2230 3162 2355 3207 non
2399 3161 2657 3221 semper,

224 3230 355 3276 non
418 3224 617 3289 ropter
642 3231 731 3300 se,
760 3219 870 3278 sed
894 3233 1003 3291 pro
1046 3226 1136 3278 ter
1162 3219 1346 3279 aliud.
1375 3218 1736 3278 Substantiae
1764 3224 1963 3278 autem
1992 3218 2428 3278 intellectuales
2457 3220 2658 3278 incor-

222 3230 541 3369 rupti¹l³iiles
566 3302 826 3348 maxime
855 3304 993 3348 acce
1038 3295 1147 3348 unt
1172 3290 1246 3349 ad
1275 3291 1390 3350 hoc
1419 3290 1580 3372 quod
1609 3291 1732 3349 sint
1752 3303 2007 3363 semper,
2038 3290 2183 3363 quia
2221 3295 2367 3349 sunt
2392 3291 2662 3349 incorru-

220 3357 470 3431 ptibiles
491 3376 508 3440 ξ
532 3372 658 3417 non
685 3365 828 3418 sunt
851 3366 1049 3419 autem
1074 3360 1396 3420 mutabiles
1427 3361 1546 3419 nisi
1576 3360 1913 3420 secundum
1942 3360 2321 3419 electionem.
2345 3363 2497 3433 Ergo
2521 3359 2662 3419 sub·
2764 3414 2779 3431 ,

224 3428 466 3488 stantiae
490 3429 927 3490 intellectuales
950 3431 1361 3504 gubernantur
1385 3437 1627 3504 propter
1655 3446 1744 3501 se,
1775 3432 1908 3489 aliae
1931 3444 2073 3489 vero
2102 3438 2344 3504 propter
2362 3432 2549 3503 ipsas.

255 3556 260 3565 ,
298 3500 434 3557 Non
456 3504 548 3558 est
571 3507 770 3561 autem
799 3501 855 3560 ei
886 3501 1048 3575 quod
1075 3502 1407 3574 praemissis
1434 3502 1771 3561 rationibus
1790 3508 1883 3561 est
1932 3507 2246 3561 ostensum
2290 3502 2659 3562 contrarium

220 3569 391 3644 quod
434 3582 644 3631 omnes
671 3576 872 3644 partes
906 3572 1169 3631 universi
1197 3573 1274 3631 ad
1298 3572 1724 3646 perfectionem
1752 3573 1938 3631 totius
1966 3572 2338 3633 ordinentur.
2368 3574 2467 3631 Sic
2492 3574 2656 3632 enim

169 3708 178 3713 ,
220 3639 300 3700 ad
330 3641 757 3713 perfectionem
775 3643 965 3702 totius
990 3656 1203 3702 omnes
1230 3647 1430 3715 partes
1459 3643 1815 3702 ordinantur
1844 3643 1910 3701 iu
1935 3650 2225 3716 quantum
2245 3657 2369 3702 una
2395 3643 2656 3703 deservit

220 3711 432 3783 alteri3
460 3712 620 3771 sicut
636 3712 703 3771 in
731 3727 979 3785 corpore
1008 3714 1274 3772 humano
1303 3719 1546 3786 apparet
1571 3713 1732 3789 quod
1758 3714 1965 3785 pulmo
1993 3714 2060 3772 in
2080 3714 2195 3772 hoc
2214 3719 2309 3772 est
2332 3715 2407 3772 de
2432 3714 2657 3785 perfec·

148 3815 152 3818 >
217 3782 392 3841 tione
435 3784 707 3854 corporis
735 3783 897 3859 quod
919 3784 1181 3843 deservit
1207 3785 1393 3844 cordi.
1426 3784 1591 3842 Unde
1619 3796 1745 3843 non
1773 3790 1866 3843 est
1900 3785 2267 3844 contrarium
2306 3784 2655 3866 pulmonem

190 3892 198 3921 .·
219 3865 364 3913 esse
387 3860 631 3926 propter
651 3867 759 3913 cor
806 3860 868 3914 et
885 3861 1128 3927 propter
1146 3860 1337 3914 totum
1357 3856 1580 3913 animal
1604 3872 1621 3925 ;
1642 3860 1702 3914 et
1724 3855 1998 3914 similiter
2019 3868 2144 3914 non
2168 3860 2262 3913 est
2287 3860 2656 3915 contranum

219 3923 378 3984 alias
396 3930 645 3984 naturas
663 3938 801 3984 esse
824 3932 1066 3998 propter
1082 3926 1521 3984 intellectuales
1541 3931 1600 3983 et
1627 3929 1866 4008 propter
1933 3924 2316 3984 erfectionem
2342 3924 2608 3985 universi
2633 3944 2652 3984 z

217 3994 279 4054 si
306 3994 469 4054 enim
502 3994 786 4077 deessent
819 4010 891 4054 ea
917 4010 1051 4070 quae
1080 3997 1329 4070 requirit
1351 3996 1706 4057 substanttae
1740 3996 1887 4055 intel
1914 3995 2166 4057 ectualis
2192 3994 2505 4068 perfectio,
2531 4009 2658 4058 non

218 4070 389 4127 esset
414 4079 764 4124 universum
793 4067 1176 4139 completum.

289 4135 577 4195 Similiter
616 4137 797 4195 etiam
843 4138 1146 4209 praedictis
1213 4150 1340 4197 non
1395 4137 1600 4197 obviat
1645 4136 1807 4212 quod
1859 4137 2171 4196 individua
2227 4141 2374 4196 sunt
2417 4144 2660 4213 propter

211 4207 497 4337 groprias
523 4207 780 4279 species.
801 4209 914 4265 Per
941 4208 1059 4267 hoc
1083 4207 1245 4267 enim
1263 4207 1426 4282 quod
1445 4207 1520 4267 ad
1550 4223 1694 4268 suas
1722 4208 1958 4281 species
1986 4206 2359 4288 ordinantur,
2379 4210 2655 4270 ordinem

263 4276 448 4336 abent
480 4277 739 4337 ulterius
783 4277 859 4336 ad
912 4277 1374 4337 intellectualem
1403 4284 1697 4338 naturam.
1727 4281 1860 4336 Nou
1906 4277 2066 4335 enim
2094 4278 2322 4351 aliquid
2364 4280 2657 4352 corrupti-

212 4345 436 4406 bilium
465 4347 778 4407 ordinatur
800 4347 878 4408 ad
904 4348 1213 4408 hominem
1226 4354 1466 4422 propter
1485 4362 1673 4408 unum
1701 4347 2078 4406 individuum
2102 4347 2368 4409 hominis
2397 4356 2653 4418 tantum,

218 4417 330 4479 sed
358 4424 603 4492 propter
639 4422 829 4479 totam
871 4418 1195 4479 humanam
1230 4420 1514 4492 speciem.
1543 4419 1672 4486 Toti
1715 4424 1918 4479 autem
1970 4417 2249 4482 humanae
2277 4420 2501 4495 speciei
2527 4431 2652 4478 non
