<?xml version="1.0" encoding="UTF-8"?>
<!DOCTYPE html PUBLIC "-//W3C//DTD XHTML 1.0 Transitional//EN"
    "http://www.w3.org/TR/xhtml1/DTD/xhtml1-transitional.dtd">
<html xmlns="http://www.w3.org/1999/xhtml" xml:lang="en" lang="en">
 <head>
  <title>
</title>
<meta http-equiv="Content-Type" content="text/html;charset=utf-8" />
  <meta name='ocr-system' content='tesseract 3.04.00' />
  <meta name='ocr-capabilities' content='ocr_page ocr_carea ocr_par ocr_line ocrx_word'/>
</head>
<body>
  <div class='ocr_page' id='page_1' title='image "./deveritatecatho00rubegoog_0487.png"; bbox 0 0 3076 5025; ppageno 0'>
   <div class='ocr_carea' id='block_1_1' title="bbox 940 288 2531 356">
    <p class='ocr_par' dir='ltr' id='par_1_1' title="bbox 940 288 2531 356">
     <span class='ocr_line' id='line_1_1' title="bbox 940 288 2531 356; baseline 0.003 -13"><span class='ocrx_word' id='word_1_1' title='bbox 940 288 1070 343; x_wconf 73' lang='grc' dir='ltr'><strong>ΠΒ.</strong></span> <span class='ocrx_word' id='word_1_2' title='bbox 1112 289 1210 356; x_wconf 85' lang='lat'><strong>111,</strong></span> <span class='ocrx_word' id='word_1_3' title='bbox 1248 289 1400 346; x_wconf 79' lang='lat' dir='ltr'><strong>GAP.</strong></span> <span class='ocrx_word' id='word_1_4' title='bbox 1441 288 1702 346; x_wconf 85' lang='lat' dir='ltr'>CXXXVI.</span> <span class='ocrx_word' id='word_1_5' title='bbox 2421 293 2531 349; x_wconf 73' lang='lat'><strong>453</strong></span> 
     </span>
    </p>
   </div>
   <div class='ocr_carea' id='block_1_2' title="bbox 176 405 2576 4492">
    <p class='ocr_par' dir='ltr' id='par_1_2' title="bbox 176 405 2576 1238">
     <span class='ocr_line' id='line_1_2' title="bbox 176 405 2529 479; baseline 0.001 -13"><span class='ocrx_word' id='word_1_6' title='bbox 176 405 379 466; x_wconf 88' lang='lat' dir='ltr'><strong>usmodi</strong></span> <span class='ocrx_word' id='word_1_7' title='bbox 407 408 594 464; x_wconf 91' lang='lat' dir='ltr'><strong>autem</strong></span> <span class='ocrx_word' id='word_1_8' title='bbox 624 411 764 465; x_wconf 88' lang='lat' dir='ltr'><strong>sunt</strong></span> <span class='ocrx_word' id='word_1_9' title='bbox 790 406 983 476; x_wconf 78' lang='lat' dir='ltr'><strong>cibuS,</strong></span> <span class='ocrx_word' id='word_1_10' title='bbox 1012 412 1072 464; x_wconf 90' lang='lat' dir='ltr'><strong>et</strong></span> <span class='ocrx_word' id='word_1_11' title='bbox 1098 412 1297 479; x_wconf 86' lang='lat' dir='ltr'><strong>potus,</strong></span> <span class='ocrx_word' id='word_1_12' title='bbox 1329 413 1388 464; x_wconf 93' lang='lat' dir='ltr'><strong>et</strong></span> <span class='ocrx_word' id='word_1_13' title='bbox 1415 407 1535 464; x_wconf 86' lang='lat' dir='ltr'><strong>alia</strong></span> <span class='ocrx_word' id='word_1_14' title='bbox 1562 421 1694 479; x_wconf 80' lang='lat' dir='ltr'><strong>quae</strong></span> <span class='ocrx_word' id='word_1_15' title='bbox 1731 407 1805 465; x_wconf 84' lang='lat' dir='ltr'><strong>ad</strong></span> <span class='ocrx_word' id='word_1_16' title='bbox 1834 408 2330 467; x_wconf 82' lang='lat' dir='ltr'><strong>sustentationem</strong></span> <span class='ocrx_word' id='word_1_17' title='bbox 2374 409 2529 468; x_wconf 89' lang='lat' dir='ltr'><strong>indi·</strong></span> 
     </span>
     <span class='ocr_line' id='line_1_3' title="bbox 176 477 2528 550; baseline 0.002 -15"><span class='ocrx_word' id='word_1_18' title='bbox 176 478 294 535; x_wconf 60' lang='lat' dir='ltr'><strong>vidui</strong></span> <span class='ocrx_word' id='word_1_19' title='bbox 316 477 590 547; x_wconf 79' lang='lat' dir='ltr'><strong>pertinent</strong></span> <span class='ocrx_word' id='word_1_20' title='bbox 616 494 630 533; x_wconf 75' lang='grc' dir='ltr'><strong><em>ε</em></strong></span> <span class='ocrx_word' id='word_1_21' title='bbox 671 477 828 535; x_wconf 89' lang='lat' dir='ltr'><strong>unde</strong></span> <span class='ocrx_word' id='word_1_22' title='bbox 857 478 1261 535; x_wconf 90' lang='lat' dir='ltr'><strong>necessarium</strong></span> <span class='ocrx_word' id='word_1_23' title='bbox 1295 482 1387 535; x_wconf 91' lang='lat' dir='ltr'><strong>est</strong></span> <span class='ocrx_word' id='word_1_24' title='bbox 1418 477 1579 549; x_wconf 91' lang='lat' dir='ltr'><strong>quod</strong></span> <span class='ocrx_word' id='word_1_25' title='bbox 1607 478 1858 550; x_wconf 85' lang='lat' dir='ltr'><strong>quilibet</strong></span> <span class='ocrx_word' id='word_1_26' title='bbox 1884 478 2018 536; x_wconf 90' lang='lat' dir='ltr'><strong>cibo</strong></span> <span class='ocrx_word' id='word_1_27' title='bbox 2054 483 2112 536; x_wconf 89' lang='lat' dir='ltr'><strong>et</strong></span> <span class='ocrx_word' id='word_1_28' title='bbox 2135 486 2278 550; x_wconf 91' lang='lat' dir='ltr'><strong>potu</strong></span> <span class='ocrx_word' id='word_1_29' title='bbox 2313 485 2528 540; x_wconf 88' lang='lat' dir='ltr'><strong>utatur.</strong></span> 
     </span>
     <span class='ocr_line' id='line_1_4' title="bbox 180 547 2534 622; baseline 0.001 -17"><span class='ocrx_word' id='word_1_30' title='bbox 180 562 212 605; x_wconf 89' lang='lat' dir='ltr'><strong>n</strong></span> <span class='ocrx_word' id='word_1_31' title='bbox 232 547 318 604; x_wconf 89' lang='lat' dir='ltr'><strong>his</strong></span> <span class='ocrx_word' id='word_1_32' title='bbox 341 552 524 604; x_wconf 89' lang='lat' dir='ltr'><strong>autem</strong></span> <span class='ocrx_word' id='word_1_33' title='bbox 554 561 681 619; x_wconf 83' lang='lat' dir='ltr'><strong>quae</strong></span> <span class='ocrx_word' id='word_1_34' title='bbox 710 549 1050 606; x_wconf 86' lang='lat' dir='ltr'><strong>necessaria</strong></span> <span class='ocrx_word' id='word_1_35' title='bbox 1079 553 1221 606; x_wconf 88' lang='lat' dir='ltr'><strong>sunt</strong></span> <span class='ocrx_word' id='word_1_36' title='bbox 1250 548 1795 622; x_wconf 47' lang='lat' dir='ltr'><strong>multitudini„non</strong></span> <span class='ocrx_word' id='word_1_37' title='bbox 1836 555 2068 620; x_wconf 87' lang='lat' dir='ltr'><strong>oportet</strong></span> <span class='ocrx_word' id='word_1_38' title='bbox 2099 550 2256 622; x_wconf 88' lang='lat' dir='ltr'><strong>quod</strong></span> <span class='ocrx_word' id='word_1_39' title='bbox 2287 550 2534 609; x_wconf 83' lang='lat' dir='ltr'><strong>cuilibet</strong></span> 
     </span>
     <span class='ocr_line' id='line_1_5' title="bbox 176 616 2536 690; baseline 0.002 -15"><span class='ocrx_word' id='word_1_40' title='bbox 176 618 216 675; x_wconf 92' lang='lat' dir='ltr'><strong>le</strong></span> <span class='ocrx_word' id='word_1_41' title='bbox 240 616 588 674; x_wconf 90' lang='lat' dir='ltr'><strong>multitudine</strong></span> <span class='ocrx_word' id='word_1_42' title='bbox 610 618 981 685; x_wconf 79' lang='lat' dir='ltr'><strong>attribuatur,</strong></span> <span class='ocrx_word' id='word_1_43' title='bbox 1009 632 1202 689; x_wconf 90' lang='lat' dir='ltr'><strong>neque</strong></span> <span class='ocrx_word' id='word_1_44' title='bbox 1246 617 1424 675; x_wconf 80' lang='lat' dir='ltr'><strong>etiam</strong></span> <span class='ocrx_word' id='word_1_45' title='bbox 1471 623 1565 676; x_wconf 90' lang='lat' dir='ltr'><strong>est</strong></span> <span class='ocrx_word' id='word_1_46' title='bbox 1606 619 1913 690; x_wconf 88' lang='lat' dir='ltr'><strong>possibile.</strong></span> <span class='ocrx_word' id='word_1_47' title='bbox 1945 621 2109 676; x_wconf 89' lang='lat' dir='ltr'><strong>Patet</strong></span> <span class='ocrx_word' id='word_1_48' title='bbox 2149 621 2306 677; x_wconf 91' lang='lat' dir='ltr'><strong>enim</strong></span> <span class='ocrx_word' id='word_1_49' title='bbox 2347 621 2536 681; x_wconf 88' lang='lat' dir='ltr'><strong>multa</strong></span> 
     </span>
     <span class='ocr_line' id='line_1_6' title="bbox 176 688 2576 758; baseline 0.002 -14"><span class='ocrx_word' id='word_1_50' title='bbox 176 700 271 746; x_wconf 59' lang='lat' dir='ltr'><strong>isse</strong></span> <span class='ocrx_word' id='word_1_51' title='bbox 297 688 612 745; x_wconf 88' lang='lat' dir='ltr'><strong>necessaria</strong></span> <span class='ocrx_word' id='word_1_52' title='bbox 644 688 1004 746; x_wconf 84' lang='lat' dir='ltr'><strong>multitudini</strong></span> <span class='ocrx_word' id='word_1_53' title='bbox 1037 689 1367 757; x_wconf 87' lang='lat' dir='ltr'><strong>bominum,</strong></span> <span class='ocrx_word' id='word_1_54' title='bbox 1405 694 1468 746; x_wconf 92' lang='lat' dir='ltr'><strong>ut</strong></span> <span class='ocrx_word' id='word_1_55' title='bbox 1506 688 1698 758; x_wconf 80' lang='lat' dir='ltr'><strong>cibuS,</strong></span> <span class='ocrx_word' id='word_1_56' title='bbox 1769 696 1926 758; x_wconf 88' lang='lat' dir='ltr'><strong>otus,</strong></span> <span class='ocrx_word' id='word_1_57' title='bbox 1954 690 2398 758; x_wconf 84' lang='lat' dir='ltr'><strong>vestimentum,</strong></span> <span class='ocrx_word' id='word_1_58' title='bbox 2426 692 2533 749; x_wconf 93' lang='lat' dir='ltr'><strong>do·</strong></span> <span class='ocrx_word' id='word_1_59' title='bbox 2571 748 2576 758; x_wconf 83' lang='grc'><strong>,</strong></span> 
     </span>
     <span class='ocr_line' id='line_1_7' title="bbox 176 757 2576 831; baseline 0 -15"><span class='ocrx_word' id='word_1_60' title='bbox 176 771 271 816; x_wconf 87' lang='lat' dir='ltr'><strong>nus</strong></span> <span class='ocrx_word' id='word_1_61' title='bbox 293 763 345 814; x_wconf 91' lang='lat' dir='ltr'><strong>et</strong></span> <span class='ocrx_word' id='word_1_62' title='bbox 370 757 481 815; x_wconf 89' lang='lat' dir='ltr'><strong>alia</strong></span> <span class='ocrx_word' id='word_1_63' title='bbox 509 757 868 830; x_wconf 86' lang='lat' dir='ltr'><strong>hujusmodi,</strong></span> <span class='ocrx_word' id='word_1_64' title='bbox 896 772 1029 831; x_wconf 83' lang='lat' dir='ltr'><strong>quae</strong></span> <span class='ocrx_word' id='word_1_65' title='bbox 1050 758 1423 829; x_wconf 87' lang='lat' dir='ltr'><strong>impossibile</strong></span> <span class='ocrx_word' id='word_1_66' title='bbox 1466 765 1561 817; x_wconf 88' lang='lat' dir='ltr'><strong>est</strong></span> <span class='ocrx_word' id='word_1_67' title='bbox 1587 773 1707 831; x_wconf 92' lang='lat' dir='ltr'><strong>quo</strong></span> <span class='ocrx_word' id='word_1_68' title='bbox 1774 774 1881 831; x_wconf 92' lang='lat' dir='ltr'><strong>per</strong></span> <span class='ocrx_word' id='word_1_69' title='bbox 1904 773 2086 817; x_wconf 92' lang='lat' dir='ltr'><strong>unum</strong></span> <span class='ocrx_word' id='word_1_70' title='bbox 2118 767 2531 831; x_wconf 82' lang='lat' dir='ltr'><strong>procurentur,</strong></span> <span class='ocrx_word' id='word_1_71' title='bbox 2572 785 2576 817; x_wconf 88' lang='grc'>;</span> 
     </span>
     <span class='ocr_line' id='line_1_8' title="bbox 176 827 2534 903; baseline 0.003 -20"><span class='ocrx_word' id='word_1_72' title='bbox 176 833 205 884; x_wconf 60' lang='lat' dir='ltr'><strong>it</strong></span> <span class='ocrx_word' id='word_1_73' title='bbox 238 827 356 885; x_wconf 92' lang='lat' dir='ltr'><strong>ideo</strong></span> <span class='ocrx_word' id='word_1_74' title='bbox 382 835 602 899; x_wconf 88' lang='lat' dir='ltr'><strong>oportet</strong></span> <span class='ocrx_word' id='word_1_75' title='bbox 642 830 1012 888; x_wconf 86' lang='lat' dir='ltr'><strong>diversorum</strong></span> <span class='ocrx_word' id='word_1_76' title='bbox 1053 843 1188 888; x_wconf 89' lang='lat' dir='ltr'><strong>esse</strong></span> <span class='ocrx_word' id='word_1_77' title='bbox 1239 830 1474 887; x_wconf 87' lang='lat' dir='ltr'><strong>diversa</strong></span> <span class='ocrx_word' id='word_1_78' title='bbox 1492 827 1722 901; x_wconf 83' lang='lat' dir='ltr'><strong>officia,</strong></span> <span class='ocrx_word' id='word_1_79' title='bbox 1755 830 1911 887; x_wconf 87' lang='lat' dir='ltr'><strong>sicut</strong></span> <span class='ocrx_word' id='word_1_80' title='bbox 1949 831 2125 887; x_wconf 87' lang='lat' dir='ltr'><strong>etiam</strong></span> <span class='ocrx_word' id='word_1_81' title='bbox 2173 829 2235 887; x_wconf 90' lang='lat' dir='ltr'><strong>in</strong></span> <span class='ocrx_word' id='word_1_82' title='bbox 2284 843 2534 903; x_wconf 90' lang='lat' dir='ltr'><strong>corpore</strong></span> 
     </span>
     <span class='ocr_line' id='line_1_9' title="bbox 176 897 2535 973; baseline 0.003 -18"><span class='ocrx_word' id='word_1_83' title='bbox 176 897 359 955; x_wconf 80' lang='lat' dir='ltr'><strong>tiversa</strong></span> <span class='ocrx_word' id='word_1_84' title='bbox 382 899 639 957; x_wconf 88' lang='lat' dir='ltr'><strong>membra</strong></span> <span class='ocrx_word' id='word_1_85' title='bbox 665 900 736 958; x_wconf 89' lang='lat' dir='ltr'><strong>ad</strong></span> <span class='ocrx_word' id='word_1_86' title='bbox 785 899 1056 958; x_wconf 89' lang='lat' dir='ltr'><strong>diversos</strong></span> <span class='ocrx_word' id='word_1_87' title='bbox 1084 906 1256 959; x_wconf 85' lang='lat' dir='ltr'><strong>actus</strong></span> <span class='ocrx_word' id='word_1_88' title='bbox 1299 901 1673 958; x_wconf 87' lang='lat' dir='ltr'><strong>ordinantur.</strong></span> <span class='ocrx_word' id='word_1_89' title='bbox 1704 901 1855 969; x_wconf 84' lang='lat' dir='ltr'><strong>Quia</strong></span> <span class='ocrx_word' id='word_1_90' title='bbox 1882 913 2024 973; x_wconf 88' lang='lat' dir='ltr'><strong>ergo</strong></span> <span class='ocrx_word' id='word_1_91' title='bbox 2075 902 2379 973; x_wconf 87' lang='lat' dir='ltr'><strong>generatio</strong></span> <span class='ocrx_word' id='word_1_92' title='bbox 2410 915 2535 961; x_wconf 84' lang='lat' dir='ltr'><strong>non</strong></span> 
     </span>
     <span class='ocr_line' id='line_1_10' title="bbox 176 967 2533 1044; baseline 0.003 -20"><span class='ocrx_word' id='word_1_93' title='bbox 176 973 235 1026; x_wconf 69' lang='lat' dir='ltr'><strong>ist</strong></span> <span class='ocrx_word' id='word_1_94' title='bbox 256 967 320 1026; x_wconf 91' lang='lat' dir='ltr'><strong>de</strong></span> <span class='ocrx_word' id='word_1_95' title='bbox 346 970 686 1044; x_wconf 81' lang='lat' dir='ltr'><strong>necessitate</strong></span> <span class='ocrx_word' id='word_1_96' title='bbox 713 969 1027 1041; x_wconf 81' lang='lat' dir='ltr'><strong>individui,</strong></span> <span class='ocrx_word' id='word_1_97' title='bbox 1062 970 1168 1029; x_wconf 88' lang='lat' dir='ltr'><strong>sed</strong></span> <span class='ocrx_word' id='word_1_98' title='bbox 1194 970 1265 1027; x_wconf 91' lang='lat' dir='ltr'><strong>de</strong></span> <span class='ocrx_word' id='word_1_99' title='bbox 1304 969 1660 1028; x_wconf 85' lang='lat' dir='ltr'><strong>necessitate</strong></span> <span class='ocrx_word' id='word_1_100' title='bbox 1700 971 1943 1042; x_wconf 90' lang='lat' dir='ltr'><strong>speciei,</strong></span> <span class='ocrx_word' id='word_1_101' title='bbox 1965 984 2086 1028; x_wconf 92' lang='lat' dir='ltr'><strong>non</strong></span> <span class='ocrx_word' id='word_1_102' title='bbox 2126 978 2218 1029; x_wconf 91' lang='lat' dir='ltr'><strong>est</strong></span> <span class='ocrx_word' id='word_1_103' title='bbox 2255 986 2533 1032; x_wconf 89' lang='lat' dir='ltr'><strong>necessa·</strong></span> 
     </span>
     <span class='ocr_line' id='line_1_11' title="bbox 176 1038 2530 1115; baseline 0.003 -20"><span class='ocrx_word' id='word_1_104' title='bbox 176 1038 284 1096; x_wconf 85' lang='lat' dir='ltr'><strong>ium</strong></span> <span class='ocrx_word' id='word_1_105' title='bbox 310 1038 455 1111; x_wconf 88' lang='lat' dir='ltr'><strong>quod</strong></span> <span class='ocrx_word' id='word_1_106' title='bbox 479 1053 688 1098; x_wconf 91' lang='lat' dir='ltr'><strong>omnes</strong></span> <span class='ocrx_word' id='word_1_107' title='bbox 717 1040 996 1098; x_wconf 90' lang='lat' dir='ltr'><strong>homines</strong></span> <span class='ocrx_word' id='word_1_108' title='bbox 1043 1040 1275 1099; x_wconf 89' lang='lat' dir='ltr'><strong>actibus</strong></span> <span class='ocrx_word' id='word_1_109' title='bbox 1328 1040 1734 1113; x_wconf 84' lang='lat' dir='ltr'><strong>generationis</strong></span> <span class='ocrx_word' id='word_1_110' title='bbox 1762 1047 2008 1099; x_wconf 88' lang='lat' dir='ltr'><strong>vacent:</strong></span> <span class='ocrx_word' id='word_1_111' title='bbox 2038 1041 2143 1098; x_wconf 91' lang='lat' dir='ltr'><strong>sed</strong></span> <span class='ocrx_word' id='word_1_112' title='bbox 2186 1042 2428 1115; x_wconf 90' lang='lat' dir='ltr'><strong>quidam</strong></span> <span class='ocrx_word' id='word_1_113' title='bbox 2455 1041 2530 1101; x_wconf 86' lang='lat' dir='ltr'><strong>ab</strong></span> 
     </span>
     <span class='ocr_line' id='line_1_12' title="bbox 176 1108 2535 1237; baseline 0.002 -71"><span class='ocrx_word' id='word_1_114' title='bbox 176 1108 237 1166; x_wconf 88' lang='lat' dir='ltr'><strong>iis</strong></span> <span class='ocrx_word' id='word_1_115' title='bbox 259 1110 476 1237; x_wconf 53' lang='lat' dir='ltr'><strong>affispus.</strong></span> <span class='ocrx_word' id='word_1_116' title='bbox 496 1110 863 1169; x_wconf 88' lang='lat' dir='ltr'><strong>abstinentes</strong></span> <span class='ocrx_word' id='word_1_117' title='bbox 907 1111 1046 1169; x_wconf 88' lang='lat' dir='ltr'><strong>aliis</strong></span> <span class='ocrx_word' id='word_1_118' title='bbox 1075 1110 1293 1169; x_wconf 86' lang='lat' dir='ltr'><strong>officiis</strong></span> <span class='ocrx_word' id='word_1_119' title='bbox 1335 1111 1768 1183; x_wconf 86' lang='lat' dir='ltr'><strong>mancipentur,</strong></span> <span class='ocrx_word' id='word_1_120' title='bbox 1800 1116 1943 1184; x_wconf 89' lang='lat' dir='ltr'><strong>puta</strong></span> <span class='ocrx_word' id='word_1_121' title='bbox 1984 1111 2233 1182; x_wconf 75' lang='lat' dir='ltr'><strong>militiae,</strong></span> <span class='ocrx_word' id='word_1_122' title='bbox 2258 1113 2352 1169; x_wconf 82' lang='lat' dir='ltr'><strong>vel</strong></span> <span class='ocrx_word' id='word_1_123' title='bbox 2389 1126 2535 1170; x_wconf 89' lang='lat' dir='ltr'><strong>con-</strong></span> 
     </span>
     <span class='ocr_line' id='line_1_13' title="bbox 177 1188 500 1238; baseline 0 -2"><span class='ocrx_word' id='word_1_124' title='bbox 177 1192 250 1236; x_wconf 87' lang='lat' dir='ltr'><strong>em</strong></span> <span class='ocrx_word' id='word_1_125' title='bbox 343 1188 500 1238; x_wconf 87' lang='lat' dir='ltr'><strong>tioni.</strong></span> 
     </span>
    </p>

    <p class='ocr_par' dir='ltr' id='par_1_3' title="bbox 176 1194 2537 1746">
     <span class='ocr_line' id='line_1_14' title="bbox 213 1194 2535 1322; baseline 0.002 -16"><span class='ocrx_word' id='word_1_126' title='bbox 213 1194 285 1306; x_wconf 53' lang='lat' dir='ltr'><strong>p}</strong></span> <span class='ocrx_word' id='word_1_127' title='bbox 305 1264 411 1322; x_wconf 89' lang='lat' dir='ltr'><strong>quo</strong></span> <span class='ocrx_word' id='word_1_128' title='bbox 439 1255 594 1322; x_wconf 90' lang='lat' dir='ltr'><strong>patet</strong></span> <span class='ocrx_word' id='word_1_129' title='bbox 624 1251 848 1310; x_wconf 84' lang='lat' dir='ltr'><strong>solutio</strong></span> <span class='ocrx_word' id='word_1_130' title='bbox 878 1251 952 1309; x_wconf 89' lang='lat' dir='ltr'><strong>ad</strong></span> <span class='ocrx_word' id='word_1_131' title='bbox 981 1252 1333 1310; x_wconf 86' lang='lat' dir='ltr'><strong>secundum.</strong></span> <span class='ocrx_word' id='word_1_132' title='bbox 1359 1255 1443 1309; x_wconf 82' lang='lat' dir='ltr'><strong>Ex</strong></span> <span class='ocrx_word' id='word_1_133' title='bbox 1471 1249 1675 1310; x_wconf 83' lang='lat' dir='ltr'><strong>divina</strong></span> <span class='ocrx_word' id='word_1_134' title='bbox 1700 1251 1860 1309; x_wconf 90' lang='lat' dir='ltr'><strong>enim</strong></span> <span class='ocrx_word' id='word_1_135' title='bbox 1907 1252 2276 1322; x_wconf 83' lang='lat' dir='ltr'><strong>providentia</strong></span> <span class='ocrx_word' id='word_1_136' title='bbox 2317 1252 2535 1312; x_wconf 85' lang='lat' dir='ltr'><strong>dantur</strong></span> 
     </span>
     <span class='ocr_line' id='line_1_15' title="bbox 176 1319 2537 1396; baseline 0.003 -20"><span class='ocrx_word' id='word_1_137' title='bbox 176 1319 350 1377; x_wconf 88' lang='lat' dir='ltr'><strong>iomini</strong></span> <span class='ocrx_word' id='word_1_138' title='bbox 393 1335 460 1379; x_wconf 90' lang='lat' dir='ltr'><strong>ea</strong></span> <span class='ocrx_word' id='word_1_139' title='bbox 500 1336 629 1394; x_wconf 85' lang='lat' dir='ltr'><strong>quae</strong></span> <span class='ocrx_word' id='word_1_140' title='bbox 678 1328 818 1380; x_wconf 87' lang='lat' dir='ltr'><strong>sunt</strong></span> <span class='ocrx_word' id='word_1_141' title='bbox 862 1321 969 1379; x_wconf 84' lang='lat' dir='ltr'><strong>toti</strong></span> <span class='ocrx_word' id='word_1_142' title='bbox 1000 1322 1220 1394; x_wconf 91' lang='lat' dir='ltr'><strong>speciei</strong></span> <span class='ocrx_word' id='word_1_143' title='bbox 1261 1321 1622 1386; x_wconf 88' lang='lat' dir='ltr'><strong>necessaria,</strong></span> <span class='ocrx_word' id='word_1_144' title='bbox 1673 1334 1783 1379; x_wconf 90' lang='lat' dir='ltr'><strong>nec</strong></span> <span class='ocrx_word' id='word_1_145' title='bbox 1838 1328 2036 1380; x_wconf 88' lang='lat' dir='ltr'><strong>tamen</strong></span> <span class='ocrx_word' id='word_1_146' title='bbox 2091 1330 2322 1393; x_wconf 89' lang='lat' dir='ltr'><strong>oportet</strong></span> <span class='ocrx_word' id='word_1_147' title='bbox 2374 1324 2537 1396; x_wconf 88' lang='lat' dir='ltr'><strong>quod</strong></span> 
     </span>
     <span class='ocr_line' id='line_1_16' title="bbox 176 1389 2533 1466; baseline 0.003 -20"><span class='ocrx_word' id='word_1_148' title='bbox 176 1389 367 1462; x_wconf 84' lang='lat' dir='ltr'><strong>[uilibet</strong></span> <span class='ocrx_word' id='word_1_149' title='bbox 411 1391 585 1449; x_wconf 89' lang='lat' dir='ltr'><strong>homo</strong></span> <span class='ocrx_word' id='word_1_150' title='bbox 631 1392 900 1466; x_wconf 90' lang='lat' dir='ltr'><strong>quolibet</strong></span> <span class='ocrx_word' id='word_1_151' title='bbox 944 1392 1184 1450; x_wconf 91' lang='lat' dir='ltr'><strong>illorum</strong></span> <span class='ocrx_word' id='word_1_152' title='bbox 1210 1399 1427 1450; x_wconf 89' lang='lat' dir='ltr'><strong>utatur.</strong></span> <span class='ocrx_word' id='word_1_153' title='bbox 1456 1393 1602 1449; x_wconf 88' lang='lat' dir='ltr'><strong>Data</strong></span> <span class='ocrx_word' id='word_1_154' title='bbox 1647 1396 1740 1450; x_wconf 89' lang='lat' dir='ltr'><strong>est</strong></span> <span class='ocrx_word' id='word_1_155' title='bbox 1776 1393 1936 1450; x_wconf 89' lang='lat' dir='ltr'><strong>enim</strong></span> <span class='ocrx_word' id='word_1_156' title='bbox 1966 1393 2193 1450; x_wconf 86' lang='lat' dir='ltr'><strong>homini</strong></span> <span class='ocrx_word' id='word_1_157' title='bbox 2234 1393 2533 1454; x_wconf 85' lang='lat' dir='ltr'><strong>industria</strong></span> 
     </span>
     <span class='ocr_line' id='line_1_17' title="bbox 176 1459 2531 1534; baseline 0.003 -18"><span class='ocrx_word' id='word_1_158' title='bbox 176 1459 465 1532; x_wconf 83' lang='lat' dir='ltr'><strong>edificandi,</strong></span> <span class='ocrx_word' id='word_1_159' title='bbox 494 1468 549 1519; x_wconf 93' lang='lat' dir='ltr'><strong>et</strong></span> <span class='ocrx_word' id='word_1_160' title='bbox 577 1462 866 1534; x_wconf 15' lang='lat' dir='ltr'><strong>virtuskad</strong></span> <span class='ocrx_word' id='word_1_161' title='bbox 896 1462 1303 1534; x_wconf 88' lang='lat' dir='ltr'><strong>pugnandum,</strong></span> <span class='ocrx_word' id='word_1_162' title='bbox 1334 1476 1443 1520; x_wconf 89' lang='lat' dir='ltr'><strong>nec</strong></span> <span class='ocrx_word' id='word_1_163' title='bbox 1471 1468 1670 1519; x_wconf 88' lang='lat' dir='ltr'><strong>tamen</strong></span> <span class='ocrx_word' id='word_1_164' title='bbox 1700 1468 1932 1533; x_wconf 86' lang='lat' dir='ltr'><strong>oportet</strong></span> <span class='ocrx_word' id='word_1_165' title='bbox 2006 1463 2121 1521; x_wconf 89' lang='lat' dir='ltr'><strong>uod</strong></span> <span class='ocrx_word' id='word_1_166' title='bbox 2160 1477 2371 1522; x_wconf 86' lang='lat' dir='ltr'><strong>omnes</strong></span> <span class='ocrx_word' id='word_1_167' title='bbox 2407 1465 2531 1523; x_wconf 91' lang='lat' dir='ltr'><strong>sint</strong></span> 
     </span>
     <span class='ocr_line' id='line_1_18' title="bbox 176 1529 2536 1606; baseline 0.003 -19"><span class='ocrx_word' id='word_1_168' title='bbox 176 1529 500 1590; x_wconf 84' lang='lat' dir='ltr'><strong>edificatores</strong></span> <span class='ocrx_word' id='word_1_169' title='bbox 523 1574 539 1601; x_wconf 94' lang='lat'><strong>,</strong></span> <span class='ocrx_word' id='word_1_170' title='bbox 585 1538 689 1590; x_wconf 92' lang='lat' dir='ltr'><strong>aut</strong></span> <span class='ocrx_word' id='word_1_171' title='bbox 730 1532 968 1590; x_wconf 88' lang='lat' dir='ltr'><strong>milites.</strong></span> <span class='ocrx_word' id='word_1_172' title='bbox 1018 1533 1321 1600; x_wconf 86' lang='lat' dir='ltr'><strong>Similiter,</strong></span> <span class='ocrx_word' id='word_1_173' title='bbox 1369 1534 1506 1590; x_wconf 89' lang='lat' dir='ltr'><strong>licet</strong></span> <span class='ocrx_word' id='word_1_174' title='bbox 1555 1531 1639 1589; x_wconf 87' lang='lat' dir='ltr'><strong>sit</strong></span> <span class='ocrx_word' id='word_1_175' title='bbox 1686 1532 1916 1590; x_wconf 87' lang='lat' dir='ltr'><strong>bomini</strong></span> <span class='ocrx_word' id='word_1_176' title='bbox 2003 1533 2250 1592; x_wconf 81' lang='lat' dir='ltr'><strong>ivinitus</strong></span> <span class='ocrx_word' id='word_1_177' title='bbox 2294 1535 2536 1606; x_wconf 82' lang='lat' dir='ltr'><strong>provisa</strong></span> 
     </span>
     <span class='ocr_line' id='line_1_19' title="bbox 176 1599 2534 1678; baseline 0.004 -22"><span class='ocrx_word' id='word_1_178' title='bbox 176 1599 310 1660; x_wconf 74' lang='lat' dir='ltr'><strong>tirius</strong></span> <span class='ocrx_word' id='word_1_179' title='bbox 336 1604 666 1673; x_wconf 84' lang='lat' dir='ltr'><strong>generativa</strong></span> <span class='ocrx_word' id='word_1_180' title='bbox 690 1610 748 1660; x_wconf 91' lang='lat' dir='ltr'><strong>et</strong></span> <span class='ocrx_word' id='word_1_181' title='bbox 776 1617 847 1660; x_wconf 92' lang='lat' dir='ltr'><strong>ea</strong></span> <span class='ocrx_word' id='word_1_182' title='bbox 874 1616 1006 1674; x_wconf 84' lang='lat' dir='ltr'><strong>quae</strong></span> <span class='ocrx_word' id='word_1_183' title='bbox 1036 1603 1107 1661; x_wconf 92' lang='lat' dir='ltr'><strong>ad</strong></span> <span class='ocrx_word' id='word_1_184' title='bbox 1134 1609 1327 1661; x_wconf 90' lang='lat' dir='ltr'><strong>actum</strong></span> <span class='ocrx_word' id='word_1_185' title='bbox 1359 1604 1491 1674; x_wconf 88' lang='lat' dir='ltr'><strong>ejus</strong></span> <span class='ocrx_word' id='word_1_186' title='bbox 1526 1601 1899 1673; x_wconf 83' lang='lat' dir='ltr'><strong>ordinantur,</strong></span> <span class='ocrx_word' id='word_1_187' title='bbox 1929 1616 2051 1660; x_wconf 91' lang='lat' dir='ltr'><strong>non</strong></span> <span class='ocrx_word' id='word_1_188' title='bbox 2070 1609 2266 1662; x_wconf 89' lang='lat' dir='ltr'><strong>tamen</strong></span> <span class='ocrx_word' id='word_1_189' title='bbox 2299 1606 2534 1678; x_wconf 81' lang='lat' dir='ltr'><strong>oportet</strong></span> 
     </span>
     <span class='ocr_line' id='line_1_20' title="bbox 176 1670 1473 1746; baseline 0.003 -19"><span class='ocrx_word' id='word_1_190' title='bbox 176 1670 286 1740; x_wconf 67' lang='lat' dir='ltr'><strong>{uod</strong></span> <span class='ocrx_word' id='word_1_191' title='bbox 310 1672 548 1744; x_wconf 88' lang='lat' dir='ltr'><strong>quilibet</strong></span> <span class='ocrx_word' id='word_1_192' title='bbox 571 1673 729 1731; x_wconf 89' lang='lat' dir='ltr'><strong>actui</strong></span> <span class='ocrx_word' id='word_1_193' title='bbox 757 1672 1160 1746; x_wconf 80' lang='lat' dir='ltr'><strong>generationis</strong></span> <span class='ocrx_word' id='word_1_194' title='bbox 1186 1674 1473 1732; x_wconf 87' lang='lat' dir='ltr'><strong>intendat.</strong></span> 
     </span>
    </p>

    <p class='ocr_par' dir='ltr' id='par_1_4' title="bbox 176 1741 2541 2450">
     <span class='ocr_line' id='line_1_21' title="bbox 220 1741 2535 1817; baseline 0.003 -20"><span class='ocrx_word' id='word_1_195' title='bbox 220 1741 357 1799; x_wconf 87' lang='lat' dir='ltr'><strong>Unde</strong></span> <span class='ocrx_word' id='word_1_196' title='bbox 383 1743 552 1801; x_wconf 87' lang='lat' dir='ltr'><strong>etiam</strong></span> <span class='ocrx_word' id='word_1_197' title='bbox 584 1748 746 1816; x_wconf 88' lang='lat' dir='ltr'><strong>patet</strong></span> <span class='ocrx_word' id='word_1_198' title='bbox 768 1743 991 1801; x_wconf 80' lang='lat' dir='ltr'><strong>solutio</strong></span> <span class='ocrx_word' id='word_1_199' title='bbox 1019 1743 1091 1801; x_wconf 88' lang='lat' dir='ltr'><strong>ad</strong></span> <span class='ocrx_word' id='word_1_200' title='bbox 1124 1744 1381 1802; x_wconf 89' lang='lat' dir='ltr'><strong>tertium.</strong></span> <span class='ocrx_word' id='word_1_201' title='bbox 1409 1744 1494 1803; x_wconf 80' lang='lat' dir='ltr'><strong>Ab</strong></span> <span class='ocrx_word' id='word_1_202' title='bbox 1522 1745 1621 1803; x_wconf 88' lang='lat' dir='ltr'><strong>his</strong></span> <span class='ocrx_word' id='word_1_203' title='bbox 1651 1744 1810 1802; x_wconf 91' lang='lat' dir='ltr'><strong>enim</strong></span> <span class='ocrx_word' id='word_1_204' title='bbox 1839 1758 1971 1817; x_wconf 80' lang='lat' dir='ltr'><strong>quae</strong></span> <span class='ocrx_word' id='word_1_205' title='bbox 2000 1744 2364 1803; x_wconf 88' lang='lat' dir='ltr'><strong>multitudini</strong></span> <span class='ocrx_word' id='word_1_206' title='bbox 2393 1750 2535 1806; x_wconf 87' lang='lat' dir='ltr'><strong>sunt</strong></span> 
     </span>
     <span class='ocr_line' id='line_1_22' title="bbox 176 1813 2533 1887; baseline 0.004 -21"><span class='ocrx_word' id='word_1_207' title='bbox 176 1814 472 1883; x_wconf 86' lang='lat' dir='ltr'><strong>iecessaria,</strong></span> <span class='ocrx_word' id='word_1_208' title='bbox 506 1813 780 1885; x_wconf 88' lang='lat' dir='ltr'><strong>quamvis</strong></span> <span class='ocrx_word' id='word_1_209' title='bbox 809 1819 1095 1886; x_wconf 82' lang='lat' dir='ltr'><strong>quantum</strong></span> <span class='ocrx_word' id='word_1_210' title='bbox 1125 1814 1199 1872; x_wconf 86' lang='lat' dir='ltr'><strong>ad</strong></span> <span class='ocrx_word' id='word_1_211' title='bbox 1229 1815 1507 1886; x_wconf 89' lang='lat' dir='ltr'><strong>singulos</strong></span> <span class='ocrx_word' id='word_1_212' title='bbox 1533 1815 1750 1874; x_wconf 81' lang='lat' dir='ltr'><strong>melius</strong></span> <span class='ocrx_word' id='word_1_213' title='bbox 1777 1813 1860 1872; x_wconf 90' lang='lat' dir='ltr'><strong>sit</strong></span> <span class='ocrx_word' id='word_1_214' title='bbox 1891 1815 2050 1887; x_wconf 91' lang='lat' dir='ltr'><strong>quod</strong></span> <span class='ocrx_word' id='word_1_215' title='bbox 2089 1815 2384 1873; x_wconf 84' lang='lat' dir='ltr'><strong>abstineat</strong></span> <span class='ocrx_word' id='word_1_216' title='bbox 2414 1829 2533 1875; x_wconf 89' lang='lat' dir='ltr'><strong>me-</strong></span> 
     </span>
     <span class='ocr_line' id='line_1_23' title="bbox 177 1880 2538 1958; baseline 0.003 -21"><span class='ocrx_word' id='word_1_217' title='bbox 177 1880 371 1940; x_wconf 89' lang='lat' dir='ltr'><strong>ioribus</strong></span> <span class='ocrx_word' id='word_1_218' title='bbox 399 1883 649 1951; x_wconf 81' lang='lat' dir='ltr'><strong>dedituS‚</strong></span> <span class='ocrx_word' id='word_1_219' title='bbox 680 1897 802 1942; x_wconf 91' lang='lat' dir='ltr'><strong>non</strong></span> <span class='ocrx_word' id='word_1_220' title='bbox 830 1890 1030 1942; x_wconf 84' lang='lat' dir='ltr'><strong>tamen</strong></span> <span class='ocrx_word' id='word_1_221' title='bbox 1068 1890 1160 1941; x_wconf 88' lang='lat' dir='ltr'><strong>est</strong></span> <span class='ocrx_word' id='word_1_222' title='bbox 1203 1885 1429 1943; x_wconf 90' lang='lat' dir='ltr'><strong>bonum</strong></span> <span class='ocrx_word' id='word_1_223' title='bbox 1475 1885 1636 1958; x_wconf 88' lang='lat' dir='ltr'><strong>quod</strong></span> <span class='ocrx_word' id='word_1_224' title='bbox 1664 1898 1876 1944; x_wconf 89' lang='lat' dir='ltr'><strong>omnes</strong></span> <span class='ocrx_word' id='word_1_225' title='bbox 1904 1886 2261 1954; x_wconf 84' lang='lat' dir='ltr'><strong>abstineant,</strong></span> <span class='ocrx_word' id='word_1_226' title='bbox 2292 1887 2451 1945; x_wconf 89' lang='lat' dir='ltr'><strong>sicut</strong></span> <span class='ocrx_word' id='word_1_227' title='bbox 2478 1891 2538 1944; x_wconf 92' lang='lat' dir='ltr'><strong>et</strong></span> 
     </span>
     <span class='ocr_line' id='line_1_24' title="bbox 177 1953 2539 2030; baseline 0.003 -22"><span class='ocrx_word' id='word_1_228' title='bbox 177 1953 416 2030; x_wconf 82' lang='lat' dir='ltr'><strong>nordine</strong></span> <span class='ocrx_word' id='word_1_229' title='bbox 441 1954 704 2012; x_wconf 87' lang='lat' dir='ltr'><strong>universi</strong></span> <span class='ocrx_word' id='word_1_230' title='bbox 734 1958 976 2025; x_wconf 86' lang='lat' dir='ltr'><strong>apparet</strong></span> <span class='ocrx_word' id='word_1_231' title='bbox 1003 1973 1018 2011; x_wconf 91' lang='lat'><strong>:</strong></span> <span class='ocrx_word' id='word_1_232' title='bbox 1051 1955 1324 2027; x_wconf 86' lang='lat' dir='ltr'><strong>quamvis</strong></span> <span class='ocrx_word' id='word_1_233' title='bbox 1372 1956 1532 2014; x_wconf 91' lang='lat' dir='ltr'><strong>enim</strong></span> <span class='ocrx_word' id='word_1_234' title='bbox 1581 1956 1917 2014; x_wconf 87' lang='lat' dir='ltr'><strong>substantia</strong></span> <span class='ocrx_word' id='word_1_235' title='bbox 1943 1956 2274 2026; x_wconf 87' lang='lat' dir='ltr'><strong>spiritualis</strong></span> <span class='ocrx_word' id='word_1_236' title='bbox 2307 1957 2387 2015; x_wconf 88' lang='lat' dir='ltr'><strong>sit</strong></span> <span class='ocrx_word' id='word_1_237' title='bbox 2414 1969 2539 2015; x_wconf 89' lang='lat' dir='ltr'><strong>me·</strong></span> 
     </span>
     <span class='ocr_line' id='line_1_25' title="bbox 177 2025 2540 2098; baseline 0.003 -20"><span class='ocrx_word' id='word_1_238' title='bbox 177 2033 253 2079; x_wconf 90' lang='lat' dir='ltr'><strong>ior</strong></span> <span class='ocrx_word' id='word_1_239' title='bbox 283 2037 445 2096; x_wconf 89' lang='lat' dir='ltr'><strong>quam</strong></span> <span class='ocrx_word' id='word_1_240' title='bbox 474 2025 826 2096; x_wconf 80' lang='lat' dir='ltr'><strong>corporaliS,</strong></span> <span class='ocrx_word' id='word_1_241' title='bbox 853 2037 976 2083; x_wconf 90' lang='lat' dir='ltr'><strong>non</strong></span> <span class='ocrx_word' id='word_1_242' title='bbox 1002 2030 1203 2083; x_wconf 90' lang='lat' dir='ltr'><strong>tamen</strong></span> <span class='ocrx_word' id='word_1_243' title='bbox 1232 2032 1392 2084; x_wconf 89' lang='lat' dir='ltr'><strong>esset</strong></span> <span class='ocrx_word' id='word_1_244' title='bbox 1424 2026 1642 2085; x_wconf 88' lang='lat' dir='ltr'><strong>melius</strong></span> <span class='ocrx_word' id='word_1_245' title='bbox 1680 2025 2022 2084; x_wconf 82' lang='lat' dir='ltr'><strong>universum</strong></span> <span class='ocrx_word' id='word_1_246' title='bbox 2077 2026 2140 2083; x_wconf 88' lang='lat' dir='ltr'><strong>in</strong></span> <span class='ocrx_word' id='word_1_247' title='bbox 2186 2040 2304 2098; x_wconf 92' lang='lat' dir='ltr'><strong>quo</strong></span> <span class='ocrx_word' id='word_1_248' title='bbox 2336 2030 2540 2086; x_wconf 89' lang='lat' dir='ltr'><strong>essent</strong></span> 
     </span>
     <span class='ocr_line' id='line_1_26' title="bbox 176 2091 2541 2169; baseline 0.003 -21"><span class='ocrx_word' id='word_1_249' title='bbox 176 2091 279 2150; x_wconf 79' lang='lat' dir='ltr'><strong>iolae</strong></span> <span class='ocrx_word' id='word_1_250' title='bbox 302 2095 639 2154; x_wconf 84' lang='lat' dir='ltr'><strong>substantiae</strong></span> <span class='ocrx_word' id='word_1_251' title='bbox 667 2095 1032 2167; x_wconf 78' lang='lat' dir='ltr'><strong>spiritualeS,</strong></span> <span class='ocrx_word' id='word_1_252' title='bbox 1063 2096 1168 2154; x_wconf 91' lang='lat' dir='ltr'><strong>sed</strong></span> <span class='ocrx_word' id='word_1_253' title='bbox 1198 2097 1640 2168; x_wconf 80' lang='lat' dir='ltr'><strong>imperfectius:</strong></span> <span class='ocrx_word' id='word_1_254' title='bbox 1674 2102 1732 2154; x_wconf 90' lang='lat' dir='ltr'><strong>et</strong></span> <span class='ocrx_word' id='word_1_255' title='bbox 1758 2097 2032 2169; x_wconf 88' lang='lat' dir='ltr'><strong>quamvis</strong></span> <span class='ocrx_word' id='word_1_256' title='bbox 2060 2096 2367 2155; x_wconf 88' lang='lat' dir='ltr'><strong>sitmelior</strong></span> <span class='ocrx_word' id='word_1_257' title='bbox 2395 2110 2541 2156; x_wconf 87' lang='lat' dir='ltr'><strong>ocu·</strong></span> 
     </span>
     <span class='ocr_line' id='line_1_27' title="bbox 177 2164 2540 2239; baseline 0.003 -19"><span class='ocrx_word' id='word_1_258' title='bbox 177 2174 236 2220; x_wconf 88' lang='lat' dir='ltr'><strong>us</strong></span> <span class='ocrx_word' id='word_1_259' title='bbox 262 2164 395 2234; x_wconf 89' lang='lat' dir='ltr'><strong>pede</strong></span> <span class='ocrx_word' id='word_1_260' title='bbox 423 2166 485 2222; x_wconf 91' lang='lat' dir='ltr'><strong>in</strong></span> <span class='ocrx_word' id='word_1_261' title='bbox 509 2180 761 2239; x_wconf 86' lang='lat' dir='ltr'><strong>corpore</strong></span> <span class='ocrx_word' id='word_1_262' title='bbox 813 2166 1114 2236; x_wconf 87' lang='lat' dir='ltr'><strong>animalis,</strong></span> <span class='ocrx_word' id='word_1_263' title='bbox 1144 2179 1265 2224; x_wconf 92' lang='lat' dir='ltr'><strong>non</strong></span> <span class='ocrx_word' id='word_1_264' title='bbox 1318 2173 1516 2225; x_wconf 91' lang='lat' dir='ltr'><strong>tamen</strong></span> <span class='ocrx_word' id='word_1_265' title='bbox 1567 2172 1729 2226; x_wconf 89' lang='lat' dir='ltr'><strong>esset</strong></span> <span class='ocrx_word' id='word_1_266' title='bbox 1760 2168 2087 2238; x_wconf 79' lang='lat' dir='ltr'><strong>perfectum</strong></span> <span class='ocrx_word' id='word_1_267' title='bbox 2143 2167 2387 2232; x_wconf 89' lang='lat' dir='ltr'><strong>animal,</strong></span> <span class='ocrx_word' id='word_1_268' title='bbox 2417 2167 2540 2229; x_wconf 84' lang='lat' dir='ltr'><strong>nisi</strong></span> 
     </span>
     <span class='ocr_line' id='line_1_28' title="bbox 177 2231 2540 2309; baseline 0.004 -21"><span class='ocrx_word' id='word_1_269' title='bbox 177 2231 369 2291; x_wconf 88' lang='lat' dir='ltr'><strong>iaberet</strong></span> <span class='ocrx_word' id='word_1_270' title='bbox 391 2240 449 2293; x_wconf 91' lang='lat' dir='ltr'><strong>et</strong></span> <span class='ocrx_word' id='word_1_271' title='bbox 473 2239 716 2295; x_wconf 88' lang='lat' dir='ltr'><strong>oculum</strong></span> <span class='ocrx_word' id='word_1_272' title='bbox 748 2240 806 2293; x_wconf 91' lang='lat' dir='ltr'><strong>et</strong></span> <span class='ocrx_word' id='word_1_273' title='bbox 828 2236 1057 2307; x_wconf 87' lang='lat' dir='ltr'><strong>pedem.</strong></span> <span class='ocrx_word' id='word_1_274' title='bbox 1090 2240 1176 2294; x_wconf 85' lang='lat' dir='ltr'><strong>lta</strong></span> <span class='ocrx_word' id='word_1_275' title='bbox 1204 2237 1376 2295; x_wconf 89' lang='lat' dir='ltr'><strong>etiam</strong></span> <span class='ocrx_word' id='word_1_276' title='bbox 1408 2252 1519 2296; x_wconf 91' lang='lat' dir='ltr'><strong>nec</strong></span> <span class='ocrx_word' id='word_1_277' title='bbox 1540 2237 1860 2295; x_wconf 89' lang='lat' dir='ltr'><strong>multitudo</strong></span> <span class='ocrx_word' id='word_1_278' title='bbox 1891 2236 2134 2295; x_wconf 88' lang='lat' dir='ltr'><strong>humani</strong></span> <span class='ocrx_word' id='word_1_279' title='bbox 2166 2238 2406 2309; x_wconf 80' lang='lat' dir='ltr'><strong>generis</strong></span> <span class='ocrx_word' id='word_1_280' title='bbox 2435 2238 2540 2297; x_wconf 87' lang='lat' dir='ltr'><strong>ha·</strong></span> 
     </span>
     <span class='ocr_line' id='line_1_29' title="bbox 176 2307 2538 2381; baseline 0.003 -21"><span class='ocrx_word' id='word_1_281' title='bbox 176 2309 295 2361; x_wconf 77' lang='lat' dir='ltr'><strong>ieret</strong></span> <span class='ocrx_word' id='word_1_282' title='bbox 319 2311 528 2363; x_wconf 89' lang='lat' dir='ltr'><strong>statum</strong></span> <span class='ocrx_word' id='word_1_283' title='bbox 557 2307 906 2381; x_wconf 81' lang='lat' dir='ltr'><strong>perfectum,</strong></span> <span class='ocrx_word' id='word_1_284' title='bbox 941 2307 1057 2366; x_wconf 87' lang='lat' dir='ltr'><strong>nisi</strong></span> <span class='ocrx_word' id='word_1_285' title='bbox 1088 2314 1290 2366; x_wconf 88' lang='lat' dir='ltr'><strong>essent</strong></span> <span class='ocrx_word' id='word_1_286' title='bbox 1317 2308 1500 2380; x_wconf 84' lang='lat' dir='ltr'><strong>aliqui</strong></span> <span class='ocrx_word' id='word_1_287' title='bbox 1550 2307 1926 2366; x_wconf 86' lang='lat' dir='ltr'><strong>intendentes</strong></span> <span class='ocrx_word' id='word_1_288' title='bbox 1955 2307 2362 2380; x_wconf 82' lang='lat' dir='ltr'><strong>generationis</strong></span> <span class='ocrx_word' id='word_1_289' title='bbox 2392 2307 2538 2366; x_wconf 89' lang='lat' dir='ltr'><strong>acti·</strong></span> 
     </span>
     <span class='ocr_line' id='line_1_30' title="bbox 176 2377 2138 2450; baseline 0.003 -22"><span class='ocrx_word' id='word_1_290' title='bbox 176 2385 272 2443; x_wconf 75' lang='lat' dir='ltr'><strong>ius,</strong></span> <span class='ocrx_word' id='word_1_291' title='bbox 296 2381 349 2433; x_wconf 92' lang='lat' dir='ltr'><strong>et</strong></span> <span class='ocrx_word' id='word_1_292' title='bbox 373 2377 554 2450; x_wconf 90' lang='lat' dir='ltr'><strong>aliqui</strong></span> <span class='ocrx_word' id='word_1_293' title='bbox 582 2379 656 2436; x_wconf 85' lang='lat' dir='ltr'><strong>ab</strong></span> <span class='ocrx_word' id='word_1_294' title='bbox 689 2378 785 2434; x_wconf 89' lang='lat' dir='ltr'><strong>his</strong></span> <span class='ocrx_word' id='word_1_295' title='bbox 815 2377 1205 2446; x_wconf 86' lang='lat' dir='ltr'><strong>abstinentes,</strong></span> <span class='ocrx_word' id='word_1_296' title='bbox 1236 2383 1295 2434; x_wconf 90' lang='lat' dir='ltr'><strong>et</strong></span> <span class='ocrx_word' id='word_1_297' title='bbox 1320 2377 1808 2449; x_wconf 86' lang='lat' dir='ltr'><strong>contemplationi</strong></span> <span class='ocrx_word' id='word_1_298' title='bbox 1838 2385 2138 2434; x_wconf 77' lang='lat' dir='ltr'><strong>vacantes·</strong></span> 
     </span>
    </p>

    <p class='ocr_par' dir='ltr' id='par_1_5' title="bbox 176 2444 2545 3084">
     <span class='ocr_line' id='line_1_31' title="bbox 216 2444 2540 2522; baseline 0.002 -20"><span class='ocrx_word' id='word_1_299' title='bbox 216 2444 358 2512; x_wconf 87' lang='lat' dir='ltr'><strong>Quod</strong></span> <span class='ocrx_word' id='word_1_300' title='bbox 386 2453 579 2505; x_wconf 90' lang='lat' dir='ltr'><strong>autem</strong></span> <span class='ocrx_word' id='word_1_301' title='bbox 610 2452 823 2522; x_wconf 88' lang='lat' dir='ltr'><strong>quarto</strong></span> <span class='ocrx_word' id='word_1_302' title='bbox 849 2447 1147 2519; x_wconf 86' lang='lat' dir='ltr'><strong>objicitur,</strong></span> <span class='ocrx_word' id='word_1_303' title='bbox 1178 2448 1336 2520; x_wconf 87' lang='lat' dir='ltr'><strong>quod</strong></span> <span class='ocrx_word' id='word_1_304' title='bbox 1363 2461 1612 2506; x_wconf 89' lang='lat' dir='ltr'><strong>necesse</strong></span> <span class='ocrx_word' id='word_1_305' title='bbox 1638 2453 1729 2505; x_wconf 92' lang='lat' dir='ltr'><strong>est</strong></span> <span class='ocrx_word' id='word_1_306' title='bbox 1755 2447 2030 2504; x_wconf 80' lang='lat' dir='ltr'><strong>virtutem</strong></span> <span class='ocrx_word' id='word_1_307' title='bbox 2068 2447 2129 2503; x_wconf 92' lang='lat' dir='ltr'><strong>in</strong></span> <span class='ocrx_word' id='word_1_308' title='bbox 2155 2447 2350 2505; x_wconf 91' lang='lat' dir='ltr'><strong>medio</strong></span> <span class='ocrx_word' id='word_1_309' title='bbox 2381 2460 2540 2520; x_wconf 87' lang='lat' dir='ltr'><strong>esse,</strong></span> 
     </span>
     <span class='ocr_line' id='line_1_32' title="bbox 176 2514 2542 2598; baseline 0.003 -27"><span class='ocrx_word' id='word_1_310' title='bbox 176 2514 373 2593; x_wconf 61' lang='lat' dir='ltr'><strong>{olvitur</strong></span> <span class='ocrx_word' id='word_1_311' title='bbox 391 2533 494 2589; x_wconf 91' lang='lat' dir='ltr'><strong>per</strong></span> <span class='ocrx_word' id='word_1_312' title='bbox 531 2518 592 2577; x_wconf 92' lang='lat' dir='ltr'><strong>id</strong></span> <span class='ocrx_word' id='word_1_313' title='bbox 642 2517 801 2592; x_wconf 92' lang='lat' dir='ltr'><strong>quod</strong></span> <span class='ocrx_word' id='word_1_314' title='bbox 832 2518 1158 2590; x_wconf 84' lang='lat' dir='ltr'><strong>suprajam</strong></span> <span class='ocrx_word' id='word_1_315' title='bbox 1211 2517 1283 2575; x_wconf 89' lang='lat' dir='ltr'><strong>de</strong></span> <span class='ocrx_word' id='word_1_316' title='bbox 1333 2522 1674 2590; x_wconf 90' lang='lat' dir='ltr'><strong>paupertate</strong></span> <span class='ocrx_word' id='word_1_317' title='bbox 1703 2517 2065 2598; x_wconf 32' lang='lat' dir='ltr'><strong>dictum-est.</strong></span> <span class='ocrx_word' id='word_1_318' title='bbox 2096 2518 2349 2575; x_wconf 79' lang='lat' dir='ltr'><strong>Medium</strong></span> <span class='ocrx_word' id='word_1_319' title='bbox 2379 2519 2542 2579; x_wconf 90' lang='lat' dir='ltr'><strong>enim</strong></span> 
     </span>
     <span class='ocr_line' id='line_1_33' title="bbox 176 2588 2543 2662; baseline 0.003 -22"><span class='ocrx_word' id='word_1_320' title='bbox 176 2588 357 2644; x_wconf 65' lang='lat' dir='ltr'><strong>virtutis</strong></span> <span class='ocrx_word' id='word_1_321' title='bbox 384 2602 502 2647; x_wconf 91' lang='lat' dir='ltr'><strong>non</strong></span> <span class='ocrx_word' id='word_1_322' title='bbox 522 2590 812 2660; x_wconf 87' lang='lat' dir='ltr'><strong>accipitur</strong></span> <span class='ocrx_word' id='word_1_323' title='bbox 836 2601 1071 2660; x_wconf 90' lang='lat' dir='ltr'><strong>semper</strong></span> <span class='ocrx_word' id='word_1_324' title='bbox 1098 2588 1427 2646; x_wconf 90' lang='lat' dir='ltr'><strong>secundum</strong></span> <span class='ocrx_word' id='word_1_325' title='bbox 1451 2588 1841 2662; x_wconf 86' lang='lat' dir='ltr'><strong>quantitatem</strong></span> <span class='ocrx_word' id='word_1_326' title='bbox 1862 2602 1947 2645; x_wconf 91' lang='lat' dir='ltr'><strong>rei</strong></span> <span class='ocrx_word' id='word_1_327' title='bbox 2008 2601 2096 2645; x_wconf 76' lang='lat' dir='ltr'><strong>uae</strong></span> <span class='ocrx_word' id='word_1_328' title='bbox 2112 2588 2422 2645; x_wconf 86' lang='lat' dir='ltr'><strong>ordinatur</strong></span> <span class='ocrx_word' id='word_1_329' title='bbox 2448 2603 2543 2649; x_wconf 90' lang='lat' dir='ltr'><strong>ra·</strong></span> 
     </span>
     <span class='ocr_line' id='line_1_34' title="bbox 176 2652 2545 2739; baseline 0.003 -29"><span class='ocrx_word' id='word_1_330' title='bbox 176 2652 313 2732; x_wconf 74' lang='lat' dir='ltr'><strong>tione,</strong></span> <span class='ocrx_word' id='word_1_331' title='bbox 339 2660 440 2717; x_wconf 91' lang='lat' dir='ltr'><strong>sed</strong></span> <span class='ocrx_word' id='word_1_332' title='bbox 478 2658 810 2717; x_wconf 89' lang='lat' dir='ltr'><strong>secundum</strong></span> <span class='ocrx_word' id='word_1_333' title='bbox 863 2658 1130 2731; x_wconf 85' lang='lat' dir='ltr'><strong>regulam</strong></span> <span class='ocrx_word' id='word_1_334' title='bbox 1174 2659 1447 2728; x_wconf 86' lang='lat' dir='ltr'><strong>rationis,</strong></span> <span class='ocrx_word' id='word_1_335' title='bbox 1485 2672 1619 2739; x_wconf 82' lang='lat' dir='ltr'><strong>quae</strong></span> <span class='ocrx_word' id='word_1_336' title='bbox 1664 2657 1925 2738; x_wconf 74' lang='lat' dir='ltr'><strong>debitum</strong></span> <span class='ocrx_word' id='word_1_337' title='bbox 2017 2670 2151 2715; x_wconf 88' lang='lat' dir='ltr'><strong>nem</strong></span> <span class='ocrx_word' id='word_1_338' title='bbox 2194 2659 2452 2731; x_wconf 84' lang='lat' dir='ltr'><strong>attingit,</strong></span> <span class='ocrx_word' id='word_1_339' title='bbox 2484 2664 2545 2718; x_wconf 91' lang='lat' dir='ltr'><strong>et</strong></span> 
     </span>
     <span class='ocr_line' id='line_1_35' title="bbox 176 2727 2540 2791; baseline 0.005 -13"><span class='ocrx_word' id='word_1_340' title='bbox 176 2731 595 2789; x_wconf 74' lang='lat' dir='ltr'><strong>circumstantias</strong></span> <span class='ocrx_word' id='word_1_341' title='bbox 626 2728 1052 2787; x_wconf 83' lang='lat' dir='ltr'><strong>convenientes</strong></span> <span class='ocrx_word' id='word_1_342' title='bbox 1079 2729 1337 2786; x_wconf 90' lang='lat' dir='ltr'><strong>metitur.</strong></span> <span class='ocrx_word' id='word_1_343' title='bbox 1369 2731 1434 2785; x_wconf 80' lang='lat' dir='ltr'><strong>Et</strong></span> <span class='ocrx_word' id='word_1_344' title='bbox 1461 2742 1551 2787; x_wconf 93' lang='lat' dir='ltr'><strong>sic</strong></span> <span class='ocrx_word' id='word_1_345' title='bbox 1596 2727 1671 2786; x_wconf 88' lang='lat' dir='ltr'><strong>ab</strong></span> <span class='ocrx_word' id='word_1_346' title='bbox 1715 2728 1997 2786; x_wconf 90' lang='lat' dir='ltr'><strong>omnibus</strong></span> <span class='ocrx_word' id='word_1_347' title='bbox 2025 2741 2413 2786; x_wconf 88' lang='lat' dir='ltr'><strong>venereorum</strong></span> <span class='ocrx_word' id='word_1_348' title='bbox 2438 2729 2540 2791; x_wconf 87' lang='lat' dir='ltr'><strong>de·</strong></span> 
     </span>
     <span class='ocr_line' id='line_1_36' title="bbox 176 2791 2541 2873; baseline 0.001 -19"><span class='ocrx_word' id='word_1_349' title='bbox 176 2791 536 2859; x_wconf 83' lang='lat' dir='ltr'><strong>lectationibus</strong></span> <span class='ocrx_word' id='word_1_350' title='bbox 575 2799 878 2859; x_wconf 86' lang='lat' dir='ltr'><strong>abstinere</strong></span> <span class='ocrx_word' id='word_1_351' title='bbox 929 2804 1142 2871; x_wconf 75' lang='lat' dir='ltr'><strong>praeter</strong></span> <span class='ocrx_word' id='word_1_352' title='bbox 1182 2799 1473 2857; x_wconf 83' lang='lat' dir='ltr'><strong>rationem</strong></span> <span class='ocrx_word' id='word_1_353' title='bbox 1501 2798 1713 2856; x_wconf 78' lang='lat' dir='ltr'><strong>vitium</strong></span> <span class='ocrx_word' id='word_1_354' title='bbox 1764 2798 2246 2857; x_wconf 87' lang='lat' dir='ltr'><strong>insensibilitatis</strong></span> <span class='ocrx_word' id='word_1_355' title='bbox 2289 2799 2541 2873; x_wconf 80' lang='lat' dir='ltr'><strong>dicitur3</strong></span> 
     </span>
     <span class='ocr_line' id='line_1_37' title="bbox 176 2863 2543 2950; baseline 0.003 -28"><span class='ocrx_word' id='word_1_356' title='bbox 176 2863 213 2945; x_wconf 74' lang='lat' dir='ltr'><strong>ti</strong></span> <span class='ocrx_word' id='word_1_357' title='bbox 230 2875 398 2927; x_wconf 87' lang='lat' dir='ltr'><strong>autem</strong></span> <span class='ocrx_word' id='word_1_358' title='bbox 426 2872 758 2929; x_wconf 89' lang='lat' dir='ltr'><strong>secundum</strong></span> <span class='ocrx_word' id='word_1_359' title='bbox 781 2868 1068 2928; x_wconf 89' lang='lat' dir='ltr'><strong>rationem</strong></span> <span class='ocrx_word' id='word_1_360' title='bbox 1093 2868 1216 2938; x_wconf 87' lang='lat' dir='ltr'><strong>fiat,</strong></span> <span class='ocrx_word' id='word_1_361' title='bbox 1239 2870 1428 2927; x_wconf 87' lang='lat' dir='ltr'><strong>virtus</strong></span> <span class='ocrx_word' id='word_1_362' title='bbox 1455 2875 1549 2927; x_wconf 87' lang='lat' dir='ltr'><strong>est</strong></span> <span class='ocrx_word' id='word_1_363' title='bbox 1568 2869 1907 2950; x_wconf 65' lang='lat' dir='ltr'><strong>quaeetiam</strong></span> <span class='ocrx_word' id='word_1_364' title='bbox 1935 2881 2312 2950; x_wconf 81' lang='lat' dir='ltr'><strong>communem</strong></span> <span class='ocrx_word' id='word_1_365' title='bbox 2348 2870 2543 2928; x_wconf 87' lang='lat' dir='ltr'><strong>bomi-</strong></span> 
     </span>
     <span class='ocr_line' id='line_1_38' title="bbox 176 2939 2543 3012; baseline 0.003 -22"><span class='ocrx_word' id='word_1_366' title='bbox 176 2944 244 2991; x_wconf 81' lang='lat' dir='ltr'><strong>nis</strong></span> <span class='ocrx_word' id='word_1_367' title='bbox 273 2941 498 2999; x_wconf 87' lang='lat' dir='ltr'><strong>modum</strong></span> <span class='ocrx_word' id='word_1_368' title='bbox 530 2940 802 2999; x_wconf 83' lang='lat' dir='ltr'><strong>excedit:</strong></span> <span class='ocrx_word' id='word_1_369' title='bbox 832 2940 974 2997; x_wconf 87' lang='lat' dir='ltr'><strong>facit</strong></span> <span class='ocrx_word' id='word_1_370' title='bbox 1019 2940 1179 2997; x_wconf 89' lang='lat' dir='ltr'><strong>enim</strong></span> <span class='ocrx_word' id='word_1_371' title='bbox 1209 2940 1486 2999; x_wconf 89' lang='lat' dir='ltr'><strong>homines</strong></span> <span class='ocrx_word' id='word_1_372' title='bbox 1532 2953 1667 2999; x_wconf 91' lang='lat' dir='ltr'><strong>esse</strong></span> <span class='ocrx_word' id='word_1_373' title='bbox 1704 2953 1768 2996; x_wconf 90' lang='lat' dir='ltr'><strong>in</strong></span> <span class='ocrx_word' id='word_1_374' title='bbox 1797 2939 2050 3012; x_wconf 88' lang='lat' dir='ltr'><strong>quadam</strong></span> <span class='ocrx_word' id='word_1_375' title='bbox 2082 2940 2297 2998; x_wconf 85' lang='lat' dir='ltr'><strong>divinae</strong></span> <span class='ocrx_word' id='word_1_376' title='bbox 2328 2940 2543 2999; x_wconf 86' lang='lat' dir='ltr'><strong>simili·</strong></span> 
     </span>
     <span class='ocr_line' id='line_1_39' title="bbox 176 3005 2354 3084; baseline 0.004 -25"><span class='ocrx_word' id='word_1_377' title='bbox 176 3005 353 3068; x_wconf 77' lang='lat' dir='ltr'><strong>tudinis</strong></span> <span class='ocrx_word' id='word_1_378' title='bbox 371 3011 838 3084; x_wconf 83' lang='lat' dir='ltr'><strong>participatione.</strong></span> <span class='ocrx_word' id='word_1_379' title='bbox 874 3010 1037 3068; x_wconf 85' lang='lat' dir='ltr'><strong>Unde</strong></span> <span class='ocrx_word' id='word_1_380' title='bbox 1059 3009 1372 3083; x_wconf 79' lang='lat' dir='ltr'><strong>virginitas</strong></span> <span class='ocrx_word' id='word_1_381' title='bbox 1410 3023 1485 3068; x_wconf 89' lang='lat' dir='ltr'><strong>an</strong></span> <span class='ocrx_word' id='word_1_382' title='bbox 1532 3011 1645 3067; x_wconf 89' lang='lat' dir='ltr'><strong>elis</strong></span> <span class='ocrx_word' id='word_1_383' title='bbox 1671 3009 1888 3067; x_wconf 92' lang='lat' dir='ltr'><strong>dicitur</strong></span> <span class='ocrx_word' id='word_1_384' title='bbox 1915 3023 2049 3067; x_wconf 89' lang='lat' dir='ltr'><strong>esse</strong></span> <span class='ocrx_word' id='word_1_385' title='bbox 2081 3018 2354 3082; x_wconf 87' lang='lat' dir='ltr'><strong>cognata.</strong></span> 
     </span>
    </p>

    <p class='ocr_par' dir='ltr' id='par_1_6' title="bbox 176 3077 2558 4004">
     <span class='ocr_line' id='line_1_40' title="bbox 220 3077 2543 3153; baseline 0.004 -20"><span class='ocrx_word' id='word_1_386' title='bbox 220 3077 289 3136; x_wconf 77' lang='lat' dir='ltr'><strong>Ad</strong></span> <span class='ocrx_word' id='word_1_387' title='bbox 313 3082 574 3152; x_wconf 88' lang='lat' dir='ltr'><strong>quintum</strong></span> <span class='ocrx_word' id='word_1_388' title='bbox 623 3079 941 3140; x_wconf 89' lang='lat' dir='ltr'><strong>dicendum</strong></span> <span class='ocrx_word' id='word_1_389' title='bbox 995 3080 1155 3153; x_wconf 88' lang='lat' dir='ltr'><strong>quod</strong></span> <span class='ocrx_word' id='word_1_390' title='bbox 1206 3081 1466 3138; x_wconf 89' lang='lat' dir='ltr'><strong>sollicitu</strong></span> <span class='ocrx_word' id='word_1_391' title='bbox 1514 3094 1552 3138; x_wconf 94' lang='lat' dir='ltr'><strong>o</strong></span> <span class='ocrx_word' id='word_1_392' title='bbox 1578 3087 1637 3137; x_wconf 90' lang='lat' dir='ltr'><strong>et</strong></span> <span class='ocrx_word' id='word_1_393' title='bbox 1661 3080 1972 3150; x_wconf 90' lang='lat' dir='ltr'><strong>occupatio</strong></span> <span class='ocrx_word' id='word_1_394' title='bbox 2024 3095 2202 3153; x_wconf 85' lang='lat' dir='ltr'><strong>quam</strong></span> <span class='ocrx_word' id='word_1_395' title='bbox 2229 3082 2450 3139; x_wconf 86' lang='lat' dir='ltr'><strong>liabent</strong></span> <span class='ocrx_word' id='word_1_396' title='bbox 2478 3081 2543 3142; x_wconf 87' lang='lat' dir='ltr'><strong>hi</strong></span> 
     </span>
     <span class='ocr_line' id='line_1_41' title="bbox 176 3145 2545 3224; baseline 0.004 -23"><span class='ocrx_word' id='word_1_397' title='bbox 176 3145 248 3214; x_wconf 62' lang='lat' dir='ltr'><strong>zui</strong></span> <span class='ocrx_word' id='word_1_398' title='bbox 271 3150 534 3224; x_wconf 82' lang='lat' dir='ltr'><strong>conjugio</strong></span> <span class='ocrx_word' id='word_1_399' title='bbox 564 3156 814 3210; x_wconf 87' lang='lat' dir='ltr'><strong>utuntur</strong></span> <span class='ocrx_word' id='word_1_400' title='bbox 844 3151 915 3208; x_wconf 90' lang='lat' dir='ltr'><strong>de</strong></span> <span class='ocrx_word' id='word_1_401' title='bbox 949 3150 1258 3219; x_wconf 86' lang='lat' dir='ltr'><strong>uxoribus,</strong></span> <span class='ocrx_word' id='word_1_402' title='bbox 1289 3150 1454 3220; x_wconf 87' lang='lat' dir='ltr'><strong>filiis,</strong></span> <span class='ocrx_word' id='word_1_403' title='bbox 1494 3156 1555 3208; x_wconf 93' lang='lat' dir='ltr'><strong>et</strong></span> <span class='ocrx_word' id='word_1_404' title='bbox 1585 3150 1943 3209; x_wconf 89' lang='lat' dir='ltr'><strong>necessariis</strong></span> <span class='ocrx_word' id='word_1_405' title='bbox 1989 3152 2124 3208; x_wconf 77' lang='lat' dir='ltr'><strong>vitai</strong></span> <span class='ocrx_word' id='word_1_406' title='bbox 2165 3150 2545 3224; x_wconf 88' lang='lat' dir='ltr'><strong>acquirendis</strong></span> 
     </span>
     <span class='ocr_line' id='line_1_42' title="bbox 176 3220 2546 3294; baseline 0.004 -23"><span class='ocrx_word' id='word_1_407' title='bbox 176 3220 241 3272; x_wconf 66' lang='lat' dir='ltr'><strong>est</strong></span> <span class='ocrx_word' id='word_1_408' title='bbox 261 3222 563 3292; x_wconf 89' lang='lat' dir='ltr'><strong>continua;</strong></span> <span class='ocrx_word' id='word_1_409' title='bbox 592 3221 946 3294; x_wconf 85' lang='lat' dir='ltr'><strong>inquietatio</strong></span> <span class='ocrx_word' id='word_1_410' title='bbox 975 3226 1173 3278; x_wconf 89' lang='lat' dir='ltr'><strong>autem</strong></span> <span class='ocrx_word' id='word_1_411' title='bbox 1215 3236 1394 3294; x_wconf 88' lang='lat' dir='ltr'><strong>quam</strong></span> <span class='ocrx_word' id='word_1_412' title='bbox 1429 3222 1611 3279; x_wconf 87' lang='lat' dir='ltr'><strong>bomo</strong></span> <span class='ocrx_word' id='word_1_413' title='bbox 1640 3221 1860 3294; x_wconf 90' lang='lat' dir='ltr'><strong>patitur</strong></span> <span class='ocrx_word' id='word_1_414' title='bbox 1887 3233 1960 3279; x_wconf 82' lang='lat' dir='ltr'><strong>ex</strong></span> <span class='ocrx_word' id='word_1_415' title='bbox 1987 3234 2189 3293; x_wconf 87' lang='lat' dir='ltr'><strong>pugna</strong></span> <span class='ocrx_word' id='word_1_416' title='bbox 2226 3223 2546 3293; x_wconf 86' lang='lat' dir='ltr'><strong>concupis·</strong></span> 
     </span>
     <span class='ocr_line' id='line_1_43' title="bbox 176 3289 2558 3372; baseline 0.004 -31"><span class='ocrx_word' id='word_1_417' title='bbox 176 3289 452 3366; x_wconf 76' lang='lat' dir='ltr'><strong>:entiarum</strong></span> <span class='ocrx_word' id='word_1_418' title='bbox 479 3299 571 3351; x_wconf 90' lang='lat' dir='ltr'><strong>est</strong></span> <span class='ocrx_word' id='word_1_419' title='bbox 597 3292 674 3350; x_wconf 86' lang='lat' dir='ltr'><strong>ad</strong></span> <span class='ocrx_word' id='word_1_420' title='bbox 704 3291 964 3372; x_wconf 81' lang='lat' dir='ltr'><strong>aliquam</strong></span> <span class='ocrx_word' id='word_1_421' title='bbox 1014 3290 1244 3360; x_wconf 89' lang='lat' dir='ltr'><strong>boram,</strong></span> <span class='ocrx_word' id='word_1_422' title='bbox 1273 3306 1407 3365; x_wconf 82' lang='lat' dir='ltr'><strong>quae</strong></span> <span class='ocrx_word' id='word_1_423' title='bbox 1436 3292 1614 3349; x_wconf 89' lang='lat' dir='ltr'><strong>etiam</strong></span> <span class='ocrx_word' id='word_1_424' title='bbox 1662 3291 1993 3348; x_wconf 88' lang='lat' dir='ltr'><strong>minoratur</strong></span> <span class='ocrx_word' id='word_1_425' title='bbox 2019 3305 2122 3361; x_wconf 90' lang='lat' dir='ltr'><strong>per</strong></span> <span class='ocrx_word' id='word_1_426' title='bbox 2151 3291 2266 3350; x_wconf 91' lang='lat' dir='ltr'><strong>hoc</strong></span> <span class='ocrx_word' id='word_1_427' title='bbox 2297 3292 2460 3365; x_wconf 87' lang='lat' dir='ltr'><strong>quod</strong></span> <span class='ocrx_word' id='word_1_428' title='bbox 2488 3292 2558 3352; x_wconf 69' lang='lat' dir='ltr'><strong>ei‘</strong></span> 
     </span>
     <span class='ocr_line' id='line_1_44' title="bbox 176 3353 2542 3434; baseline 0.004 -24"><span class='ocrx_word' id='word_1_429' title='bbox 176 3353 351 3429; x_wconf 76' lang='lat' dir='ltr'><strong>tliquis</strong></span> <span class='ocrx_word' id='word_1_430' title='bbox 377 3375 494 3419; x_wconf 89' lang='lat' dir='ltr'><strong>non</strong></span> <span class='ocrx_word' id='word_1_431' title='bbox 533 3367 837 3422; x_wconf 79' lang='lat' dir='ltr'><strong>consentit</strong></span> <span class='ocrx_word' id='word_1_432' title='bbox 866 3379 881 3419; x_wconf 69' lang='grc' dir='ltr'><strong><em>ι</em></strong></span> <span class='ocrx_word' id='word_1_433' title='bbox 909 3374 1048 3419; x_wconf 92' lang='lat' dir='ltr'><strong>nam</strong></span> <span class='ocrx_word' id='word_1_434' title='bbox 1076 3366 1299 3434; x_wconf 86' lang='lat' dir='ltr'><strong>quanto</strong></span> <span class='ocrx_word' id='word_1_435' title='bbox 1339 3361 1561 3434; x_wconf 87' lang='lat' dir='ltr'><strong>aliquis</strong></span> <span class='ocrx_word' id='word_1_436' title='bbox 1589 3362 1782 3434; x_wconf 87' lang='lat' dir='ltr'><strong>magis</strong></span> <span class='ocrx_word' id='word_1_437' title='bbox 1811 3360 2307 3420; x_wconf 87' lang='lat' dir='ltr'><strong>delectationibus</strong></span> <span class='ocrx_word' id='word_1_438' title='bbox 2339 3362 2542 3434; x_wconf 88' lang='lat' dir='ltr'><strong>utitur,</strong></span> 
     </span>
     <span class='ocr_line' id='line_1_45' title="bbox 176 3428 2544 3515; baseline 0.002 -29"><span class='ocrx_word' id='word_1_439' title='bbox 176 3428 301 3504; x_wconf 55' lang='lat' dir='ltr'><strong>lento</strong></span> <span class='ocrx_word' id='word_1_440' title='bbox 328 3434 511 3505; x_wconf 88' lang='lat' dir='ltr'><strong>magis</strong></span> <span class='ocrx_word' id='word_1_441' title='bbox 555 3432 774 3491; x_wconf 87' lang='lat' dir='ltr'><strong>crescit</strong></span> <span class='ocrx_word' id='word_1_442' title='bbox 801 3432 863 3488; x_wconf 89' lang='lat' dir='ltr'><strong>in</strong></span> <span class='ocrx_word' id='word_1_443' title='bbox 891 3444 964 3490; x_wconf 93' lang='lat' dir='ltr'><strong>eo</strong></span> <span class='ocrx_word' id='word_1_444' title='bbox 990 3431 1359 3490; x_wconf 86' lang='lat' dir='ltr'><strong>delectabilis</strong></span> <span class='ocrx_word' id='word_1_445' title='bbox 1383 3432 1702 3504; x_wconf 85' lang='lat' dir='ltr'><strong>appetitus.</strong></span> <span class='ocrx_word' id='word_1_446' title='bbox 1737 3431 2088 3489; x_wconf 89' lang='lat' dir='ltr'><strong>Debilitatur</strong></span> <span class='ocrx_word' id='word_1_447' title='bbox 2114 3433 2300 3512; x_wconf 68' lang='lat' dir='ltr'><strong>etiam¹</strong></span> <span class='ocrx_word' id='word_1_448' title='bbox 2322 3446 2544 3515; x_wconf 81' lang='lat' dir='ltr'><strong>concu-</strong></span> 
     </span>
     <span class='ocr_line' id='line_1_46' title="bbox 176 3501 2543 3576; baseline 0.003 -22"><span class='ocrx_word' id='word_1_449' title='bbox 176 3502 416 3576; x_wconf 66' lang='lat' dir='ltr'><strong>piscentia</strong></span> <span class='ocrx_word' id='word_1_450' title='bbox 439 3517 540 3575; x_wconf 90' lang='lat' dir='ltr'><strong>per</strong></span> <span class='ocrx_word' id='word_1_451' title='bbox 564 3501 960 3562; x_wconf 87' lang='lat' dir='ltr'><strong>abstinentias</strong></span> <span class='ocrx_word' id='word_1_452' title='bbox 989 3508 1046 3559; x_wconf 87' lang='lat' dir='ltr'><strong>et</strong></span> <span class='ocrx_word' id='word_1_453' title='bbox 1070 3502 1190 3560; x_wconf 86' lang='lat' dir='ltr'><strong>alia</strong></span> <span class='ocrx_word' id='word_1_454' title='bbox 1217 3503 1497 3560; x_wconf 84' lang='lat' dir='ltr'><strong>exercitia</strong></span> <span class='ocrx_word' id='word_1_455' title='bbox 1516 3502 1871 3573; x_wconf 87' lang='lat' dir='ltr'><strong>corporalia,</strong></span> <span class='ocrx_word' id='word_1_456' title='bbox 1893 3516 2027 3574; x_wconf 83' lang='lat' dir='ltr'><strong>quae</strong></span> <span class='ocrx_word' id='word_1_457' title='bbox 2055 3508 2419 3560; x_wconf 86' lang='lat' dir='ltr'><strong>conveniunt</strong></span> <span class='ocrx_word' id='word_1_458' title='bbox 2446 3503 2543 3561; x_wconf 87' lang='lat' dir='ltr'><strong>his</strong></span> 
     </span>
     <span class='ocr_line' id='line_1_47' title="bbox 176 3572 2548 3645; baseline 0.004 -22"><span class='ocrx_word' id='word_1_459' title='bbox 176 3577 248 3636; x_wconf 68' lang='lat' dir='ltr'><strong>{ui</strong></span> <span class='ocrx_word' id='word_1_460' title='bbox 271 3574 756 3645; x_wconf 75' lang='lat' dir='ltr'><strong>concupiscentiae</strong></span> <span class='ocrx_word' id='word_1_461' title='bbox 787 3572 1244 3645; x_wconf 89' lang='lat' dir='ltr'><strong>propensionem</strong></span> <span class='ocrx_word' id='word_1_462' title='bbox 1276 3572 1512 3630; x_wconf 88' lang='lat' dir='ltr'><strong>liabent.</strong></span> <span class='ocrx_word' id='word_1_463' title='bbox 1545 3574 1699 3630; x_wconf 91' lang='lat' dir='ltr'><strong>Usus</strong></span> <span class='ocrx_word' id='word_1_464' title='bbox 1729 3573 1906 3629; x_wconf 90' lang='lat' dir='ltr'><strong>etiam</strong></span> <span class='ocrx_word' id='word_1_465' title='bbox 1934 3573 2333 3643; x_wconf 88' lang='lat' dir='ltr'><strong>corporalium</strong></span> <span class='ocrx_word' id='word_1_466' title='bbox 2360 3572 2548 3633; x_wconf 83' lang='lat' dir='ltr'><strong>delec-</strong></span> 
     </span>
     <span class='ocr_line' id='line_1_48' title="bbox 176 3634 2543 3718; baseline 0.004 -26"><span class='ocrx_word' id='word_1_467' title='bbox 176 3634 395 3714; x_wconf 67' lang='lat' dir='ltr'><strong>tabilium</strong></span> <span class='ocrx_word' id='word_1_468' title='bbox 424 3645 617 3718; x_wconf 91' lang='lat' dir='ltr'><strong>magis</strong></span> <span class='ocrx_word' id='word_1_469' title='bbox 648 3642 888 3702; x_wconf 89' lang='lat' dir='ltr'><strong>abducit</strong></span> <span class='ocrx_word' id='word_1_470' title='bbox 915 3648 1172 3700; x_wconf 87' lang='lat' dir='ltr'><strong>mentem</strong></span> <span class='ocrx_word' id='word_1_471' title='bbox 1201 3658 1237 3700; x_wconf 90' lang='lat' dir='ltr'><strong>a</strong></span> <span class='ocrx_word' id='word_1_472' title='bbox 1260 3655 1371 3701; x_wconf 88' lang='lat' dir='ltr'><strong>sua</strong></span> <span class='ocrx_word' id='word_1_473' title='bbox 1399 3641 1732 3711; x_wconf 88' lang='lat' dir='ltr'><strong>altitudine,</strong></span> <span class='ocrx_word' id='word_1_474' title='bbox 1756 3648 1813 3699; x_wconf 92' lang='lat' dir='ltr'><strong>et</strong></span> <span class='ocrx_word' id='word_1_475' title='bbox 1840 3644 2087 3714; x_wconf 87' lang='lat' dir='ltr'><strong>impedit</strong></span> <span class='ocrx_word' id='word_1_476' title='bbox 2114 3659 2152 3701; x_wconf 90' lang='lat' dir='ltr'><strong>a</strong></span> <span class='ocrx_word' id='word_1_477' title='bbox 2177 3643 2543 3715; x_wconf 86' lang='lat' dir='ltr'><strong>contempla·</strong></span> 
     </span>
     <span class='ocr_line' id='line_1_49' title="bbox 176 3706 2543 3794; baseline 0.003 -28"><span class='ocrx_word' id='word_1_478' title='bbox 176 3706 299 3766; x_wconf 56' lang='lat' dir='ltr'><strong>itone</strong></span> <span class='ocrx_word' id='word_1_479' title='bbox 321 3714 709 3783; x_wconf 81' lang='lat' dir='ltr'><strong>spiritualium</strong></span> <span class='ocrx_word' id='word_1_480' title='bbox 726 3726 905 3786; x_wconf 89' lang='lat' dir='ltr'><strong>quam</strong></span> <span class='ocrx_word' id='word_1_481' title='bbox 931 3713 1280 3785; x_wconf 90' lang='lat' dir='ltr'><strong>inquietudo</strong></span> <span class='ocrx_word' id='word_1_482' title='bbox 1306 3726 1437 3786; x_wconf 81' lang='lat' dir='ltr'><strong>quae</strong></span> <span class='ocrx_word' id='word_1_483' title='bbox 1466 3713 1738 3784; x_wconf 89' lang='lat' dir='ltr'><strong>provenit</strong></span> <span class='ocrx_word' id='word_1_484' title='bbox 1765 3727 1838 3769; x_wconf 86' lang='lat' dir='ltr'><strong>ex</strong></span> <span class='ocrx_word' id='word_1_485' title='bbox 1864 3714 2197 3771; x_wconf 90' lang='lat' dir='ltr'><strong>resistendo</strong></span> <span class='ocrx_word' id='word_1_486' title='bbox 2228 3714 2543 3794; x_wconf 87' lang='lat' dir='ltr'><strong>concupis·</strong></span> 
     </span>
     <span class='ocr_line' id='line_1_50' title="bbox 176 3780 2542 3864; baseline 0.005 -33"><span class='ocrx_word' id='word_1_487' title='bbox 176 3780 348 3839; x_wconf 70' lang='lat' dir='ltr'><strong>tentiis</strong></span> <span class='ocrx_word' id='word_1_488' title='bbox 391 3784 599 3844; x_wconf 90' lang='lat' dir='ltr'><strong>horum</strong></span> <span class='ocrx_word' id='word_1_489' title='bbox 646 3783 1125 3852; x_wconf 80' lang='lat' dir='ltr'><strong>delectabilium3</strong></span> <span class='ocrx_word' id='word_1_490' title='bbox 1158 3784 1299 3855; x_wconf 89' lang='lat' dir='ltr'><strong>quia</strong></span> <span class='ocrx_word' id='word_1_491' title='bbox 1327 3798 1433 3863; x_wconf 88' lang='lat' dir='ltr'><strong>per</strong></span> <span class='ocrx_word' id='word_1_492' title='bbox 1476 3780 2164 3853; x_wconf 72' lang='lat' dir='ltr'><strong>usum¹delectabilium‚</strong></span> <span class='ocrx_word' id='word_1_493' title='bbox 2192 3789 2542 3864; x_wconf 67' lang='lat' dir='ltr'><strong>etmaxime</strong></span> 
     </span>
     <span class='ocr_line' id='line_1_51' title="bbox 176 3853 2548 3926; baseline 0.005 -24"><span class='ocrx_word' id='word_1_494' title='bbox 176 3855 534 3926; x_wconf 77' lang='lat' dir='ltr'><strong>tenereorum,</strong></span> <span class='ocrx_word' id='word_1_495' title='bbox 582 3867 754 3914; x_wconf 89' lang='lat' dir='ltr'><strong>mens</strong></span> <span class='ocrx_word' id='word_1_496' title='bbox 808 3854 1065 3911; x_wconf 84' lang='lat' dir='ltr'><strong>maxime</strong></span> <span class='ocrx_word' id='word_1_497' title='bbox 1120 3854 1461 3911; x_wconf 89' lang='lat' dir='ltr'><strong>carnalibus</strong></span> <span class='ocrx_word' id='word_1_498' title='bbox 1513 3854 1787 3920; x_wconf 82' lang='lat' dir='ltr'><strong>inbaeret,</strong></span> <span class='ocrx_word' id='word_1_499' title='bbox 1805 3866 1943 3911; x_wconf 90' lang='lat' dir='ltr'><strong>cum</strong></span> <span class='ocrx_word' id='word_1_500' title='bbox 1998 3853 2311 3911; x_wconf 76' lang='lat' dir='ltr'><strong>delectatio</strong></span> <span class='ocrx_word' id='word_1_501' title='bbox 2368 3855 2548 3913; x_wconf 85' lang='lat' dir='ltr'><strong>faciat</strong></span> 
     </span>
     <span class='ocr_line' id='line_1_52' title="bbox 198 3917 2546 4004; baseline 0.004 -29"><span class='ocrx_word' id='word_1_502' title='bbox 198 3917 436 3998; x_wconf 75' lang='lat' dir='ltr'><strong>uieseere</strong></span> <span class='ocrx_word' id='word_1_503' title='bbox 462 3926 783 3998; x_wconf 88' lang='lat' dir='ltr'><strong>appetitum</strong></span> <span class='ocrx_word' id='word_1_504' title='bbox 813 3924 876 3982; x_wconf 90' lang='lat' dir='ltr'><strong>in</strong></span> <span class='ocrx_word' id='word_1_505' title='bbox 901 3937 963 3981; x_wconf 92' lang='lat' dir='ltr'><strong>re</strong></span> <span class='ocrx_word' id='word_1_506' title='bbox 990 3922 1323 3981; x_wconf 83' lang='lat' dir='ltr'><strong>delectabili</strong></span> <span class='ocrx_word' id='word_1_507' title='bbox 1355 3941 1370 4004; x_wconf 58' lang='grc' dir='ltr'>ξ</span> <span class='ocrx_word' id='word_1_508' title='bbox 1402 3929 1460 3981; x_wconf 92' lang='lat' dir='ltr'><strong>et</strong></span> <span class='ocrx_word' id='word_1_509' title='bbox 1478 3923 1615 3981; x_wconf 91' lang='lat' dir='ltr'><strong>ideo</strong></span> <span class='ocrx_word' id='word_1_510' title='bbox 1643 3923 1739 3981; x_wconf 89' lang='lat' dir='ltr'><strong>his</strong></span> <span class='ocrx_word' id='word_1_511' title='bbox 1758 3923 1873 4004; x_wconf 41' lang='lat' dir='ltr'><strong>qui·</strong></span> <span class='ocrx_word' id='word_1_512' title='bbox 1885 3923 1957 3981; x_wconf 92' lang='lat' dir='ltr'><strong>ad</strong></span> <span class='ocrx_word' id='word_1_513' title='bbox 1979 3925 2546 4004; x_wconf 80' lang='lat' dir='ltr'><strong>contemplationem</strong></span> 
     </span>
    </p>

    <p class='ocr_par' dir='ltr' id='par_1_7' title="bbox 176 3994 2548 4136">
     <span class='ocr_line' id='line_1_53' title="bbox 217 3994 2548 4071; baseline 0.004 -26"><span class='ocrx_word' id='word_1_514' title='bbox 217 4000 464 4071; x_wconf 80' lang='lat' dir='ltr'><strong>vinorum</strong></span> <span class='ocrx_word' id='word_1_515' title='bbox 498 4002 557 4053; x_wconf 90' lang='lat' dir='ltr'><strong>et</strong></span> <span class='ocrx_word' id='word_1_516' title='bbox 583 3996 1014 4066; x_wconf 89' lang='lat' dir='ltr'><strong>cujuscumque</strong></span> <span class='ocrx_word' id='word_1_517' title='bbox 1054 3994 1319 4051; x_wconf 85' lang='lat' dir='ltr'><strong>veritatis</strong></span> <span class='ocrx_word' id='word_1_518' title='bbox 1351 3994 1688 4062; x_wconf 87' lang='lat' dir='ltr'><strong>intendunt,</strong></span> <span class='ocrx_word' id='word_1_519' title='bbox 1719 4007 1975 4053; x_wconf 78' lang='lat' dir='ltr'><strong>maxime</strong></span> <span class='ocrx_word' id='word_1_520' title='bbox 2005 4008 2284 4051; x_wconf 86' lang='lat' dir='ltr'><strong>nocivum</strong></span> <span class='ocrx_word' id='word_1_521' title='bbox 2321 4000 2415 4053; x_wconf 89' lang='lat' dir='ltr'><strong>est</strong></span> <span class='ocrx_word' id='word_1_522' title='bbox 2454 4009 2548 4054; x_wconf 79' lang='lat' dir='ltr'><strong>ve-</strong></span> 
     </span>
     <span class='ocr_line' id='line_1_54' title="bbox 176 4063 1924 4136; baseline 0.006 -26"><span class='ocrx_word' id='word_1_523' title='bbox 176 4065 334 4119; x_wconf 75' lang='lat' dir='ltr'><strong>nereis</strong></span> <span class='ocrx_word' id='word_1_524' title='bbox 356 4063 583 4124; x_wconf 87' lang='lat' dir='ltr'><strong>deditos</strong></span> <span class='ocrx_word' id='word_1_525' title='bbox 608 4080 744 4124; x_wconf 88' lang='lat' dir='ltr'><strong>esse</strong></span> <span class='ocrx_word' id='word_1_526' title='bbox 772 4071 832 4122; x_wconf 84' lang='lat' dir='ltr'><strong>et</strong></span> <span class='ocrx_word' id='word_1_527' title='bbox 855 4064 1109 4122; x_wconf 84' lang='lat' dir='ltr'><strong>maxime</strong></span> <span class='ocrx_word' id='word_1_528' title='bbox 1137 4064 1282 4121; x_wconf 87' lang='lat' dir='ltr'><strong>utile</strong></span> <span class='ocrx_word' id='word_1_529' title='bbox 1304 4063 1378 4123; x_wconf 89' lang='lat' dir='ltr'><strong>ab</strong></span> <span class='ocrx_word' id='word_1_530' title='bbox 1407 4065 1497 4122; x_wconf 89' lang='lat' dir='ltr'><strong>eis</strong></span> <span class='ocrx_word' id='word_1_531' title='bbox 1522 4064 1840 4123; x_wconf 85' lang='lat' dir='ltr'><strong>abstinere.</strong></span> <span class='ocrx_word' id='word_1_532' title='bbox 1921 4133 1924 4136; x_wconf 14' lang='lat'><strong>⁴</strong></span> 
     </span>
    </p>

    <p class='ocr_par' dir='ltr' id='par_1_8' title="bbox 176 4129 2548 4428">
     <span class='ocr_line' id='line_1_55' title="bbox 222 4129 2547 4218; baseline 0.006 -35"><span class='ocrx_word' id='word_1_533' title='bbox 222 4129 362 4189; x_wconf 83' lang='lat' dir='ltr'><strong>Nihil</strong></span> <span class='ocrx_word' id='word_1_534' title='bbox 390 4141 582 4194; x_wconf 89' lang='lat' dir='ltr'><strong>autem</strong></span> <span class='ocrx_word' id='word_1_535' title='bbox 611 4130 906 4218; x_wconf 86' lang='lat' dir='ltr'><strong>prohibet,</strong></span> <span class='ocrx_word' id='word_1_536' title='bbox 935 4134 1208 4208; x_wconf 88' lang='lat' dir='ltr'><strong>quamvis</strong></span> <span class='ocrx_word' id='word_1_537' title='bbox 1239 4133 1652 4194; x_wconf 84' lang='lat' dir='ltr'><strong>universaliter</strong></span> <span class='ocrx_word' id='word_1_538' title='bbox 1678 4133 1909 4193; x_wconf 89' lang='lat' dir='ltr'><strong>dicatur</strong></span> <span class='ocrx_word' id='word_1_539' title='bbox 1935 4134 2040 4192; x_wconf 91' lang='lat' dir='ltr'><strong>uni</strong></span> <span class='ocrx_word' id='word_1_540' title='bbox 2070 4135 2301 4194; x_wconf 92' lang='lat' dir='ltr'><strong>homini</strong></span> <span class='ocrx_word' id='word_1_541' title='bbox 2330 4136 2547 4196; x_wconf 89' lang='lat' dir='ltr'><strong>melius</strong></span> 
     </span>
     <span class='ocr_line' id='line_1_56' title="bbox 176 4204 2545 4285; baseline 0.004 -30"><span class='ocrx_word' id='word_1_542' title='bbox 176 4206 279 4281; x_wconf 48' lang='lat' dir='ltr'><strong>{sse</strong></span> <span class='ocrx_word' id='word_1_543' title='bbox 317 4206 733 4282; x_wconf 79' lang='lat' dir='ltr'><strong>continentiam</strong></span> <span class='ocrx_word' id='word_1_544' title='bbox 786 4219 1022 4264; x_wconf 84' lang='lat' dir='ltr'><strong>servare</strong></span> <span class='ocrx_word' id='word_1_545' title='bbox 1067 4218 1247 4279; x_wconf 88' lang='lat' dir='ltr'><strong>quam</strong></span> <span class='ocrx_word' id='word_1_546' title='bbox 1291 4205 1673 4263; x_wconf 84' lang='lat' dir='ltr'><strong>matrimonio</strong></span> <span class='ocrx_word' id='word_1_547' title='bbox 1702 4204 1985 4285; x_wconf 32' lang='lat' dir='ltr'><strong>uti,·quin</strong></span> <span class='ocrx_word' id='word_1_548' title='bbox 2014 4204 2196 4265; x_wconf 86' lang='lat' dir='ltr'><strong>alicui</strong></span> <span class='ocrx_word' id='word_1_549' title='bbox 2241 4206 2389 4264; x_wconf 92' lang='lat' dir='ltr'><strong>illud</strong></span> <span class='ocrx_word' id='word_1_550' title='bbox 2419 4220 2545 4282; x_wconf 69' lang='lat' dir='ltr'><strong>rne-</strong></span> 
     </span>
     <span class='ocr_line' id='line_1_57' title="bbox 176 4274 2548 4336; baseline 0.006 -18"><span class='ocrx_word' id='word_1_551' title='bbox 176 4278 266 4325; x_wconf 61' lang='lat' dir='ltr'><strong>2ius</strong></span> <span class='ocrx_word' id='word_1_552' title='bbox 299 4278 389 4331; x_wconf 87' lang='lat' dir='ltr'><strong>sit.</strong></span> <span class='ocrx_word' id='word_1_553' title='bbox 420 4275 578 4334; x_wconf 87' lang='lat' dir='ltr'><strong>Unde</strong></span> <span class='ocrx_word' id='word_1_554' title='bbox 619 4277 907 4335; x_wconf 86' lang='lat' dir='ltr'><strong>Dominus</strong></span> <span class='ocrx_word' id='word_1_555' title='bbox 935 4276 1090 4333; x_wconf 85' lang='lat' dir='ltr'><strong>sacta</strong></span> <span class='ocrx_word' id='word_1_556' title='bbox 1117 4274 1190 4334; x_wconf 88' lang='lat' dir='ltr'><strong>de</strong></span> <span class='ocrx_word' id='word_1_557' title='bbox 1235 4275 1603 4334; x_wconf 90' lang='lat' dir='ltr'><strong>continentia</strong></span> <span class='ocrx_word' id='word_1_558' title='bbox 1645 4280 1950 4332; x_wconf 91' lang='lat' dir='ltr'><strong>mentione</strong></span> <span class='ocrx_word' id='word_1_559' title='bbox 1982 4274 2123 4334; x_wconf 90' lang='lat' dir='ltr'><strong>dicit</strong></span> <span class='ocrx_word' id='word_1_560' title='bbox 2153 4293 2170 4334; x_wconf 78' lang='lat' dir='ltr'><strong><em>z</em></strong></span> <span class='ocrx_word' id='word_1_561' title='bbox 2200 4277 2321 4336; x_wconf 85' lang='lat' dir='ltr'><strong>Non</strong></span> <span class='ocrx_word' id='word_1_562' title='bbox 2368 4290 2548 4335; x_wconf 73' lang='lat' dir='ltr'><strong>omnes</strong></span> 
     </span>
     <span class='ocr_line' id='line_1_58' title="bbox 176 4340 2298 4428; baseline 0.004 -32"><span class='ocrx_word' id='word_1_563' title='bbox 176 4340 359 4407; x_wconf 67' lang='lat' dir='ltr'><strong>zapiunt</strong></span> <span class='ocrx_word' id='word_1_564' title='bbox 379 4347 593 4404; x_wconf 82' lang='lat' dir='ltr'><strong>verbum</strong></span> <span class='ocrx_word' id='word_1_565' title='bbox 622 4348 737 4411; x_wconf 73' lang='lat' dir='ltr'><strong>hoc,</strong></span> <span class='ocrx_word' id='word_1_566' title='bbox 766 4347 863 4404; x_wconf 82' lang='lat' dir='ltr'><strong>sed</strong></span> <span class='ocrx_word' id='word_1_567' title='bbox 890 4348 988 4417; x_wconf 81' lang='lat' dir='ltr'><strong>qui</strong></span> <span class='ocrx_word' id='word_1_568' title='bbox 1002 4351 1175 4415; x_wconf 77' lang='lat' dir='ltr'><strong>potest</strong></span> <span class='ocrx_word' id='word_1_569' title='bbox 1200 4360 1389 4417; x_wconf 81' lang='lat' dir='ltr'><strong>capere</strong></span> <span class='ocrx_word' id='word_1_570' title='bbox 1413 4347 1616 4417; x_wconf 79' lang='lat' dir='ltr'><strong>capiat.</strong></span> <span class='ocrx_word' id='word_1_571' title='bbox 1643 4345 1886 4414; x_wconf 57' lang='lat' dir='ltr'><strong>(Matthn</strong></span> <span class='ocrx_word' id='word_1_572' title='bbox 1914 4357 2038 4418; x_wconf 83' lang='lat' dir='ltr'><strong>xlx,</strong></span> <span class='ocrx_word' id='word_1_573' title='bbox 2067 4351 2154 4428; x_wconf 74' lang='lat'><strong>11,</strong></span> <span class='ocrx_word' id='word_1_574' title='bbox 2189 4348 2298 4420; x_wconf 81' lang='lat'><strong>12.)</strong></span> 
     </span>
    </p>

    <p class='ocr_par' dir='ltr' id='par_1_9' title="bbox 221 4410 2544 4492">
     <span class='ocr_line' id='line_1_59' title="bbox 221 4410 2544 4492; baseline 0.003 -25"><span class='ocrx_word' id='word_1_575' title='bbox 221 4410 298 4469; x_wconf 83' lang='lat' dir='ltr'><strong>Ad</strong></span> <span class='ocrx_word' id='word_1_576' title='bbox 323 4413 381 4471; x_wconf 87' lang='lat' dir='ltr'><strong>id</strong></span> <span class='ocrx_word' id='word_1_577' title='bbox 405 4417 580 4476; x_wconf 87' lang='lat' dir='ltr'><strong>etiam</strong></span> <span class='ocrx_word' id='word_1_578' title='bbox 608 4417 770 4491; x_wconf 88' lang='lat' dir='ltr'><strong>quod</strong></span> <span class='ocrx_word' id='word_1_579' title='bbox 796 4417 869 4476; x_wconf 88' lang='lat' dir='ltr'><strong>de</strong></span> <span class='ocrx_word' id='word_1_580' title='bbox 917 4421 1211 4492; x_wconf 80' lang='lat' dir='ltr'><strong>praecepto</strong></span> <span class='ocrx_word' id='word_1_581' title='bbox 1239 4416 1451 4491; x_wconf 75' lang='lat' dir='ltr'><strong>primis</strong></span> <span class='ocrx_word' id='word_1_582' title='bbox 1476 4415 1825 4490; x_wconf 85' lang='lat' dir='ltr'><strong>parentibus</strong></span> <span class='ocrx_word' id='word_1_583' title='bbox 1866 4414 2006 4477; x_wconf 88' lang='lat' dir='ltr'><strong>dato</strong></span> <span class='ocrx_word' id='word_1_584' title='bbox 2041 4418 2255 4478; x_wconf 89' lang='lat' dir='ltr'><strong>ultimo</strong></span> <span class='ocrx_word' id='word_1_585' title='bbox 2281 4417 2544 4489; x_wconf 88' lang='lat' dir='ltr'><strong>positum</strong></span> 
     </span>
    </p>
   </div>
  </div>
 </body>
</html>
