3076 5025
1123 267 1258 327 Lm.
1298 269 1374 336 tt,
1407 267 1563 325 GAP.
1600 268 1775 327 XLIX.
2559 274 2659 328 tes

217 392 494 464 seipsum
526 392 795 457 moveat,
807 392 1041 461 oportet
1064 388 1226 461 quod
1253 403 1360 460 per
1384 389 1645 469 aliquam
1668 389 1935 451 altiorem
1959 390 2210 449 formam
2232 392 2664 473 apprehensam

221 478 296 524 so
322 467 566 520 moveat
591 461 668 518 ad
706 460 1097 531 judicandum
1122 478 1139 529 3
1170 474 1301 531 quae
1330 460 1570 532 quidem
1600 474 1737 518 esse
1765 474 1885 519 non
1916 468 2112 533 potest
2161 462 2278 520 uisi
2324 463 2459 534 ipsa
2508 464 2664 522 ratio

219 534 393 600 honi,
423 533 520 589 vel
549 532 987 599 convenientiS,
1017 544 1123 602 per
1150 545 1326 602 quam
1355 530 1429 587 de
1456 531 1725 602 quolibet
1776 531 2167 591 determinato
2195 532 2378 602 hono,
2405 534 2497 590 vel
2526 547 2667 593 eon-

222 602 492 662 venienti
535 601 862 673 judicatur.
897 601 1003 659 llla
1045 600 1230 681 igitur
1273 601 1498 681 solase
1542 600 2027 671 adjudicandum
2077 609 2316 661 movent
2345 618 2479 676 quae
2500 618 2664 661 com-

222 687 471 739 munem
517 672 661 730 boni
707 671 801 730 vel
853 675 1266 728 convenientis
1311 677 1600 729 rationem
1632 673 2100 743 apprehendunt.
2133 676 2266 731 Haec
2296 682 2493 733 autem
2525 682 2668 732 sunt

225 745 362 804 sola
394 742 845 800 intellectualia.
888 742 1030 799 Sola
1057 740 1243 813 igitur
1273 742 1701 801 intellectualia
1749 756 1813 801 se
1842 756 1964 801 non
2010 745 2207 802 solum
2238 744 2311 802 ad
2340 745 2663 818 agendum,

225 814 336 877 sed
388 815 570 870 etiam
614 812 690 870 ad
733 812 1127 883 judicandum
1171 818 1430 892 movent.
1478 813 1617 871 Sola
1661 811 1845 887 igitur
1869 815 2002 886 ipsa
2028 820 2171 873 sunt
2208 815 2396 873 libera
2421 816 2483 873 in
2507 815 2665 887 jndi-

228 884 426 944 cando
455 902 468 939 :
502 883 663 955 quod
692 888 784 939 est
816 883 1066 939 liberum
1099 883 1407 939 arbitrium
1437 883 1672 941 hahere.

299 955 582 1024 Amplius,
614 969 651 1010 a
676 952 1067 1025 conceptione
1097 953 1420 1011 universali
1458 967 1581 1011 non
1618 953 1889 1025 sequitur
1912 962 2111 1015 motus
2138 959 2195 1012 et
2219 955 2377 1013 actio
2398 955 2518 1015 nisi
2541 971 2666 1015 me-

228 1025 436 1085 diante
484 1023 829 1096 particulari
880 1023 1377 1094 apprehensione,
1410 1037 1486 1081 eo
1524 1024 1687 1096 quod
1716 1031 1915 1081 motus
1943 1029 2001 1081 et
2045 1025 2201 1083 actio
2230 1026 2390 1083 circa
2414 1029 2667 1106 particu-

228 1096 383 1154 laria
414 1102 526 1152 est.
551 1095 894 1152 Intellectus
922 1098 1117 1151 autem
1139 1100 1229 1151 est
1247 1094 1597 1152 naturaliter
1618 1094 2042 1152 universalium
2073 1097 2562 1167 apprehensivus.
2581 1097 2668 1156 Ad

229 1167 352 1229 hoc
398 1165 585 1235 igitur
626 1164 782 1237 quod
814 1179 887 1221 ex
930 1164 1405 1235 apprehensione
1449 1164 1790 1223 intellectus
1816 1171 2100 1237 sequatur
2128 1174 2347 1234 motuS,
2377 1173 2481 1223 aut
2507 1181 2672 1240 quaee

231 1250 492 1307 cumque
523 1235 699 1297 actio,
729 1239 964 1314 oportet
986 1236 1141 1306 quod
1172 1234 1529 1291 universalis
1558 1236 1896 1294 intellectus
1922 1238 2234 1307 conceptio
2253 1237 2579 1307 applicetur
2593 1234 2669 1297 a&

229 1307 642 1379 particularia.
696 1304 805 1363 Sed
864 1305 1201 1363 universale
1265 1306 1533 1362 continet
1591 1306 1652 1363 in
1749 1307 1973 1364 olentia
2025 1308 2214 1364 multa
2265 1308 2665 1377 particularia.

233 1379 446 1435 Potest
502 1377 518 1432 i
567 1378 686 1455 itur
740 1375 1081 1456 applicatio·
1116 1376 1530 1446 conceptionis
1582 1320 2003 1434 inteflectualis
2054 1376 2180 1433 fieri
2238 1377 2312 1435 ad
2369 1378 2560 1448 plura,
2611 1383 2673 1435 et

231 1447 497 1507 diversa.
560 1445 823 1505 udicium
857 1446 1038 1518 igitur
1065 1447 1404 1504 intellectus
1429 1446 1501 1503 de
1522 1446 1846 1516 agibilibus
1866 1460 1987 1504 non
2004 1453 2095 1504 est
2114 1448 2569 1505 determinatum
2594 1448 2670 1507 ad

233 1531 426 1579 unum
458 1524 713 1575 tantum.
745 1517 974 1575 nabent
1001 1517 1184 1588 igitur
1207 1517 1412 1574 omnia
1441 1517 1865 1574 intellectualia
1896 1517 2147 1575 liberum
2177 1518 2507 1575 arbitrium.

309 1590 608 1645 Praeterea
649 1586 862 1659 judicii
914 1586 1182 1645 libertate
1233 1594 1436 1644 carent
1464 1587 1665 1659 aliqua
1694 1587 1786 1644 vel
1836 1601 1944 1660 pro
1987 1594 2075 1644 ter
2104 1588 2218 1645 hoc
2246 1589 2404 1660 quod
2435 1588 2671 1647 nullum

233 1657 459 1721 habent
510 1656 1015 1736 judicium-sicut
1043 1671 1176 1729 quae
1226 1672 1297 1715 co
1344 1657 1571 1714 uitione
1601 1664 1822 1723 carent,
1854 1664 1914 1715 ut
1969 1657 2193 1729 apideS,
2227 1665 2283 1715 et
2314 1659 2549 1730 plantae,
2576 1660 2668 1717 vel

231 1730 382 1800 quia
413 1728 638 1785 habent
657 1728 950 1798 judicium
981 1741 1017 1784 a
1045 1735 1257 1784 natura
1326 1730 1741 1785 eterminatum
1774 1728 1849 1785 ad
1881 1742 2085 1797 unum,
2117 1730 2274 1786 sicut
2300 1728 2672 1789 irrationalia

235 1799 547 1857 animalia.
573 1798 837 1856 Naturali
866 1799 1022 1856 enim
1055 1799 1495 1857 existimatione
1518 1799 1743 1869 ‚iudicat
1772 1798 1903 1856 ovis
1925 1799 2127 1871 lupum
2154 1799 2270 1856 sihi
2296 1801 2672 1869 nocivum,et

236 1883 312 1927 ex
341 1870 458 1927 hoc
499 1869 732 1940 judicio
765 1869 916 1939 rugit
942 1867 1136 1939 ipsum
1173 1887 1187 1924 :
1229 1870 1505 1929 similiter
1535 1874 1732 1926 autem
1777 1869 1838 1925 in
1870 1869 2026 1927 aliia.
2060 1870 2457 1941 Quaecumque
2485 1871 2671 1944 igitur

237 1939 464 1997 hahent
513 1940 806 2010 judicium
838 1938 910 1995 de
938 1939 1189 2018 agendis
1241 1953 1360 2001 non
1391 1940 1843 1997 determinatum
1875 1954 1911 1997 a
1938 1945 2149 1997 natura
2193 1940 2265 1997 ad
2314 1954 2521 2010 unum,
2564 1955 2668 1999 ne-

239 2023 416 2067 cesse
444 2010 734 2068 estliberi
765 2009 992 2067 arbitrii
1019 2023 1176 2067 esse.
1209 2010 1559 2081 Hujusmodi
1584 2016 1779 2068 autem
1809 2015 1948 2067 sunt
1970 2010 2176 2068 omnia
2202 2010 2669 2081 intellectualia;

235 2079 587 2139 intellectus
617 2081 778 2136 enim
811 2079 1202 2151 apprehendit
1230 2094 1348 2137 non
1390 2081 1589 2139 solum
1618 2080 1733 2139 hoc
1760 2082 1853 2138 vel
1877 2081 2021 2138 illud
2053 2080 2300 2149 honum,
2326 2081 2430 2138 sed
2471 2083 2669 2152 ipsum

233 2149 468 2207 honum
531 2164 852 2207 commune
881 2164 895 2203 :
947 2150 1123 2216 unde,
1180 2165 1317 2208 cum
1373 2151 1709 2209 intellectus
1765 2165 1871 2222 per
1928 2150 2177 2209 formam
2235 2151 2669 2222 apprehensam

235 2226 476 2277 moveat
506 2223 895 2289 voluntatem,
942 2220 1000 2276 in
1052 2222 1332 2280 omnihus
1373 2227 1569 2278 autem
1602 2235 1849 2279 movens
1875 2226 1934 2278 et
1976 2228 2201 2279 motum
2233 2228 2502 2293 oporteat
2528 2237 2669 2282 esse

235 2292 712 2362 proportionata,
763 2292 1041 2348 voluntas
1083 2289 1432 2349 substantiae
1476 2292 1898 2351 intellectualis
1927 2305 2047 2348 non
2075 2298 2166 2351 est
2212 2292 2604 2351 determinata
2630 2308 2669 2351 a

239 2366 454 2419 natura
475 2362 594 2418 nisi
627 2361 697 2419 ad
731 2361 954 2419 honum
984 2375 1321 2419 commune.
1355 2362 1465 2430 Qui
1547 2362 1645 2420 uid
1678 2363 1694 2418 i
1743 2363 1859 2419 itur
1886 2360 2132 2419 offertur
2151 2361 2265 2419 sibi
2295 2363 2411 2421 sub
2439 2364 2671 2422 ratione

237 2430 406 2499 boni,
439 2433 658 2502 poterit
693 2432 972 2489 voluntas
999 2432 1275 2491 inclinari
1305 2433 1368 2488 in
1403 2434 1508 2489 illu
1559 2475 1574 2500 ,
1606 2434 1709 2489 nul
1736 2447 1771 2489 a
1797 2432 2290 2490 determinatione
2318 2435 2571 2490 naturali
2603 2433 2671 2490 in

233 2505 605 2562 contrarium
648 2503 1024 2584 prohibente.
1072 2503 1287 2562 Omnia
1327 2503 1511 2574 igitur
1559 2502 1988 2562 intellectualia
2020 2503 2267 2560 liberam
2300 2504 2666 2561 voluntatem

235 2572 464 2634 hahent
519 2588 591 2632 ex
639 2574 868 2644 judicio
922 2572 1264 2632 intellectus
1309 2572 1873 2646 venientem3quod
1921 2578 2013 2630 est
2056 2573 2309 2630 liberum
2356 2573 2667 2632 arbitrium

233 2642 480 2788 laighearii,
521 2644 685 2717 quod
735 2644 1017 2702 definitur
1068 2643 1322 2701 liberum
1376 2642 1449 2700 de
1493 2644 1729 2702 ratione
1758 2643 2075 2716 judicium.
2131 2642 2177 2714 (Ι
2227 2647 2413 2717 part„
2457 2659 2517 2717 q.
2574 2647 2668 2714 tta,

1206 2864 1460 2928 ear-ur
1497 2863 1709 2928 mx.
1830 2937 1841 2946 ,

563 3049 566 3052 “
638 3044 792 3098 QUOD
830 3044 1191 3094 sultanum
1230 3044 1716 3092 mummium
1751 3042 1875 3090 NON
1909 3043 2002 3090 sn·
2036 3043 2275 3091 comit.

311 3206 392 3268 Ex
419 3206 753 3278 praemissis
777 3212 976 3265 antem
997 3207 1334 3268 ostenditur
1368 3208 1534 3282 quod.
1560 3208 1727 3267 nulla
1751 3208 2089 3270 substantia
2116 3208 2545 3269 intellectualis
2571 3210 2669 3268 est

267 3417 281 3427 ·
310 3348 552 3404 Nullum
591 3346 749 3405 enim
781 3362 999 3420 corpus
1027 3348 1328 3406 invenitur
1348 3348 1579 3420 aliquid
1601 3349 1908 3406 continere
1932 3349 2053 3407 nisi
2082 3363 2187 3420 per
2210 3362 2666 3409 commensura-

235 3421 465 3475 tionem
498 3419 849 3490 quantitatis
874 3436 889 3486 3
925 3419 1102 3488 unde,
1134 3419 1272 3477 etsi
1302 3433 1368 3477 se
1407 3425 1535 3477 toto
1565 3426 1753 3477 totum
1785 3420 2011 3490 aliquid
2041 3421 2331 3489 continet,
2355 3426 2414 3478 et
2443 3426 2668 3491 partem

435 3489 725 3552 continet,
763 3488 1045 3561 majorem
1134 3490 1332 3548 uidem
1380 3491 1628 3562 majore,
1657 3491 1946 3548 minorem
1979 3496 2174 3548 autem
2206 3493 2457 3548 minore.
2493 3489 2670 3547 inte}-

263 3564 431 3617 ectus
477 3565 676 3617 autem
711 3572 831 3618 non
871 3573 1111 3631 compre
1156 3561 1319 3618 endit
1367 3574 1492 3617 rem
1535 3560 1797 3633 aliquam
1848 3560 2208 3619 intellectam
2255 3574 2360 3631 per
2405 3561 2669 3632 aliquan

236 3630 593 3701 quantitatis
622 3632 1291 3698 commensurationem,
1322 3645 1504 3702 quum
1534 3645 1603 3689 se
1630 3637 1757 3688 toto
1786 3632 2081 3704 intelligat
2110 3637 2168 3687 et
2205 3630 2672 3702 comprehendat

235 3701 427 3826 'oluff‘
458 3705 519 3756 et
544 3706 796 3771 partem,
825 3699 1054 3771 majora
1096 3701 1162 3760 in
1189 3702 1516 3775 quantitate
1544 3706 1605 3758 et
1627 3701 1883 3760 minora.
1913 3699 2088 3760 Nulla
2116 3700 2302 3774 igitur
2329 3701 2672 3762 substantia

234 3782 304 3827 m
332 3786 363 3826 e
415 3787 428 3826 l
477 3784 588 3828 ens
616 3777 708 3828 est
735 3784 973 3842 corpus.

307 3785 586 3910 Ampglz'us,
622 3841 852 3898 nullum
882 3854 1101 3911 corpus
1135 3845 1330 3912 potest
1357 3842 1602 3901 alterius
1630 3842 1902 3913 corporis
1931 3842 2181 3899 formam
2213 3841 2667 3900 substantialem

234 3910 523 3981 recipere,
567 3911 686 3968 nisi
718 3925 822 3982 per
849 3911 1290 3982 corruptionem
1330 3926 1499 3969 suam
1534 3914 1781 3971 formam
1821 3912 2068 3969 amittat.
2104 3913 2441 3970 intellectus
2470 3919 2669 3970 autem

237 3991 361 4038 non
405 3983 831 4052 corrumpitur,
876 3983 979 4040 sed
1023 3983 1218 4054 magis
1247 3983 1549 4053 perficitur
1588 3998 1693 4057 per
1722 3984 1834 4041 hoc
1862 3984 2021 4055 quod
2053 3984 2261 4054 recipit
2289 3985 2511 4041 formas
2539 3996 2670 4040 om-

237 4050 403 4108 nium
436 4065 791 4122 corporum;
825 4052 1126 4123 perficitur
1154 4053 1313 4110 enirn
1345 4053 1772 4126 intelligend03
1804 4053 2085 4125 intelligit
2115 4060 2311 4110 autem
2337 4053 2665 4110 secundum

117 4167 132 4179 .
236 4122 397 4193 quod
436 4123 617 4179 habet
656 4122 719 4178 in
763 4136 830 4181 se
871 4123 1097 4181 formas
1126 4123 1586 4182 intellectorum.
1616 4125 1791 4182 Nulla
1818 4124 2002 4197 igitur
2029 4125 2366 4182 substantia
2405 4123 2670 4182 intellec·

233 4193 929 4344 tazlglsfficstffiffigghum
972 4263 1333 4322 diversitatis
1375 4263 1817 4322 individuorum
1848 4262 2112 4344 ejusdem
2160 4263 2380 4335 speciei
2410 4270 2501 4322 est
2525 4263 2670 4321 divi·

229 4344 325 4392 sto
375 4342 646 4392 materne
688 4334 1018 4394 secundum
1051 4338 1480 4417 qunantitatem3
1511 4338 1702 4393 i‘orma
1739 4333 1897 4392 enim
1946 4333 2126 4415 huJus
2179 4335 2337 4407 ignis
2391 4349 2427 4392 a
2476 4335 2669 4391 forma

227 4401 395 4470 itlius
423 4404 598 4479 ignis
627 4417 754 4466 non
776 4403 998 4476 differt,
1023 4419 1144 4468 nisi
1171 4420 1278 4478 pet
1302 4407 1420 4468 hoe
1446 4406 1610 4479 quod
1624 4412 1728 4465 est
1752 4405 1821 4464 in
1843 4404 2100 4466 diversis
2124 4405 2396 4477 partibus
2420 4404 2488 4462 in
2510 4413 2662 4476 quas
2754 4441 2764 4457 .
