3076 5025
470 308 576 364 498
1382 298 1514 357 ΜΒ.
1558 301 1647 368 tV,
1688 301 1840 356 ΠΛΡ.
1884 301 1997 354 Vll.

475 429 634 487 ditur
653 425 915 498 perfecta
939 437 1078 482 esse
1106 423 1332 495 imago,
1358 422 1549 493 ipsam
1582 422 1684 479 Dei
1725 420 2123 480 substantiam
2168 424 2631 490 repraesentans‚
2662 418 2870 477 dicente

475 497 756 569 Apostolo
786 514 800 552 z
833 497 1006 563 Quum
1052 496 1126 551 sit
1167 493 1424 564 splendor
1461 494 1669 561 qloriae,
1700 498 1752 547 et
1776 496 1957 561 {laura
1977 492 2295 548 substantiae
2321 490 2460 560 eius.
2514 489 2721 562 (fleon,
2748 504 2789 558 1,
2812 489 2881 560 3.)

471 573 604 627 Non
633 573 724 625 est
744 563 926 638 igitur
957 565 1144 623 Filius
1174 564 1276 622 Dei
1308 570 1603 621 creatura.
2183 631 2194 642 ⁸
2402 631 2413 642 ⁸

543 642 828 700 Praeterea,
860 634 1010 693 nihil
1042 634 1202 708 quod
1245 641 1338 692 est
1373 633 1436 689 in
1482 634 1685 705 aliquo
1728 647 1946 705 genere
1973 637 2067 690 est
2093 631 2452 689 universalis
2477 644 2667 688 causa
2694 643 2887 688 eorum

475 724 606 782 quae
658 711 802 765 sunt
838 705 902 763 in
939 720 1158 786 genere
1187 704 1333 774 illo;
1365 703 1523 761 sicut
1553 703 1911 760 universalis
1941 716 2125 760 causa
2152 700 2464 759 hominum
2497 715 2619 758 non
2651 707 2741 757 est
2788 700 2888 757 ali-

475 779 612 851 quis
656 777 861 846 hom0‚
908 776 1058 833 nihil
1083 775 1242 832 enim
1282 774 1574 846 suiipsius
1604 777 1695 831 est
1722 788 1905 830 causa
1927 816 1942 840 ,
1983 772 2086 831 sed
2118 773 2231 837 sol,
2259 772 2359 844 qui
2397 779 2491 829 est
2517 779 2684 852 extra
2712 783 2893 843 genus

475 851 831 913 humanum,
851 851 945 904 est
975 845 1333 904 universalis
1363 858 1547 903 causa
1568 845 1975 917 generationis
2004 844 2303 923 humanae,
2331 847 2389 898 ει
2424 842 2683 923 ulterius
2714 844 2883 898 Deus.

477 920 665 978 Filius
696 924 890 975 autem
920 922 1012 973 est
1042 915 1400 974 universalis
1426 928 1612 972 causa
1639 921 2042 972 creaturarum
2060 956 2076 983 ,
2107 913 2325 970 dicitur
2352 926 2510 969 emm
2539 929 2559 966 ι
2587 911 2783 968 Ormie
2800 927 2898 981 per

475 993 658 1061 ipsum
681 991 834 1056 sacta
862 992 989 1042 sunt
1015 985 1257 1056 (Joann.‚
1287 1002 1329 1056 ι,
1359 986 1411 1058 3)
1433 991 1524 1054 ;ει
1552 985 1696 1042 dicit
1714 985 2016 1056 Sapientia
2039 984 2243 1058 genita
2263 1002 2279 1039 z
2302 984 2434 1039 Cum
2459 999 2517 1037 eo
2546 998 2697 1037 eram
2714 987 2899 1038 cuneta

476 1074 794 1130 componens
826 1057 1030 1183 {Pi-ov„
1060 1070 1193 1123 vm,
1217 1056 1327 1129 30);
1382 1061 1443 1112 et
1484 1056 1807 1127 Apostolus
1855 1054 1999 1136 dicit
2029 1073 2043 1136 3
2072 1056 2138 1110 In
2190 1057 2308 1125 ipso
2345 1054 2568 1109 condita
2618 1057 2743 1108 sunt
2784 1055 2898 1108 ψη·-

476 1146 637 1186 versa
663 1132 724 1184 in
751 1145 824 1185 0ae
848 1131 918 1197 is,
945 1132 998 1183 et
1026 1129 1087 1183 in
1113 1132 1280 1183 terra.
1310 1127 1552 1200 (Colo-ss„
1582 1141 1626 1198 1,
1659 1125 1769 1199 16.)
1796 1128 1929 1198 Ipse
1959 1131 2143 1199 igitur
2162 1138 2285 1183 non
2314 1128 2407 1182 est
2426 1124 2498 1181 de
2514 1137 2737 1195 genere
2750 1137 2899 1181 crea-

477 1206 768 1259 turarum.

550 1274 704 1339 item,
733 1285 807 1327 ex
832 1269 1099 1328 ostensis
1126 1269 1190 1325 in
1218 1268 1486 1326 secundo
1523 1268 1679 1326 libro
1708 1267 2212 1346 manifestumest
2280 1265 2400 1324 uod
2430 1262 2789 1322 substantiae
2812 1264 2897 1321 in-

481 1354 806 1412 corporeae,
837 1353 988 1413 quas
1036 1339 1285 1412 angelos
1322 1338 1602 1406 dicimus,
1642 1351 1764 1395 non
1792 1344 2017 1409 posunt
2040 1336 2212 1394 aliter
2283 1337 2367 1394 eri
2396 1350 2578 1407 quam
2602 1349 2717 1405 per
2743 1348 2897 1392 crea·

478 1413 704 1470 tionem
732 1454 747 1481 ‚
792 1416 850 1467 et
897 1410 1076 1468 etiam
1118 1414 1428 1467 ostensum
1456 1415 1549 1466 est
1576 1408 1734 1481 quod
1766 1408 1933 1465 nulla
1961 1406 2299 1466 substantia
2324 1411 2524 1478 potest
2545 1419 2773 1475 creare,
2803 1404 2901 1463 sed

483 1483 654 1541 solus
684 1485 862 1539 Deus.
894 1480 1009 1538 Sed
1038 1480 1140 1538 Dei
1168 1479 1350 1537 Filius
1380 1486 1474 1537 est
1496 1493 1680 1536 causa
1709 1477 2083 1550 angelorum,
2114 1490 2222 1535 eos
2266 1477 2330 1535 in
2358 1490 2493 1535 esse
2520 1474 2895 1546 producens;

484 1553 628 1611 dicit
666 1551 825 1610 enim
879 1551 1201 1623 Apostolus
1235 1566 1247 1603 :
1289 1549 1416 1607 Sive
1458 1551 1665 1619 throni,
1690 1552 1803 1605 siue
1829 1548 2238 1616 dominationes,
2260 1550 2374 1604 siue
2388 1550 2767 1619 principatus,
2799 1548 2900 1602 ὼε

476 1628 787 1751 {gie-states,
820 1625 1001 1678 omnia
1021 1637 1124 1693 per
1150 1623 1331 1691 ipsum
1353 1625 1406 1676 et
1429 1623 1490 1676 in
1516 1623 1636 1692 ipso
1655 1622 1839 1675 creata
1864 1624 2013 1675 sunt.
2044 1617 2287 1690 (Goloss.‚
2326 1633 2371 1688 1,
2412 1618 2525 1690 16).
2546 1619 2685 1689 Ipse
2725 1617 2899 1689 igitur

553 1693 673 1750 lius
699 1707 823 1750 non
852 1698 944 1750 est
966 1698 1257 1750 creatura.

554 1765 841 1832 Praeterea,
871 1777 1008 1819 cum
1053 1762 1298 1843 propria
1339 1762 1495 1819 actio
1538 1760 1860 1832 cujuslibet
1900 1759 1987 1817 rei
2035 1765 2327 1839 sequatur
2365 1764 2644 1839 naturam
2692 1761 2891 1831 ipsius,

485 1833 635 1891 nulli
668 1834 952 1903 competit
979 1846 1086 1904 pro
1131 1847 1220 1889 ria
1247 1832 1403 1890 actio
1428 1831 1683 1903 aliquus
1707 1831 1788 1887 rei
1813 1831 2057 1904 quinon
2074 1835 2355 1910 competit
2374 1829 2543 1887 illius
2566 1830 2653 1887 rei
2676 1836 2895 1897 natura,

484 1902 643 1975 quod
674 1904 830 1960 enim
864 1915 986 1960 non
1008 1902 1085 1960 ha
1130 1908 1200 1959 et·
1215 1901 1533 1960 humanam
1569 1901 1850 1972 speciem,
1876 1915 1987 1958 nec
2013 1906 2307 1958 actionem
2344 1899 2671 1958 humanam
2691 1899 2897 1958 habere

482 1979 700 2045 potest.
736 1972 996 2044 Propriae
1019 1978 1216 2030 autem
1244 1973 1514 2041 actiones
1546 1973 1649 2028 Dei
1679 1972 2044 2029 conveniunt
2076 1970 2247 2040 Filio,
2277 1970 2437 2027 sicut
2462 1985 2688 2038 creare,
2710 1971 2899 2043 utiam

485 2049 798 2100 ostensum
824 2049 935 2112 est,
962 2042 1270 2100 continere
1293 2048 1352 2099 et
1375 2056 1733 2100 conservare
1762 2042 1971 2099 omnia
1991 2042 2056 2097 in
2083 2055 2239 2109 esse,
2270 2047 2329 2098 et
2355 2047 2601 2111 peccata
2630 2055 2900 2113 purgare,

479 2114 648 2241 3¹⁰⁶
672 2117 765 2170 est
796 2114 1102 2197 proprium
1129 2114 1326 2184 ipsius
1347 2112 1475 2181 Dei,
1502 2119 1569 2170 ut
1598 2127 1672 2170 ex
1694 2112 2107 2183 superioribus
2173 2117 2292 2168 atet
2310 2153 2325 2180 ‚
2357 2111 2580 2168 dicitur
2607 2118 2805 2170 autem
2830 2111 2901 2169 do

555 2184 637 2241 lio
665 2199 850 2238 omnm
871 2186 931 2238 in
958 2186 1078 2253 ipso
1105 2187 1350 2240 constant
1371 2183 1554 2254 (ibim,
1589 2182 1697 2254 17),
1723 2188 1786 2238 et
1809 2182 2026 2239 dicitur
2066 2201 2081 2238 z
2174 2186 2359 2237 ortans
2388 2185 2577 2238 omnia
2609 2184 2769 2238 verbo
2794 2184 2903 2236 vir-

481 2256 619 2310 tutis
645 2269 757 2310 suae
801 2256 1186 2323 purgationem
1202 2258 1547 2325 peccatorum
1572 2255 1804 2320 faciens.
1836 2252 2044 2324 (Helm,
2075 2266 2118 2323 1,
2150 2251 2226 2324 3.)
2257 2251 2442 2310 Filius
2472 2252 2662 2325 igitur
2686 2253 2790 2311 Dei
2816 2255 2905 2310 est

486 2330 713 2382 naturae
742 2296 978 2391 divinae,
1010 2329 1068 2382 et
1092 2337 1212 2381 non
1243 2330 1335 2381 est
1361 2330 1651 2382 creatura.
1989 2393 2001 2404 Ο
2036 2393 2047 2404 ⁴
2253 2393 2264 2404 ⁵

556 2396 692 2460 Sed,
725 2394 869 2468 qnia
893 2400 1102 2465 posset
1122 2396 1377 2452 Arianus
1403 2394 1598 2451 dicere
1620 2394 1779 2467 quod
1809 2393 2128 2451 boc'Filius
2154 2394 2297 2450 facit
2314 2406 2437 2451 non
2451 2398 2738 2467 tanquam
2753 2394 2907 2465 prin·

486 2465 680 2549 cipale
707 2479 913 2547 agens,
947 2465 1052 2525 sed
1078 2466 1234 2524 sicut
1262 2466 1727 2524 instrumentum
1752 2463 2099 2537 principalis
2128 2464 2384 2537 agentis,
2414 2464 2579 2546 quod
2623 2479 2729 2537 per
2774 2476 2906 2545 ρηο-

528 2552 675 2596 riam
705 2542 979 2593 virtutem
1037 2550 1158 2593 non
1209 2537 1352 2609 agit,
1395 2536 1502 2594 s‘ed
1564 2537 1761 2594 solum
1810 2549 1915 2607 per
1951 2536 2225 2592 virtutem
2259 2536 2613 2607 principalis
2652 2541 2907 2609 agentis,

531 2621 645 2665 auc
694 2608 1052 2678 positionem
1080 2608 1372 2665 Dominus
1402 2607 1685 2676 excludit,
1713 2606 1919 2665 dicens
1953 2624 1965 2662 ε
2005 2607 2357 2676 Quaecumque
2388 2610 2533 2663 enim
2557 2608 2772 2675 fecerit,
2801 2607 2909 2661 bae

483 2682 537 2734 et
562 2679 736 2733 Filius
763 2679 1017 2733 similiter
1041 2679 1199 2746 tacit.
1230 2677 1467 2747 (Joann.,
1496 2691 1562 2749 v,
1596 2677 1705 2750 19.)
1735 2677 1900 2734 Sicut
1929 2675 2114 2747 igitur
2141 2679 2314 2734 Pater
2339 2690 2446 2748 per
2465 2690 2534 2735 se
2553 2678 2909 2749 operatura

483 2749 730 2821 propria
759 2747 989 2818 virtute,
1019 2748 1104 2805 ita
1131 2753 1191 2804 et
1217 2749 1422 2806 Filius.

560 2819 815 2875 Ulterius
843 2818 1022 2874 etiam
1047 2833 1119 2875 ex
1148 2818 1262 2875 hoc
1288 2818 1471 2876 verbo
1501 2816 1880 2887 concluditur
1908 2817 2068 2890 quod
2098 2817 2179 2875 sit
2204 2816 2410 2875 eadem
2429 2818 2622 2878 virtus
2643 2824 2703 2877 et
2718 2824 2907 2890 potes·

484 2893 582 2946 tas
613 2888 742 2945 Filii
787 2890 845 2944 et
880 2889 1092 2946 Patris.
1121 2891 1250 2946 Non
1282 2889 1478 2946 solum
1508 2889 1671 2945 enim
1699 2889 1841 2946 dicit
1875 2887 2034 2960 quod
2066 2888 2251 2946 Filius
2300 2888 2584 2947 similiter
2631 2894 2908 2962 operatur

490 2960 649 3017 sicut
694 2964 751 3014 et
791 2960 984 3026 Pater,
1013 2958 1120 3016 sed
1155 2959 1318 3031 quod
1346 2960 1554 3017 eadem
1575 2963 1634 3017 et
1658 2958 1953 3016 similiter.
1981 2958 2142 3021 Idem
2169 2964 2365 3016 autem
2398 2973 2522 3017 non
2548 2967 2751 3031 potest
2778 2971 2909 3017 osse

482 3033 794 3099 operatum
841 3027 1049 3086 eodem
1081 3028 1260 3087 modo
1290 3043 1328 3088 a
1354 3030 1591 3088 duobus
1620 3029 1959 3109 agentibus²
1989 3028 2108 3086 nisi
2140 3028 2539 3097 dissimiliter,
2562 3031 2725 3089 sicut
2753 3031 2907 3088 idem

485 3098 554 3156 fit
597 3112 634 3156 a
676 3098 989 3169 principali
1019 3106 1234 3173 agente
1251 3106 1309 3157 et
1339 3100 1757 3168 instrumento,
1790 3099 1883 3156 vel
1910 3099 2209 3168 similiter,
2232 3106 2291 3157 et
2313 3106 2459 3158 tunc
2484 3108 2724 3171 oportet
2751 3098 2909 3173 quod

485 3169 845 3227 conveniant
873 3171 939 3227 in
968 3183 1091 3228 una
1116 3171 1329 3247 virtute
1354 3189 1369 3239 ;
1398 3186 1532 3243 quae
1555 3171 1795 3243 quidem
1822 3170 2008 3228 virtus
2032 3169 2391 3243 quandoque
2411 3179 2826 3245 congregatur
2844 3182 2913 3228 ex

483 3239 741 3299 diversis
789 3240 1110 3299 virtutibus
1148 3242 1209 3298 in
1257 3240 1512 3299 diversis
1558 3242 1877 3311 agentibus
1924 3240 2202 3309 inventis,
2235 3242 2393 3299 sicut
2420 3247 2585 3313 patet
2609 3242 2674 3299 in
2706 3243 2910 3300 multis

484 3310 860 3367 trahentibus
891 3325 1098 3369 navem
1129 3330 1143 3381 ;
1192 3325 1403 3370 omnes
1451 3310 1614 3369 enim
1644 3312 1922 3369 similiter
1945 3312 2213 3381 trabunt,
2241 3318 2299 3368 et
2326 3313 2471 3384 quia
2492 3312 2687 3370 virtus
2713 3313 2915 3391 cujus-

484 3379 629 3438 libet
659 3381 1007 3452 imperfecta
1035 3387 1132 3440 est
1150 3388 1204 3438 et
1232 3381 1612 3440 insufficiens
1644 3382 1719 3439 ad
1748 3382 1929 3439 isium
1965 3380 2263 3451 effectum,
2295 3397 2369 3439 ex
2396 3382 2659 3441 diversis
2680 3384 2913 3440 virtuti·

483 3451 601 3508 bus
641 3458 1039 3523 congregatur
1074 3465 1199 3509 una
1216 3453 1406 3510 virtus
1435 3454 1731 3522 omnium,
1760 3467 1891 3524 quae
1921 3451 2146 3510 sufficit
2174 3453 2248 3510 ad
2277 3453 2636 3511 trahendum
2678 3465 2917 3511 naven-

486 3522 609 3578 Hoc
662 3528 858 3577 autem
892 3535 1014 3578 non
1060 3527 1257 3593 potest
1284 3523 1400 3580 dici
1426 3524 1489 3580 in
1513 3526 1685 3580 Patre
1724 3528 1783 3579 et
1810 3523 1980 3592 Filio,
2012 3524 2205 3580 virtus
2228 3524 2385 3580 enim
2423 3523 2522 3579 Dei
2560 3526 2757 3582 Patris
2792 3534 2917 3581 non

485 3597 580 3649 est
627 3590 990 3662 imperfecta,
1041 3592 1147 3650 sed
1189 3592 1444 3664 infinita,
1483 3598 1550 3651 ut
1594 3597 1903 3652 ostensum
1936 3596 2029 3651 est
2056 3593 2118 3665 (l.
2152 3596 2196 3663 1,
2227 3609 2281 3651 c.
2309 3593 2421 3661 43).
2455 3596 2705 3665 Oportet
2734 3596 2919 3667 igitar

484 3660 648 3734 quod
677 3662 883 3718 eadem
912 3675 1161 3721 numero
1185 3664 1266 3721 sit
1289 3664 1478 3722 virtus
1506 3665 1699 3721 Patris
1723 3670 1783 3721 et
1810 3663 1961 3721 Filii.
1993 3665 2057 3721 Et
2086 3678 2269 3736 quum
2286 3665 2477 3722 virtus
2502 3672 2805 3737 sequatur
2826 3676 2921 3721 m-

482 3735 680 3811 turam
723 3733 830 3801 rei,
880 3738 1112 3814 oportet
1156 3733 1318 3806 quod
1365 3735 1570 3791 eadem
1622 3748 1871 3792 numero
1899 3735 1978 3792 sit
2006 3741 2223 3792 natura
2251 3740 2310 3792 et
2335 3736 2605 3793 essentia
2634 3737 2845 3793 Patris
2868 3736 2923 3790 et

483 3802 641 3859 Filii.
669 3802 837 3871 Quod
867 3811 1046 3860 etiam
1071 3817 1146 3860 ex
1170 3805 1646 3874 praecedentibus
1674 3805 1953 3862 concludi
1979 3812 2213 3875 potest,
2244 3818 2406 3874 nam,
2433 3806 2486 3863 si
2514 3807 2578 3863 in
2632 3808 2792 3864 Filio
2834 3808 2925 3862 est

484 3878 698 3953 natura
723 3872 946 3942 divina,
971 3879 1033 3931 ut
1051 3873 1458 3946 multiplieiter
1495 3881 1809 3934 ostensum
1838 3880 1949 3939 est,
1975 3890 2112 3932 cum
2143 3882 2354 3934 natura
2389 3876 2591 3933 divina
2625 3874 2919 3947 multipli-

483 3956 605 4023 cari
636 3956 756 4001 non
787 3944 998 4015 possit,
1023 3948 1091 4001 ut
1116 3950 1429 4004 ostensum
1458 3952 1552 4003 est
1579 3946 1640 4016 (l.
1673 3961 1716 4013 1,
1747 3961 1798 4002 c.
1827 3944 1939 4018 42),
1972 3947 2242 4017 sequitur
2266 3947 2339 4004 de
2366 3949 2737 4006 necessitate
2754 3941 2917 4020 quod

484 4019 562 4070 sit
602 4014 807 4071 eadem
837 4028 1086 4073 numero
1114 4020 1326 4074 natura
1355 4022 1415 4075 et
1433 4018 1702 4075 essentia
1722 4016 1786 4072 in
1813 4018 1982 4073 Patre
2009 4021 2069 4072 et
2097 4016 2266 4076 Filio.

552 4084 704 4162 item,
737 4085 948 4142 ultima
983 4090 1191 4143 nostra
1221 4086 1526 4145 beatitudo
1577 4088 1640 4144 in
1670 4088 1804 4144 solo
1832 4088 1951 4143 Deo
1980 4091 2095 4154 est,
2122 4086 2185 4143 in
2217 4100 2337 4160 quo
2386 4088 2568 4146 etiam
2599 4089 2740 4147 solo
2772 4096 2913 4159 spes

482 4150 748 4211 hominis
780 4154 953 4212 debet
977 4156 1121 4226 poni
1151 4162 1210 4213 et
1232 4159 1333 4215 cui
1356 4158 1472 4215 soli
1499 4163 1593 4216 est
1619 4159 1813 4215 honor
1840 4156 2027 4214 latriae
2055 4156 2446 4225 exhibendus,
2481 4166 2545 4216 ut
2584 4166 2681 4217 est
2709 4165 2917 4217 osten·

484 4233 620 4277 sum
650 4221 713 4293 (l.
745 4237 835 4293 ιιι,
863 4238 917 4282 c.
952 4226 1097 4299 120).
1143 4228 1451 4285 Beatitudo
1490 4234 1688 4286 autem
1719 4233 1926 4285 nostra
1951 4226 2013 4283 in
2042 4228 2146 4284 Dei
2177 4228 2327 4286 Filio
2358 4234 2490 4298 est;
2523 4230 2673 4288 dicit
2700 4230 2867 4288 enim
2896 4236 2913 4277 τ

480 4291 615 4375 Haeq
632 4297 710 4347 est
732 4297 849 4349 vita
871 4299 1093 4362 aetema,
1120 4301 1184 4353 ut
1210 4304 1530 4368 coquosoant
1556 4304 1627 4369 te,
1658 4299 1888 4356 scilicet
1912 4301 2211 4356 Patrem...
2242 4304 2297 4354 et
2322 4314 2483 4369 quem
2500 4304 2707 4357 misisti
2731 4302 2917 4355 sem

481 4360 776 4418 Christum.
803 4364 1056 4489 floann„
1105 4380 1254 4436 XVII,
1298 4368 1390 4442 3);
1422 4379 1482 4426 et
1525 4369 1745 4427 dicitur
1774 4368 1844 4426 de
1886 4369 2034 4426 Filio
2068 4368 2228 4441 quod
2256 4374 2336 4425 est
2359 4385 2525 4426 verus
2547 4374 2689 4426 Deus
2716 4375 2769 4425 et
2796 4370 2914 4423 vna

478 4434 700 4489 aetema.
732 4432 786 4505 (Ι
838 4450 1021 4499 οαηη..
1051 4450 1116 4507 V,
1146 4439 1525 4511 20.)Certu1n
1555 4445 1649 4501 est
1684 4447 1883 4501 autem
1908 4439 2153 4500 nomine
2190 4440 2325 4500 vitae
2350 4447 2591 4501 aeteruae
2617 4442 2680 4499 in
2711 4439 2911 4511 scrip-
