3076 5025
1272 218 1466 279 ontio
1502 221 1768 282 RERUM.
2633 234 2740 294 653

296 355 400 407 quae
428 341 488 395 de
510 342 687 408 Spiritu
711 346 874 399 sancto
902 346 1136 400 dicuntur.
1369 353 1462 405 526

357 411 479 463 Car.
509 424 596 465 xx.
625 441 688 453 —
712 416 778 468 De
810 416 1050 470 effectibus
1090 419 1325 474 attributis
1352 422 1462 487 Spi-

296 480 408 533 ritui
459 486 621 536 sancto
660 484 713 538 in
739 485 1007 553 ‚scripturis
1055 493 1269 554 respectu
1315 492 1464 545 totius

295 558 532 609 creature.
1369 565 1462 617 528

353 624 479 678 cae.
521 637 635 680 xxt.
694 654 755 667 —
814 629 881 682 De
929 629 1171 683 effectibus
1225 632 1463 686 attributis

290 693 488 760 Spiritui
547 702 729 763 sancto,
776 705 995 767 respectu
1037 701 1278 756 rationalis
1336 717 1467 758 crea-

291 767 430 885 wfae’
459 773 685 833 quantum
713 769 773 823 ad
799 783 856 824 ea
896 785 1000 838 quae
1031 774 1154 825 Deus
1179 773 1317 828 nobis
1343 775 1464 827 elar-

294 835 346 903 ssi
370 849 443 888 ur.
964 846 967 853 ’
1368 846 1460 899 528

353 909 479 960 Car.
529 921 659 964 xx11.
703 941 765 975 ,-
809 914 877 968 De
934 915 1175 970 effectibus
1224 917 1461 972 attributis

289 976 485 1045 Spiritui
539 987 702 1036 sancto
731 1020 747 1045 ‚
803 986 1055 1039 secundum
1113 987 1240 1054 quod
1304 991 1461 1041 movet

289 1055 550 1104 creaturam
576 1052 626 1106 in
649 1055 809 1107 Deum.
1368 1063 1458 1113 536

351 1120 479 1174 Car.
520 1134 676 1177 xxm.
715 1153 777 1164 —
815 1125 1000 1180 solutio
1044 1128 1276 1180 rationum
1319 1143 1460 1195 supra

289 1190 587 1246 inductamm
664 1199 825 1249 contra
901 1197 1190 1255 divinitatem
1257 1200 1460 1267 Spiritus

285 1263 461 1317 saneti.
1366 1275 1458 1326 532

350 1331 477 1384 Can.
517 1346 665 1388 xx1v.
710 1362 772 1375 —
826 1336 958 1397 Quod
1012 1338 1214 1404 Spiritus
1268 1345 1458 1395 sanctus

285 1402 513 1468 procedat
535 1417 564 1458 a
595 1405 735 1460 Filio.
1365 1415 1456 1464 535

352 1471 477 1525 Car.
511 1485 638 1526 xxv.
666 1501 726 1517 -·
759 1476 983 1531 Rationes
1009 1479 1258 1534 ostendere
1290 1482 1457 1534 volen-

287 1541 409 1594 tium
435 1546 561 1609 quod
586 1545 788 1610 Spiritus
813 1551 999 1601 sanctus
1027 1561 1123 1604 non
1165 1551 1389 1617 procedat
1428 1566 1457 1605 a

284 1609 424 1675 Filio,
451 1616 502 1667 et
526 1614 700 1670 solutio
735 1617 958 1683 ipsarum.
1362 1623 1455 1676 538

347 1682 474 1736 Car.
503 1695 656 1738 xxvx
685 1714 746 1726 -
774 1688 906 1749 Quod
946 1701 1042 1742 non
1077 1694 1194 1744 sunt
1229 1691 1323 1745 nisi
1358 1696 1454 1746 tres

284 1764 499 1819 personae
525 1755 578 1808 in
602 1755 793 1821 divinis,
820 1758 1004 1814 scilicet
1046 1760 1200 1824 Pater,
1226 1760 1375 1815 Filius
1405 1766 1457 1816 et

281 1822 486 1892 Spiritus
509 1831 719 1881 sanctus.
1357 1835 1455 1888 539

344 1894 471 1947 Gar.
517 1907 688 1949 xxvn.
729 1924 792 1939 -
826 1899 892 1954 De
928 1899 1248 1955 incarnatione
1290 1903 1451 1966 verbi,

281 1964 541 2018 secundum
566 1968 863 2023 traditionem
888 1982 1032 2025 sacrae
1055 1971 1322 2037 Scripturae.
1360 1976 1448 2029 541

347 2034 474 2089 car.
500 2047 692 2091 xxvru.
722 2064 786 2079 -
809 2040 877 2093 De
899 2053 1057 2095 errore
1098 2043 1289 2097 Photini
1327 2045 1452 2098 circa

283 2105 665 2161 incarnationem.
1356 2117 1451 2168 542

340 2175 467 2230 Cau.
495 2190 642 2232 xxxx.
685 2206 748 2220 ·-
781 2181 850 2235 De
891 2194 1050 2237 errore
1094 2184 1450 2237 Manichaeorum

275 2245 402 2300 circa
428 2248 810 2305 incarnationem.
1355 2257 1449 2309 542

336 2316 465 2367 cu.
502 2327 627 2367 xxx.
653 2338 715 2353 -—
740 2313 811 2365 De
848 2325 1011 2367 errore
1038 2314 1273 2368 valentini
1315 2323 1450 2366 ὼ..

277 2383 669 2437 incarnationem.
1353 2383 1444 2434 545

342 2453 471 2506 car.
496 2465 642 2505 xxxx
671 2477 737 2493 -
755 2452 822 2505 De
847 2463 1004 2506 errore
1026 2450 1309 2518 Apollinaris
1326 2451 1449 2505 circa

279 2537 453 2590 corpus
482 2522 676 2576 Christi.
1356 2525 1449 2577 546

342 2594 470 2647 Gar.
495 2603 666 2647 xxxu.
695 2615 761 2634 -
786 2591 854 2646 De
876 2605 1034 2647 errore
1058 2591 1160 2647 Arii
1198 2596 1249 2648 et
1268 2593 1449 2660 Apolli·

278 2663 413 2719 naris
433 2662 559 2717 circa
584 2661 787 2715 animam
819 2661 1013 2715 christi.
1354 2665 1450 2717 547

340 2734 470 2786 car.
513 2743 710 2787 xxxm.
753 2758 817 2772 -
862 2733 927 2785 De
969 2745 1129 2785 errore
1169 2730 1453 2799 Apollinaris

279 2804 484 2858 dicentis
523 2802 726 2855 animam
764 2800 1038 2858 rationalem
1081 2813 1174 2854 non
1217 2802 1365 2855 fnisse
1401 2803 1453 2856 in

278 2875 469 2929 Christo
488 2910 505 2936 .
560 2876 613 2925 et
669 2872 730 2926 de
784 2883 940 2924 errore
990 2871 1206 2936 origenis
1251 2872 1453 2927 dicentis

285 2944 490 2998 animam
509 2941 692 2997 christi
725 2944 835 2994 ante
865 2939 1087 2994 mundum
1131 2941 1279 2997 fuisse
1322 2956 1453 2996 crea·

341 3085 473 3138 Car.
527 3095 713 3138 xxx1v.
763 3111 825 3125 -
876 3084 944 3137 De
1002 3096 1161 3137 errore
1216 3082 1453 3136 Theodori

279 3155 597 3222 mopsuesteni
621 3156 746 3208 circa
768 3154 991 3208 unionem
1016 3154 1157 3208 verbi
1197 3154 1257 3207 ad
1297 3155 1454 3207 homi-

281 3240 411 3282 nem.
1359 3228 1452 3279 549

346 3298 478 3351 cat».
513 3308 677 3352 xxxv.
724 3322 786 3336 -
829 3297 1004 3351 Contra
1058 3308 1263 3350 errorem
1309 3295 1457 3361 Euty-

279 3368 449 3421 chetis.
1355 3369 1452 3420 555

344 3438 476 3493 Car.
501 3450 688 3492 xxxvr.
709 3464 772 3480 --
797 3440 864 3492 De
886 3448 1043 3492 errore
1066 3437 1254 3491 Haurit
1287 3438 1452 3490 Antio-

278 3511 438 3573 cbeni,
459 3510 677 3577 ponentis
699 3522 842 3564 unam
880 3512 1062 3563 tantum
1087 3510 1377 3563 voluntatem
1401 3508 1454 3563 iu

278 3581 488 3634 cbristo.
1354 3580 1453 3634 558

343 3651 470 3704 ω.
496 3661 702 3706 xxxvrr.
732 3652 908 3706 contra
932 3663 1019 3705 eos
1045 3650 1128 3719 qui
1161 3649 1377 3703 dixerunt
1394 3662 1453 3702 ex

280 3721 438 3774 anima
464 3724 518 3775 et
547 3735 746 3790 corpore
781 3735 878 3776 non
931 3734 1038 3777 esse
1081 3719 1261 3788 aliquid
1306 3733 1452 3774 unum

279 3795 585 3849 constitutum
610 3796 664 3849 in
691 3797 900 3851 cbristo.
1354 3796 1451 3847 559

342 3864 470 3918 car.
523 3877 754 3921 xxxvur.
799 3867 976 3919 centn
1018 3876 1106 3921 eos
1145 3864 1229 3930 qui
1268 3867 1455 3930 ponunt

278 3934 399 3988 (luas
442 3936 720 4002 hypostases
761 3935 842 3989 vel
866 3935 961 3989 duo
986 3935 1231 4001 supposita
1274 3934 1327 3987 in
1356 3947 1451 3986 una

278 4017 482 4072 persona
501 4006 698 4059 Christi.
1357 4007 1447 4058 561

341 4074 468 4128 car.
494 4086 678 4130 xxxix.
705 4103 768 4118 —
794 4076 915 4137 Quid
939 4076 1173 4131 catholica
1200 4075 1319 4129 fides
1346 4088 1452 4128 sen·

277 4144 371 4200 tiat
394 4146 456 4198 de
480 4145 797 4199 incarnatione
816 4146 1010 4201 Christi.
1356 4148 1450 4200 563

341 4216 471 4270 Car.
498 4228 582 4271 xx.
607 4242 673 4260 -
697 4216 1000 4284 Obiectioues
1021 4219 1187 4271 contra
1210 4217 1353 4272 iidem
1373 4217 1452 4270 in-

276 4286 583 4343 carnationis.
1355 4290 1451 4343 563
1519 4302 1529 4314 ·

338 4358 465 4411 car.
511 4368 624 4413 xxx
670 4357 911 4421 Quomodo
959 4362 1177 4426 oporteat
1234 4360 1447 4413 incarna-

1572 352 1746 405 tionem
1766 353 1873 405 Filii
1901 355 1986 408 Dei
2011 356 2295 423 intelligere.
2338 378 2377 395 ··
2643 365 2742 419 565

1631 424 1755 475 car.
1782 436 1913 478 xxn.
1942 452 2005 467 --
2046 427 2179 488 Quod
2221 430 2479 496 assumptio
2523 432 2742 490 humano

1569 497 1745 548 naturae
1771 495 1973 552 maxime
2005 502 2243 565 competat
2266 500 2419 555 verbo
2445 503 2549 556 Dei.
2641 506 2740 562 567

1632 566 1758 618 Car.
1807 578 1964 620 xxm.
2009 594 2072 611 -·-
2122 570 2256 631 Quod
2307 573 2510 627 bumana
2570 581 2739 634 natura

1571 640 1806 702 assumpta
1843 650 1874 690 a
1898 638 2052 693 Verbo
2093 652 2190 694 non
2221 644 2502 708 praeexstitit
2526 658 2740 715 mamp-

1571 706 1704 768 tioni‚
1735 707 1818 761 sed
1843 707 1895 761 in
1911 709 2019 776 ipsa
2046 711 2354 778 conceptione
2378 713 2475 768 ruit
2496 722 2738 783 assumpta

1567 787 1596 828 a
1621 776 1772 830 verbo
1799 777 1903 830 Dei.
2641 791 2740 843 568

1624 847 1750 900 car.
1801 859 1952 902 κων.
1999 876 2063 891 --
2108 850 2245 912 Quod
2308 856 2476 907 natura
2530 855 2737 914 bumana

1563 922 1801 984 assumpta
1853 932 1884 972 a
1927 919 2078 974 verbo
2153 921 2207 976 in
2262 922 2368 990 ipsa
2426 930 2736 994 conceptione

1562 988 1654 1040 ruit
1717 990 1925 1055 perfecta
1939 1028 1958 1054 ‚
2007 997 2231 1058 quantum
2291 995 2353 1048 ad
2419 997 2620 1051 animam
2683 1005 2736 1055 et

1564 1071 1751 1124 corpus.
2639 1075 2740 1130 569

1623 1131 1750 1183 Car.
1804 1142 1928 1184 xxv.
1985 1158 2049 1174 -
2101 1133 2235 1194 Quod
2287 1135 2523 1192 christum
2576 1143 2735 1198 decuit

1562 1202 1691 1253 nasci
1718 1216 1777 1255 ex
1806 1203 2008 1268 virgine.
2636 1217 2732 1269 576

1622 1272 1747 1325 Car.
1774 1286 1922 1328 xxvi.
1948 1301 2012 1317 -
2037 1278 2172 1338 Quod
2189 1279 2404 1334 Christus
2419 1286 2558 1337 natus
2579 1288 2656 1337 est
2672 1286 2733 1340 cle

1562 1342 1739 1408 Spiritu
1765 1348 1945 1398 sancto.
2636 1357 2727 1410 571

1623 1415 1748 1467 Car.
1777 1428 1944 1471 xxvu.
1974 1446 2035 1459 -
2064 1420 2197 1478 Quod
2238 1422 2453 1478 christus
2493 1438 2590 1480 non
2636 1426 2733 1479 fuit

1562 1483 1688 1537 iilius
1715 1486 1916 1552 Spiritus
1942 1491 2092 1542 sancti
2114 1493 2367 1544 secundum
2390 1508 2596 1549 carnem.
2634 1497 2730 1551 5⁷2

1621 1555 1744 1608 Car.
1773 1569 1962 1611 xxvm.
1994 1588 2055 1600 -
2072 1561 2202 1622 Quod
2228 1576 2322 1616 non
2348 1570 2426 1619 est
2440 1566 2689 1620 dicendum
2708 1579 2727 1618 ε

1558 1624 1773 1679 Christus
1804 1631 1876 1679 est
1906 1634 2135 1683 creatura.
2632 1637 2730 1692 572

1620 1697 1746 1749 car.
1793 1710 1939 1753 xxrx.
1974 1728 2035 1740 —
2076 1703 2257 1758 solutio
2300 1706 2530 1759 rationum
2560 1711 2729 1764 contra

1556 1765 1921 1822 incarnationem
1947 1773 2164 1836 superins
2191 1775 2465 1839 positarum.
2631 1779 2728 1834 573

1619 1837 1747 1889 Car.
1768 1849 1819 1891 x.
1852 1866 1914 1880 -··
1943 1841 2073 1902 Quod
2100 1850 2345 1909 peccatum
2369 1846 2598 1912 originale
2627 1852 2728 1904 tm·

1559 1905 1750 1959 ducatur
1781 1923 1809 1960 a
1828 1911 1977 1975 primo
1997 1918 2188 1977 parente
2216 1916 2264 1966 in
2289 1921 2521 1983 posteros.
2629 1921 2729 1977 575

1617 1978 1747 2031 Car.
1781 1991 1856 2032 xr.
1886 2006 1951 2021 -
1975 1983 2275 2049 Objectiones
2301 1991 2462 2042 contra
2478 1994 2726 2055 peccatum

1555 2048 1804 2112 originale.
2627 2065 2727 2119 576

1552 2118 1742 2239 meze.
1783 2128 1881 2173 xn.
1912 2149 1974 2163 —
2001 2125 2183 2179 solutio
2234 2126 2548 2193 objectionum
2594 2132 2729 2198 posi·

2629 2204 2726 2259 577

1495 2258 1743 2396 „pr-‚⁶122
1778 2267 2530 2378 ᾖξ’-...5538505565
2538 2273 2721 2363 “fieta

1551 2379 1803 2433 incarnari.
2624 2384 2720 2435 580

1612 2451 1738 2503 car.
1769 2461 1887 2503 xrv.
1913 2477 1974 2492 —
1991 2451 2124 2511 Quod
2152 2451 2434 2505 conveniens
2459 2450 2554 2504 fuit
2573 2451 2721 2506 Deum

1551 2522 1804 2576 incarnari.
2627 2527 2721 2580 583

1613 2595 1742 2648 car.
1796 2604 1886 2648 xv.
1944 2621 2007 2637 -
2065 2593 2249 2646 Solutio
2297 2595 2529 2649 rationum
2580 2607 2723 2663 snpra

1552 2664 1811 2730 positarum
1868 2666 2032 2719 contra
2087 2664 2459 2719 convenientiam
2510 2667 2725 2721 incarna-

1552 2734 1715 2787 tionis.
2624 2740 2721 2793 585

1616 2806 1744 2858 Car.
1771 2818 1883 2863 xvi.
1912 2832 1973 2846 -
2014 2807 2084 2859 De
2118 2806 2403 2860 necessitate
2453 2818 2721 2861 sacramen-

1555 2878 1727 2928 torum.
2628 2879 2724 2931 592

1618 2945 1744 2998 Gar.
1772 2958 1908 2999 xvn.
1934 2972 1996 2986 -
2035 2947 2102 3000 De
2129 2946 2431 3001 distinctione
2455 2961 2724 3002 sacramen·

1557 3021 1711 3071 torum
1736 3017 1908 3070 veteris
1934 3022 1988 3070 et
2009 3029 2141 3070 novat
2169 3018 2312 3083 legia.
2630 3021 2722 3073 593

1617 3088 1743 3141 Can.
1774 3100 1929 3140 xvm.
1945 3114 2006 3126 —
2024 3088 2090 3141 De
2114 3101 2309 3141 numero
2331 3090 2724 3141 sacramentorum

1555 3172 1689 3213 novae
1710 3159 1847 3223 tegis.
2629 3162 2720 3213 593

1616 3230 1742 3283 CAP.
1772 3240 1882 3282 xrx.
1912 3255 1975 3270 -
1999 3230 2067 3282 De
2090 3228 2379 3294 Baptismo..
2626 3232 2722 3284 594

1616 3302 1743 3355 Gar.
1770 3313 1860 3353 xx.
1890 3325 1950 3342 --
1974 3300 2041 3352 De
2064 3299 2438 3354 confirmatione.
2626 3304 2721 3355 395

1616 3371 1741 3424 ω.
1769 3383 1879 3424 xxr.
1912 3395 1975 3412 «-
2000 3370 2067 3424 De
2091 3367 2394 3427 Eucharistia.
2626 3375 2718 3425 595

1618 3441 1741 3494 Gar.
1770 3451 1907 3496 xxn.
1935 3467 1998 3483 --
2019 3441 2084 3495 De
2109 3441 2279 3498 errore'
2308 3440 2567 3494 infidelium
2595 3443 2720 3496 circa

1555 3511 1862 3566 Eucharistiae
1886 3517 2243 3568 sacramentnm.
2626 3516 2719 3567 596

1616 3584 1745 3636 Car.
1772 3594 1927 3637 xxm.
1955 3609 2017 3624 -
2046 3583 2222 3638 solutio
2255 3583 2597 3647 praemissarum
2623 3585 2718 3637 dir-

1553 3653 1831 3716 sscultatum,
1864 3657 1916 3707 et
1956 3653 2109 3719 primo
2164 3654 2313 3719 quoad
2362 3655 2718 3709 conversionem

1554 3725 1693 3790 panis
1717 3725 1769 3777 in
1783 3736 1956 3789 corpus
1979 3723 2166 3778 Christi.
2622 3729 2719 3781 598

1614 3795 1741 3849 car».
1783 3804 1929 3848 xxiv.
1956 3818 2019 3835 -
2047 3790 2222 3846 solutio
2260 3805 2422 3848 eorum
2447 3808 2552 3861 qnae
2586 3796 2717 3862 obji-

1556 3866 1798 3920 ciebantur
1816 3878 1879 3919 ex
1903 3868 2039 3933 parto
2055 3861 2167 3913 loci.
2620 3871 2718 3923 666

1615 3937 1741 3989 ω.
1774 3945 1901 3988 xxv.
1929 3929 2190 3984 -Solutio
2235 3945 2399 3987 eorum
2441 3948 2547 4002 qna
2590 3937 2718 4004 obji-

1555 4006 1798 4061 ciebantur
1821 4018 1882 4057 ex
1906 4003 2029 4072 prrte
2055 4001 2382 4056 accidentium.
2620 4011 2717 4063 60⁰

1617 4078 1743 4129 can.
1775 4086 1913 4128 xxvx
1936 4095 2000 4112 -·-
2025 4071 2208 4126 solutio
2249 4086 2410 4128 eorum
2453 4089 2558 4143 qno
2583 4080 2715 4146 obji-

1555 4148 1799 4200 ciebantur
1876 4153 1924 4195 ex
1993 4147 2130 4208 parte
2203 4144 2405 4199 actionis
2471 4152 2523 4201 et
2594 4165 2713 4218 pas-

1554 4217 1725 4272 sionis.
2618 4223 2712 4275 6⁰1

1613 4288 1739 4341 Car.
1769 4291 1928 4344 xxm.
1956 4310 2020 4324 -
2045 4284 2228 4338 solutio
2271 4299 2432 4341 eorum
2458 4302 2564 4355 qua
2587 4290 2713 4353 obji-

1550 4355 1801 4420 ciebantur
1814 4365 1875 4407 οι
1900 4358 2035 4420 parte
2061 4355 2323 4410 fractionis.
2618 4362 2713 4415 eoa

1584 4611 1667 4754 ss

1499 4757 1585 4916 s
