3076 5025
456 292 559 348 454
1259 280 1389 335 LIB.
1433 281 1528 340 ΙΙΙ,
1568 279 1721 334 CAP.
1760 278 2073 334 cxxxvm.

457 415 551 468 est
601 412 760 480 patet
804 403 1122 476 responsio
1153 417 1256 474 per
1296 416 1367 459 ea
1391 416 1520 474 qute
1549 402 1706 459 dicta
1751 408 1911 458 sunt.
1940 404 2303 471 Praeceptum
2330 399 2679 457 enimilliud
2703 400 2881 470 respi-

459 482 542 540 cit
572 478 1023 535 inclinationem
1049 472 1378 532 naturalem
1407 486 1540 552 quae
1567 473 1728 529 inest
1755 471 2103 529 bominibus
2136 472 2208 528 ad
2236 471 2714 550 conservandam
2755 484 2880 540 spe-

460 550 613 609 ciem
667 562 772 619 per
819 552 1014 604 actum
1071 544 1474 617 generationis
1502 561 1516 611 ;
1549 543 1708 615 quod
1766 549 1964 599 tamen
2018 555 2142 600 non
2193 547 2285 598 est
2329 553 2745 598 necessarium
2792 554 2887 611 pm

462 632 675 680 omnes
710 618 942 688 exequi,
970 615 1075 673 sed
1104 629 1208 685 per
1236 614 1491 686 aliquos,
1524 620 1589 669 ut
1616 614 1835 670 dictum
1868 617 1977 671 est.

529 691 690 747 Sicut
721 694 916 745 autem
947 699 1068 743 non
1092 684 1326 756 expedit
1369 683 1611 741 cuilibet
1641 683 1803 742 omni
1847 688 2113 754 tempore
2137 682 2295 739 actui
2341 681 2762 754 generationis
2790 694 2883 738 va-

461 775 618 826 care,
650 760 731 815 ita
758 758 933 814 etiam
961 770 1071 813 nec
1096 756 1331 826 expedit
1357 754 1432 811 ab
1461 768 1533 811 eo
1559 755 1723 810 omni
1755 760 2015 825 tempore
2044 753 2363 820 abstinere,
2393 751 2642 823 quando
2688 764 2888 810 neooe-

461 831 621 889 saria
650 834 741 886 est
771 826 1184 898 multiplicatio
1213 825 1472 906 generis,
1501 825 1596 881 vel
1626 830 1865 895 propter
1894 824 2201 881 hominum
2229 823 2613 893 paucitatem,
2647 821 2809 879 sicut
2834 822 2893 879 in

459 900 774 975 principio,
806 897 1045 970 quando
1074 897 1382 954 hominum
1415 909 1608 968 genus
1642 896 1819 965 coepit
1861 893 2284 965 multiplicari3
2316 893 2443 950 sive
2468 899 2724 963 propter
2756 906 2891 973 pau·

460 971 694 1028 citatem
726 968 919 1025 fidelis
963 966 1191 1040 populi,
1217 966 1458 1048 quando
1504 966 1815 1035 oportebat
1841 966 2041 1037 ipsum
2069 978 2176 1035 per
2222 963 2522 1021 carnalem
2554 968 2892 1034 generatio-

463 1053 598 1098 nem
633 1037 1035 1109 multiplicari‚
1067 1043 1132 1095 ut
1172 1036 1283 1094 fuit
1311 1038 1371 1093 in
1401 1037 1581 1093 veteri
1630 1042 2008 1094 testamento.
2042 1038 2106 1092 Et
2130 1034 2265 1091 ideo
2294 1033 2623 1092 consilium
2653 1034 2731 1091 de
2762 1046 2895 1115 oon·

462 1111 713 1167 tinentia
785 1124 848 1164 er
889 1115 1027 1166 etuo
1054 1107 1426 1165 observanda
1453 1113 1817 1164 reservatum
1841 1113 1933 1164 est
1959 1105 2328 1177 temporibus
2356 1106 2494 1162 novi
2526 1109 2893 1174 testamenti,

463 1181 704 1253 quando
780 1180 850 1237 de
877 1180 931 1238 is
957 1179 1216 1252 populus
1243 1192 1352 1250 per
1377 1178 1748 1250 spiritualem
1777 1178 2226 1249 generationem
2249 1175 2713 1248 multiplicatur.

1360 1397 1615 1462 CAPUT
1656 1397 1995 1460 CXXXVII.

796 1578 1023 1623 CONTRA
1057 1577 1167 1623 Bos
1204 1577 1303 1628 0111
1339 1576 1758 1621 mmuommt
1794 1574 2173 1620 vlneml‘rnt
2201 1575 2555 1627 AEQUABANT.

534 1744 797 1800 Fuerunt
827 1746 1025 1797 autem
1054 1745 1113 1796 et
1139 1738 1241 1796 alii
1272 1740 1397 1820 qui,
1425 1739 1568 1796 licet
1607 1738 2034 1796 continentiam
2061 1743 2401 1809 perpetuam
2433 1752 2567 1819 non·
2598 1739 2896 1810 improba-

461 1820 613 1878 rent,
645 1817 841 1868 tamen
869 1811 922 1866 ei
954 1816 1174 1867 statum
1221 1809 1587 1866 matrimonii
1613 1810 2042 1881 adaequabant3
2074 1823 2206 1881 quae
2232 1815 2323 1866 est
2353 1810 2608 1867 haeresls
2637 1812 2896 1869 loviniu-

463 1883 566 1950 ni3
598 1881 701 1938 sed
733 1881 912 1952 hujus
958 1881 1179 1938 erroris
1211 1880 1443 1937 salsitas
1491 1879 1639 1936 satis
1669 1894 1742 1936 ex
1771 1879 2072 1950 praedictis
2101 1885 2365 1950 apparet,
2397 1894 2534 1937 cum
2567 1895 2680 1951 per
2710 1882 2897 1939 conti·

465 1952 730 2011 nentiam
761 1952 942 2008 bomo
971 1950 1249 2008 reddatur
1287 1950 1546 2007 habilior
1574 1951 1647 2006 ad
1676 1950 1893 2006 mentis
1918 1948 2306 2006 elevationem
2361 1950 2420 2006 in
2469 1952 2829 2021 spiritualia
2852 1957 2899 2008 et

460 2024 685 2151 inviam,
719 2028 773 2078 et
800 2021 1239 2148 quadammodo
1269 2034 1451 2093 supra
1495 2026 1717 2078 statum
1767 2020 2032 2078 bominis
2057 2026 2315 2091 ponatur
2341 2020 2402 2077 in
2438 2022 2704 2093 quadam
2738 2024 2896 2082 simi-

489 2093 575 2151 itu
621 2094 718 2149 ine
747 2106 820 2148 an
868 2108 898 2148 e
926 2106 1119 2149 orum.

536 2167 655 2220 Nec
683 2107 879 2219 obstagt
907 2162 1065 2234 quod
1100 2161 1282 2235 aliqui
1312 2159 1760 2231 perfectissimae
1779 2160 2019 2218 virtutis
2047 2160 2157 2217 viri
2190 2159 2577 2219 matrimonio
2600 2163 2705 2220 usi
2746 2169 2895 2231 sunt,

463 2237 534 2290 ut
561 2234 873 2301 Abraham,
907 2236 1093 2300 Isaac,
1126 2238 1183 2288 et
1208 2231 1410 2300 Jacob,
1440 2231 1581 2301 quia
1610 2237 1832 2303 quanto
1860 2231 2050 2288 virtus
2082 2233 2299 2288 mentis
2329 2237 2420 2288 est
2465 2232 2709 2302 sortior,
2744 2238 2896 2292 tauto

461 2304 667 2361 minus
698 2308 891 2374 potest
918 2317 1018 2374 per
1038 2316 1425 2375 quaecumque
1455 2315 1489 2356 a
1514 2315 1624 2358 sua
1651 2300 1961 2381 altitudine
1986 2300 2184 2373 dejici.
2216 2304 2333 2358 Nec
2365 2307 2585 2370 tamen,
2612 2304 2767 2376 quia
2794 2304 2896 2376 ipsi

466 2374 848 2431 matrimonio
901 2373 996 2430 usi
1050 2379 1209 2440 sunt,
1240 2373 1441 2428 minus
1498 2371 2059 2440 contemplationem
2118 2372 2380 2429 veritatis
2433 2378 2493 2429 et
2553 2372 2895 2433 divinorum

467 2449 851 2511 amaverunt3
879 2444 1005 2515 sed,
1034 2443 1361 2501 secundum
1393 2442 1551 2516 quod
1579 2442 1842 2499 conditio
1872 2449 1986 2499 tem
2034 2443 2157 2500 oris
2198 2442 2556 2512 requirebat,
2590 2447 2896 2502 matrimo-

467 2516 571 2573 nio
614 2516 929 2572 utebantur
970 2516 1043 2572 ad
1086 2515 1641 2584 multiplicationem
1687 2514 1889 2584 populi
1938 2511 1979 2569 fi
2023 2512 2153 2572 elis.
2196 2516 2315 2570 Nec
2360 2519 2561 2570 tamen
2612 2516 2895 2586 perfectio

469 2580 724 2656 alicuj‘us
755 2600 1024 2656 personae
1058 2591 1149 2642 est
1179 2584 1487 2641 sufficiens
1517 2590 1931 2653 argumentum
1960 2584 2033 2640 ad
2064 2584 2484 2655 perfectionem
2511 2591 2741 2657 statuS,
2770 2600 2894 2644 cum

469 2654 691 2727 aliquis
716 2656 1049 2726 perfectiori
1082 2662 1278 2712 mente
1308 2656 1499 2726 possit
1530 2655 1615 2712 uti
1648 2655 1861 2711 minori
1892 2655 2053 2711 bono
2090 2668 2268 2725 quam
2307 2654 2462 2712 alius
2492 2656 2715 2727 majori
2746 2657 2893 2715 bono

473 2725 898 2796 imperfectiori
929 2730 1142 2782 mente.
1179 2729 1308 2782 Non
1338 2727 1519 2797 igitur
1563 2724 1704 2798 quia
1730 2725 2023 2781 Abraham
2053 2725 2144 2781 vel
2172 2727 2404 2796 Moyses
2428 2727 2762 2796 perfectior
2798 2728 2896 2784 fuit

464 2797 673 2852 multis
703 2797 801 2868 qui
835 2795 1262 2852 continentiam
1312 2799 1571 2863 servant,
1605 2802 1842 2866 propter
1874 2795 1986 2852 boc
2012 2800 2204 2854 status
2246 2796 2621 2855 matrimonii
2654 2803 2750 2856 est
2776 2812 2891 2870 per·

463 2864 679 2924 fectior
702 2879 879 2938 quam
913 2870 1103 2923 status
1133 2865 1516 2923 coutinentiae
1542 2866 1636 2922 vel
1663 2867 1717 2922 ei
1747 2866 2015 2937 aequalis.

1336 3082 1592 3148 CAPUT
1644 3084 2015 3149 CXXXVIII.

1126 3262 1353 3307 CONTRA
1390 3264 1499 3307 Eos
1529 3265 1628 3315 0111
1666 3264 1826 3309 VOTA
1870 3262 2224 3310 mmmm·-

535 3422 910 3491 Quibusdam
942 3428 1139 3480 autem
1168 3424 1364 3481 visum
1397 3431 1488 3482 est
1517 3427 1765 3485 stultum
1794 3441 1929 3485 esse
1957 3427 2224 3500 obligare
2253 3440 2319 3485 se
2345 3435 2487 3486 voto
2511 3429 2587 3486 ad
2618 3431 2888 3490 obedien·

463 3492 605 3550 dum
640 3494 821 3550 alicui
854 3498 955 3573 aut
1011 3494 1083 3550 ad
1122 3494 1540 3568 quodcumque
1579 3498 1957 3555 servandum.
1992 3498 2461 3571 Unumquodque
2489 3501 2885 3561 enimbonum

463 3570 691 3636 quanto
726 3564 971 3621 libertus
999 3564 1215 3636 agitur,
1248 3570 1412 3623 tanto
1439 3568 1767 3624 virtuosius
1797 3581 1931 3625 esse
1957 3568 2214 3626 videtur.
2246 3570 2479 3636 Quanto
2524 3580 2731 3629 autem
2776 3587 2887 3631 ma-

464 3633 573 3691 'ori
626 3635 981 3714 necessitate
1020 3704 1030 3715 .
1072 3636 1164 3692 uis
1215 3635 1287 3693 ad
1335 3636 1557 3708 aliquid
1604 3638 2041 3695 observandum
2083 3638 2452 3765 astrinfitur,
2481 3646 2653 3700 tanto
2691 3644 2883 3700 minus

488 3702 652 3761 ibere
683 3704 740 3761 ld
775 3719 949 3775 agere
976 3720 1033 3761 v1
1080 3712 1226 3763 etur.
1258 3706 1498 3763 Videtur
1521 3708 1701 3778 igitur
1728 3708 1999 3779 derogari
2034 3709 2266 3767 laudabi
2298 3710 2422 3766 itati
2475 3712 2881 3772 virtuosorum

461 3782 700 3855 actuum
727 3789 831 3844 per
863 3775 973 3832 hoc
1002 3777 1158 3847 quod
1190 3791 1261 3832 ex
1289 3779 1644 3834 necessitate
1673 3778 2024 3836 obedientiae
2052 3781 2143 3835 vel
2174 3780 2292 3837 voti
2323 3781 2489 3837 liunt.

530 3846 815 3924 Vide-ntur
859 3853 1054 3902 autem
1099 3847 1439 3917 huJ'usmodi
1490 3848 1764 3905 homines
1811 3849 2186 3908 necessitatis
2228 3850 2519 3908 rationem
2584 3852 2876 3924 ignorare.

461 3915 564 3970 Est
590 3929 748 3973 enim
781 3917 1000 3987 duplex
1027 3918 1393 3997 necessitast
1425 3917 1695 3989 quaedam
1725 3920 2075 3987 coactioniS‚
2096 3927 2156 3978 et
2183 3921 2556 3978 haeclaudem
2590 3925 2881 3982 virtuoso-

458 3994 589 4039 rum
662 3993 900 4043 actuum
953 3987 1186 4049 minuit,
1237 4001 1380 4059 quta
1423 3987 1760 4046 voluntario
1804 3992 2217 4061 contrariatur,
2267 3999 2538 4049 coactum
2591 3995 2754 4051 enim
2788 4000 2878 4051 est

459 4053 616 4133 quod
643 4062 738 4134 est
766 4058 1060 4114 voluntati
1105 4057 1502 4127 contrarium3
1543 4064 1634 4116 est
1674 4065 1866 4116 autem
1918 4061 2187 4133 quaedam
2235 4063 2567 4120 necessitas
2609 4079 2679 4120 ex
2734 4067 2874 4121 int:-

459 4132 606 4177 rtort
639 4128 1024 4184 molinatione
1052 4128 1428 4199 proveniens,
1467 4134 1526 4183 et
1557 4128 1680 4186 haec
1722 4131 1955 4187 laudem
2001 4132 2251 4189 virtuosi
2284 4139 2452 4189 actus
2484 4147 2606 4190 non
2640 4136 2871 4203 minuat,

455 4191 563 4248 sed
596 4201 808 4274 angen
853 4198 991 4254 facit
1019 4198 1177 4254 enim
1207 4198 1568 4255 voluntatem
1594 4201 2033 4272 magisintense
2049 4203 2369 4260 tenderein
2390 4208 2589 4260 actum
2616 4206 2869 4261 virtutis.

457 4261 628 4343 Patet
652 4278 807 4341 enim
838 4268 992 4390 quod
1023 4268 1261 4326 babitus
1292 4269 1526 4327 virtutis
1553 4278 1774 4341 quanto
1805 4271 1979 4328 suerit
2007 4273 2343 4343 perfectior,
2366 4279 2532 4331 tanto
2564 4275 2873 4331 vehemen-

456 4332 579 4388 tius
599 4332 739 4411 tacit
770 4349 846 4391 vo
873 4344 1131 4395 untatem
1163 4339 1402 4397 tendere
1428 4341 1488 4397 iu
1521 4340 1741 4398 bonum
1774 4341 2028 4411 virtutis,
2059 4348 2117 4400 et
2154 4345 2354 4401 minus
2375 4344 2448 4400 ab
2476 4357 2549 4401 eo
2581 4344 2870 4409 deficerc;

458 4400 637 4473 quod,
656 4403 803 4459 stad
831 4403 1006 4463 tinem
1045 4410 1428 4478 perfectionis
1455 4411 2109 4484 devenetit,quamdam
2136 4415 2555 4474 necessitatem
2587 4416 2767 4474 infert
2789 4413 2864 4471 ad
