3076 5025
1073 267 1206 324 110.
1245 266 1338 334 1v,
1377 266 1530 323 car.
1571 266 1800 322 Lxxm.
2264 238 2271 243 ’
2540 272 2639 325 eu

199 391 440 473 quanto
468 386 815 461 hujusmodi
845 384 1225 444 infirmitates
1274 384 1491 442 animae
1540 389 1683 442 sunt
1705 383 2162 464 propinquiores
2188 391 2432 457 peccato
2461 400 2641 460 quam

205 460 529 519 infirmitas
574 458 922 529 corporalis.
955 459 1024 513 Et
1068 456 1304 528 quidem
1336 454 1681 536 hujusmodi
1726 453 2100 514 infirmitates
2146 457 2485 526 spirituales
2577 471 2647 517 es

208 530 632 589 Poenitentiam
680 533 823 586 sunt
866 527 1165 595 curandae,
1193 531 1371 596 prout
1418 532 1717 596 poenitens
1762 539 1869 596 per
1909 540 2092 597 opera
2143 528 2400 596 virtum,
2475 528 2531 585 ui
2578 543 2648 586 ur

207 600 650 661 satisfaciendo
675 599 879 665 utitur,
903 613 941 655 a
970 598 1145 678 malis
1174 596 1512 664 retrahitur,
1544 602 1603 652 et
1621 596 1693 653 ad
1721 596 1947 676 bonum
1976 596 2316 677 inclinatur.
2346 544 2481 661 803,
2506 599 2649 679 quia

207 673 400 731 homo
438 670 532 727 vel
564 683 671 742 per
697 668 1149 741 negligentiam,
1178 671 1282 724 aut
1310 680 1414 737 per
1463 672 1886 736 occupationes
1912 680 2107 725 varias
2135 672 2292 734 vitae,
2322 673 2426 726 aut
2471 675 2647 726 etiam

204 747 455 824 propter
485 741 777 811 temporis
800 739 1168 806 brevitatem,
1198 743 1454 865 gff’p‘ffl'.
1480 737 1596 794 alia
1625 737 1990 817 bujusmodi,
2014 738 2328 808 praedictos
2378 738 2648 799 defectus

209 826 277 871 in
307 826 379 871 se
411 811 670 883 perfecte
702 823 823 868 uon
851 814 1040 877 curat,
1069 808 1198 866 salu
1247 815 1385 864 riter
1404 821 1458 864 01
1482 807 1825 880 providetur
1854 813 1919 864 ut
1940 821 2047 879 per
2072 807 2189 867 1100
2209 813 2648 869 sacramentum

104 893 108 897 ’
208 882 500 956 praedicta
527 881 758 939 curatio
786 879 1156 950 compleatur
1182 884 1242 936 et
1265 893 1302 936 a
1319 884 1484 935 reatu
1515 892 1707 958 000000
1734 878 2082 949 temporalis
2110 879 2415 949 liberetur,
2455 884 2523 938 ut
2559 881 2650 938 sic

209 953 370 1012 nibil
416 953 483 1009 in
528 965 599 1009 eo
646 955 951 1008 remaneat
995 948 1156 1031 quod
1200 947 1264 1006 in
1291 949 1450 1006 exitu
1479 962 1696 1007 animae
1720 961 1758 1006 a
1782 962 2034 1020 corpore
2057 962 2190 1007 eam
2217 950 2412 1021 possit
2454 964 2490 1008 a
2515 964 2649 1022 per·

208 1023 489 1096 ceptione
556 1022 764 1096 gloriae
818 1020 1127 1092 impedire.
1181 1021 1247 1077 Et
1308 1019 1444 1078 ideo
1492 1019 1751 1078 lacobus
1810 1020 1973 1078 addit
2012 1034 2028 1075 ε
2075 1022 2149 1078 Et
2199 1021 2478 1077 alleviabit
2529 1036 2651 1077 eum

209 1097 497 1151 Dominus.
526 1091 830 1165 Contingit
856 1092 1036 1150 etiam
1065 1091 1226 1165 quod
1250 1090 1431 1148 1101110
1459 1090 1733 1148 omnium
1760 1096 2139 1161 peccatorum
2170 1104 2301 1163 quae
2347 1092 2652 1150 commisit

211 1164 510 1234 notitiam,
530 1164 626 1221 vel
643 1163 994 1220 memoriani
1027 1175 1150 1219 non
1170 1160 1377 1243 babet,
1409 1165 1475 1218 ut
1495 1161 1690 1242 possi-t
1717 1175 1825 1232 per
1850 1161 2257 1232 poenitentiam
2284 1161 2527 1243 singula
2552 1175 2650 1220 ex-

211 1249 472 1308 purgare
504 1249 520 1287 :
571 1238 714 1292 sunt
755 1234 931 1291 etiam
957 1231 1302 1305 quotidiana
1326 1236 1591 1302 peccata,
1622 1244 1755 1289 sine
1798 1233 2018 1303 quibus
2069 1246 2337 1304 praesens
2365 1238 2483 1290 vita
2523 1245 2649 1290 000

213 1306 414 1378 agitur
467 1318 504 1364 a
560 1305 781 1377 quibus
826 1308 1060 1377 oportet
1102 1302 1409 1361 hominem
1452 1302 1516 1360 in
1556 1315 1674 1361 suo
1719 1302 1881 1360 exitu
1914 1316 2022 1374 per
2054 1302 2171 1361 1100
2208 1308 2647 1362 sacramentum

220 1349 544 1444 emendari,
577 1381 643 1432 ut
672 1373 820 1432 nibil
849 1374 1187 1432 inveniatur
1213 1374 1279 1430 in
1308 1386 1380 1430 eo
1410 1373 1571 1445 quod
1596 1373 1961 1445 perceptioni
1982 1373 2187 1446 gloriae
2218 1380 2509 1446 repugnet
2538 1392 2553 1431 :
2590 1378 2650 1432 et

223 1445 355 1506 ideo
384 1446 550 1504 addit
575 1445 857 1515 3110011118,
882 1444 1040 1518 quod
1068 1447 1200 1501 siin
1219 1445 1455 1514 peccatis
1482 1446 1576 1514 sit,
1598 1443 1945 1499 dimittentur·
1968 1447 2038 1499 ei.
2069 1444 2233 1502 Unde
2261 1445 2648 1503 manifestum

225 1522 312 1576 est
338 1517 501 1590 quod
533 1516 649 1574 1100
669 1522 1105 1575 sacramentum
1132 1520 1224 1573 est
1245 1515 1544 1583 ultimum,
1570 1517 1631 1571 et
1643 1514 2084 1587 quodammodo
2104 1515 2648 1574 consummativum

223 1588 411 1647 totius
441 1587 777 1659 spiritualis
800 1586 1149 1656 curationis,
1177 1598 1297 1657 quo
1323 1582 1509 1643 homo
1556 1586 1728 1658 quasi
1772 1586 1846 1644 ad
1893 1586 2358 1657 participandam
2393 1586 2647 1659 gloriam

217 1663 612 1732 praeparatur,
647 1657 801 1715 unde
831 1661 890 1715 et
916 1659 1189 1714 Extrema
1215 1657 1425 1713 Unctio
1455 1660 1852 1726 nuncupatur.

289 1730 380 1786 Ex
420 1741 541 1801 quo
589 1727 976 1786 manifestum
1018 1730 1111 1785 est
1155 1725 1316 1800 quod
1362 1727 1477 1784 1100
1527 1732 1967 1785 sacramentum
2013 1741 2132 1785 non
2172 1726 2528 1800 quibuscum
2573 1741 2649 1786 ue

207 1798 663 1858 infirmantibus
685 1803 778 1856 est
795 1796 1215 1866 exhibendum,
1236 1797 1340 1855 sed
1363 1796 1483 1854 illis
1509 1801 1743 1854 tantum
1773 1798 1873 1871 qui
1901 1813 1975 1857 ex
2002 1798 2342 1857 infirmitate
2370 1800 2543 1857 viden
2576 1811 2646 1856 ur

215 1870 401 1929 morti
444 1870 846 1941 propinquare
877 1884 893 1922 :
935 1868 1038 1942 qui
1065 1874 1273 1948 tamen·
1293 1868 1346 1926 si
1373 1868 1805 1937 convaluerint,
1833 1868 2048 1927 iterato
2075 1875 2273 1942 potest
2296 1869 2413 1927 hoc
2445 1883 2646 1928 sacra-

215 1946 490 2000 mentum
520 1942 610 1999 eis
638 1939 917 2004 conferri,
949 1939 1003 1998 si
1034 1939 1108 1998 ad
1139 1938 1398 1998 similem
1443 1943 1663 1997 statum
1706 1938 2071 1997 devenerint.
2104 1943 2237 1997 Non
2276 1941 2437 1998 enim
2467 1939 2649 2011 hujus

205 2011 581 2070 sacramenti
631 2010 835 2069 unctio
892 2014 986 2068 est
1029 2009 1102 2068 ad
1149 2009 1658 2077 consecrandum,
1697 2010 1856 2067 sicut
1900 2010 2105 2068 unctio
2145 2010 2648 2080 confirmationi&

216 2081 448 2140 ablutio
502 2081 805 2152 Baptismi,
856 2083 916 2137 et
955 2079 1227 2162 quaedam
1276 2079 1406 2138 aliae
1457 2079 1796 2150 1100110003,
1844 2094 1976 2154 quae
2018 2079 2155 2139 ideo
2201 2095 2508 2154 nunquam
2550 2081 2654 2138 ite-

214 2158 451 2220 rantur,
482 2153 622 2225 quia
647 2157 1024 2210 consecratio
1046 2164 1282 2222 semper
1310 2154 1530 2218 manet,
1557 2149 1697 2208 dum
1728 2164 1825 2208 res
1848 2156 2200 2210 consecrata
2220 2153 2395 2211 durat
2412 2156 2652 2225 propter

215 2222 555 2282 efficaciam
605 2222 820 2281 divinae
859 2221 1096 2280 virtutis
1134 2220 1568 2302 consecrantis.
1619 2220 1939 2281 Ordinatur
1979 2228 2178 2280 autem
2225 2223 2407 2304 hujus
2453 2234 2650 2303 sacra:

218 2293 416 2351 menti
462 2293 731 2350 inunctio
778 2290 852 2350 ad
891 2292 1264 2361 sanandum3
1310 2292 1612 2349 medicina
1656 2296 1855 2349 autem
1894 2293 2167 2351 sanativa
2215 2297 2397 2352 toties
2451 2294 2650 2352 iterari

218 2363 422 2432 debet,
453 2364 691 2437 quoties
715 2361 1034 2421 infirmitas
1061 2362 1325 2420 iteratur.

290 2436 381 2506 Et,
409 2434 546 2491 licet
583 2435 659 2491 ali
709 2434 770 2491 ui
802 2434 924 2493 sint
951 2433 1012 2490 in
1043 2438 1202 2491 statu
1230 2433 1440 2504 propin
1487 2445 1569 2490 uo
1592 2431 1772 2490 morti
1800 2432 1977 2491 etiam
2008 2431 2235 2504 absque
2281 2432 2649 2504 infirmitate,

215 2508 288 2566 ut
339 2510 503 2578 patet
553 2505 619 2562 in
716 2505 771 2563 is
825 2503 927 2577 qui
983 2501 1342 2584 damnantur
1404 2447 1483 2560 ag
1529 2508 1804 2573 mortem,
1848 2503 1953 2575 qui
1998 2507 2198 2583 tamen
2236 2504 2648 2575 spiritualibus

218 2574 537 2636 effectibus
564 2575 745 2646 hujus
773 2573 1131 2634 sacramenti
1176 2574 1530 2646 indigerent,
1564 2587 1687 2631 non
1714 2581 1916 2630 tamen
1961 2573 2361 2632 exhibendum
2407 2582 2499 2633 est
2528 2575 2651 2634 nisi

214 2646 572 2716 infirmanti,
621 2659 806 2727 quum
844 2644 957 2703 sub
986 2644 1182 2716 specie
1211 2644 1543 2716 corporalis
1590 2643 1906 2702 medicinae
1949 2644 2317 2715 exhibeatur,
2343 2658 2476 2717 quae
2524 2658 2647 2712 non

215 2718 508 2789 competit
531 2716 652 2774 nisi
681 2715 1070 2798 corporaliter
1090 2714 1412 2772 infirmato.
1445 2715 1688 2785 Oportet
1717 2714 1873 2772 enim
1913 2713 1976 2770 in
2004 2717 2395 2774 sacramentis
2421 2714 2650 2788 signifi-

218 2788 526 2848 cationem
580 2800 824 2845 servari.
858 2786 1039 2844 Sicut
1082 2785 1267 2858 igitur
1301 2786 1630 2857 requiritur
1674 2784 1737 2842 10
1785 2785 2086 2855 Baptismo
2136 2785 2361 2844 ablutio
2412 2787 2651 2857 corpori

215 2857 511 2927 exhibita,
539 2857 626 2916 ita
649 2857 709 2913 in
743 2858 858 2915 boc
881 2862 1259 2915 sacramento
1286 2856 1610 2928 requiritur
1632 2855 1953 2913 medicatio
1998 2853 2323 2913 infirmitati
2351 2856 2649 2938 corporali

221 2928 500 3001 apposita
529 2945 544 2984 ε
575 2927 734 2986 unde
755 2927 933 2985 etiam
964 2927 1162 2985 oleum
1193 2932 1285 2984 est
1312 2926 1595 2997 specialis
1627 2926 1876 2984 materia
1902 2925 2084 2998 hujus
2114 2933 2492 2996 sacramenti,
2511 2927 2652 2999 quia

217 2999 401 3059 habet
419 2996 742 3055 efficaciam
761 2998 836 3056 ad
850 2997 1188 3056 sanandum
1215 2997 1623 3068 corporaliter,
1652 2996 1982 3069 mitigando
2009 2997 2271 3064 (1010103,
2292 2998 2450 3055 310111
2472 3011 2648 3069 aqua,

221 3070 794 3198 ggiaeticorporaliter
849 3068 1057 3139 abluit,
1095 3072 1190 3127 est
1226 3068 1478 3127 materia
1525 3067 1887 3126 sacramenti
1932 3066 1997 3124 in
2043 3081 2162 3141 quo
2207 3069 2277 3126 nt
2321 3067 2651 3140 spiritualis

299 3210 438 3267 lude
468 3210 649 3267 etiam
678 3208 1064 3268 manifestum
1093 3207 1396 3281 estquod,
1415 3207 1575 3268 sicut
1604 3208 1925 3267 medicatio
1949 3209 2283 3281 corporalis
2314 3208 2654 3270 adhibenda

227 3285 323 3339 est
346 3280 419 3339 ad
450 3279 817 3339 infirmitatis
842 3279 1160 3352 originem,
1187 3277 1272 3336 ita
1297 3278 1426 3337 haec
1454 3279 1660 3338 unctio
1703 3280 1828 3338 illis
1876 3280 2145 3361 partibus
2185 3282 2456 3352 corporis
2485 3282 2652 3340 adbi-

219 3349 396 3410 betur
441 3365 516 3409 ex
570 3350 790 3424 quibus
839 3349 1156 3408 infirmitas
1279 3348 1429 3408 ccati
1463 3420 1474 3429 ·
1517 3349 1743 3408 rocedit
1763 3392 1781 3420 ,
1838 3353 2000 3409 sicut
2054 3355 2200 3409 sunt
2253 3352 2654 3411 instrumenta

219 3435 538 3490 sensuum,
592 3426 652 3478 et
701 3433 958 3491 11100113,
1007 3424 1068 3478 et
1119 3433 1194 3491 pe
1237 3434 1325 3488 03,
1376 3434 1478 3492 qui
1524 3435 1596 3477 us
1646 3433 1829 3493 opera
1876 3422 2104 3493 peccati
2152 3428 2541 3492 exercentur,
2593 3427 2656 3480 et

213 3491 556 3620 secuttidum
582 3491 977 3564 quorumdam
1001 3489 1497 3550 consuetudinem
1518 3490 1692 3549 etiam
1712 3504 1913 3562 renes,
1929 3492 1994 3550 in
2021 3491 2241 3566 quibus
2264 3492 2355 3551 vis
2384 3492 2653 3552 libidinis

282 3577 446 3702 {luia
468 3645 612 3690 vero
639 3646 746 3705 per
769 3631 888 3691 hoc
923 3635 1365 3691 sacramentum
1395 3635 1641 3713 peccata
1664 3630 2064 3699 dimittuntur,
2095 3638 2403 3706 peccatum
2449 3637 2648 3692 autem
2701 3691 2704 3696 .

207 3716 347 3763 non
380 3703 698 3761 dimittitur
725 3703 846 3760 nisi
872 3716 977 3775 per
1003 3703 1276 3774 gratiam,
1306 3702 1689 3759 manifestum
1717 3708 1807 3760 est
1836 3703 1996 3775 quod
2020 3704 2080 3762 in
2113 3706 2229 3762 boc
2272 3708 2650 3762 sacramento

211 3773 416 3849 gratia
440 3773 766 3831 confertur.
797 3775 879 3832 Ea
919 3773 1152 3831 veroin
1182 3772 1401 3844 quibus
1428 3772 1620 3844 gratia
1647 3772 2000 3832 illuminans
2044 3782 2304 3833 mentem
2348 3776 2654 3833 confertur

209 3844 504 3904 exhibere
528 3844 726 3902 30111111
742 3843 999 3914 pertinet
1019 3842 1093 3902 ad
1124 3843 1486 3911 sacerdoteS,
1514 3856 1770 3916 quorum
1799 3845 1948 3902 ordo
1978 3851 2071 3903 est
2095 3844 2555 3913 illuminativus,
2583 3847 2654 3902 ut

207 3913 364 3975 dicit
391 3914 718 3987 Dionysius
752 3915 815 3972 in
858 3914 1011 3973 libro
1037 3917 1117 3971 De
1158 3914 1338 3970 eccles.
1382 3914 1517 3970 hier.
1564 3913 1714 3985 (cap.
1745 3914 1821 3985 6).
1866 3917 1987 3974 Nec
2033 3917 2355 3989 requiritur
2406 3916 2476 3973 ad
2539 3914 2654 3973 hoc

207 3992 664 4045 sacramentum
686 3986 1028 4059 episcopus,
1054 3997 1190 4043 cum
1220 3998 1323 4055 per
1340 3983 1453 4042 hoc
1478 3993 1918 4044 sacramentum
1949 3999 2072 4044 non
2101 3989 2443 4045 conferatur
2462 3986 2655 4044 excel-

208 4056 406 4116 lentia
448 4061 663 4123 status,
705 4058 866 4114 sicut
912 4055 976 4113 in
1015 4055 1140 4114 illis
1163 4067 1418 4135 quorum
1460 4059 1555 4112 est
1596 4058 1870 4114 minister
1897 4058 2242 4131 episcopus.
2270 4057 2424 4126 Quia
2452 4063 2652 4114 tamen

213 4126 340 4187 1100
365 4131 805 4185 sacramentum
832 4126 1108 4198 perfectae
1131 4132 1454 4184 curationis
1485 4122 1759 4182 effectum
1783 4126 1983 4196 habet,
2014 4133 2074 4185 01
2116 4129 2176 4185 111
2208 4142 2281 4186 eo
2329 4129 2653 4201 requiritur

211 4197 400 4270 copia
441 4199 666 4271 gratiae,
699 4196 975 4269 cempetit
1002 4195 1143 4254 huic
1180 4202 1557 4254 sacramento
1585 4198 1743 4267 quod
1769 4198 1938 4255 multi
1968 4199 2312 4258 sacerdotes
2349 4199 2648 4266 intersint,

203 4271 279 4326 et
328 4269 491 4341 quod
531 4268 731 4326 oratio
764 4268 950 4327 totius
975 4268 1254 4325 Ecclesiae
1283 4266 1358 4325 ad
1386 4265 1663 4323 effectum
1696 4267 1874 4338 hujus
1903 4270 2261 4327 sacramenti
2290 4272 2599 4341 coadjuvet
2629 4280 2646 4320 :

208 4337 380 4397 unde
435 4338 697 4397 Iacobus
742 4337 888 4396 dicit
920 4354 938 4390 τ
981 4338 1215 4394 Inducat
1253 4338 1592 4408 presbyteros
1636 4340 1886 4396 Ecclesia:
1913 4357 1931 4393 ε
1975 4343 2029 4394 et
2071 4346 2245 4397 oratio
2270 4342 2401 4411 fidei
2433 4338 2653 4395 sanabit

203 4411 520 4481 infirmum.
559 4409 621 4468 Si
660 4414 863 4469 tamen
907 4420 1067 4468 unus
1110 4409 1280 4467 30103
1323 4407 1633 4480 presbyter
1680 4407 1858 4479 adsit,
1886 4407 2246 4484 intelligitur
2290 4411 2405 4469 hoc
2450 4420 2649 4465 sacra-
