3076 5025
534 256 633 315 166
826 205 837 214 ἱ
1455 251 1589 308 LIB.
1630 251 1701 319 11,
1741 248 1893 306 CAP.
1933 247 2048 307 m.
2105 283 2132 301 x

1553 467 1807 531 CAPUT
1846 467 1947 530 LI.

1005 641 1158 696 QUOD
1192 639 1577 686 macrus
1612 638 1732 684 Non
1765 637 1859 684 sn·
1889 636 2090 684 Pom
2123 636 2496 685 armans.

604 800 715 857 Per
761 796 967 855 eadem
1014 799 1210 853 autem
1268 794 1603 852 ostenditur
1653 792 1811 865 quod
1845 797 2073 850 naturae
2117 792 2545 850 intellectuales
2572 791 2850 852 sunlfom

536 869 955 935 subsistentes,
986 880 1108 925 non
1139 870 1334 923 autem
1368 864 1692 921 existentes
1725 864 1784 919 in
1819 864 2086 930 materia,
2120 864 2289 936 quasi
2324 877 2459 921 esse
2488 877 2673 921 earum
2698 869 2852 920 amati-

535 941 623 998 ria
666 938 1008 1009 dependeat.
1056 939 1280 994 Formae
1327 935 1483 991 enim
1515 934 1843 992 secundum
1878 947 2012 991 esse
2043 948 2080 991 a
2109 934 2356 991 materia
2394 934 2754 1015 dependentes
2777 944 2858 994 nm

535 1009 681 1081 ipsae
722 1009 953 1080 proprie
998 1007 1220 1065 babent
1265 1018 1420 1073 esse,
1467 1005 1572 1062 sed
1602 1004 1931 1073 composita
1963 1018 2066 1075 per
2095 1005 2279 1075 ipsas.
2309 1004 2410 1062 Sii
2463 1012 2574 1061 itur
2603 1003 2856 1062 naturaen·

534 1081 904 1138 tellectuales
960 1082 1164 1135 essent
1206 1075 1548 1147 hujusmodi
1601 1076 1824 1154 foi-niae.
1875 1083 2224 1147 sequeretur
2270 1089 2390 1148 quo
2483 1075 2734 1133 haberent
2767 1085 2856 1132 em

535 1151 861 1216 materiale,
892 1149 1050 1206 sicut
1077 1153 1136 1204 et
1163 1146 1215 1205 si
1242 1153 1442 1204 essent
1474 1161 1546 1202 ex
1574 1152 1819 1203 materia
1848 1152 1904 1202 et
1942 1148 2132 1203 forma
2157 1147 2528 1215 compositae.

604 1221 823 1283 Adhuc,
857 1220 1062 1277 formae
1092 1231 1223 1291 quae
1257 1231 1358 1288 pei·
1404 1230 1469 1274 se
1512 1230 1631 1273 non
1675 1216 2034 1284 subsistunt,
2067 1230 2186 1274 non
2219 1223 2474 1288 possunt
2503 1230 2602 1286 per
2622 1228 2680 1272 se
2701 1225 2858 1293 agere:

536 1297 723 1364 agunt
769 1296 966 1347 autem
1014 1294 1350 1359 composita
1395 1301 1497 1357 per
1544 1301 1667 1344 eas.
1719 1287 1778 1343 Si
1807 1286 1989 1357 igitur
2018 1292 2243 1343 naturae
2273 1286 2686 1344 intellectuales
2715 1285 2856 1354 buius·

536 1362 697 1419 modi
728 1361 931 1418 formae
951 1364 1174 1427 essent,
1198 1364 1546 1430 sequeretur
1566 1357 1722 1429 quod
1744 1358 1888 1428 ipsae
1913 1370 2027 1414 non
2053 1358 2472 1428 intelligerent,
2494 1357 2592 1413 sed
2615 1353 2864 1424 compos&

538 1446 609 1490 ex
637 1432 727 1489 eis
755 1437 813 1488 et
840 1432 1086 1487 materia
1112 1447 1128 1497 ;
1154 1435 1213 1485 et
1238 1429 1330 1486 sic
1352 1427 1690 1484 intellectus
1712 1433 1871 1486 esset
1894 1428 2266 1497 compositus
2287 1442 2360 1485 ex
2380 1427 2621 1485 materia
2637 1432 2685 1482 et
2705 1427 2864 1492 formu

536 1502 695 1576 quod
727 1508 819 1557 est
843 1498 1235 1570 impossibile,
1274 1505 1335 1556 ut
1362 1504 1671 1555 ostensum
1708 1504 1799 1555 est
1830 1497 1902 1564 (c.
1935 1502 2048 1568 ὅθ).

605 1572 881 1641 Amplius.
914 1572 965 1628 si
993 1569 1332 1626 intellectus
1362 1575 1523 1627 esset
1549 1569 1742 1626 forma
1769 1568 1828 1624 in
1861 1568 2109 1625 materia
2133 1573 2191 1624 et
2219 1582 2339 1626 non
2373 1581 2476 1639 pei·
2501 1580 2564 1625 se
2584 1565 2866 1632 subsistas.

538 1647 887 1722 sequeretur
931 1640 1091 1712 quod
1138 1639 1194 1697 id
1245 1638 1402 1710 quod
1444 1639 1726 1709 recipitur
1763 1640 1821 1695 in
1856 1638 2179 1706 intellectu,
2213 1640 2568 1708 reciperetur
2593 1639 2648 1694 in
2671 1635 2868 1714 materis.

538 1711 890 1781 HuJiismodi
921 1712 1079 1768 enim
1113 1710 1315 1767 formae
1344 1724 1476 1781 quae
1507 1710 1723 1767 habent
1753 1721 1886 1766 esse
1915 1712 1974 1765 in
2001 1710 2250 1767 materia
2276 1710 2621 1781 obligatum,
2651 1719 2868 1765 noni-eci·

536 1782 711 1853 piunt
751 1781 975 1853 aliquid
1024 1781 1184 1852 quod
1227 1781 1289 1836 in
1338 1781 1587 1838 materia
1639 1792 1758 1838 non
1789 1779 2126 1848 recipiatur.
2159 1781 2300 1838 Cuin
2330 1780 2513 1853 igitur
2539 1777 2865 1856 receptioioe·

537 1865 767 1911 mai-um
800 1852 860 1908 in
883 1851 1185 1909 intellectu
1212 1863 1331 1907 non
1367 1852 1444 1907 sit
1478 1851 1735 1920 receptio
1755 1851 2075 1907 formarum
2095 1850 2158 1908 in
2181 1852 2448 1919 materia,
2469 1845 2868 1921 impossibile&

539 1922 698 1996 quod
729 1924 1066 1979 intellectus
1095 1921 1173 1978 sit
1205 1921 1394 1978 forma
1428 1923 1773 1979 materialis.
2825 1985 2838 1998 ⁸

607 1995 893 2056 Praeterea‚
925 1992 1120 2049 dicere
1150 1991 1307 2064 quod
1339 1992 1676 2048 intellectus
1706 1993 1785 2048 sit
1815 1991 2004 2049 soi-ma
2029 2003 2150 2049 non
2181 1991 2542 2059 subsistens,
2565 1989 2660 2048 sed
2679 1993 2870 2048 materia

537 2062 843 2130 immersa,
885 2062 1042 2120 idem
1082 2068 1192 2130 est,
1237 2062 1564 2119 secundum
1612 2076 1754 2125 rem,
1801 2076 1870 2119 ac
1909 2064 1961 2119 si
2005 2062 2254 2130 dicatur,
2305 2062 2467 2134 quod
2511 2061 2809 2118 intellectus
2863 2121 2875 2130 ,

540 2134 912 2203 compositus
942 2148 1011 2190 ex
1055 2133 1300 2189 materia
1330 2139 1386 2188 et
1422 2135 1647 2200 l‘oi·ma;
1676 2130 1873 2189 differt
1900 2138 2096 2189 autem
2126 2133 2319 2190 solum
2354 2133 2674 2190 secundum
2705 2143 2767 2186 no

538 2205 687 2261 Nam
732 2204 922 2275 primo
967 2204 1145 2260 modo
1192 2202 1483 2259 diceretur
1513 2204 1853 2260 intellectus
1892 2205 2082 2259 forma
2113 2203 2243 2273 ipsa
2271 2203 2587 2273 compositi
2623 2219 2637 2258 ε
2681 2214 2764 2257 sec

539 2287 682 2332 vero
725 2275 901 2331 modo
949 2273 1243 2331 diceretur
1284 2273 1623 2330 intellectus
1665 2273 1858 2343 ipsum
1910 2275 2349 2344 compositum;
2397 2273 2452 2331 si
2502 2274 2676 2344 igitur
2725 2269 2878 2326 falsu!

540 2351 631 2427 est
663 2345 1022 2401 intellectum
1051 2357 1187 2424 esse
1212 2345 1610 2414 compositum
1642 2358 1710 2399 ex
1733 2345 1989 2424 „materia
2013 2351 2072 2401 et
2119 2344 2331 2412 forma,
2380 2342 2602 2402 falsum
2644 2340 2742 2402 erit
2769 2329 2872 2415 qud

540 2419 623 2476 stt
650 2416 841 2474 forma
872 2428 994 2473 non
1022 2414 1385 2483 subsistens,
1404 2413 1508 2472 sed
1534 2414 1885 2472 materialis

1529 2632 1782 2698 CAPUT
1838 2632 1968 2698 LII.

541 2813 694 2872 ouon
721 2813 787 2861 nt
813 2811 1186 2861 sunsrmts
1220 2810 1778 2859 mmmmsazmus
1813 2812 2058 2858 camus
2091 2812 2341 2862 tumr
2371 2814 2516 2863 zssz
2538 2816 2618 2864 rr
2648 2815 2780 2872 oum
2797 2806 2878 2863 n·

609 2981 741 3037 Non
781 2983 873 3036 est
917 2977 1281 3049 opinandum
1311 2976 1491 3051 quod,
1523 2976 1797 3050 quamvis
1826 2976 2176 3036 substantiae
2204 2977 2644 3040 intellectuales
2678 2990 2776 3038 non
2796 2974 2876 3035 affl

539 3061 864 3121 corporeae,
896 3062 1005 3106 nee
1034 3063 1105 3106 ex
1126 3049 1371 3106 materia
1395 3055 1449 3105 et
1482 3048 1673 3105 forma
1701 3050 2068 3119 compositis,
2101 3063 2209 3105 nec
2238 3049 2298 3105 in
2330 3052 2584 3108 materia
2611 3053 2874 3114 existentes.

541 3119 700 3181 sicut
726 3120 929 3176 sormae
963 3119 1405 3187 immateriales,
1475 3120 1590 3176 uod
1621 3126 1858 3190 propter
1889 3120 2000 3177 lioc
2020 3119 2234 3176 divinae
2253 3120 2623 3191 simplicitati
2648 3122 2876 3192 adequan-

539 3194 657 3271 tur.
688 3191 992 3246 Invenitur
1017 3191 1175 3246 enim
1206 3190 1268 3246 in
1297 3189 1387 3270 eis
1415 3134 1615 3269 tfli'qua
1645 3190 2023 3260 compositio,
2051 3204 2124 3269 ex
2152 3202 2224 3246 eo
2253 3190 2412 3262 quod
2444 3204 2570 3249 non
2599 3200 2684 3249 est
2706 3184 2878 3248 idemit

540 3274 631 3319 eis
673 3275 807 3318 esse
856 3266 912 3316 et
955 3259 1112 3331 quod
1159 3265 1270 3318 est.
1317 3261 1376 3317 Si
1425 3274 1584 3316 enim
1629 3274 1763 3317 esse
1791 3265 1883 3318 est
1924 3261 2285 3328 subsistens,
2319 3261 2472 3318 nibil
2498 3270 2705 3331 praeter
2742 3262 2878 3330 ipsun

540 3345 678 3393 esse
722 3331 777 3388 ei
825 3330 1187 3410 adiungitur,
1233 3331 1374 3403 quia
1416 3331 1594 3387 etiam
1643 3331 1703 3387 in
1738 3331 1831 3388 liis
1868 3345 2121 3402 quorum
2152 3344 2287 3388 esse
2318 3344 2440 3388 non
2470 3340 2566 3390 est
2593 3334 2878 3393 subsistant·

541 3400 703 3475 quod
747 3401 904 3457 inest
940 3400 1215 3458 existenti
1251 3406 1460 3471 praeter
1490 3415 1627 3457 esse
1654 3401 1805 3470 ejus,
1837 3406 1929 3458 est
1957 3401 2196 3473 quidem
2227 3402 2505 3458 existenti
2544 3406 2775 3467 unitum,
2799 3404 2884 3455 mn

544 3480 741 3531 autem
771 3478 862 3528 est
893 3484 1075 3528 unum
1104 3484 1238 3528 eum
1276 3485 1410 3528 esse
1440 3471 1593 3551 ejus,
1625 3472 1741 3527 nisi
1775 3486 1877 3541 per
1906 3473 2204 3538 accidens,
2234 3472 2295 3527 in
2330 3478 2622 3551 quantum
2651 3480 2732 3530 est
2755 3472 2882 3529 unu!

542 3542 875 3613 subJectuin
925 3541 1155 3599 habens
1197 3554 1354 3608 esse,
1393 3547 1450 3597 et
1477 3542 1530 3597 id
1564 3541 1720 3613 quod
1744 3546 1835 3599 est
1861 3549 2073 3611 praeter
2099 3556 2270 3609 esse;
2302 3549 2463 3599 sicut
2491 3550 2649 3614 patet
2670 3540 2882 3623 quodStt·

543 3615 713 3678 crati,
744 3617 952 3683 praetei·
979 3626 1154 3669 suum
1186 3624 1320 3669 esse
1349 3612 1764 3680 substantiale,
1787 3612 1938 3668 inest
1963 3614 2183 3675 album,
2208 3612 2368 3684 quod
2384 3614 2624 3684 quidem
2656 3613 2884 3670 diversum

542 3688 636 3741 est
664 3684 736 3739 ab
768 3683 898 3753 ejus
928 3696 1063 3739 esse
1096 3681 1476 3739 substantiali
1503 3701 1519 3751 ;
1563 3695 1680 3738 non
1712 3682 1872 3738 enim
1903 3682 2060 3739 idem
2090 3688 2178 3739 est
2212 3696 2347 3740 esse
2377 3684 2675 3741 Socratem
2718 3689 2767 3740 et
2792 3686 2880 3737 est·

543 3752 767 3821 albuin,
802 3752 918 3811 nisi
964 3766 1067 3823 per
1093 3752 1391 3810 accidens.
1432 3753 1489 3809 Si
1523 3753 1707 3831 igitur
1758 3765 1880 3809 noti
1935 3753 2014 3810 sit
2062 3767 2197 3810 esse
2243 3753 2306 3809 in
2350 3754 2556 3826 aliqua
2602 3750 2884 3815 substanti·-

544 3836 670 3883 non
700 3822 1029 3880 remanebit
1056 3823 1275 3904 aliquis
1306 3823 1520 3880 modus
1551 3838 1609 3879 iu
1635 3836 1753 3895 quo
1781 3823 1971 3894 possit
1998 3823 2052 3879 ei
2087 3822 2240 3879 uniri
2272 3823 2419 3881 illud
2449 3825 2607 3895 quod
2639 3834 2723 3882 est
2742 3826 2884 3894 praetss

543 3906 702 3951 esse.
736 3896 876 3949 Esse
906 3900 1124 3961 autem,
1158 3907 1217 3950 in
1250 3900 1533 3962 quantum
1564 3900 1836 3958 estesse,
1871 3907 1991 3950 non
2023 3900 2371 3965 potestesse
2391 3894 2725 3963 diversum;
2783 3886 2886 3949 eled

544 3968 742 4040 autem
766 3963 1147 4021 diversificari
1179 3978 1281 4044 per
1309 3964 1708 4090 aliquid-quod
1734 3970 1823 4020 est
1854 3970 2061 4034 praeter
2088 3978 2245 4044 esse,
2275 3966 2435 4022 sicut
2461 3980 2595 4024 esse
2623 3966 2729 4035 lapi
2770 3976 2809 4019 is

546 4030 710 4112 aliud
751 4034 822 4089 ab
871 4048 1004 4091 esse
1046 4035 1331 4092 hominis.
1365 4036 1403 4090 ll
1436 4034 1509 4090 ud
1542 4041 1724 4105 igitur
1752 4034 1909 4105 quod
1941 4042 2032 4092 est
2053 4036 2414 4104 subsistenS,
2445 4050 2566 4093 non
2601 4042 2774 4107 potest
2796 4047 2819 4089 e

546 4110 667 4161 nisi
714 4116 894 4160 unum
945 4110 1194 4161 tantum.
1226 4105 1544 4162 ostensum
1572 4109 1663 4162 est
1691 4112 1887 4165 autem
1918 4104 1983 4176 (l.
2024 4119 2066 4171 i,
2098 4121 2152 4163 c.
2181 4109 2252 4162 22
2275 4112 2336 4162 et.
2360 4106 2452 4176 42)
2493 4106 2652 4178 quod
2681 4109 2809 4163 neus

544 4181 724 4232 suum
773 4186 905 4229 esse
936 4175 1293 4233 subsistens.
1326 4175 1485 4231 Niliil
1514 4175 1695 4246 igitur
1719 4175 1884 4232 aliud
1916 4182 2123 4244 praetei·
2147 4175 2344 4245 ipsum
2376 4182 2573 4247 potest
2601 4190 2728 4235 esse
2758 4178 2878 4232 suun

548 4252 706 4300 esse.
737 4244 974 4311 Oportet
1000 4245 1199 4323 igitur,
1231 4247 1291 4301 in
1321 4247 1481 4302 omni
1515 4248 1852 4302 substantia
1875 4259 2008 4319 quae
2035 4251 2124 4304 est
2156 4253 2366 4317 praeter
2394 4247 2615 4320 ipsum,
2635 4230 2878 4306 essealid

545 4309 738 4387 ipsam
772 4313 1163 4395 substantiam
1187 4322 1245 4372 et
1269 4315 1425 4372 aliud
1459 4315 1591 4386 ejus
1620 4330 1776 4373 esse.

615 4382 894 4454 Amplius,
936 4389 1147 4444 natura
1186 4399 1547 4457 communis,
1595 4387 1648 4443 si
1691 4391 1963 4458 separata
2006 4386 2397 4461 intelligatur,
2424 4400 2552 4447 non
2574 4392 2758 4461 potest
2791 4388 2877 4441 ωε·
