3076 5025
322 350 431 406 278
1237 341 1372 402 Lm.
1412 341 1509 403 111,
1553 340 1707 398 (ΠΛΡ.
1746 341 1851 397 XX.

327 468 639 542 largiatur,
667 467 810 540 quia
837 479 961 525 non
987 465 1170 525 estin
1195 464 1464 537 potentia
1485 467 1554 521 ut
1596 462 1819 544 aliquid
1846 462 2152 544 acquirere
2180 460 2395 534 possit,
2425 460 2534 544 sed
2573 462 2768 543 solum

329 547 466 600 actu
511 538 773 611 perfecto
801 553 875 596 ex
902 550 1022 611 quo
1051 539 1250 607 potest
1279 532 1506 606 aliquid
1531 532 1793 605 elarg1r1.
1826 534 1942 590 Res
1966 538 2153 606 igitur
2174 546 2298 591 non
2330 532 2684 591 ordinantur
2708 546 2774 590 in

330 611 396 670 in
432 612 619 669 Deum
668 609 829 667 sicut
871 609 934 665 in
964 607 1146 665 finem
1174 606 1271 664 cui
1297 603 1526 687 aliquid
1556 604 1920 685 acquiratur,
1946 604 2054 662 sed
2085 610 2149 663 ut
2176 604 2251 663 ab
2282 604 2419 678 ipso
2448 603 2780 678 ipsummet

330 695 446 741 suo
472 679 654 740 modo
684 683 1150 753 consequantur,
1180 689 1366 751 quum
1392 680 1648 748 ipsemet
1677 680 1757 732 sit
1782 672 1945 735 finis.

1325 895 1582 961 CAPUT
1618 894 1782 959 xlx.

916 1075 1070 1128 QUOD
1108 1073 1299 1121 OMNIA
1326 1073 1662 1120 nummum·
1696 1072 2036 1120 assumam
2056 1072 2193 1121 ΠΕΟ.

409 1239 629 1298 Exhoc
672 1242 872 1297 autem
916 1236 1076 1313 quod
1118 1236 1438 1310 acquirunt
1481 1236 1743 1295 divinam
1773 1237 2103 1297 bonitatem
2130 1250 2230 1296 res
2268 1243 2501 1309 creatae,
2539 1236 2777 1297 similes

333 1311 458 1371 Deo
483 1309 953 1369 constituuntur.

406 1381 468 1440 Si
498 1380 682 1454 igitur
708 1393 807 1438 res
852 1391 1065 1438 omnes
1091 1378 1157 1436 in
1184 1380 1371 1436 Deum
1397 1376 1559 1437 sicut
1584 1378 1649 1435 in
1678 1379 1957 1438 ultimum
1988 1379 2168 1438 finem
2191 1379 2444 1438 tendunt
2482 1384 2551 1437 ut
2577 1379 2777 1452 ipsius

332 1452 664 1580 bonitatem
691 1453 1158 1525 consequantur,
1185 1449 1458 1522 sequitur
1482 1449 1644 1522 quod
1673 1450 1923 1510 ultimus
1953 1465 2151 1508 rerum
2182 1449 2324 1509 finis
2353 1452 2435 1509 sit
2466 1452 2590 1508 Deo
2620 1450 2781 1510 assi-

399 1539 414 1580 1
446 1536 556 1580 art.

332 1536 681 1663 mAmpzius,
711 1603 901 1673 agens
928 1588 1149 1649 dicitur
1173 1603 1312 1649 esse
1359 1588 1503 1648 finis
1553 1589 1828 1659 effectuS,
1856 1590 1922 1649 in
1965 1597 2258 1666 quantum
2304 1590 2556 1651 effectus
2583 1591 2782 1651 tendit

333 1663 402 1722 in
452 1662 907 1722 similitudinem
951 1660 1226 1743 agentis;
1257 1659 1418 1718 unde
1463 1661 1659 1719 forma
1700 1662 1967 1734 generati
2026 1667 2118 1722 est
2158 1661 2299 1722 finis
2338 1662 2777 1736 generationis.

335 1732 453 1793 Sed
481 1736 639 1792 Deus
668 1733 752 1791 ita
778 1736 872 1791 est
888 1729 1038 1814 ‚finis
1065 1744 1265 1814 rerum
1298 1731 1460 1806 quod
1490 1738 1585 1789 est
1605 1731 1786 1790 etiam
1816 1732 2074 1803 primum
2096 1747 2284 1816 agens
2305 1748 2534 1792 earum.
2559 1732 2783 1793 Omnia

333 1804 522 1879 igitur
546 1803 819 1873 tendunt,
850 1806 1007 1861 sicut
1030 1801 1107 1860 ad
1135 1802 1414 1860 ultimum
1439 1801 1645 1866 finem,
1673 1805 1792 1862 Deo
1824 1803 2176 1863 assimilari.

404 1878 558 1939 Item,
585 1875 649 1934 in
680 1873 964 1932 omnibus
1007 1871 1188 1932 rebus
1233 1873 1537 1932 evidenter
1582 1879 1826 1945 apparet
1867 1874 2028 1946 quod
2058 1888 2195 1933 esse
2224 1880 2509 1947 appetunt
2532 1880 2783 1933 natura-

332 1944 509 2016 liter;
538 1945 716 2009 unde,
776 1948 837 2001 et
878 1943 932 2002 si
982 1956 1104 2015 qua
1155 1944 1456 2015 corrumpi
1517 1950 1796 2015 possunt,
1844 1944 2198 2005 naturaliter
2246 1945 2780 2018 corrumpentibus

333 2017 647 2081 resistunt,
678 2020 737 2073 et
780 2013 1037 2072 tendunt
1078 2012 1225 2072 illuc
1254 2013 1358 2072 ubi
1392 2021 1845 2085 conserventur,
1876 2015 2037 2074 sicut
2064 2016 2227 2090 ignis
2257 2030 2503 2076 sursum
2529 2021 2587 2075 et
2613 2021 2782 2075 terra

335 2086 642 2146 deorsum.
674 2084 1012 2144 Secundum
1042 2084 1158 2143 hoc
1187 2090 1385 2143 autem
1414 2098 1551 2144 esse
1577 2084 1799 2143 habent
1840 2086 2044 2146 omnia
2090 2086 2250 2160 quod
2280 2088 2402 2145 Deo
2431 2086 2779 2146 assimilan-

334 2162 453 2222 tur,
484 2157 586 2229 qui
616 2160 707 2215 est
735 2156 934 2229 ipsum
966 2168 1118 2236 ‚esse
1172 2154 1532 2225 subsistens»,
1566 2170 1751 2230 quum
1794 2157 2001 2215 omnia
2045 2156 2171 2216 sint
2198 2157 2398 2218 solum
2471 2158 2606 2217 nasi
2636 2170 2782 2217 esse

333 2226 773 2357 participantia.
805 2227 1021 2285 Omma
1064 2225 1252 2299 igitur
1296 2231 1605 2299 appetunt,
1655 2226 1831 2301 quasi
1878 2228 2159 2286 ultimum
2208 2228 2414 2299 finem,
2498 2242 2571 2287 eo
2618 2227 2779 2287 assi-

334 2311 420 2359 mr
449 2312 558 2357 ari.

405 2372 695 2436 Praeterea,
726 2383 825 2429 res
852 2381 1066 2430 omnes
1094 2373 1308 2428 creatae
1334 2372 1479 2428 sunt
1504 2368 1779 2442 quaedam
1816 2368 2116 2442 imagines
2141 2369 2321 2442 primi
2366 2369 2623 2452 agentis,
2655 2370 2783 2446 sci·

336 2441 635 2512 licetDei3
666 2455 854 2515 agens
904 2439 1067 2500 enim
1112 2439 1238 2512 agit
1284 2439 1401 2499 sibi
1432 2440 1669 2523 simile;
1697 2441 1986 2514 perfectio
2037 2440 2198 2499 enim
2243 2440 2530 2514 imaginis
2566 2447 2661 2500 est
2710 2445 2783 2499 ut

335 2518 725 2587 repraesentet
765 2526 943 2572 suum
992 2511 1293 2584 exemplar
1335 2525 1443 2584 per
1484 2510 1941 2570 simihtudinem
1984 2510 2058 2571 ad
2088 2511 2328 2584 ipsum:
2361 2512 2437 2570 ad
2464 2510 2580 2571 hoc
2608 2512 2777 2572 enim

334 2585 541 2659 imago
569 2583 976 2644 constituitur.
1008 2583 1161 2642 Sunt
1199 2582 1384 2654 igitur
1430 2595 1529 2641 res
1576 2596 1790 2642 omnes
1842 2588 2083 2655 propter
2129 2581 2395 2657 divinam
2431 2582 2780 2642 similitudi·

336 2668 477 2716 nem
502 2654 989 2728 consequendam
1018 2653 1176 2712 sicut
1202 2658 1445 2726 propter
1470 2652 1750 2712 ultimum
1780 2651 1982 2712 finem.

406 2727 628 2791 Adhuc,
659 2726 861 2784 omnis
889 2738 988 2783 res
1012 2738 1121 2796 per
1149 2737 1327 2782 suum
1357 2728 1588 2783 motum
1616 2726 1709 2782 vel
1749 2725 2047 2782 actionem
2075 2723 2265 2783 tendit
2295 2723 2359 2780 in
2392 2722 2639 2796 aliquod
2666 2724 2781 2784 bo-

337 2810 485 2855 num
510 2798 670 2857 sicut
698 2796 762 2854 in
787 2795 991 2865 finem,
1023 2801 1089 2853 ut
1136 2808 1320 2866 supra
1362 2799 1674 2853 ostensum
1701 2800 1794 2853 est
1824 2794 1898 2867 (c.
1934 2796 2044 2867 16).
2076 2798 2141 2854 ln
2176 2799 2410 2854 tantum
2438 2801 2638 2853 autem
2668 2795 2787 2854 ali-

381 2868 483 2927 uid
534 2868 608 2926 de
656 2866 819 2925 bono
868 2864 1182 2939 participat
1234 2865 1314 2931 in:
1340 2870 1630 2938 quantum
1676 2866 2049 2924 assimilatur
2094 2864 2303 2939 primae
2330 2865 2606 2930 bonitati,
2637 2880 2774 2939 quae

337 2883 500 2997 gens
524 2942 636 2996 est.
668 2936 884 3017 Omnia
908 2935 1095 3017 igitur
1162 2948 1227 2993 er
1257 2941 1457 3017 motus
1496 2949 1645 2995 suos
1683 2941 1744 2994 et
1786 2936 2056 2996 actiones
2101 2936 2355 2996 tendunt
2398 2936 2464 2995 in
2509 2935 2779 2996 divinam

340 3007 796 3068 similitudinem
818 3012 979 3066 sicut
1004 3019 1069 3064 m
1140 3019 1278 3065 nem
1303 3006 1603 3066 ultimum.

1342 3226 1600 3292 CAPUT
1634 3226 1768 3291 XX.

826 3403 1099 3459 QUOMODO
1136 3405 1245 3451 RES
1278 3405 1538 3451 mmmm
1572 3404 1912 3451 nomam
1945 3406 2284 3454 mmmm.

411 3569 580 3628 Patet
605 3581 750 3641 ergo
776 3582 850 3627 ex
873 3567 972 3627 bis
996 3580 1129 3642 quae
1156 3566 1315 3627 dicta
1344 3573 1505 3638 sunt,
1538 3567 1698 3641 quod
1727 3566 2051 3627 assimilari
2093 3567 2168 3628 ad
2196 3570 2386 3627 Deum
2410 3574 2505 3628 est
2527 3568 2780 3631 ultimus

340 3639 613 3698 omnium
641 3638 893 3698 finiS.Id
924 3645 1122 3697 autem
1146 3639 1307 3712 quod
1349 3638 1588 3711 proprie
1641 3637 1819 3696 habet
1863 3639 2158 3697 rationem
2200 3638 2341 3698 finis
2388 3646 2481 3700 est
2521 3640 2779 3700 bonum.

338 3709 612 3768 Tendunt
639 3710 825 3783 igitur
851 3722 950 3767 res
987 3709 1053 3767 in
1081 3709 1198 3767 hoc
1226 3709 1389 3783 quod
1420 3707 1834 3768 assimilentur
1860 3711 1981 3768 Deo
2008 3709 2246 3782 proprie
2275 3711 2339 3768 in
2367 3716 2659 3783 quantum
2683 3718 2785 3771 est

337 3776 558 3840 bonus.
593 3780 927 3839 Bonitatem
982 3784 1180 3840 autem
1234 3784 1522 3839 creaturae
1580 3793 1703 3837 non
1745 3785 2152 3853 assequuntur
2199 3794 2272 3839 eo
2311 3782 2492 3840 modo
2521 3781 2681 3841 sicut
2708 3783 2778 3841 in

227 3917 234 3923 ‚
337 3851 464 3909 Deo
518 3856 632 3921 est,
671 3851 809 3909 licet
850 3849 1114 3909 divinam
1158 3850 1488 3909 bonitatem
1534 3863 1911 3925 unaquaeque
1964 3865 2064 3910 res
2118 3850 2387 3910 imitetur
2438 3853 2781 3915 secundum

409 3990 624 4049 Divina
649 3992 810 4050 enim
838 3988 1080 4051 bonitas
1105 3991 1359 4064 simplex
1386 3995 1500 4060 est,
1529 3992 1706 4065 quasi
1733 3996 1863 4052 tota
1904 3990 1970 4051 in
2006 4005 2129 4050 uno
2158 3993 2543 4063 consistens;
2571 3994 2777 4066 ipsum

343 4060 508 4119 enim
556 4061 827 4121 divinum
868 4074 1005 4120 esse
1050 4075 1290 4122 omnem
1316 4061 1751 4134 plenitudinem
1822 4061 2167 4122 erfectionis
2191 4062 2441 4134 obtinet,
2471 4070 2538 4123 ut
2564 4064 2780 4137 proba-

338 4135 468 4189 tum
497 4136 593 4189 est
619 4131 683 4205 (l.
713 4147 760 4205 1,
789 4148 843 4193 c.
872 4131 990 4206 28).
1019 4132 1204 4202 Unde,
1231 4145 1417 4205 quum
1460 4146 1773 4208 unumquo
1817 4148 1931 4206 que
1979 4133 2044 4192 in
2084 4138 2317 4192 tantum
2345 4136 2428 4193 sit
2450 4133 2677 4193 bonum
2708 4135 2777 4194 in

339 4206 633 4274 quantum
662 4209 757 4261 est
782 4204 1134 4275 perrectum,
1163 4204 1363 4274 ipsum
1392 4202 1661 4263 divinum
1709 4217 1846 4263 esse
1892 4208 1986 4264 est
2025 4204 2157 4276 ejus
2202 4204 2464 4279 perfecta
2488 4204 2774 4265 bonitas·

337 4271 500 4353 idem
527 4272 691 4330 enim
719 4280 815 4331 est
843 4276 964 4332 Deo
990 4287 1150 4346 esse,
1172 4274 1743 4347 vivere,sapientem
1769 4288 1927 4346 esse,
1949 4275 2190 4335 beatum
2220 4288 2377 4346 esse,
2398 4281 2456 4334 et
2477 4250 2779 4356 quidquid

336 4341 504 4424 aliun
531 4340 606 4401 ad
645 4344 1078 4425 ⁸perfectionem
1124 4349 1184 4402 et
1225 4343 1554 4404 bonitatem
1587 4345 1821 4404 videtur
1862 4345 2181 4419 pertinere,
2211 4346 2386 4419 quasi
2412 4351 2539 4404 tota
2565 4345 2778 4406 divina

335 4409 579 4472 bonitas
606 4418 690 4471 sit
709 4427 909 4495 ipsum
933 4414 1200 4473 divinum
1230 4429 1389 4475 esse.

407 4485 664 4557 Rursum,
690 4497 836 4559 qnia
861 4484 1061 4558 ipsum
1093 4485 1362 4545 divinum
1391 4499 1529 4547 esse
1557 4491 1651 4547 est
1677 4486 1877 4561 ipsius
1902 4487 2008 4548 Dei
2029 4485 2377 4547 exsistentis
2403 4484 2768 4548 substantia.
