3076 5025
1110 342 1243 398 LIB.
1285 342 1330 411 1,
1369 342 1521 399 CAP.
1561 342 1707 399 LXV.
2564 353 2632 409 ot)

224 464 462 523 inferior
506 479 573 523 se
603 465 866 523 extendit
905 464 980 521 ad
1026 464 1330 536 pauciora,
1360 470 1419 522 et
1457 469 1655 521 tamen
1695 465 2123 535 multiplicatur
2170 472 2442 536 respectu
2495 469 2628 528 illo-

223 549 361 602 rum,
408 536 568 593 sicut
614 541 770 607 patet
814 536 878 591 in
924 535 1275 605 imagitione
1303 540 1363 590 et
1401 548 1606 591 sensu.
1638 537 1783 591 Nam
1833 549 1953 592 una
1997 536 2089 593 vis
2137 535 2508 609 imagitionis
2561 553 2630 599 se

219 605 471 663 extendit
496 605 573 664 ad
617 607 820 663 omnia
846 620 979 678 quae
1008 606 1271 677 quinque
1314 605 1471 662 vires
1499 618 1787 663 sensuum
1818 613 2214 678 cognoscunt,
2249 615 2308 663 et
2335 607 2407 664 ad
2435 609 2629 679 plura.

218 676 318 733 Sed
360 676 455 732 vis
500 676 910 748 cognoscitiva
950 676 1012 731 in
1063 678 1181 733 Deo
1226 680 1319 732 est
1364 675 1640 755 superior
1691 688 1867 748 quam
1917 676 1977 731 in
2020 675 2281 734 homine.
2332 679 2628 751 Quicquid

219 760 350 819 ergo
374 747 561 803 homo
604 746 857 803 diversis
897 745 1124 805 viribus
1173 751 1481 817 cognoscit
1531 744 1860 815 intellectu,
1909 745 2278 818 imagitione,
2309 754 2368 805 et
2415 762 2625 821 sensu,

217 817 322 875 boc
346 820 507 874 Deus
538 831 660 874 uno
707 830 822 874 suo
847 816 1102 886 simplici
1144 816 1449 873 intellectu
1496 815 1854 873 considerat.
1882 818 1983 874 Est
2008 817 2193 897 igitur
2227 818 2626 889 singularium

217 887 683 959 cognoscitivus,
708 901 841 959 quae
870 900 983 944 nos
1013 899 1195 943 sensu
1226 892 1282 943 et
1312 886 1432 943 ima
1475 885 1662 943 itione
1687 886 2207 956 apprehendimus,

276 959 554 1028 Amplius,
587 957 826 1015 divinus
882 955 1220 1014 intellectus
1275 972 1345 1014 ex
1390 971 1448 1013 re
1497 970 1568 1014 us
1613 955 2016 1027 cognitionem
2068 971 2187 1014 non
2238 959 2420 1016 sumit
2469 960 2627 1018 sicut

217 1035 433 1095 noster,
468 1028 574 1085 sed
603 1028 796 1099 magis
826 1042 930 1098 per
957 1041 1127 1085 suam
1152 1026 1558 1098 cognitionem
1586 1032 1677 1083 est
1704 1039 1889 1084 causa
1917 1040 2133 1096 rerum,
2162 1033 2223 1084 ut
2248 1029 2404 1087 infra
2429 1037 2628 1088 osten·

220 1098 377 1156 detur
444 1098 487 1155 l.
517 1111 584 1167 11,
628 1113 682 1156 c.
710 1097 847 1168 24.),
876 1102 934 1155 et
975 1098 1064 1155 sic
1113 1096 1244 1168 eJ'us
1283 1097 1570 1168 cognitio,
1601 1110 1778 1170 quam
1832 1096 1903 1154 de
1933 1097 2109 1155 rebus
2138 1098 2275 1156 aliis
2314 1100 2507 1169 habet,
2536 1108 2629 1160 est

219 1169 286 1225 ad
308 1183 402 1226 mo
455 1183 555 1226 um
605 1169 875 1240 practicae
908 1168 1292 1240 cognitionis.
1353 1168 1616 1224 practica
1661 1172 1856 1224 autem
1887 1168 2152 1239 cognitio
2204 1182 2325 1226 non
2360 1177 2453 1227 est
2500 1185 2629 1242 per-

221 1239 378 1305 fecta,
412 1240 537 1297 nisi
571 1239 642 1296 ad
689 1238 1022 1310 singularia
1064 1238 1455 1309 perveniatur.
1487 1241 1628 1294 Nam
1675 1239 1947 1308 practicae
1976 1238 2341 1309 cognitionis
2369 1239 2507 1298 finis
2536 1246 2629 1300 est

221 1311 502 1380 operatiO,
532 1324 663 1381 quae
713 1309 775 1366 in
823 1309 1233 1381 singularibus
1263 1314 1373 1366 est.
1407 1308 1617 1364 Divina
1666 1308 1849 1380 igitur
1874 1309 2140 1380 cognitio
2182 1322 2360 1381 quam
2388 1310 2462 1367 de
2490 1312 2629 1371 aliis

219 1380 385 1438 rebus
418 1380 619 1443 habet,
651 1392 716 1436 se
750 1393 938 1451 usque
967 1379 1040 1435 ad
1073 1379 1406 1450 singularia
1433 1378 1713 1435 extendit.

284 1452 501 1513 Adhuc,
524 1450 780 1521 primum
831 1449 1051 1507 mobile
1136 1455 1364 1505 .ovetur
1408 1455 1636 1506 motore
1680 1452 1952 1505 movente
1997 1462 2101 1519 per
2160 1450 2526 1509 intellectum
2573 1457 2632 1510 et

225 1521 555 1647 appetitum,
589 1525 651 1577 ut
694 1534 878 1590 supra
904 1524 1074 1577 osten
1118 1533 1213 1576 um
1249 1524 1340 1577 est
1387 1519 1537 1589 (cap.
1583 1517 1716 1600 ξιιμ).
1765 1521 1896 1576 Non
1942 1524 2137 1577 autem
2188 1528 2390 1590 posset
2436 1527 2632 1581 motor

227 1605 258 1647 a
282 1591 430 1662 iquis
459 1605 566 1661 per
594 1590 955 1647 intellectum
983 1603 1231 1647 causare
1260 1595 1507 1658 motum,
1538 1602 1657 1647 nisi
1684 1595 2074 1660 cognosceret
2103 1592 2321 1648 mobile
2352 1592 2413 1648 in
2442 1605 2630 1664 quan-

229 1666 343 1717 tum
379 1667 582 1718 natum
612 1667 707 1718 est
754 1661 978 1718 moveri
1028 1659 1354 1718 secundum
1405 1661 1601 1717 locum
1637 1678 1649 1714 ε
1681 1659 1795 1716 boc
1841 1665 1953 1728 est,
1983 1660 2046 1717 in
2088 1667 2378 1733 quantum
2410 1669 2501 1719 est
2530 1663 2628 1721 hic

236 1737 292 1788 et
314 1744 494 1799 nunc,
516 1738 567 1787 et
595 1745 702 1802 per
740 1744 1118 1803 consequens
1148 1731 1208 1787 in
1239 1735 1526 1802 quantum
1559 1735 1647 1787 est
1678 1731 2003 1801 singulare.
2046 1732 2386 1790 Intellectus
2425 1733 2628 1804 igitur,

242 1801 336 1872 qui
361 1807 448 1858 est
493 1809 678 1859 motor
705 1802 878 1872 primi
926 1801 1185 1869 mobilis,
1213 1803 1528 1873 cognoscit
1573 1800 1827 1870 primum
1858 1801 2078 1858 mobile
2116 1802 2177 1858 in
2207 1809 2495 1875 quantum
2533 1808 2627 1861 est

245 1871 541 1942 singulare,
571 1873 670 1945 qui
704 1872 943 1944 quidem
967 1878 1163 1928 motor
1179 1872 1265 1928 vel
1291 1871 1532 1942 ponitur
1564 1874 1738 1936 Deus,
1772 1876 1830 1927 et
1846 1872 1935 1928 sic
1956 1872 2205 1929 habetur
2230 1874 2625 1944 propositum,

243 1941 322 1998 rel
344 1941 560 2013 aliquid
612 1943 770 2014 quod
817 1948 909 1999 est
950 1942 1107 1999 infra
1151 1943 1353 2005 Deum,
1380 1942 1553 2013 quus
1582 1940 1920 1998 intellectus
1950 1943 2002 1999 si
2035 1949 2230 2011 potest
2259 1957 2625 2014 cognoscere

232 2011 520 2084 singulare
552 2026 665 2092 sna
706 2014 944 2080 virtute,
974 2011 1134 2084 quod
1183 2012 1524 2070 intellectus
1554 2018 1759 2070 noster
1807 2025 1930 2069 non
1974 2019 2190 2084 potest,
2221 2014 2630 2087 multomagis

227 2080 330 2139 hoc
357 2083 575 2152 poterit
603 2083 938 2140 intellectus
968 2083 1093 2139 Dei.

282 2153 429 2217 Item,
477 2166 666 2225 agens
710 2152 1125 2211 honorabilius
1196 2157 1287 2211 est
1333 2152 1593 2225 patiente
1634 2156 1693 2209 et
1731 2156 1886 2220 acto,
1932 2151 2089 2210 sicut
2128 2159 2297 2213 actus
2342 2155 2627 2226 potentia.

222 2223 422 2281 Forma
477 2224 661 2293 igitur
702 2238 834 2294 quae
864 2229 955 2281 est
1004 2223 1305 2280 inferioris
1347 2222 1569 2295 gradus
1618 2235 1738 2281 non
1780 2227 1983 2349 (potest
2024 2224 2255 2296 agendo
2305 2226 2628 2296 producere

221 2305 379 2350 suam
427 2294 890 2351 similitudinem
938 2293 1000 2350 in
1051 2294 1297 2366 gradum
1364 2292 1632 2350 altiorem
1663 2311 1679 2361 ;
1709 2306 1774 2350 se
1861 2295 2049 2351 forma
2097 2296 2371 2365 superior
2412 2296 2628 2376 poterit

216 2365 539 2443 producere
581 2364 816 2436 agendo
862 2377 1031 2421 suam
1079 2363 1531 2421 similitudinem
1564 2364 1625 2419 in
1673 2363 1923 2435 gradum
1972 2364 2334 2429 inferiorem,
2378 2372 2534 2423 sicut
2559 2380 2633 2423 ex

216 2436 533 2493 virtutibus
563 2434 1131 2505 ‘incorruptibilibus
1178 2435 1481 2491 stellarum
1529 2433 1933 2503 producuntur
1980 2435 2183 2492 formae
2213 2436 2631 2505 corruptibiles

215 2503 278 2561 in
318 2504 452 2564 istis
501 2504 909 2564 inferioribus
943 2505 1140 2563 Virtus
1187 2511 1382 2562 autem
1428 2504 1836 2576 corruptibilis
1887 2518 2007 2562 non
2066 2512 2257 2576 potest
2307 2505 2633 2576 producere

217 2575 462 2634 formam
513 2576 1046 2647 incorruptibilem.
1096 2578 1176 2633 Co
1221 2576 1370 2633 nitio
1416 2582 1614 2633 autem
1659 2577 1858 2633 omnis
1880 2576 1945 2632 lit
1986 2590 2091 2646 per
2132 2577 2630 2635 assimilationem

226 2648 641 2717 cognoscentis
686 2653 746 2703 et
790 2647 1035 2718 cogniti.
1071 2648 1138 2703 In
1229 2660 1300 2702 oc
1350 2651 1545 2702 tamen
1595 2644 1895 2712 differunt,
1949 2646 2106 2716 quod
2158 2647 2513 2704 assimilatio
2566 2648 2630 2704 in

229 2717 564 2794 cognitione
597 2717 863 2774 bumana
890 2716 957 2774 fii
987 2731 1089 2787 per
1131 2717 1425 2773 actionem
1456 2729 1652 2794 rerum
1680 2715 2059 2772 sensibilium
2108 2715 2167 2771 in
2200 2718 2365 2773 vires
2409 2731 2630 2786 cogno·

236 2786 473 2843 scitivas
499 2787 813 2845 humanas.
844 2790 908 2843 ln
933 2786 1280 2857 cognitione
1310 2790 1504 2841 autem
1537 2787 1639 2841 Dei
1670 2790 1763 2841 est
1806 2800 1838 2841 e
1876 2798 2187 2854 converso,
2208 2800 2313 2856 per
2335 2788 2630 2845 actionem

245 2852 440 2913 formae
468 2857 802 2915 intellectus
831 2857 1009 2914 divini
1043 2857 1105 2913 in
1138 2869 1231 2913 res
1260 2857 1554 2928 cognitas.
1588 2857 1798 2912 Forma
1826 2855 2008 2927 igitur
2037 2855 2119 2913 rei
2151 2857 2459 2914 sensibilis
2491 2871 2628 2915 cum

240 2922 318 2981 sit
341 2939 619 2995 perseam
652 2928 1125 2985 materialitatem
1158 2926 1544 2992 individuata,
1576 2939 1699 2983 suae
1717 2925 2150 3006 singularitatis
2176 2927 2631 2985 similitudinem

229 2995 542 3065 producere·
593 3011 716 3056 non
754 3004 969 3069 potest,
1001 2999 1061 3054 in
1092 2998 1203 3054 boc
1232 2996 1391 3069 quod
1440 2997 1520 3054 sit
1550 2997 1797 3053 omnino
1828 2998 2258 3066 immaterialis,
2295 2999 2400 3055 sed
2431 2999 2629 3056 solum

226 3077 406 3139 nsque
431 3069 508 3126 ad
536 3069 695 3127 vires
746 3083 878 3150 quae
910 3070 1154 3140 organis
1181 3067 1588 3125 materialibus
1619 3073 1883 3147 utuntur.
1911 3067 1995 3124 Ad
2028 3068 2390 3127 intellectum
2432 3075 2630 3127 autem

213 3138 559 3216 perducitur
586 3153 692 3209 per
719 3144 995 3196 virtutem
1025 3137 1361 3195 intellectus
1390 3138 1644 3209 agentis,
1678 3151 1735 3193 in
1768 3143 2051 3210 quantum
2084 3141 2332 3197 omnino
2362 3155 2398 3197 a
2427 3139 2631 3197 condi-

214 3210 481 3267 tionibus
531 3210 796 3267 materiae
840 3209 1092 3271 exuitur,
1122 3214 1180 3264 et
1229 3209 1317 3265 sic
1365 3208 1696 3266 similitudo
1730 3208 2163 3280 singularitatis
2196 3211 2397 3267 soi-mie
2436 3209 2631 3267 sensi·

204 3273 344 3336 bitis
368 3292 496 3338 non
553 3285 745 3350 potest
797 3279 1100 3350 pervenire
1132 3291 1320 3350 usque
1368 3278 1442 3335 ad
1473 3278 1836 3335 intellectum
1884 3280 2229 3336 humanum.
2287 3279 2626 3338 Similitudo

207 3353 401 3406 aulem
463 3351 672 3407 sormae
722 3350 1059 3407 intellectus
1104 3348 1309 3416 divini,
1340 3361 1474 3405 cum
1505 3349 1799 3419 pertingat
1827 3362 2016 3421 usque
2051 3350 2126 3408 ad
2158 3364 2350 3407 rerum
2383 3350 2631 3406 minima

205 3418 277 3475 ad
305 3434 443 3493 quae
467 3421 764 3500 pertingit
795 3433 905 3477 sua
932 3419 1275 3484 causalitas,
1306 3419 1573 3498 pervenit
1601 3432 1789 3498 usque
1819 3419 1891 3475 ad
1922 3420 2395 3493 singularitatem
2430 3422 2631 3478 t‘ormae

198 3492 525 3548 sensibilis
553 3497 613 3546 et
641 3489 986 3548 materialis.
1018 3489 1362 3546 Intellectus
1390 3494 1574 3559 igitur
1610 3490 1848 3547 divinus
1876 3496 2073 3561 potest
2113 3503 2477 3563 cognoscere
2507 3490 2632 3547 sin·

195 3560 455 3631 gularia,
489 3574 613 3618 non
642 3568 841 3618 autem
871 3560 1189 3617 humanus.

264 3632 568 3700 Praeterea,
609 3636 960 3703 sequeretur
997 3630 1447 3697 inconveniens,
1500 3629 1660 3701 quod
1723 3629 1967 3689 Philoso
2011 3631 2126 3689 hus
2177 3629 2281 3702 (De
2312 3630 2531 3698 anima,
2583 3644 2627 3701 1,

197 3704 336 3781 ²9¹².-
382 3715 554 3759 com.
590 3702 682 3773 80)
705 3709 922 3781 contra
945 3770 956 3782 .
977 3699 1389 3770 Empedoclem
1420 3700 1671 3779 inducit,
1701 3702 1929 3781 scilicet
1960 3646 2142 3758 geum
2173 3714 2308 3757 esse
2342 3701 2629 3770 insipien-

199 3773 539 3840 tissimum,
568 3772 621 3828 si
666 3786 759 3829 sin
811 3772 1000 3828 ularia
1028 3784 1149 3827 non
1188 3776 1521 3842 cognoscit,
1556 3785 1688 3841 quae
1718 3777 1897 3828 etiam
1926 3771 2202 3828 homines
2234 3776 2630 3842 cognoscunt.

265 3842 404 3900 Haec
433 3846 642 3900 autem
670 3855 778 3914 pro
822 3847 918 3900 ata
946 3842 1164 3898 veritas
1190 3843 1366 3898 etiam
1399 3842 1520 3897 Scri
1572 3847 1715 3898 turae
1742 3855 1926 3898 sacrae
1966 3842 2313 3899 auctoritate
2341 3839 2628 3901 firmatur.

200 3910 428 3969 Dicitur
469 3912 661 3980 enim,
706 3912 902 3979 Hebr„
931 3923 1019 3980 lv,
1049 3914 1113 3967 13
1148 3927 1163 3966 ε
1193 3912 1314 3967 Non
1351 3914 1429 3966 est
1457 3912 1518 3966 ul
1617 3916 1869 3967 creatura
1915 3912 2209 3967 inuisibilis
2249 3914 2310 3966 in
2353 3916 2636 3982 conspectu

204 3978 336 4046 eius.
367 3985 560 4040 Error
583 3983 759 4039 etiam
794 3982 1131 4040 contrarius
1161 3980 1514 4047 excluditur,
1533 3983 1733 4050 Eccli„
1762 3993 1896 4052 xvi,
1931 3984 1997 4038 te
2027 3999 2041 4037 ε
2071 3982 2194 4040 Non
2217 3981 2368 4039 dicas
2398 3988 2494 4039 eA
2521 3985 2632 4040 Deo

198 4049 535 4115 abseoezdar,
566 4058 620 4108 et
641 4068 710 4108 ea:
735 4067 941 4109 summo
965 4055 1088 4122 quis
1111 4052 1219 4106 mei
1251 4053 1637 4107 memorabitur
1656 4054 1687 4108 ?

275 4122 435 4179 Patet
487 4123 671 4180 etiam
713 4138 786 4180 ex
813 4121 989 4180 dictis
1034 4122 1290 4193 qualiter
1342 4121 1597 4191 objectio
1628 4123 1691 4178 in
1730 4120 2091 4179 contrarium
2124 4122 2279 4180 sacta
2324 4137 2445 4181 non
2475 4128 2632 4181 recte

191 4192 536 4251 concludit.
562 4196 711 4250 Nam
740 4192 801 4249 id
831 4205 951 4265 quo
971 4192 1311 4249 intellectus
1347 4191 1586 4249 divinus
1642 4192 1942 4263 intelligit,
1971 4191 2081 4250 etsi
2113 4192 2501 4250 immateriale
2528 4194 2628 4261 sit,

181 4268 280 4320 est
324 4268 546 4321 tamen
595 4268 655 4319 et
703 4262 965 4319 materiae
1009 4266 1070 4318 et
1112 4263 1319 4319 lormae
1357 4262 1711 4327 similitudo,
1755 4262 1914 4320 sicut
1962 4263 2219 4332 primum
2271 4263 2629 4334 principium

179 4333 629 4404 productivum
653 4334 985 4406 utriusque.
1012 4337 1060 4407 (l
1093 4339 1266 4406 part„
1298 4349 1357 4409 q.
1388 4348 1517 4407 xm
1544 4346 1654 4397 art.
1688 4342 1800 4412 li.)
