3076 5025
1100 357 1231 414 un.
1272 359 1317 429 1,
1358 359 1510 415 CAP.
1552 359 1809 417 Lxxxvi.
2599 367 2661 421 ei

218 479 307 537 tin
388 479 565 547 ntia3
598 479 756 536 alias
788 493 909 535 non
946 493 1159 537 omnes
1210 481 1431 552 gradus
1474 481 1702 540 entium
1729 481 1794 539 iu
1848 482 2130 542 universo
2191 484 2659 547 continerentur.

217 554 306 609 Vu
334 556 359 606 t
384 549 580 620 igitur
600 552 761 607 Deus
791 551 991 630 aliqua
1017 565 1151 608 esse
1178 552 1608 622 contingentia.

286 620 514 681 Adhuc,
550 621 778 676 bonum
812 621 1071 677 universi
1103 621 1162 676 in
1186 622 1440 693 quodam
1476 623 1689 680 ordine
1711 623 2144 694 consideratur,
2167 630 2410 697 utp-atet
2431 627 2488 683 in
2522 628 2667 687 duo-

221 692 459 749 decimo
484 692 730 761 Metapa.
773 689 934 762 (text.
974 705 1189 748 comm.
1224 693 1335 763 52).
1368 694 1635 765 Requirit
1681 701 1877 750 autem
1927 697 2076 753 ordo
2123 697 2382 753 universi
2429 699 2663 770 aliquas

223 775 443 820 causas
476 775 617 818 esse
645 761 986 830 variabiles,
1008 777 1139 818 cum
1164 776 1414 833 corpora
1436 766 1558 820 sint
1582 765 1653 821 de
1683 766 2044 835 perfectione
2075 767 2360 835 universi,
2379 783 2509 838 quae
2541 784 2663 828 non

222 838 466 890 movent
486 832 606 888 nisi
633 837 1067 889 mota.Acausa
1086 839 1281 890 autem
1299 835 1564 890 variabili
1583 833 1832 892 effectus
1855 836 2272 909 contingentes
2295 847 2658 910 sequiintur3

223 916 346 961 non
383 903 550 960 euim
584 908 786 983 potest
813 916 949 960 esse
980 901 1227 960 effectus
1256 902 1540 961 firmioris
1572 920 1705 962 esse
1735 920 1911 978 quam
1944 920 2055 964 sua
2081 922 2284 965 causa.
2315 908 2474 965 Unde
2501 910 2662 967 vide-

226 987 380 1036 mus,
421 987 709 1044 quamvis
739 987 924 1030 causa
952 979 1181 1030 remota
1206 975 1286 1032 sit
1344 976 1710 1042 necessaria,
1744 976 1797 1032 si
1827 981 2026 1032 tamen
2073 992 2258 1034 causa
2287 980 2557 1049 proxima
2585 981 2666 1037 sit

227 1043 615 1114 contingens,
649 1041 923 1100 effectum
956 1045 1399 1116 contingentem
1430 1060 1563 1103 esse
1590 1066 1603 1112 ;
1637 1047 1794 1102 sicut
1825 1052 1983 1117 patet
2013 1047 2075 1103 in
2105 1048 2200 1104 his
2231 1063 2360 1120 quae
2387 1051 2545 1106 circa
2582 1052 2668 1107 in-

227 1114 445 1172 feriora
465 1128 727 1184 corpora
748 1114 1025 1171 accidunt
1047 1133 1061 1167 :
1085 1129 1217 1187 quae
1238 1116 1474 1188 quidem
1498 1116 1908 1188 contingentia
1932 1124 2073 1174 sunt
2092 1125 2328 1188 propter
2347 1133 2664 1178 causarum

336 1185 639 1242 ximarum
672 1184 1163 1256 contingentiam,
1234 1188 1464 1244 uamvis
1489 1202 1686 1244 causae
1709 1194 1968 1255 remotae,
1991 1202 2124 1259 qnae
2153 1195 2295 1245 sunt
2319 1195 2518 1248 motus
2546 1206 2663 1249 coe-

248 1261 431 1323 estes,
460 1255 591 1312 siut
617 1270 690 1312 ex
720 1255 1094 1313 necessitate.
1120 1258 1201 1312 Vu
1234 1263 1253 1312 t
1281 1256 1464 1328 igitur
1494 1259 1651 1314 Deus
1680 1259 1880 1329 aliqua
1900 1259 2313 1329 contingenter
2337 1263 2593 1318 evenire.

294 1330 590 1393 Praeterea,
627 1328 958 1384 necessitas
1002 1342 1081 1408 ει.
1120 1340 1232 1398 sup
1276 1329 1534 1385 ositione
1565 1329 1624 1383 in
1677 1343 1860 1385 causa
1899 1343 2019 1384 non
2065 1335 2260 1455 potest
2307 1331 2664 1410 concludere

222 1398 654 1455 necessitatem
690 1396 1022 1454 absolutam
1065 1411 1126 1453 in
1165 1401 1215 1454 ei
1246 1405 1402 1453 ectu.
1430 1401 1589 1454 Deus
1629 1404 1825 1455 autem
1856 1398 1981 1456 vult
2026 1413 2060 1458 a
2087 1400 2251 1471 iquid
2303 1414 2364 1457 in
2399 1407 2670 1461 creatura

225 1481 349 1526 non
382 1468 748 1524 necessitate
770 1467 1065 1535 absoluta,
1094 1467 1198 1524 sed
1227 1469 1425 1525 solum
1453 1469 1812 1525 necessitate
1842 1483 1975 1542 quae
2006 1475 2097 1527 est
2123 1486 2193 1526 ex
2226 1472 2665 1542 suppositione,

224 1542 292 1596 ut
336 1552 523 1608 supra
552 1537 707 1610 (cap.
736 1537 825 1610 83)
855 1543 1165 1595 ostensum
1220 1545 1328 1596 est.
1366 1541 1442 1595 Ex
1494 1540 1798 1596 voluntate
1829 1540 2012 1610 igitur
2060 1540 2260 1598 divina
2310 1555 2432 1599 non
2475 1548 2670 1613 potest

134 1662 152 1681 ,
226 1609 503 1667 concludi
538 1610 601 1665 iu
652 1608 830 1666 rebus
862 1609 1077 1666 creatis
1132 1615 1462 1666 necessitas
1507 1610 1805 1667 absoluta.
1832 1613 1964 1668 Haec
1995 1617 2193 1669 autem
2247 1613 2380 1670 sola
2405 1613 2669 1671 excludit

232 1679 729 1752 contingentiam.
760 1682 905 1736 Nam
938 1680 1112 1736 etiam
1145 1681 1556 1750 contingentia
1581 1682 1655 1738 ad
1705 1689 2017 1753 utrumque
2049 1682 2385 1740 extenditur
2420 1698 2491 1740 ex
2523 1698 2664 1755 sup-

320 1750 535 1807 sitione
568 1752 951 1818 necessaria;
982 1751 1139 1807 sicut
1167 1754 1467 1808 Socratem
1517 1753 1762 1821 moveri,
1784 1752 1837 1809 si
1881 1751 2083 1822 currit,
2114 1759 2206 1810 est
2237 1755 2664 1811 necessarium.

293 1819 444 1877 ivinii
483 1820 672 1890 igitur
699 1822 977 1877 voluntas
1028 1834 1149 1877 non
1180 1822 1438 1878 excludit
1465 1837 1495 1878 a
1543 1823 1721 1880 rebus
1761 1823 1961 1881 volitis
2016 1825 2506 1896 contingentiam.
2532 1828 2662 1883 Non

244 1889 420 1962 igitur
470 1892 769 1963 sequitur,
794 1890 845 1948 si
879 1894 1036 1948 Deus
1088 1892 1213 1948 vult
1242 1891 1487 1964 aliquid.
1521 1894 1680 1964 quod
1713 1893 1856 1950 illud
1887 1894 1958 1950 de
2005 1902 2362 1952 necessitate
2390 1895 2661 1963 eveniat;

244 1959 345 2018 sed
377 1960 491 2017 hoc
522 1962 687 2033 quod
716 1961 841 2019 haec
871 1960 1295 2020 conditionalis
1325 1964 1403 2020 sit
1432 1977 1569 2020 vera
1594 1970 1651 2018 et
1679 1964 2018 2021 necessaria
2050 1982 2063 2020 ε
2098 1985 2129 2016 α
2156 1966 2209 2021 Si
2253 1969 2410 2022 Deus
2441 1966 2666 2037 aliquid

225 2031 567 2175 ἔυξίἑιίιὲῗι
578 2033 762 2175 eiga».
793 2033 1179 2105 Consequens
1201 2038 1396 2090 tamen
1424 2047 1551 2092 non
1569 2039 1801 2106 oportet
1819 2048 1955 2093 esse
1975 2035 2456 2110 necessarium.(1
2483 2041 2659 2108 pai-t„

265 2144 282 2159 .
420 2145 439 2172 ,
570 2143 584 2158 .
661 2144 677 2160 .

1136 2279 1390 2344 CAPUT
1441 2281 1754 2345 LXXXVI.

625 2429 778 2486 ouon
814 2431 1040 2477 mmm:
1075 2432 1445 2480 vomituris
1471 2434 1690 2481 romsr
1722 2433 1899 2482 nimo
1937 2436 2270 2484 assieimu.

292 2597 596 2668 Colligere
625 2609 821 2654 antem
852 2612 921 2654 ex
965 2597 1264 2668 praedictis
1297 2612 1625 2669 possumus
1677 2601 1836 2671 quod
1888 2599 2101 2658 divinae
2150 2599 2475 2658 voluntatis
2503 2602 2656 2660 ratio

222 2668 529 2741 assignari
580 2673 795 2738 potest.
816 2668 990 2729 ‚Finis
1020 2674 1218 2724 autem
1250 2676 1344 2726 est
1377 2670 1527 2726 ratio
1570 2669 1805 2726 volendi
1835 2685 1907 2728 ea
1958 2684 2090 2741 quae
2133 2677 2275 2727 sunt
2325 2672 2397 2728 ad
2452 2670 2652 2730 finem.

219 2742 381 2797 Deus
413 2745 615 2797 autem
639 2738 765 2794 vult
788 2737 1109 2794 bonitatem
1133 2752 1302 2794 suani
1335 2744 1613 2811 tanquam
1643 2739 1818 2796 finem
1847 2759 1860 2796 :
1894 2740 2095 2797 omnia
2133 2745 2330 2797 autem
2360 2741 2475 2797 alia
2504 2743 2650 2810 vult,

223 2815 512 2883 tanquam
546 2823 617 2865 ea
650 2822 780 2880 quae
828 2814 966 2865 sunt
1020 2809 1091 2865 ad
1123 2807 1302 2865 finem
1335 2828 1348 2865 ε
1381 2822 1495 2867 sua
1522 2810 1706 2882 igitur
1728 2810 1968 2869 bonitas
2012 2814 2105 2866 est
2132 2810 2284 2868 ratio
2312 2825 2495 2883 quare
2526 2812 2652 2870 vult

222 2881 344 2941 alia
375 2893 513 2951 quae
543 2884 686 2937 sunt
705 2878 939 2936 diversa
966 2878 1040 2935 ab
1066 2878 1221 2949 ipso.

292 2954 528 3017 Rursus,
560 2950 781 3006 bonum
814 2949 1164 3020 particulare
1211 2948 1520 3006 ordinatur
1548 2948 1622 3006 ad
1650 2949 1875 3008 bouum
1903 2951 2087 3010 totius
2126 2951 2283 3009 sicut
2325 2951 2398 3009 ad
2447 2951 2648 3025 finem,

222 3026 293 3081 ut
318 3020 733 3091 imperfectum
764 3021 836 3077 ad
868 3021 1212 3091 perfectum.
1246 3020 1342 3077 Sic
1367 3026 1565 3077 autem
1588 3021 1807 3078 cadunt
1834 3021 2035 3094 aliqua
2063 3023 2176 3080 sub
2216 3023 2416 3080 divina
2447 3025 2653 3081 voluu-

224 3097 367 3162 tate,
398 3091 733 3149 secundum
786 3091 944 3162 quod
975 3104 1039 3147 se
1096 3090 1316 3148 liabent
1341 3090 1402 3147 iu
1458 3092 1667 3148 ordine
1689 3092 1852 3149 boni.
1884 3094 2258 3167 Relinquitur
2285 3094 2468 3167 igitur
2490 3094 2652 3167 quod

224 3162 455 3291 {ionum
504 3161 769 3241 universi
815 3161 896 3219 sit
922 3161 1074 3218 ratio
1098 3175 1280 3232 quare
1302 3164 1459 3220 Deus
1487 3162 1614 3220 vult
1643 3164 2110 3237 unumquodque
2136 3165 2362 3223 bonum
2392 3167 2650 3237 particu-

250 3247 356 3292 are
384 3247 449 3289 in
482 3245 789 3290 universo.

300 3306 452 3365 Item,
478 3303 636 3359 sicut
678 3316 859 3374 supra
888 3302 1037 3377 (cap.
1069 3302 1157 3373 83)
1189 3305 1500 3359 ostensum
1560 3308 1669 3372 est,
1698 3305 2011 3377 supposito
2040 3306 2200 3385 quod
2227 3308 2386 3364 Deus
2429 3305 2656 3379 aliquid

223 3374 390 3441 velit,
423 3377 708 3445 sequetur
761 3388 830 3430 ex
886 3374 1263 3441 necessitate,
1292 3375 1451 3446 quod
1484 3374 1619 3431 velit
1670 3388 1740 3432 ea
1793 3390 1924 3451 quae
1950 3376 2021 3432 ad
2053 3376 2197 3433 illud
2247 3377 2649 3449 requiruntur.

227 3444 401 3514 Quod
458 3449 657 3500 autem
704 3443 842 3500 aliis
882 3445 1301 3501 necessitatem
1352 3445 1607 3514 imponit
1638 3451 1728 3501 est
1763 3446 1911 3503 ratio
1946 3460 2126 3518 quare
2175 3447 2319 3505 illud
2355 3448 2454 3505 sit.
2488 3447 2658 3505 Ratio

224 3514 248 3596 i
301 3515 416 3643 'tgr
488 3528 626 3570 uare
643 3515 831 3640 dDeus
862 3514 987 3639 ⁸vult
1028 3528 1100 3571 ea
1145 3528 1276 3586 quae
1308 3515 1690 3587 requiruntur
1718 3517 1792 3573 ad
1822 3518 2309 3590 unumquodque,
2340 3523 2433 3575 est
2480 3523 2546 3575 ut
2573 3517 2655 3576 sit

304 3600 341 3642 u
410 3600 447 3642 a
563 3597 638 3641 uo
710 3597 770 3640 re
815 3598 928 3639 uiri
961 3597 1052 3641 ur.

302 3655 399 3714 Sic
429 3599 948 3726 igiffurprocgdere
978 3667 1301 3724 possumus
1330 3655 1389 3710 in
1415 3656 1535 3713 assi
1587 3655 1783 3713 nanda
1803 3655 2016 3715 divinae
2042 3656 2368 3716 voluntatis
2396 3657 2649 3716 ratione.

226 3726 389 3785 Deus
428 3724 556 3781 vult
585 3724 889 3782 hominem
925 3725 1137 3782 babere
1169 3726 1457 3783 rationem
1489 3742 1524 3783 a
1605 3726 1741 3795 hoc,
1774 3727 1931 3799 quod
1961 3728 2141 3786 homo
2169 3728 2266 3785 sit.
2293 3729 2425 3786 Vult
2453 3734 2653 3786 autem

229 3795 541 3855 hominem
572 3810 709 3854 esse
738 3796 812 3853 ad
872 3797 983 3853 hoc
1013 3795 1172 3869 quod
1220 3797 1536 3867 completio
1571 3797 1832 3856 universi
1861 3798 1960 3857 sit.
1989 3799 2123 3855 vult
2169 3804 2368 3856 autem
2420 3800 2646 3857 bonum

234 3867 502 3926 universi
533 3880 691 3934 esse,
727 3865 869 3939 quia
899 3866 1068 3924 decet
1098 3867 1423 3925 bonitatem
1455 3867 1670 3938 ipsius.

310 3939 435 3995 Non
490 3942 692 3994 tamen
735 3936 1018 4008 praedicta
1072 3938 1283 4007 triplex
1347 3939 1496 3995 ratio
1549 3938 1879 3996 secundum
1927 3938 2193 3997 eamdem
2243 3940 2655 3999 habitudinem

242 4008 524 4078 procedit.
571 4010 715 4065 Nam
763 4007 1003 4066 bonitas
1062 4008 1263 4065 divina
1303 4021 1495 4079 neque
1545 4008 1838 4079 dependet
1880 4024 1917 4067 a
1950 4010 2312 4081 perfectione
2369 4012 2656 4081 universi,

241 4089 428 4150 neque
461 4093 536 4136 ex
561 4077 768 4134 eadem
800 4076 1025 4158 aliquid
1056 4077 1170 4135 sibi
1203 4079 1506 4136 accrescit.
1540 4080 1828 4137 Persectio
1856 4085 2049 4137 autem
2086 4081 2369 4150 universi,
2402 4082 2539 4139 licet
2583 4096 2659 4139 ex

236 4146 543 4221 aliquibus
571 4149 1031 4219 particularibus
1067 4147 1246 4206 bonis
1276 4163 1344 4206 ex
1376 4150 1729 4209 necessitate
1757 4149 2109 4224 dependent,
2128 4166 2260 4224 quae
2285 4159 2425 4210 sunt
2454 4166 2657 4211 esseu-

234 4217 411 4278 tiales
442 4225 642 4291 partes
670 4218 953 4287 universi,
986 4233 1055 4275 ex
1084 4219 1440 4291 quibusdam
1474 4227 1670 4277 tamen
1693 4235 1814 4279 non
1838 4221 2126 4292 dependet
2154 4237 2226 4280 ex
2255 4224 2612 4281 necessitate
2640 4241 2660 4286 3

230 4289 345 4347 sed
396 4298 597 4349 tamen
652 4303 724 4347 ex
770 4289 860 4346 eis
890 4289 1090 4362 aliqua
1116 4290 1354 4347 bonitas
1381 4290 1467 4345 vel
1498 4290 1677 4348 decor
1705 4292 1990 4349 accrescit
2021 4293 2299 4352 universo
2336 4312 2351 4351 ε
2383 4295 2540 4352 sicut
2586 4306 2662 4349 ex

229 4357 337 4417 his
378 4373 515 4431 quae
564 4363 705 4415 sunt
760 4360 954 4417 solum
1007 4359 1078 4417 ad
1135 4361 1592 4430 munimentum,
1637 4362 1728 4417 vel
1768 4362 2038 4420 decorem
2095 4364 2348 4422 aliarum
2443 4363 2660 4419 artium

230 4429 532 4486 universi.
560 4428 920 4487 particulare
971 4435 1167 4487 autem
1197 4432 1421 4488 bonum
1468 4431 1758 4503 dependet
1797 4449 1865 4490 ex
1907 4432 2261 4491 necessitate
2301 4450 2374 4491 ex
2446 4434 2498 4491 is
2525 4441 2659 4500 quae

230 4497 316 4557 ad
362 4499 568 4572 ipsum
623 4498 895 4558 absolute
948 4501 1350 4573 requiruntur,
1381 4500 1521 4558 licet
1572 4508 1629 4560 et
1682 4502 1809 4561 haec
1854 4504 2031 4562 etiam
2080 4504 2336 4562 babeant
2365 4499 2660 4573 quaedam,
