3076 5025
1005 353 1139 411 Lm.
1179 353 1253 422 lt,
1291 352 1443 410 CAP.
1480 350 1576 412 IV.
2382 365 2483 419 109

163 485 292 545 circa
309 484 595 540 creaturam
631 480 786 545 sunt,
813 475 1112 534 interdum
1140 489 1175 533 a
1199 473 1332 532 fidei
1356 475 1598 532 veritate
1617 474 1937 547 abducunt,
1960 480 2289 539 secundum
2320 484 2481 556 quod

165 568 283 613 verae
304 552 389 611 Dei
419 547 716 619 cognitioni
748 551 1098 618 repugnant.
1131 549 1252 604 Hoc
1281 553 1474 604 autem
1507 546 1912 618 multipliciter
1938 552 2254 622 contingit.

213 621 618 694 mquidem,
657 633 728 675 ex
769 618 883 675 hoc
927 616 1084 689 quod
1133 622 1533 674 creaturarum
1588 624 1855 676 naturam
1902 620 2247 693 ignorantes
2278 624 2336 681 in
2366 625 2483 684 hoc

166 688 881 769 pervertunturquandoque‚
912 687 1072 768 quod
1103 687 1183 753 id,
1214 688 1370 767 quod
1392 701 1523 769 ,non
1554 694 1746 757 potest
1771 690 1887 747 nisi
1918 692 1991 749 ab
2025 692 2146 751 alio
2176 709 2332 763 esse,
2364 696 2483 766 pri·

163 779 284 824 mam
308 776 516 821 cansam
545 770 599 816 et
626 762 803 815 Deum
837 761 1231 826 constituunt,
1281 759 1427 814 nihil
1462 759 1616 815 ultra
1643 765 1966 825 creaturas,
2011 778 2141 834 quaa
2185 766 2481 836 videntur,

165 836 496 895 mimante&
525 833 675 887 sicut
711 829 948 886 suerunt
976 828 1059 884 illi
1094 828 1192 900 qui
1237 842 1454 899 corpus
1479 829 1894 902 quodcumque
1942 832 2122 889 Deum
2155 836 2483 894 aestimave-

166 910 284 973 runt,
304 904 363 961 de
388 902 583 974 quibus
607 900 864 957 dicitur:
899 899 1006 956 Sed
1034 903 1130 954 aut
1171 901 1369 967 ignem,
1419 903 1515 955 aut
1560 901 1836 969 spiritum,
1884 906 1982 957 aut
2024 907 2249 961 citatum
2289 923 2483 973 aerem,

165 982 235 1032 aut
255 990 413 1046 pyr-lim
431 972 708 1034 stellarum,
731 973 830 1025 aut
853 971 1084 1025 nimiam
1111 984 1330 1041 aquam,
1362 972 1460 1025 aut
1480 970 1641 1027 solem
1666 975 1717 1025 et
1740 971 1992 1030 tunam...
2020 975 2141 1032 deos
2153 980 2488 1047 putaverunt

169 1050 185 1120 ί
217 1061 431 1180 εὲοἷνιάοζ
453 1044 514 1170 e}
537 1113 642 1170 boc
657 1111 817 1186 quod
836 1109 982 1168 illud
1007 1109 1163 1182 quod
1187 1110 1286 1167 Dei
1308 1110 1497 1168 solius
1517 1115 1627 1178 est,
1651 1112 1940 1171 creaturis
1957 1114 2254 1187 aliquibus
2272 1117 2489 1177 adscri-

169 1186 304 1245 bunt·
319 1184 450 1257 quod
470 1184 634 1241 etiam
664 1197 737 1240 ex
753 1194 952 1239 errore
972 1181 1127 1238 circa
1150 1188 1450 1239 creaturas
1471 1182 1784 1255 contingit.
1806 1185 1972 1251 Quod
1994 1186 2152 1242 enim
2171 1196 2381 1245 natura
2403 1189 2485 1247 rei

171 1229 362 1327 alicuius
384 1267 486 1311 non
528 1253 760 1325 patitur,
791 1251 844 1309 ei
887 1264 1007 1309 non
1037 1251 1396 1321 attribuitur,
1429 1251 1543 1309 nisi
1577 1253 1716 1324 quia
1747 1253 1876 1325 eJus
1908 1259 2117 1313 natura
2132 1256 2484 1326 ignoratum

173 1327 288 1385 sicut
307 1327 346 1384 si
373 1324 574 1382 homini
619 1323 1041 1380 attribueretur
1076 1322 1292 1380 hahere
1320 1327 1442 1380 tres
1487 1322 1688 1392 pedes.
1733 1324 1901 1392 Quod
1931 1331 2129 1384 autem
2158 1327 2351 1385 solius
2383 1328 2489 1386 Dei

171 1403 239 1455 est
255 1403 421 1453 natura
443 1400 716 1452 creaturae
743 1405 864 1452 nou
893 1393 1153 1464 patitur;
1184 1392 1342 1450 sicut
1367 1392 1523 1465 quod
1556 1394 1749 1451 solius
1796 1395 2059 1453 hominis
2097 1401 2187 1455 est
2228 1411 2346 1455 non
2385 1413 2489 1470 pa·

169 1467 282 1524 titur
312 1466 513 1525 alterius
539 1464 621 1523 rei
658 1470 894 1521 natura.
945 1465 1025 1519 Ex
1053 1462 1168 1519 boc
1197 1477 1339 1535 ergo
1382 1463 1537 1535 quod
1583 1469 1792 1521 natura
1832 1471 2116 1523 creaturae
2159 1467 2488 1538 ignoratur,
2556 1528 2563 1535 ,

199 1536 411 1594 raedictus
434 1549 583 1593 error
601 1534 812 1593 contin
862 1534 924 1589 it.
958 1536 1024 1589 Et
1048 1538 1254 1590 contra
1287 1534 1443 1591 bunc
1468 1547 1725 1591 errorem
1766 1534 1984 1592 dicitur
2012 1554 2026 1593 ε
2059 1538 2488 1594 Incommunica·

204 1609 251 1661 'le
278 1622 422 1662 nomen
444 1607 713 1677 lapidibus
740 1609 790 1660 et
838 1606 985 1673 ignis
1011 1605 1382 1673 imposuerunt
1419 1603 1607 1675 (Sap,
1633 1617 1759 1674 xlv,
1788 1604 1900 1677 21).
1931 1608 1997 1663 In
2036 1606 2194 1664 huno
2230 1623 2488 1667 errorem

176 1675 387 1734 labuntur
406 1678 485 1748 qui
514 1689 713 1734 rerum
735 1675 1117 1755 creationem,
1138 1674 1226 1730 vel
1259 1676 1589 1731 futurorum
1609 1676 2037 1746 cognitionem,
2060 1679 2150 1735 vel
2172 1678 2488 1737 miraculo-

179 1760 280 1804 rum
299 1750 636 1817 operationem
668 1746 812 1803 aliis
843 1759 1046 1803 causts
1075 1759 1250 1815 quam
1284 1747 1402 1801 Deo
1432 1746 1799 1804 adscribunt.
2128 1800 2143 1821 x

237 1819 371 1872 Tertio
393 1831 514 1887 vero,
553 1834 626 1875 ex
681 1817 796 1874 hoc
884 1815 999 1872 uod
1044 1814 1259 1873 divinae
1296 1815 1490 1872 virtuti
1524 1816 1583 1872 in
1615 1822 1919 1875 creaturas
1967 1819 2230 1888 operanti
2265 1819 2487 1892 aliquid

183 1884 423 1943 detrahitur
440 1903 530 1960 per
557 1890 674 1946 hoc
707 1831 876 1961 quod¹
895 1891 1178 1966 creaturae
1206 1886 1772 1966 natu12aignoratur3
1805 1887 1961 1945 sicut
1984 1894 2139 1959 patet
2167 1890 2229 1946 in
2263 1891 2357 1949 his
2387 1890 2487 1962 qui

179 1956 269 2015 duo
292 1973 437 2014 rerum
463 1958 755 2030 principia
780 1961 1172 2023 constituunt,
1199 1961 1257 2012 et
1283 1970 1383 2027 qut
1416 1970 1531 2024 ωε,
1564 1970 1679 2014 non
1706 1971 1775 2014 ex
1800 1958 2000 2016 divina
2029 1959 2349 2028 voluntate,
2382 1956 2491 2018 sed

176 2040 230 2083 ex
255 2031 538 2087 necessitate
578 2035 681 2086 nat
697 2041 836 2096 urae,
866 2042 902 2085 a
926 2029 1046 2083 Deo
1068 2026 1384 2098 procedere
1406 2033 1702 2094 asserunt,
1730 2028 1862 2085 etin
1890 2029 2012 2086 illis
2048 2030 2221 2086 etiam
2255 2031 2354 2103 qui
2395 2044 2493 2089 res

169 2097 419 2157 velomnes
455 2101 537 2157 vel
564 2098 862 2173 quasdam
914 2097 1128 2154 divinae
1167 2096 1555 2154 Providentiae
1601 2098 1975 2166 subtrahunt,
2009 2106 2109 2156 aut
2149 2114 2278 2157 eam
2312 2114 2491 2171 posse

163 2174 321 2237 praeter
337 2171 548 2227 solitum
577 2183 831 2229 cursum
861 2168 1090 2239 operari
1122 2174 1374 2237 negant;
1406 2168 1527 2224 haec
1554 2169 1709 2224 enim
1736 2169 1937 2226 omnia
1966 2169 2179 2227 divinoe
2207 2171 2496 2243 derogant

159 2240 390 2311 potestati.
428 2242 626 2298 Contra
655 2252 820 2312 quos
850 2238 1065 2295 dicitur
1100 2256 1113 2294 ε
1155 2238 1323 2304 Quasi
1348 2238 1488 2292 nihil
1530 2243 1705 2307 posset
1730 2241 1911 2308 facere
1938 2242 2303 2311 Omnipotens,
2348 2244 2494 2297 aesti-

157 2309 328 2365 natant
350 2327 450 2367 eum
475 2312 619 2383 (lob,
648 2322 808 2378 xlm,
837 2309 955 2381 17);
1000 2313 1060 2365 et
1091 2325 1106 2365 z
1145 2311 1411 2366 Virtutem
1451 2310 1593 2363 enim
1620 2310 1855 2365 ostendis
1882 2315 1961 2373 tu,
1995 2315 2224 2380 quinon
2263 2312 2496 2368 crederis

160 2391 238 2434 ase
256 2382 305 2435 in
324 2385 496 2437 virtute
518 2384 922 2439 consummatus
951 2378 1130 2450 (Sap.,
1155 2391 1259 2445 xit,
1294 2379 1403 2450 Π).

208 2450 381 2517 Qum-eo,
409 2453 574 2511 homo
601 2451 717 2526 qui
756 2463 862 2523 per
886 2449 1061 2507 fidem
1106 2449 1165 2506 in
1199 2452 1379 2507 Deum
1406 2449 1643 2508 ducitur
1668 2449 1821 2509 sicut
1863 2450 1926 2508 in
1973 2450 2245 2509 ultimum
2290 2451 2492 2520 finem,

156 2533 210 2599 cx
230 2523 317 2579 hoc
339 2525 476 2595 quod
506 2526 520 2581 i
568 2528 749 2582 norat
773 2528 1015 2579 naturas
1043 2535 1234 2579 rerum
1269 2528 1324 2578 et
1347 2536 1447 2592 per
1466 2535 1647 2579 conse
1695 2536 1842 2579 uens
1864 2524 2111 2593 gradum
2134 2524 2228 2579 sui
2259 2524 2490 2580 ordinis

157 2603 204 2646 m
223 2593 473 2662 univer-sc,
493 2593 804 2668 atquibus
832 2591 1118 2649 creaturis
1144 2606 1208 2648 se
1237 2597 1399 2661 putat
1426 2607 1561 2650 esse
1592 2606 1660 2649 su
1703 2594 1943 2663 jectum,
1970 2593 2188 2664 quibus
2217 2594 2490 2664 superior

156 2665 249 2730 θεὴ
276 2670 324 2721 nt
347 2672 486 2736 patet
527 2668 588 2723 in
623 2664 758 2722 illis
784 2662 885 2735 qui
935 2663 1268 2719 voluntates
1301 2663 1608 2719 hominum
1659 2662 1836 2719 astris
1883 2668 2248 2733 supponunt,
2285 2669 2494 2721 contra

157 2744 267 2801 quos
285 2735 469 2792 dicitur
494 2755 513 2792 ε
540 2738 594 2794 Α
619 2736 804 2802 sionis
828 2734 946 2789 coeli
969 2733 1134 2788 nolite
1157 2736 1403 2794 metuere,
1436 2749 1555 2802 quae
1581 2734 1767 2787 timent
1795 2736 1973 2801 pentes
2015 2733 2268 2804 uorem„
2310 2746 2372 2801 x,
2398 2733 2453 2806 2)
2479 2752 2496 2801 ;

163 2805 206 2856 et
221 2802 265 2858 in
287 2804 384 2862 illis
406 2808 499 2878 qui
529 2805 791 2879 angelos
829 2808 1128 2860 creatores
1165 2803 1495 2859 animarum
1528 2802 1889 2870 existimant,
1938 2806 1997 2859 et
2042 2802 2274 2860 animas
2307 2803 2496 2862 homi-

162 2883 263 2928 num
284 2889 390 2934 csse
415 2879 723 2936 mortales,
756 2877 815 2931 et
841 2873 892 2931 si
923 2887 1042 2944 qua
1070 2873 1293 2931 similia
1325 2873 1629 2930 hominum
1661 2871 1947 2944 derogant
1977 2872 2032 2928 di
2083 2872 2270 2929 nitati.

167 3009 178 3019 ·
215 2943 283 2999 Sic
309 2961 426 3017 ergo
492 2952 613 3004 atet
643 2944 864 3003 salsam
894 2958 1028 3002 esse
1066 2943 1453 3024 quorumdam
1488 2944 1865 3012 sententiam,
1893 2942 1991 3014 qui
2083 2943 2316 3000 icebant
2343 2942 2495 3000 nihil

163 3018 378 3091 interesse
501 3017 638 3075 fidei
673 3015 979 3072 veritatem
1010 3013 1150 3086 quid
1181 3013 1252 3071 de
1278 3013 1564 3071 creaturis
1593 3014 1845 3085 quisque
1874 3012 2139 3078 sentiret.
2172 3014 2497 3072 dummodo

155 3095 270 3141 cuca
287 3088 442 3145 neum
471 3095 630 3147 recte
674 3085 988 3153 sentiatur,
1014 3089 1077 3141 ut
1098 3085 1465 3156 Augustinus
1497 3088 1697 3142 narrat
1725 3083 1826 3156 (De
1852 3084 2082 3154 origine
2112 3085 2349 3151 animae,
2378 3100 2432 3142 c.
2462 3089 2496 3143 4

157 3155 273 3225 ets).
293 3159 415 3215 Nam
439 3173 607 3217 error
648 3157 815 3215 circa
840 3161 1141 3212 creaturas
1171 3155 1459 3212 redundat
1488 3155 1549 3211 in
1585 3155 1792 3212 salsam
1820 3153 1893 3211 de
1923 3157 2042 3212 Deo
2071 3155 2405 3223 scientiam,
2434 3160 2495 3212 et

155 3219 392 3285 hominum
417 3236 649 3286 mentes
676 3241 715 3284 a
742 3228 864 3283 Deo
892 3225 1150 3293 abducit,
1174 3226 1236 3282 in
1259 3240 1429 3298 quem
1455 3224 1601 3282 fides
1631 3224 1884 3297 dirigere
1916 3226 2143 3292 nititur,
2170 3225 2308 3282 dum
2334 3227 2496 3296 ipsas

156 3295 432 3362 quibusdam
458 3301 596 3358 aliis
626 3296 836 3355 causis
873 3296 1174 3367 supponit.
1219 3299 1281 3352 Et
1314 3295 1445 3352 ideo
1479 3295 1599 3351 illis
1629 3295 1728 3367 qui
1760 3295 1919 3352 circa
1946 3301 2248 3352 creaturas
2278 3301 2495 3362 errant,

152 3375 326 3444 poenas‚
364 3372 514 3428 sicut
559 3366 934 3434 infidelibus,
965 3367 1266 3437 Scriptura
1304 3366 1718 3432 comminatur,
1764 3365 1970 3423 dicens
2015 3384 2029 3421 t
2081 3366 2345 3433 Quoniam
2393 3380 2502 3420 non

149 3436 452 3497 wilellmi-unt
478 3456 654 3510 opera
672 3440 895 3495 Domini
921 3441 972 3492 et
999 3439 1059 3492 in
1085 3453 1241 3506 opere
1261 3452 1520 3492 manuum
1546 3436 1684 3505 ejus,
1715 3435 1954 3492 destrues
1984 3437 2104 3490 illos
2131 3440 2181 3491 et
2207 3450 2315 3490 non
2334 3434 2502 3506 aedifi·

146 3504 259 3562 0⁰⁶ss
284 3525 354 3566 eos
378 3514 556 3582 (psat.
589 3522 789 3575 xxm,
821 3512 851 3564 5
890 3525 905 3574 ς
936 3513 991 3564 et
1023 3525 1037 3563 ε
1069 3509 1192 3564 Haec
1216 3510 1605 3577 conitaverunt,
1642 3509 1693 3562 et
1723 3511 2043 3562 erraverunt
2073 3509 2246 3577 (Sap,
2278 3518 2341 3566 Π.
2370 3508 2461 3577 21)
2487 3524 2500 3573 ;

143 3579 187 3630 et
206 3577 545 3655 subiungitur
575 3599 593 3642 ς
623 3581 738 3640 Nec
773 3578 785 3589 ‘
862 3577 1138 3635 icaverunt
1167 3579 1413 3634 honorem
1440 3579 1751 3634 animarum
1775 3581 2087 3634 sanctarum
2110 3574 2276 3647 (lbid.
2304 3575 2419 3649 22).

1092 3772 1341 3836 CAPUT
1405 3770 1522 3834 lv.-

143 3927 260 3980 QUOB
283 3936 474 3984 mm
507 3936 880 3984 couslbmtxr
903 3935 983 3982 ΒΕ
1016 3934 1332 3979 ΟΒΕΑΤῸΒῙΒ
1359 3932 1772 3990 PHILOSOPHUS,
1800 3932 1874 3978 ΕΤ
1909 3930 2119 3976 ALITBR
2143 3929 2501 3981 Tflnomatts·

195 4069 528 4133 Manifestum
557 4078 659 4133 est
686 4079 903 4140 autem,
935 4086 1006 4129 ex
1032 4069 1351 4142 praedictiS,
1389 4068 1547 4141 quod
1579 4067 2116 4126 considerationem
2148 4068 2304 4127 circa
2334 4084 2501 4129 crea·

137 4138 267 4198 iuras
291 4144 453 4203 hahet
481 4143 762 4202 doctrina
791 4141 926 4201 fidei
957 4141 1318 4206 christianae,
1353 4140 1411 4195 in
1440 4145 1723 4211 quantum
1746 4140 1805 4195 in
1835 4139 1924 4219 eis
1954 4139 2199 4219 resultat
2231 4139 2501 4211 quendam

136 4208 212 4264 Dei
236 4213 576 4280 similitudo,
611 4214 760 4271 etin
791 4217 1076 4286 quantum
1111 4225 1276 4268 error
1303 4210 1361 4265 in
1402 4211 1550 4280 ipsis
1594 4210 1821 4266 inducit
1867 4222 1925 4265 in
1975 4208 2308 4267 d1v1norum
2354 4225 2511 4267 crro·

136 4289 261 4350 leun
287 4290 337 4341 et
384 4288 475 4344 sic
505 4286 633 4343 alia
684 4284 912 4342 ratione
941 4282 1339 4354 subjiciuntur
1363 4281 1653 4351 praedictae
1702 4278 1984 4337 doctrinae
2013 4286 2073 4336 et
2114 4280 2509 4351 philosophiae

136 4345 382 4414 humanae.
445 4359 600 4415 Nam
651 4354 1033 4426 philosophia
1089 4354 1350 4409 humana
1404 4365 1505 4408 eas
1563 4349 1900 4407 considerat
1957 4351 2286 4408 secundum
2347 4351 2507 4421 quod

136 4418 428 4500 hujusmodi
463 4432 636 4493 sunt,
672 4425 823 4482 unde
844 4431 904 4481 et
929 4424 1254 4492 secundum
1284 4421 1518 4478 diversa
1548 4434 1742 4477 rerum
1775 4434 1995 4492 genera
2024 4420 2274 4477 diversae
2314 4425 2508 4498 partos

136 4490 488 4566 Dffllosophtoe
518 4493 1112 4564 inveniuntur3ssdes
1160 4497 1355 4552 autem
1404 4491 1731 4550 christiana
1779 4505 1879 4548 ens
1903 4493 2265 4555 considet-nt,
2304 4500 2510 4544 nonin
