3076 5025
432 280 503 338 30
1168 273 1195 283 ““
1329 274 1477 331 LIB.
1515 275 1563 341 1,
1604 274 1755 330 CAP.
1794 274 1944 330 XXV.

424 402 655 478 ‘quibus
682 413 820 458 esse
849 397 1245 457 substantiale
1268 395 1636 466 designatur.
1665 398 1795 453 Non
1819 395 1979 453 enim
2008 400 2205 468 potest
2225 409 2363 454 esse
2375 395 2598 455 animal
2620 396 2685 453 in
2697 400 2864 468 actu,

434 466 1947 606 ⁹3³3s⁸¹3331⁰32t¹122³ss3ttt¹3233¹gtffitffssssaiassss
1976 467 2871 595 “iiffiufissa‘tffi’effssffiii

432 561 453 602 1
499 560 530 600 e

433 614 508 673 ad
539 586 675 671 es'se
699 555 921 682 spegiei
953 624 1057 683 per
1096 608 1466 667 differentias
1494 608 1879 676 essentiales;
1911 621 1942 666 s
2054 554 2383 679 posuer-’uzu
2427 552 2748 688 ideasgper
2798 620 2872 666 se

436 685 799 744 exsistentes
827 682 1091 739 solarum
1124 679 1482 751 specierum,
1509 692 1643 751 quae
1668 679 1740 735 ad
1772 678 1867 736 sui
1897 679 2377 752 designationem
2426 693 2550 736 non
2587 679 2874 750 indlgent

436 753 863 814 essentialibus
891 750 1265 810 differentiis.
1302 750 1362 806 Si
1395 762 1537 820 ergo
1573 748 1838 806 divinum
1866 763 2002 808 esse
2031 764 2138 821 per
2178 748 2401 822 aliquid
2444 749 2609 807 aliud
2652 763 2873 820 super-

435 826 703 885 additum
736 823 1085 895 designetur
1112 820 1530 892 designatione
1561 820 1891 889 essentiali,
1924 820 2120 891 ipsum
2148 833 2284 878 esse
2305 834 2427 878 non
2456 820 2570 877 erit
2596 820 2662 876 in
2703 824 2869 891 actu,

436 897 560 954 nisi
591 896 701 953 illo
715 893 1098 966 superaddito
1123 891 1468 949 exsistente.
1501 890 1615 947 Sed
1646 890 1844 960 ipsum
1872 904 2008 948 esse
2035 891 2302 948 divinum
2325 896 2419 948 est
2448 904 2560 948 sua
2587 889 2875 948 substan·

435 966 540 1036 tia,
573 972 637 1023 ut
661 972 969 1023 ostensum
996 969 1089 1021 est
1116 963 1190 1035 (c.
1220 961 1347 1033 22);
1380 975 1523 1033 ergo
1557 960 1893 1018 substantia
1922 962 2122 1018 divina
2151 975 2271 1019 non
2293 966 2493 1033 potest
2520 974 2654 1019 esse
2685 962 2750 1017 in
2772 975 2872 1019 ae-

435 1043 523 1106 tn,
554 1035 673 1094 nisi
702 1036 907 1108 aliquo
933 1032 1429 1106 superveniente;
1461 1046 1534 1088 ex
1562 1044 1682 1103 quo
1713 1036 1912 1103 potest
1947 1031 2250 1099 concludi,
2320 1033 2437 1090 uod
2494 1046 2616 1090 non
2648 1031 2732 1089 sit
2753 1044 2878 1104 per-

436 1120 506 1166 se
535 1120 785 1164 necesse
813 1119 948 1164 esse
982 1123 997 1174 ;
1026 1104 1201 1176 cnjus
1229 1102 1593 1161 contrarium
1625 1116 1810 1173 supra
1836 1107 2148 1160 ostensum
2175 1108 2272 1160 est
2319 1118 2373 1160 c.
2408 1103 2517 1175 15).

506 1179 658 1240 Item,
692 1191 869 1234 omne
910 1175 1059 1232 illud
1104 1174 1265 1247 quod
1295 1173 1522 1254 indiget
1553 1173 1758 1302 ³¹¹¹&
1785 1174 2168 1255 superaddito
2198 1173 2269 1231 ad
2298 1244 2309 1255 .
2343 1186 2417 1231 oc
2463 1173 2622 1245 quod
2665 1172 2872 1255 possit

436 1260 597 1316 esse,
620 1249 801 1304 estin
831 1245 1097 1317 potentia
1124 1250 1397 1315 respectu
1430 1244 1615 1301 illius.
1720 1243 1756 1301 d
1787 1244 1988 1301 dmna
2016 1244 2352 1303 substanna
2382 1258 2504 1302 non
2535 1248 2627 1302 est
2655 1244 2868 1317 aliquo

436 1318 618 1376 modo
648 1318 711 1374 in
741 1317 1027 1388 potentia,
1058 1321 1123 1373 ut
1155 1329 1339 1386 supra
1367 1319 1679 1372 ostensum
1735 1318 1829 1371 est
1852 1314 1925 1387 (c.
1955 1314 2042 1397 te)
2069 1333 2083 1383 ;
2117 1314 2221 1372 sed
2255 1328 2370 1373 sua
2400 1314 2739 1373 substantia
2771 1318 2872 1372 est

437 1400 615 1447 snum
646 1402 802 1446 esse.
824 1390 896 1443 Er
936 1400 977 1443 o
997 1400 1133 1443 esse
1162 1398 1341 1444 snum
1370 1398 1489 1443 non
1523 1389 1716 1455 potest
1735 1384 2039 1458 designari
2060 1386 2266 1459 aliqua
2285 1385 2708 1459 designatione
2724 1384 2870 1443 suh·-

440 1458 706 1516 stantiali
738 1472 844 1528 per
867 1472 903 1514 a
928 1456 1090 1529 iquid
1115 1456 1229 1514 sibi
1261 1455 1730 1527 superadditum.
2780 1527 2792 1536 ·

506 1530 785 1598 Amplius,
819 1540 996 1584 omne
1025 1526 1171 1583 illud
1202 1538 1305 1597 per
1333 1526 1491 1597 quod
1522 1540 1621 1583 res
1655 1526 2047 1598 consequitur
2070 1527 2286 1584 esseio
2308 1531 2443 1584 actu
2473 1531 2533 1583 et
2548 1528 2870 1584 estintrin-

438 1612 643 1657 secum
672 1599 777 1665 rei,
812 1596 900 1654 vel
931 1601 1023 1654 est
1049 1602 1174 1653 tota
1202 1596 1484 1663 essentia,
1516 1596 1608 1651 vel
1633 1609 1773 1666 pars
1802 1598 2101 1654 essentiae.
2135 1597 2302 1665 Quod
2334 1603 2531 1655 autern
2581 1597 2870 1669 designat

434 1668 665 1740 aliquid
695 1667 1112 1739 designatione
1135 1666 1461 1733 essentiali,
1495 1665 1637 1722 facit
1665 1680 1790 1723 rem
1822 1681 1955 1725 esse
1976 1673 2133 1735 actu,
2153 1674 2214 1724 et
2242 1674 2333 1725 est
2363 1669 2749 1725 intrinsecum
2773 1667 2868 1725 rei

438 1740 513 1797 de
551 1740 566 1794 i
617 1744 805 1807 natae3
834 1738 984 1795 alias
1011 1738 1192 1809 perid
1226 1737 1528 1816 designari
1561 1750 1683 1793 non
1714 1742 1920 1807 posset
1939 1737 2429 1795 substantialiter.
2456 1742 2528 1795 Er
2571 1753 2607 1796 o
2630 1742 2870 1809 oportet

434 1754 611 1938 guod*⁷
627 1810 706 1867 sit
732 1809 826 1866 vel
847 1809 982 1880 ipsa
999 1808 1266 1866 essentia
1294 1821 1401 1874 rei,
1431 1808 1524 1863 vel
1554 1820 1694 1878 pars
1724 1808 2023 1865 essentiae.
2059 1809 2173 1865 Sed
2220 1809 2272 1866 si
2318 1810 2504 1882 aliqui
2576 1809 2866 1880 superad-

476 1882 600 1936 itur
624 1880 697 1937 ad
728 1893 861 1938 esse
885 1879 1171 1942 divinum,
1201 1879 1319 1935 hoc
1345 1890 1473 1934 -non
1504 1881 1700 1948 potest
1734 1892 1868 1936 esse
1899 1884 2025 1936 tota
2071 1879 2336 1936 essentia
2373 1880 2476 1936 Dei
2507 1897 2520 1947 ;
2551 1882 2692 1951 quia
2746 1880 2866 1938 ’arn

438 1957 752 2009 ostensum
783 1955 875 2007 est
905 1948 975 2021 (c.
1002 1949 1114 2021 22),
1146 1947 1304 2020 quod
1334 1961 1470 2006 esse
1498 1949 1600 2029 liei
1625 1962 1747 2029 non
1773 1954 1865 2006 est
1892 1949 2054 2007 aliud
2078 1949 2151 2006 ab
2184 1951 2452 2007 essentia
2481 1950 2636 2021 ejus.
2662 1952 2742 2007 Re
2771 1950 2866 2007 in-

438 2022 643 2093 quitur
662 2034 805 2094 ergo
831 2020 989 2093 quod
1019 2021 1097 2077 sit
1128 2033 1264 2091 pars
1307 2024 1584 2076 essentiae
1623 2018 1858 2089 divmae,
1880 2021 2044 2077 etsie
2067 2023 2224 2077 Deus
2252 2020 2364 2077 erit
2392 2020 2764 2091 compositus
2791 2035 2868 2079 ex

436 2092 710 2165 partibus
740 2091 1183 2153 essentialiter;
1213 2089 1385 2171 cujus
1415 2090 1780 2146 contrarium
1811 2103 1992 2160 supra
2021 2098 2330 2149 ostensum
2360 2096 2454 2148 est
2483 2091 2557 2172 (c.
2592 2092 2699 2164 18).

507 2163 660 2227 Item,
693 2162 853 2234 quod
873 2161 1109 2242 additur
1124 2161 1300 2217 alicui
1331 2159 1405 2241 ad
1425 2159 1903 2235 designationem
1929 2161 2184 2233 aliqu‘us
2214 2162 2629 2233 designatione
2661 2175 2872 2221 essen·

437 2232 588 2300 tiali,
619 2246 739 2290 non
771 2233 1084 2290 constitnit
1111 2234 1241 2302 ejus
1273 2237 1584 2299 rationem,
1610 2231 1713 2288 sed
1727 2233 1923 2289 solum
1951 2245 2085 2290 esse
2115 2236 2175 2289 in
2198 2238 2355 2289 actu.
2374 2233 2681 2290 Rationale
2703 2233 2868 2290 enim

442 2303 708 2361 additum
743 2302 987 2360 animali
1018 2301 1273 2373 acquirit
1300 2301 1521 2358 animal
1550 2315 1683 2359 esse
1704 2303 1767 2358 in
1795 2308 1960 2371 actu3
1989 2316 2108 2359 non
2141 2310 2340 2360 autem
2356 2303 2672 2360 constituit
2690 2303 2871 2360 ratio-

438 2386 581 2430 nem
606 2373 907 2440 animalis,
941 2373 999 2429 in
1027 2378 1315 2444 quantum
1342 2377 1434 2428 est
1459 2372 1715 2442 anima13
1748 2387 1883 2430 nam
1913 2372 2249 2435 differentia
2277 2387 2397 2430 non
2431 2374 2611 2430 intrat
2652 2372 2869 2431 defini·

438 2445 665 2501 tionem
694 2444 970 2516 generis;
998 2443 1103 2500 sed
1134 2443 1185 2499 si
1214 2443 1276 2498 in
1302 2445 1419 2499 Deo
1451 2442 1701 2500 addatur
1729 2443 1953 2516 aliquid
1985 2458 2089 2515 per
2115 2444 2274 2517 quod
2306 2444 2656 2516 designetur
2703 2443 2866 2501 desi-

439 2517 723 2588 gnatione
753 2514 1081 2582 essentiali,
1109 2518 1341 2585 oportet
1366 2511 1525 2585 quod
1549 2515 1695 2571 illud
1719 2515 2045 2572 constituat
2072 2514 2149 2583 ei,
2180 2516 2275 2572 cui
2300 2516 2555 2583 additur,
2569 2515 2866 2573 rationem

437 2587 692 2657 propriae
723 2585 851 2658 eius
877 2584 1225 2657 quidditatis
1255 2597 1361 2642 seu
1394 2590 1665 2653 naturae3
1699 2599 1838 2643 nam
1883 2586 2045 2658 quod
2087 2585 2178 2643 sic
2204 2586 2459 2654 additur,
2490 2587 2747 2658 acquirit
2776 2585 2867 2643 rei

438 2669 575 2714 esse
597 2657 656 2711 in
689 2662 844 2713 actu.
869 2658 991 2712 Hoc
1019 2661 1238 2719 autem,
1265 2654 1505 2712 scilicet
1532 2669 1668 2713 esse
1694 2656 1759 2712 in
1789 2661 1946 2726 actu,
1979 2661 2070 2714 est
2097 2657 2113 2712 i
2159 2669 2228 2714 sa
2255 2656 2457 2713 divina
2487 2656 2771 2726 essentia,
2797 2661 2868 2714 ut

440 2738 623 2797 supra
650 2732 964 2784 ostensum
993 2731 1084 2784 est
1113 2726 1187 2798 (c.
1218 2724 1330 2797 22).
1360 2725 1738 2798 Relinquitur
1787 2741 1931 2807 ergo
1978 2740 2098 2798 quo
2183 2741 2363 2797 supra
2407 2726 2677 2785 divinum
2730 2739 2869 2785 esse

439 2797 590 2854 nihil
627 2797 817 2867 possit
845 2796 1003 2864 addi,
1035 2796 1193 2868 quod
1220 2796 1495 2868 designet
1521 2797 1724 2869 ipsum
1755 2796 2176 2871 designatione
2207 2798 2539 2865 essentiali,
2567 2798 2726 2857 sicut
2745 2796 2865 2855 dif-

438 2868 693 2927 ferentia
721 2867 999 2940 designat
1025 2880 1240 2939 genus,

1418 3042 1676 3109 CAPUT
1697 3042 1883 3108 XXV.

1012 3210 1165 3265 QUOD
1210 3212 1361 3258 DEUS
1394 3211 1517 3258 Non
1554 3210 1648 3260 sn·
1689 3213 1754 3260 m
1796 3213 2011 3268 motio
2053 3213 2295 3262 eman.

512 3363 597 3435 Ex
620 3360 740 3418 hoc
765 3363 966 3417 antem
994 3358 1069 3417 de
1096 3361 1454 3419 necessitate
1481 3359 1881 3430 concluditur,
1913 3361 2074 3433 quod
2099 3362 2258 3419 Deus
2286 3374 2409 3419 non
2438 3362 2522 3421 sit
2559 3362 2621 3420 in
2661 3359 2866 3436 aliquo

363 3481 374 3491 .
517 3444 680 3489 nere.

436 3444 655 3559 &emm
680 3513 857 3558 omne
877 3500 1038 3572 quod
1065 3504 1159 3558 est
1180 3501 1246 3557 in
1275 3500 1477 3574 aliquo
1498 3514 1737 3574 genere,
1769 3499 1947 3559 habet
1966 3500 2192 3574 aliquid
2219 3502 2283 3559 in
2317 3516 2406 3572 se,
2431 3517 2538 3576 per
2563 3502 2727 3576 quod
2758 3495 2898 3562 na·⁴

437 3577 571 3630 tura
595 3571 834 3644 generis
862 3571 1211 3644 designetur
1236 3571 1308 3629 ad
1340 3572 1620 3643 speciem.
1653 3571 1813 3628 Nihil
1841 3571 2000 3628 enim
2029 3577 2122 3629 est
2161 3573 2223 3629 in
2255 3587 2473 3653 genere
2524 3574 2685 3646 quod
2744 3585 2870 3631 non

438 3643 519 3701 sit
546 3644 608 3699 in
637 3643 840 3714 aliqua
865 3642 994 3713 ejus
1024 3642 1244 3713 specie.
1276 3644 1398 3699 Hoc
1428 3648 1625 3699 autern
1665 3642 1725 3697 in
1753 3644 1875 3699 Deo
1904 3650 1996 3699 est
2024 3642 2419 3714 impossibile,
2453 3649 2519 3700 ut
2545 3651 2866 3702 ostensum

436 3718 532 3771 est
561 3714 711 3784 (cap.
741 3711 1035 3785 praeced.).
1070 3712 1444 3783 impossibile
1474 3717 1567 3771 est
1594 3712 1777 3785 igitur
1800 3714 1985 3770 Deum
2007 3726 2142 3770 esse
2172 3714 2237 3770 in
2261 3714 2466 3786 aliquo
2488 3727 2730 3786 genere.

505 3783 784 3852 Amplius,
815 3783 866 3840 si
899 3785 1055 3840 Deus
1084 3783 1243 3840 sitin
1275 3796 1512 3855 genere,
1545 3789 1647 3840 aut
1669 3787 1766 3839 est
1795 3782 1856 3838 in
1889 3797 2107 3855 genere
2136 3784 2481 3846 accidentis,
2515 3790 2618 3841 aut
2665 3784 2726 3840 in
2760 3797 2865 3857 ge-

433 3865 577 3910 nere
606 3853 978 3910 substantiae.
1009 3853 1073 3909 In
1096 3866 1312 3924 genere
1342 3853 1669 3911 accidentis
1695 3865 1816 3909 non
1843 3860 1934 3911 est
1961 3873 1974 3922 ;
2007 3853 2287 3911 accidens
2318 3856 2476 3911 enim
2509 3868 2629 3911 non
2655 3858 2862 3925 potest

435 3936 572 3981 esse
594 3923 853 3992 primum
870 3937 980 3981 ens
1009 3928 1067 3980 et
1088 3923 1282 3994 prima
1305 3937 1508 3981 causa.
1534 3926 1600 3980 ln
1634 3937 1852 3995 genere
1871 3924 2050 3982 etiam
2067 3925 2418 3982 substantiae
2447 3939 2582 3982 esse
2607 3938 2732 3982 non
2756 3937 2870 3996 po-

434 3997 554 4050 test
581 4010 595 4061 ;
626 3993 767 4065 quia
795 3993 1150 4056 substantia,
1201 4008 1333 4066 quae
1360 3999 1454 4051 est
1481 4007 1695 4074 genuS,
1728 4007 1850 4052 non
1881 4001 1974 4052 est
2020 3994 2215 4065 ipsum
2254 4008 2419 4064 esse;
2460 3995 2611 4052 alias
2663 3994 2871 4054 omnis

433 4063 775 4122 substantia
798 4069 958 4121 esset
986 4078 1121 4122 esse
1152 4076 1349 4133 suum,
1381 4070 1439 4120 et
1468 4077 1557 4120 sic
1587 4077 1706 4121 non
1738 4071 1901 4122 esset
1929 4069 2239 4122 causatum
2271 4065 2345 4121 ab
2376 4065 2516 4134 alio,
2545 4081 2731 4138 quum
2766 4079 2867 4123 ra-

430 4132 518 4191 tio
570 4135 809 4205 generis
864 4133 1129 4193 salvetur
1181 4134 1245 4191 in
1285 4134 1589 4196 omnibus,
1618 4148 1752 4215 quae
1782 4135 1893 4193 sub
1926 4148 2146 4208 genere
2183 4136 2612 4204 continentur;
2658 4142 2720 4193 et
2768 4136 2867 4196 sic

433 4203 602 4284 nulla
644 4204 982 4263 substantia
1009 4209 1172 4264 esset
1194 4211 1440 4263 causata
1465 4205 1541 4262 ab
1580 4205 1721 4274 allo,
1748 4205 1906 4278 quod
1937 4219 2074 4264 esse
2104 4219 2226 4263 non
2258 4212 2472 4278 potest,
2501 4211 2566 4265 ut
2598 4210 2761 4279 patet
2788 4220 2871 4268 ex

436 4272 612 4331 dictis
643 4273 716 4347 (c.
747 4279 812 4334 13
841 4280 899 4333 et
925 4274 1032 4348 15).
1067 4278 1224 4335 Deus
1251 4281 1450 4334 autem
1480 4281 1575 4334 est
1597 4276 1796 4349 ipsum
1822 4289 1956 4334 esse
1980 4293 1997 4345 ;
2020 4276 2206 4348 igitur
2249 4290 2375 4335 non
2402 4282 2496 4336 est
2542 4278 2612 4335 in
2650 4276 2866 4356 aliquo

433 4356 677 4416 genere.

503 4415 656 4487 Item,
685 4413 976 4490 quidquid
1003 4417 1183 4476 estin
1226 4431 1467 4490 genere,
1512 4417 1846 4477 secundum
1886 4429 2021 4477 esse
2061 4416 2259 4477 differt
2303 4417 2380 4478 ab
2424 4417 2564 4501 aliis
2614 4430 2755 4490 quaa
2795 4415 2869 4478 in
