3076 5025
408 323 482 381 66
1310 315 1445 372 LIB.
1483 314 1532 382 Ι,
1571 314 1727 370 CAP.
1767 312 1949 371 Lxlss.
2540 385 2544 396 ς

412 443 573 502 enim
602 453 811 499 verum
838 443 949 502 est,
980 436 1141 512 quod
1168 437 1475 495 intellectu
1505 436 1883 507 dijudicatur,
1916 435 2061 507 quia
2087 448 2185 493 res
2212 433 2296 493 ita
2310 448 2378 493 se
2408 434 2606 497 habet,
2632 439 2693 492 et
2724 449 2848 494 non

300 550 305 556 -
412 523 776 572 econverso.
806 509 1148 567 Intellectus
1168 514 1363 566 autem
1389 507 1628 564 divinus
1642 521 1746 576 per
1774 520 1946 564 suam
1970 505 2283 562 scientiam
2309 512 2402 562 est
2423 519 2606 563 causa
2624 519 2851 576 rerum,

412 583 574 643 unde
595 586 830 652 oportet
858 579 1016 652 quod
1038 580 1293 637 scientia
1319 578 1449 648 ejus
1478 578 1558 634 sit
1589 591 1873 634 mensura
1901 590 2120 640 rerum,
2149 576 2305 633 sicut
2325 589 2423 632 ars
2445 582 2534 633 est
2563 590 2854 635 mensura

417 653 894 718 artificiatorum‚
969 663 1182 708 uorum
1215 647 1684 720 unumquodque
1713 648 1774 703 in
1811 652 2039 703 tantum
2071 646 2396 717 perfectum
2428 652 2538 714 est,
2571 646 2633 702 in
2706 660 2853 705 uan-

412 732 539 782 tum
569 723 681 781 arti
716 734 903 780 conco
978 726 1056 777 at.
1096 720 1255 776 Talis
1286 719 1467 789 igitur
1495 725 1587 775 est
1632 718 1999 788 comparatio
2029 717 2368 774 intellectus
2398 716 2584 773 divini
2621 731 2658 773 a
2732 731 2851 784 res,

415 795 613 864 qualis
641 798 736 850 est
782 805 983 849 rerum
1023 790 1096 847 ad
1142 790 1509 846 intellectum
1561 789 1909 845 humanum.
1941 788 2192 845 Falsitas
2241 792 2439 867 autem
2497 793 2754 868 causata
2782 803 2856 846 ex

414 864 818 936 inaequalitate
848 861 1186 918 intellectus
1217 860 1460 916 humani
1492 864 1552 915 et
1571 860 1675 926 rei,
1709 873 1831 916 non
1859 863 1951 916 est
1978 858 2042 915 in
2063 858 2264 924 rehuS,
2293 858 2480 914 sedin
2505 858 2845 915 intellectu.

413 935 476 992 Si
510 935 694 1004 igitur
723 946 846 990 non
870 937 1031 989 esset
1058 930 1404 989 omnimoda
1430 929 1763 1001 adaequatio
1793 929 2131 985 intellectus
2161 928 2346 1009 divini
2368 928 2441 984 ad
2463 941 2581 997 reS,
2616 927 2856 1009 salsitas

413 1010 577 1063 esset
605 1004 668 1060 in
699 1004 900 1071 rebus,
931 1014 1052 1060 non
1082 1003 1149 1057 in
1181 1001 1484 1057 intellectu
1513 1000 1738 1058 divino.
1770 1002 1888 1056 Nec
1923 1005 2117 1056 tamen
2159 1012 2224 1054 m
2260 998 2438 1054 rebus
2470 1004 2563 1056 est
2590 997 2854 1069 saisitaS,

413 1075 557 1146 quia
588 1081 878 1155 quantum
908 1072 1377 1143 unumquodque
1422 1071 1600 1128 habet
1651 1070 1723 1127 de
1753 1084 1909 1136 esse,
1940 1074 2171 1149 tantum
2228 1068 2404 1126 habet
2451 1068 2523 1126 de
2577 1070 2853 1150 veritate.

411 1145 588 1203 Nulla
615 1145 798 1216 igitur
825 1143 1201 1214 inaequalitas
1230 1148 1322 1198 est
1374 1141 1530 1197 inter
1568 1140 1935 1198 intellectum
1966 1140 2234 1197 divinum
2261 1144 2322 1197 et
2356 1152 2476 1208 rea,
2508 1152 2619 1196 nec
2649 1140 2859 1212 aliqua

412 1215 649 1273 falsitas
681 1215 742 1271 in
773 1213 1076 1271 intellectu
1109 1212 1312 1269 divino
1342 1225 1477 1268 csse
1506 1216 1723 1282 potest.
1876 1281 1888 1292 ·
2633 1279 2646 1291 .
2734 1280 2747 1293 ο

483 1287 635 1347 Item,
668 1285 826 1341 sicut
853 1297 1055 1341 verum
1086 1289 1177 1340 est
1205 1282 1430 1339 honum
1479 1282 1841 1349 intellectus,
1871 1285 1957 1339 tta
1992 1280 2210 1338 falsum
2240 1285 2333 1338 est
2374 1280 2596 1338 malum
2627 1295 2645 1337 ι
2694 1294 2854 1339 sius.

414 1355 774 1413 Naturaliter
800 1354 962 1411 enim
998 1353 1332 1423 appetimus
1358 1366 1564 1409 verum
1593 1366 1960 1424 cognoscere
1987 1357 2044 1409 et
2069 1351 2401 1423 refugimus
2437 1352 2590 1409 salso
2670 1351 2853 1423 ccipi.

413 1426 632 1483 Malum
686 1429 885 1481 autem
921 1424 986 1480 in
1041 1426 1161 1480 Deo
1203 1437 1338 1502 csse
1387 1436 1508 1480 non
1553 1428 1770 1494 potest,
1802 1427 1869 1479 ut
1892 1420 2207 1493 probatum
2263 1427 2357 1480 est
2392 1421 2543 1494 (cap.
2569 1421 2685 1494 39).
2718 1424 2856 1480 Non

413 1501 612 1567 potest
638 1494 898 1565 igituriu
931 1506 1005 1550 eo
1033 1507 1168 1551 esse
1199 1492 1452 1550 salsitas.

488 1567 636 1621 Hinc
665 1570 754 1620 est
777 1562 935 1635 quod
961 1563 1194 1630 dicitur,
1219 1565 1411 1630 Rom„
1432 1576 1521 1630 111,
1543 1566 1578 1618 4
1598 1581 1611 1618 :
1634 1565 1735 1618 Est
1758 1568 1937 1618 autem
1953 1566 2095 1618 Deus
2117 1577 2316 1628 veram
2338 1565 2532 1632 Num„
2555 1574 2729 1632 xxm,
2756 1566 2855 1620 ¹9:

415 1636 539 1693 Non
566 1638 644 1689 est
669 1638 909 1759 Deusara}
937 1635 1089 1689 horno
1116 1638 1179 1688 ut
1204 1636 1538 1698 mentiatur-5
1571 1637 1632 1690 et
1652 1636 1849 1703 Joan„
1879 1646 1924 1701 1,
1953 1637 1986 1690 ὃ
2010 1635 2190 1690 :Deus
2216 1634 2317 1689 luat
2338 1638 2437 1703 est,
2459 1637 2512 1690 et
2537 1634 2770 1692 tenebrae
2790 1634 2858 1688 in

418 1719 476 1760 eo
499 1714 610 1760 non
630 1709 759 1759 sunt
783 1720 822 1758 u
912 1744 928 1760 .

1388 1851 1643 1915 CAPUT
1692 1851 1874 1915 LXII.

770 2013 923 2068 ouon
952 2012 1168 2060 mmm
1200 2013 1457 2060 vamme
1494 2013 1605 2059 κεῖ
1646 1998 1832 2059 'rama
1868 2011 1947 2057 m·
1982 2012 2184 2059 sum
2217 2012 2488 2061 mnus.

487 2163 572 2218 Ex
595 2159 692 2217 his
720 2165 916 2217 autem
945 2174 1079 2231 quae
1099 2166 1345 2218 ostensa
1373 2163 1533 2228 suut,
1575 2157 1893 2216 manifesto
1921 2157 2173 2216 habetur
2199 2158 2360 2232 quod
2391 2159 2597 2217 divina
2619 2157 2854 2222 veritas

418 2230 497 2289 sit
548 2232 739 2303 prima
763 2236 820 2286 et
857 2244 1091 2288 summa
1134 2229 1373 2286 veritaS.
1406 2231 1754 2287 sicutenim
1777 2234 1868 2286 est
1892 2227 2211 2299 dispositio
2244 2244 2446 2287 rerum
2476 2230 2538 2286 in
2571 2245 2731 2299 esse,
2765 2233 2854 2291 ita

417 2306 476 2359 et
503 2301 566 2357 in
596 2301 860 2370 veritate,
892 2308 956 2357 ut
982 2306 1143 2372 patet
1168 2315 1272 2372 per
1303 2300 1733 2370 Philosophum
1761 2299 2119 2379 insecundo
2148 2302 2391 2371 Metaph.
2428 2301 2590 2372 (text.
2623 2316 2852 2361 comm.

413 2370 493 2443 4).
525 2374 591 2427 Et
619 2371 732 2429 hoc
782 2371 940 2440 ideo,
969 2372 1111 2442 quia
1153 2385 1360 2428 verum
1389 2376 1447 2427 et
1484 2385 1593 2427 ens
1624 2384 1689 2428 se
1720 2371 1973 2427 invicem
2031 2377 2501 2443 consequuntur.
2539 2375 2638 2429 Est
2689 2375 2854 2432 enim

413 2455 643 2509 verum,
672 2455 805 2499 cum
836 2442 1053 2498 dicitur
1072 2454 1206 2498 esse
1234 2442 1391 2512 quod
1418 2447 1529 2509 est,
1547 2441 1638 2498 vel
1674 2454 1792 2497 non
1820 2454 1955 2498 esse
1979 2440 2137 2514 quod
2166 2455 2290 2499 non
2309 2447 2420 2499 est.
2441 2442 2554 2499 Sed
2577 2442 2853 2503 divinum

417 2526 554 2571 esse
580 2520 671 2571 est
691 2514 948 2585 primum
966 2520 1023 2569 et
1046 2512 1566 2583 perfectissimum.
1583 2515 1733 2583 Ergo
1751 2518 1807 2571 et
1828 2512 2169 2570 suaveritas
2188 2518 2280 2570 est
2301 2514 2490 2583 prima
2511 2520 2568 2570 et
2587 2528 2853 2574 summa.

486 2585 638 2650 Ιειηη,
671 2585 829 2655 quod
860 2598 964 2655 per
992 2584 1311 2641 essentiam
1371 2583 1548 2641 alicui
1600 2581 1897 2652 convenit,
1929 2582 2361 2653 perfectissime
2411 2584 2466 2641 ei
2514 2587 2850 2643 convenit:

418 2654 523 2712 sed
553 2653 770 2712 veritas
801 2657 920 2712 Deo
949 2655 1289 2712 attribuitur
1318 2654 1738 2735 essentialiter,
1780 2659 1845 2711 ut
1891 2659 2206 2712 ostensum
2246 2659 2341 2713 est
2385 2654 2538 2727 (cap.
2565 2656 2658 2728 60)
2691 2674 2707 2713 :
2740 2670 2861 2715 sua

416 2723 604 2797 igitur
633 2725 851 2783 veritas
883 2732 972 2783 est
1012 2739 1248 2783 summa
1275 2729 1333 2782 et
1365 2739 1558 2796 prima
1580 2731 1820 2782 veritas,

486 2797 775 2865 Praeterea,
806 2796 1025 2852 veritas
1056 2796 1117 2852 in
1148 2801 1355 2853 nostro
1385 2796 1690 2852 intellectu
1735 2809 1808 2852 ex
1856 2795 1971 2854 hoc
2017 2800 2112 2854 est
2151 2795 2312 2868 quod
2358 2795 2709 2867 adaequatur
2761 2798 2852 2857 rei

414 2864 753 2923 intellectas.
785 2866 1156 2936 AEqualitatis
1186 2873 1381 2923 aulem
1413 2879 1597 2923 causa
1625 2869 1717 2923 est
1747 2865 1967 2935 unitas,
1998 2872 2064 2924 ut
2085 2867 2326 2937 patetin
2355 2874 2566 2939 quarto
2595 2869 2846 2938 Metaph.

417 2934 579 3007 (text.
607 2949 825 2992 comm.
855 2936 968 3005 20).
1001 2937 1144 2992 Cum
1168 2936 1427 3006 igiturin
1455 2936 1762 2993 intellectu
1787 2936 1988 2994 divino
2016 2938 2095 2994 sit
2116 2937 2364 2995 omnino
2387 2937 2544 2996 idem
2569 2938 2847 2996 intellec-

418 3009 516 3062 tus
542 3009 600 3059 et
672 3005 787 3061 uod
808 3005 1180 3076 intelligitur,
1207 3019 1319 3063 sua
1340 3005 1559 3065 veritas
1587 3009 1699 3063 erit
1728 3007 1921 3077 prima
1946 3013 2006 3064 ct
2033 3021 2271 3066 summa
2303 3009 2544 3067 veritas.

486 3020 763 3154 Amphis,
796 3074 943 3131 illud
974 3075 1133 3155 quod
1166 3080 1259 3131 est
1282 3089 1566 3134 mensura
1594 3077 1654 3133 in
1689 3090 2049 3150 unoquoque
2071 3076 2309 3150 genere,
2341 3084 2437 3137 est
2477 3077 2845 3159 perfectissi-

416 3157 580 3201 mum
614 3144 781 3202 illius
819 3158 1058 3216 generis
1089 3163 1103 3202 ι
1129 3145 1288 3202 unde
1326 3160 1540 3204 omnes
1590 3147 1825 3205 colores
1856 3155 2277 3206 mensurantur
2305 3149 2463 3207 albo.
2498 3149 2604 3207 Sed
2632 3148 2846 3207 divina

415 3214 632 3272 veritas
662 3220 755 3273 est
782 3228 1067 3273 mensura
1093 3217 1292 3274 omnis
1320 3217 1606 3275 veritatis.
1635 3219 1863 3275 Veritas
1893 3219 2051 3274 enim
2083 3220 2273 3276 nostri
2302 3219 2640 3277 intellectus
2669 3232 2847 3276 men-

416 3290 659 3342 suratur
684 3300 723 3342 a
754 3300 837 3353 re,
864 3299 996 3358 quae
1024 3291 1117 3343 est
1144 3292 1309 3345 extra
1335 3288 1621 3345 animum.
1659 3290 1738 3344 Ex
1762 3289 1874 3345 hoc
1901 3289 2061 3346 euim
2082 3290 2426 3348 intellectus
2438 3296 2640 3349 noster
2662 3303 2849 3348 verus

415 3354 653 3422 dicitur,
684 3355 843 3427 quod
874 3361 1169 3413 consonat
1196 3357 1301 3414 rei.
1335 3358 1563 3415 Veritas
1596 3365 1794 3415 autem
1825 3359 1909 3415 rei
1937 3365 2319 3416 mensuratur
2345 3360 2417 3418 ad
2475 3361 2854 3421 intellectum

416 3424 684 3482 divinum
714 3426 817 3507 qui
847 3432 939 3483 est
966 3440 1150 3485 causa
1178 3442 1373 3486 rerum
1408 3434 1470 3485 ut
1498 3428 1656 3486 infra
1681 3429 1742 3500 (l.
1769 3441 1836 3497 11,
1868 3444 1919 3485 c.
1950 3428 2039 3501 24)
2095 3430 2461 3501 probabitur,
2492 3432 2649 3489 sicut
2701 3431 2856 3489 veri·-

414 3499 508 3552 tas
533 3496 981 3554 artificiatorum
1010 3497 1083 3554 ad
1112 3503 1298 3555 artem
1329 3498 1596 3556 artificis.
1627 3501 1788 3555 Tunc
1808 3499 1968 3555 enim
1991 3515 2130 3557 vera
2145 3508 2241 3558 est
2269 3516 2407 3558 arca
2425 3501 2667 3574 quando
2687 3515 2836 3559 con-

416 3572 594 3623 sonat
623 3566 755 3622 arti.
788 3569 929 3624 Cum
958 3571 1133 3625 etiarn
1168 3570 1323 3626 Deus
1353 3570 1432 3625 sit
1459 3570 1689 3640 primus
1717 3569 2056 3629 intellectus
2084 3571 2416 3642 etprimum
2441 3572 2852 3653 intelligibile,

418 3641 653 3706 oportet
680 3637 838 3708 quod
871 3639 1088 3695 veritas
1126 3638 1464 3696 intellectus
1512 3640 1832 3709 cujuslibet
1886 3640 2015 3711 ejus
2064 3642 2310 3699 veritate
2359 3649 2762 3711 mensuretur,
2789 3655 2854 3701 ει

414 3706 886 3783 unumquodque
924 3714 1303 3765 mensuratur
1335 3711 1528 3780 primo
1577 3712 1672 3767 sui
1709 3712 1969 3780 generis,
2004 3716 2068 3768 ut
2104 3711 2511 3782 Philosophus
2549 3711 2734 3769 tradit
2782 3712 2854 3771 in

416 3773 649 3832 decimo
681 3778 917 3845 Metapa.
952 3778 1111 3845 (text.
1136 3791 1352 3835 comm.
1375 3783 1456 3849 7).
1480 3780 1692 3837 Divina
1715 3781 1899 3852 igitur
1922 3782 2139 3839 veritas
2167 3787 2263 3841 est
2288 3783 2485 3854 prima
2516 3795 2763 3841 summa
2786 3785 2856 3839 et

415 3848 855 3919 perfectissima
882 3849 1118 3905 veritas,
1153 3849 1198 3920 (Ι
1225 3854 1401 3921 part„
1433 3863 1492 3921 q.
1516 3862 1643 3918 xv1,
1675 3859 1782 3906 art.
1815 3852 1894 3922 5.)

1386 4025 1644 4090 CAPUT
1683 4028 1891 4091 Lxln.

533 4170 821 4216 aimonius
855 4170 1201 4219 vomN‘rnm
1231 4170 1275 4216 A
1307 4168 1424 4216 1)Εο
1462 4152 1847 4217 solimannus
1882 4171 2280 4221 conm'nomm
2315 4172 2736 4222 amanum.

491 4310 636 4366 Sunt
664 4312 862 4365 autem
890 4307 1129 4380 quidam
1163 4307 1265 4381 qui
1297 4308 1653 4379 perfectioni
1684 4310 1901 4391 divinae
1928 4311 2295 4383 cognitionis
2316 4310 2722 4386 singularium
2752 4328 2875 4375 no-

421 4378 995 4520 {zirtgffidffissfmheoe
1021 4381 1310 4439 nituntur.
1336 4380 1423 4437 Ad
1452 4381 1615 4452 quod
1647 4381 1887 4454 quidem
1932 4380 2410 4442 confirmandum
2462 4389 2696 4455 septem
2743 4388 2876 4448 viis
