3076 5025
1159 244 1292 297 Lm.
1333 244 1423 310 IV,
1463 244 1618 298 CAP.
1655 244 1814 298 XLII.
2601 248 2706 301 567

269 364 407 423 dam
439 363 838 421 instrumente.
882 362 1100 436 quibus
1148 369 1466 433 operatur:
1509 367 1652 420 Deus
1695 366 1943 421 ostentm
1982 366 2080 434 qui
2104 368 2361 435 operatur
2384 366 2445 420 in
2470 364 2622 421 vobis
2654 368 2709 421 et

267 435 401 490 velle
426 439 480 489 et
501 436 754 514 perficere
791 449 891 503 pro
938 435 1078 489 bona
1117 435 1415 502 voluntate,
1471 435 1802 492 secundum
1857 436 2228 506 Apostolum.
2272 435 2461 506 (Phia,
2491 447 2555 504 11,
2588 435 2704 507 13.)

273 503 388 564 Sed
417 502 522 561 alii
554 503 831 561 homines
862 509 1283 574 comparantur
1310 498 1384 563 ad
1413 506 1597 562 Deum
1628 505 1801 576 quasi
1842 504 2241 562 instrumenta
2282 504 2616 562 extrinseca
2645 510 2707 563 et

274 579 552 647 separata
573 591 588 641 3
618 579 930 631 moventur
957 574 1116 631 enim
1146 589 1183 633 a
1210 576 1351 643 Deo,
1371 588 1490 632 non
1513 574 1586 634 ad
1610 575 1985 656 operationes
2010 576 2282 646 proprias
2306 573 2423 632 sibi
2449 578 2706 645 tantum,

269 644 375 705 sed
408 644 485 702 ad
516 645 897 715 operationes
942 658 1295 703 communes
1337 645 1502 703 omni
1551 645 1828 702 rationali
1875 650 2119 715 naturae,
2150 648 2217 702 ut
2256 649 2349 702 est
2375 644 2709 717 intelligere

270 715 602 784 veritatem,
633 715 878 787 diligere
906 714 1066 772 bona
1092 719 1151 772 et
1197 717 1427 785 operari
1470 715 1654 787 justa.
1704 715 1817 772 Sed
1843 713 2109 772 humana
2136 717 2346 772 natura
2373 715 2434 771 in
2475 715 2709 773 Christo

270 790 589 856 assumpta
640 790 733 842 est
795 788 862 843 ut
913 785 1447 843 instrumentaliter
1502 788 1782 857 operetur
1834 799 1907 843 ea
2002 797 2093 842 uae
2149 788 2292 842 sunt
2327 786 2710 853 operationes

270 856 530 928 propriae
578 855 766 913 solius
822 854 947 923 Dei,
990 855 1143 913 sicut
1195 862 1287 913 est
1331 855 1619 913 mundare
1654 854 1985 926 peccata,il
2012 854 2284 919 uminare
2327 858 2557 911 mentes
2605 868 2713 927 per

270 927 531 1055 gratiam
559 930 619 984 et
662 925 1038 983 introducere
1085 926 1145 982 in
1189 925 1612 997 perfectionem
1662 926 1795 983 vitae
1822 931 2080 984 aeternae.
2118 926 2503 995 comparatur
2529 926 2710 996 igitur

313 1010 542 1054 umana
570 998 780 1053 natura
807 995 1018 1053 Christi
1045 994 1117 1053 ad
1143 998 1327 1055 Deum
1354 996 1512 1070 sicut
1544 996 2007 1055 instrumentum
2037 995 2341 1069 proprium
2369 997 2429 1053 et
2455 995 2709 1068 conjun-

273 1070 462 1136 ctum,
494 1072 558 1123 ut
588 1079 801 1124 manus
829 1065 905 1124 ad
934 1066 1212 1124 animam.

344 1140 466 1195 Nec
514 1137 812 1208 discrepat
857 1151 895 1195 a
933 1151 1132 1195 rerum
1180 1137 1537 1195 naturalium
1590 1138 2025 1198 consuetudine
2054 1137 2213 1209 quod
2242 1135 2464 1209 aliquid
2495 1135 2575 1193 sit
2603 1148 2709 1196 na·

267 1208 546 1266 turaliter
597 1206 897 1278 proprium
957 1208 1416 1267 instrumentum
1472 1207 1727 1280 alicujus
1782 1209 1944 1281 quod
1980 1214 2177 1266 tamen
2225 1220 2347 1264 non
2382 1206 2463 1263 sit
2518 1206 2713 1266 forma

267 1276 488 1350 ipsius.
533 1279 681 1336 Nam
736 1278 815 1335 lin
865 1292 962 1349 ua,
1007 1283 1186 1350 prout
1230 1284 1324 1336 est
1367 1279 1832 1336 instrumentum
1882 1277 2225 1345 locutionis,
2266 1280 2360 1335 est
2404 1276 2709 1358 proprium

272 1361 570 1421 organum
593 1348 828 1405 intellec
858 1362 948 1413 us,
981 1347 1082 1421 qui
1110 1353 1328 1418 tamen,
1361 1353 1422 1406 ut
1446 1347 1848 1420 Philosophus
1874 1346 2085 1418 probat
2103 1346 2192 1418 (m
2215 1348 2294 1403 De
2322 1360 2543 1415 amma,
2564 1351 2709 1406 text.

273 1431 502 1478 comm.
554 1419 633 1491 6),
664 1419 892 1477 nullius
946 1420 1133 1490 partis
1182 1420 1455 1490 corporis
1513 1422 1682 1477 actus
1735 1422 1848 1476 est.
1880 1416 2158 1475 Similiter
2186 1416 2363 1474 etiam
2408 1417 2712 1477 invenitur

269 1488 518 1561 aliquod
545 1489 1006 1546 instrumentum
1037 1487 1198 1569 quod
1227 1488 1301 1546 ad
1332 1495 1601 1546 naturam
1632 1487 1851 1560 speciei
1877 1501 2001 1546 non
2028 1486 2301 1559 pertinet,
2330 1491 2389 1545 et
2409 1490 2606 1545 tamen
2634 1502 2709 1546 ex

353 1565 441 1616 rte
493 1558 757 1615 materiae
807 1563 1089 1629 competit
1143 1558 1282 1616 huic
1334 1558 1661 1627 individuO,
1718 1564 1784 1617 ut
1835 1563 2041 1617 sextus
2079 1556 2305 1630 digitus
2330 1556 2424 1613 vel
2479 1558 2708 1630 aliquid

323 1628 645 1701 ujusmodi.
677 1628 835 1688 Nihil
867 1628 1051 1700 igitur
1093 1628 1371 1700 prohibet
1396 1629 1728 1688 secundum
1775 1630 1936 1688 hunc
1972 1627 2217 1687 modum
2246 1639 2496 1709 ‘ponere’
2530 1629 2706 1686 unio·

274 1712 418 1758 nem
466 1698 745 1757 humanae
801 1704 1028 1757 naturae
1055 1698 1130 1757 ad
1156 1699 1410 1758 Verbum
1462 1699 1624 1772 quod
1655 1700 1917 1757 humana
1965 1702 2180 1757 natura
2208 1704 2286 1755 sit
2325 1711 2498 1769 quasi
2538 1697 2710 1757 Verbi

268 1769 765 1837 instrumentum,
821 1782 945 1827 non
999 1783 1065 1828 se
1111 1774 1363 1839 aratum,
1419 1769 1527 1828 sed
1580 1769 2009 1841 conjunctum3
2050 1782 2161 1826 nec
2190 1772 2388 1825 tamen
2445 1768 2711 1827 humana

271 1846 498 1898 natura
545 1839 621 1898 ad
664 1845 938 1898 naturam
963 1842 1075 1898 ver
1117 1840 1135 1898 i
1172 1841 1444 1912 pertinet,
1475 1853 1587 1898 nec
1609 1840 1862 1899 Verbum
1906 1844 2000 1899 est
2042 1838 2175 1911 ejus
2202 1838 2432 1907 forma3
2455 1839 2715 1910 pertinet

274 1916 486 1970 tamen
516 1910 591 1968 ad
617 1910 747 1982 ejus
787 1924 1127 1981 personam.

350 1979 638 2039 Praedicta
662 1986 859 2038 tamen
888 1981 1158 2052 exempla
1201 1994 1324 2039 non
1368 1981 1459 2040 sic
1500 1981 1701 2054 posita
1732 1985 1878 2039 sunt
1912 1985 1981 2038 ut
2007 1979 2355 2039 omnimoda
2385 1979 2718 2039 similitudo

269 2050 360 2111 sit
395 2052 464 2109 in
505 2051 603 2110 his
651 2051 1022 2132 requirenda.
1075 2052 1526 2126 Intelligendum
1576 2055 1669 2110 est
1700 2053 1858 2110 enim
1887 2050 2139 2109 Verbum
2167 2051 2272 2108 Dei
2299 2050 2490 2108 multo
2538 2049 2719 2108 subli-

269 2122 444 2181 mius
474 2127 531 2178 et
554 2121 828 2182 intimius
855 2121 1131 2181 humanae
1173 2131 1400 2181 naturae
1441 2122 1711 2194 potuisse
1758 2121 1917 2180 uniri
1945 2133 2124 2193 quam
2162 2121 2366 2180 anima
2393 2121 2718 2194 qualicum-

271 2206 399 2264 que
471 2192 672 2263 roprio
701 2192 1098 2251 instrumento
1122 2193 1448 2264 ;praecipue
1474 2206 1661 2272 quum
1690 2193 1800 2248 toti
1833 2192 2109 2250 humanae
2138 2196 2386 2259 naturae,
2419 2191 2714 2248 mediante

273 2262 427 2320 intel
455 2267 610 2330 ectu,
650 2262 1033 2333 conjunctum
1077 2262 1328 2319 dicatur.
1357 2265 1443 2330 Et,
1472 2261 1614 2318 licet
1643 2261 1899 2319 Verbum
1927 2261 2033 2318 Dei
2070 2274 2182 2319 sua
2207 2262 2422 2318 virtute
2452 2264 2719 2330 penetret

272 2332 508 2401 omnia,
546 2335 750 2402 utpote
779 2331 982 2391 omnia
1010 2344 1375 2388 conservans
1402 2334 1462 2388 et
1484 2336 1752 2402 portam,
1795 2329 2083 2388 creaturis
2110 2335 2310 2388 tamen
2339 2330 2714 2389 intellectua-

277 2402 470 2470 lihuS‚
527 2415 660 2475 quae
703 2402 957 2471 propriae
1006 2401 1197 2458 Verbo
1240 2400 1464 2481 perfrui
1511 2403 1775 2472 possunt
1814 2404 1873 2479 et
1902 2399 2036 2471 ejus
2076 2400 2398 2478 participes
2428 2413 2586 2467 esse,
2642 2413 2717 2457 ex

275 2472 542 2555 quadam
597 2470 1005 2532 similitudinis
1087 2470 1375 2531 affinitate
1427 2471 1490 2530 et
1544 2470 1909 2529 eminentius
1974 2472 2036 2528 et
2088 2467 2455 2529 ineffabilius
2520 2474 2721 2544 potest

1262 2707 1520 2773 CAPUT
1544 2707 1725 2773 xm.

427 2877 581 2936 QUOD
607 2877 930 2949 asspmmo
963 2877 1230 2926 numm
1251 2876 1507 2926 mm
1531 2876 1773 2927 nexunt
1810 2873 2196 2925 commun·
2211 2871 2411 2925 mm)
2429 2867 2552 2930 1381.

281 3111 311 3163 t
357 3040 440 3095 Ex
463 3036 582 3094 hoc
609 3035 975 3161 εῐίῧωῧραῑθῐ
995 3032 1157 3105 quod
1193 3034 1472 3093 humanae
1502 3036 1730 3094 naturae
1766 3031 2096 3104 assumptio
2135 3031 2450 3105 potissime
2486 3045 2714 3107 compe·

311 3106 359 3164 it
423 3120 656 3165 ersonae
729 3119 792 3162 er
834 3105 873 3162 i.

357 3121 527 3244 ram,
559 3177 614 3234 si
663 3175 997 3247 assumptio
1043 3178 1270 3233 naturae
1297 3173 1576 3233 humanae
1620 3173 1695 3231 ad
1731 3174 1986 3233 salutem
2029 3172 2342 3232 hominum
2384 3173 2718 3246 ordinatur,

284 3247 499 3306 ultima
518 3253 712 3304 autem
745 3245 912 3304 salus
938 3244 1206 3303 hominis
1249 3251 1429 3303 estut
1473 3241 1805 3303 secundum
1846 3243 2264 3301 intellectivam
2292 3249 2515 3315 partem
2542 3243 2716 3316 perfi-

284 3318 482 3376 ciatur
508 3316 1010 3386 contemplatione
1036 3314 1303 3373 veritatis
1335 3315 1563 3386 primae,
1592 3313 1857 3385 oportuit
1884 3313 2282 3394 perverbum,
2311 3314 2472 3384 quod
2500 3328 2716 3374 secun·

285 3389 431 3446 dum
461 3387 898 3468 emanationem
952 3385 1416 3444 intellectualem
1444 3399 1483 3444 a
1507 3388 1699 3445 ,Patre
1738 3383 2029 3457 procedit,
2075 3383 2399 3443 humanam
2441 3387 2717 3446 naturam

283 3471 542 3516 assumi.

359 3531 589 3590 Rursus,
622 3526 883 3585 affinitas
908 3526 1177 3599 quaedam
1205 3525 1440 3584 videtur
1464 3525 1722 3583 maxime
1745 3523 1916 3583 Verbi
1947 3526 2022 3584 ad
2048 3524 2370 3585 humanam
2410 3529 2719 3598 naturam;

285 3601 473 3659 homo
516 3597 673 3655 enim
722 3598 1021 3669 propriam
1068 3611 1098 3655 s
1142 3595 1330 3654 eciem
1373 3597 1623 3654 sortitur
1666 3595 1998 3656 secundum
2041 3595 2202 3668 quod
2225 3596 2537 3655 rationalis
2587 3603 2716 3667 est;

283 3669 543 3727 Verbum
571 3673 770 3726 autem
797 3667 1016 3726 rationi
1036 3681 1071 3725 a
1120 3667 1215 3725 'ne
1242 3669 1373 3747 est;
1403 3666 1563 3724 unde
1583 3666 1740 3737 apud
1767 3666 2002 3747 Graecos
2031 3669 2180 3738 Λογός
2201 3666 2446 3724 verbum
2474 3671 2534 3724 et
2558 3667 2716 3728 ratio

283 3740 526 3800 dicitur.
574 3738 1146 3797 convenientissime
1179 3738 1363 3811 igitur
1402 3736 1655 3795 Verbum
1715 3737 1993 3795 rationali
2046 3743 2274 3794 naturae
2311 3736 2545 3795 unitum
2585 3743 2714 3807 est;

287 3823 432 3868 nam
461 3814 519 3867 et
545 3823 654 3880 pro
698 3813 785 3867 ter
812 3808 1160 3866 affinitatem
1185 3808 1522 3880 praedictam
1553 3806 1752 3865 divina
1769 3807 2067 3880 Scriptura
2095 3819 2315 3884 nomen
2344 3807 2628 3879 imaginis
2656 3815 2717 3866 et

279 3878 478 3938 Verbo
511 3881 644 3937 attri
693 3880 775 3936 uit
802 3882 860 3936 et
886 3879 1151 3947 homini;
1188 3878 1333 3936 dicit
1372 3879 1532 3935 enim
1573 3878 1895 3948 Apostolus
1924 3878 1998 3936 de
2025 3877 2213 3937 Verbo
2237 3876 2395 3950 qnod
2420 3883 2512 3935 est
2537 3881 2718 3949 imaqo

281 3950 725 4077 Βῶιῇήίηυυῐέἰῐὸῑιὲε
745 3950 995 4092 ἑισιόιοεεη
1019 3962 1065 4018 1,
1103 3947 1219 4092 353,
1258 3951 1320 4007 et
1361 3948 1557 4007 eidem
1585 3948 1659 4006 de
1704 3948 1949 4008 homine
1977 3947 2115 4008 dicit
2152 3947 2318 4023 quod
2342 3950 2432 4005 vir
2456 3950 2609 4021 imag·
2609 3965 2640 4009 ο
2665 3953 2719 4006 et

433 4037 469 4076 a
618 4035 670 4076 es
700 4060 714 4075 .
861 4035 963 4084 or„
993 4032 1079 4088 xi,
1146 4061 1160 4075 .

281 4037 324 4092 ο
360 4091 550 4150 Habet
588 4091 766 4148 etiam
819 4090 1097 4159 Verbum,
1127 4101 1251 4147 non
1299 4088 1495 4147 solum
1537 4089 1613 4149 ad
1663 4089 2014 4148 rationalem
2057 4094 2354 4160 naturam,
2384 4089 2493 4150 sed
2536 4091 2715 4149 etiam

285 4161 710 4220 universaliter
735 4159 812 4219 ad
845 4174 1088 4218 omnem
1109 4163 1459 4240 creaturam,
1491 4160 1807 4233 quamdam
1838 4159 2150 4241 affinitatis
2173 4161 2467 4219 rationem
2489 4180 2507 4232 3
2532 4173 2715 4233 quum

284 4231 545 4290 Verbum
577 4231 882 4290 contineat
911 4231 1176 4289 rationes
1198 4243 1466 4289 omnium
1496 4239 1831 4289 creatorum
1861 4244 1897 4288 a
1923 4232 2068 4301 De0‚
2100 4233 2257 4289 sicut
2294 4232 2504 4289 artifex
2535 4232 2715 4288 homo

287 4302 683 4374 conceptione
738 4301 834 4360 sui
881 4300 1221 4360 intellectus
1264 4300 1528 4359 rationes
1598 4300 2042 4360 artificiatorum
2100 4302 2565 4372 comprehendit.
2618 4298 2718 4359 Sic

287 4371 479 4446 igitur
503 4386 719 4436 omues
744 4375 1031 4437 creaturae
1055 4370 1209 4434 nihil
1236 4370 1402 4434 aliud
1429 4376 1576 4435 sunt
1614 4385 1797 4447 quam
1823 4371 2004 4434 realis
2028 4372 2301 4447 quaedam
2327 4366 2634 4446 expressio
2658 4373 2718 4427 et
