3076 5025
1177 329 1312 390 Lm.
1349 332 1423 401 11,
1462 334 1616 394 CAP.
1652 337 1741 395 XI.
2563 354 2671 413 1¹3

1270 550 1525 617 CAPUT
1561 552 1643 619 X.

862 717 1151 770 Quarum
1197 721 1488 771 Portum
1521 725 1586 771 m
1608 725 1723 774 1)Εο
1750 728 2022 779 mmwn.

290 869 443 939 Quia
469 884 623 929 vero
651 872 803 954 nihil
840 878 933 933 eet
975 875 1269 958 suiipsius
1311 877 1690 952 principium,
1743 897 1928 957 quum
1973 885 2175 948 divina
2217 891 2376 951 actio
2411 906 2532 955 non
2580 898 2659 955 sit

225 939 381 1022 aliud
406 954 595 1022 quam
626 947 1478 1031 eJuspoteutJa,‘manifestum
1507 958 1699 1011 estex
1728 955 2027 1026 praedietis
2055 959 2214 1031 quod
2237 965 2503 1034 potentia
2530 981 2654 1025 non

226 1009 441 1070 dicitur
465 1025 533 1068 m
574 1014 700 1093 [leo
726 1021 881 1073 sicut
908 1029 1097 1087 princi
1144 1031 1266 1076 ium
1287 1020 1567 1091 actionis,
1610 1022 1717 1081 sed
1764 1024 1924 1084 sicut
1967 1028 2325 1102 principium
2374 1034 2535 1093 facti.
2592 1040 2660 1095 Et

225 1080 359 1155 quia
383 1089 665 1164 potentia
690 1094 1020 1168 respectum
1049 1101 1085 1145 a
1149 1088 1399 1172 alterum
1421 1089 1702 1218 importat
1729 1093 1791 1151 in
1816 1096 2046 1156 ratione
2075 1100 2350 1172 principii
2368 1103 2657 1176 (estenim

225 1156 489 1233 potentia
514 1159 714 1212 activa
737 1168 1095 1228 principium
1124 1172 1156 1216 a
1203 1158 1339 1217 endi
1370 1173 1430 1242 ¹¹.¹
1459 1178 1493 1219 a
1520 1163 1646 1233 iud,
1675 1169 1743 1221 ut
1768 1180 1872 1236 per
1899 1167 2326 1242 Philosophum
2368 1177 2659 1260 Metuphy·

226 1236 357 1304 sic„
385 1234 451 1292 v,
470 1229 629 1304 text.
660 1238 877 1286 comm.
910 1227 997 1301 ¹7)
1024 1234 1181 1301 patet
1207 1271 1222 1297 ,
1254 1231 1639 1291 manifestum
1670 1240 1762 1292 est
1781 1249 1854 1294 ex
1881 1238 2181 1308 praedictis
2205 1255 2325 1313 quo
2396 1250 2660 1315 potentia

222 1291 437 1350 dicitur
465 1307 531 1351 in
565 1296 691 1354 Deo
720 1311 823 1376 per
846 1304 1180 1381 respectum
1207 1301 1282 1358 ad
1311 1303 1484 1370 facta,
1512 1304 1844 1364 secundum
1872 1307 1958 1364 rei
2007 1310 2335 1383 veritatem,
2379 1328 2499 1374 non
2549 1331 2656 1388 per

220 1367 561 1435 respectum
592 1365 668 1423 ad
698 1372 1016 1449 actionem,
1047 1371 1165 1428 nisi
1198 1372 1526 1431 secuudum
1573 1374 1817 1434 modum
1844 1377 2033 1436 intelli
2081 1382 2239 1447 endi,
2274 1391 2449 1455 prout
2478 1387 2653 1446 intel·

222 1433 415 1514 lectus
441 1439 657 1516 noster
686 1436 941 1497 diversis
969 1441 1464 1513 conceptionibus
1496 1448 1815 1520 utrumque
1843 1449 2013 1508 consi
2059 1457 2204 1524 erat,
2242 1453 2507 1515 divinam
2535 1458 2658 1518 sci·

221 1503 364 1562 hcet
432 1511 722 1588 otennam
755 1514 814 1565 et
840 1523 970 1580 ejus
991 1510 1309 1570 actionem.

292 1576 374 1632 Un
421 1589 477 1642 e,
508 1589 562 1633 ει
593 1577 813 1650 aliquae
840 1580 1108 1662 actiones
1136 1585 1260 1640 Deo
1287 1584 1667 1656 conveniant,
1696 1602 1829 1660 quae
1878 1602 1999 1649 non
2029 1592 2094 1650 in
2131 1593 2377 1668 aliquod
2424 1597 2649 1661 factum

220 1647 675 1727 transeantsed
708 1656 987 1708 maneant
1012 1664 1070 1708 in
1106 1658 1338 1734 agente,
1373 1663 1642 1726 respectu
1675 1657 1885 1718 harum
1915 1674 2038 1720 non
2067 1663 2286 1724 dicitur
2309 1668 2372 1724 in
2391 1670 2513 1727 Deo
2534 1684 2641 1742 po-

223 1717 421 1795 tentia,
452 1730 575 1798 ms}
610 1719 938 1778 secundum
970 1720 1209 1780 modum
1237 1725 1424 1782 intelli
1471 1727 1632 1798 endi,
1663 1742 1786 1787 non
1816 1733 2146 1792 secundum
2190 1736 2277 1795 rei
2307 1739 2614 1801 veritatem

232 1784 572 1867 uniusmodi
608 1793 808 1847 autem
830 1792 1099 1851 actiones
1126 1799 1268 1876 sunt
1296 1739 1630 1876 inteffigere
1659 1805 1718 1856 et
1745 1792 1914 1859 vel'le.
1957 1805 2227 1864 Potentia
2276 1806 2460 1880 igitur
2509 1783 2638 1881 Dei,

232 1866 452 1926 proprie
478 1856 807 1931 loquendo,
840 1874 958 1919 nou
985 1868 1226 1935 respicit
1266 1864 1609 1936 hujusmodi
1659 1870 1950 1941 actiones,
1989 1874 2098 1932 sed
2145 1875 2316 1935 solos
2362 1877 2636 1941 effectus.

226 1925 563 2057 ἑὲἑᾳὲξξέξιε
586 1929 771 2002 igitur
793 1935 851 1989 et
874 1932 1152 1992 voluntas
1176 1934 1241 1992 in
1271 1935 1394 1993 Deo
1419 1949 1542 1995 non
1571 1945 1713 1997 sunt
1742 1947 1806 1999 ut
1832 1945 2134 2015 potentiae,
2176 1948 2284 2005 sed
2320 1950 2519 2009 solum
2576 1957 2645 2012 ut

288 2079 677 2163 Patet‘etiam
701 2093 775 2138 ex
801 2065 1097 2150 praedi-ctis
1121 2077 1281 2155 quod
1310 2083 1634 2146 multitudo
1661 2087 1987 2158 actionum,
2020 2104 2152 2163 quae
2179 2094 2301 2152 Deo
2329 2097 2662 2162 attribuun-

223 2154 334 2219 tur,
365 2157 434 2207 ut
466 2151 824 2231 intelligere,
862 2150 1051 2232 velle„
1066 2153 1393 2235 producere
1422 2168 1541 2224 res»,
1572 2161 1630 2215 et
1664 2158 1907 2229 similia,
1940 2173 2059 2218 non
2090 2169 2233 2222 sunt
2253 2166 2503 2229 diversae
2533 2185 2650 2244 res,

220 2233 354 2301 cum
385 2221 672 2293 quaellbel
701 2220 912 2278 harum
942 2229 1240 2280 actionum
1272 2238 1333 2281 tn
1358 2227 1478 2283 Deo
1503 2227 1581 2284 sit
1608 2227 1803 2298 ipsum
1828 2230 1960 2302 ejus
1989 2244 2146 2304 esse,
2168 2237 2326 2307 quod
2352 2247 2444 2297 est
2465 2255 2651 2304 unum

219 2296 277 2348 et
303 2291 491 2350 idem.
524 2291 837 2359 Quomodo
879 2298 1077 2350 autem
1125 2294 1535 2366 multiplicitas
1567 2298 2027 2369 significationis
2077 2305 2257 2364 unius
2301 2308 2390 2366 rei
2437 2313 2653 2373 unitati

218 2373 346 2491 3?ss
374 2361 762 2506 Ξὸτξέιὲιξιεὲεειί
791 2375 862 2420 ex
895 2361 989 2421 his
1018 2378 1150 2437 quae
1186 2365 1251 2422 in
1280 2367 1475 2438 primo
1506 2368 1658 2427 libro
1689 2378 1939 2430 ostensa
1965 2380 2109 2432 sunt
2136 2374 2209 2447 (c.
2244 2377 2336 2451 31)
2364 2384 2650 2443 manifes-

1241 2576 1495 2643 CAPUT
1536 2575 1646 2641 x1.

564 2748 717 2803 QUOD
737 2749 816 2796 m:
849 2747 964 2796 nto
990 2747 1248 2797 monuit
1270 2746 1509 2802 mmm>
1531 2746 1826 2793 nmrlvss
1851 2747 1933 2793 An
1960 2746 2319 2795 chunutus·

289 2905 440 2964 Cum
468 2907 669 2963 autem
691 2903 951 2975 potentia
972 2905 1095 2963 Deo
1119 2900 1436 2962 conveniat
1461 2906 1735 2974 respectu
1771 2915 2019 2962 suorum
2065 2900 2406 2972 effectuum,
2437 2907 2652 2975 poten·

218 2973 309 3033 tia
334 2980 541 3033 autem
583 2976 871 3033 rationem
914 2974 1188 3046 principii
1226 2973 1459 3040 habeat,
1488 2979 1555 3032 ut
1602 2971 1675 3045 (c.
1727 2973 1811 3045 lo)
1860 2972 2084 3032 dictum
2135 2980 2247 3045 est,
2290 2974 2659 3047 principium

218 3049 420 3104 autem
452 3046 696 3103 relative
723 3045 795 3102 ad
822 3045 1239 3118 principiatum
1264 3044 1513 3112 dicatur,
1538 3043 1919 3102 manifestum
1947 3044 2218 3118 estquod
2244 3043 2472 3119 aliquid
2499 3045 2648 3106 rela-

215 3115 339 3174 tive
368 3121 569 3187 potest
598 3116 712 3174 dici
742 3116 816 3173 de
839 3116 962 3173 Deo
991 3115 1053 3173 in
1083 3120 1351 3196 respectu
1383 3127 1633 3172 suorum
1662 3111 2003 3174 effectuum.

289 3188 445 3252 Item,
478 3199 599 3244 non
627 3191 823 3258 potest
845 3184 1032 3244 intelli
1081 3186 1096 3243 i
1127 3185 1351 3258 aliquid
1373 3186 1615 3243 relative
1640 3184 1757 3244 dici
1774 3185 1847 3243 ad
1859 3185 2132 3254 alterum,
2152 3183 2269 3243 nisi
2290 3200 2323 3244 e
2344 3199 2641 3247 converso

217 3255 375 3316 illud
397 3257 642 3314 relative
670 3256 964 3315 diceretur
991 3271 1026 3314 a
1094 3258 1325 3327 ipsum;
1351 3255 1456 3314 sed
1492 3268 1587 3314 res
1604 3255 1737 3313 uliae
1762 3255 2003 3314 relative
2033 3255 2314 3313 dicuntur
2340 3257 2416 3315 ad
2443 3259 2659 3328 Deum,

216 3341 263 3386 n
328 3334 428 3387 ote
456 3327 785 3385 secundum
815 3341 993 3385 suum
1021 3340 1157 3385 esse
1184 3326 1340 3400 quod
1371 3340 1409 3383 a
1434 3326 1554 3384 Deo
1584 3326 1821 3398 habent,
1853 3332 1918 3386 ut
1942 3330 2254 3384 ostensum
2285 3332 2376 3385 est
2404 3325 2466 3398 (l.
2499 3340 2542 3395 1,
2572 3341 2633 3384 c.

216 3400 335 3528 ἐξ,
366 3398 607 3471 abipso
635 3397 1056 3471 dependentes.
1082 3399 1241 3455 Deus
1290 3396 1476 3470 igitur
1513 3411 1551 3455 e
1595 3409 1887 3455 converso
1935 3395 2176 3456 relative
2226 3395 2302 3455 ad
2342 3399 2649 3457 creaturas

288 3540 512 3610 Adhuc,
541 3537 875 3598 similitudo
898 3541 990 3597 est
1019 3537 1226 3597 relatio
1249 3537 1543 3612 quaedam.
1574 3539 1732 3597 Deus
1748 3542 1967 3607 autem,
1992 3537 2150 3597 sicut
2167 3540 2448 3596 etcaetera
2463 3550 2648 3611 agen·

214 3609 325 3680 tia,
355 3611 471 3669 sibi
505 3611 704 3668 simile
733 3610 874 3681 agit.
898 3608 1123 3689 Dicitur
1152 3607 1575 3682 igituraliquid
1607 3609 1846 3667 relative
1873 3608 1944 3666 de
1969 3609 2124 3679 ipsu.

161 3698 169 3706 ·
291 3683 569 3753 Amplius,
602 3680 854 3738 scientia
880 3679 955 3737 ad
982 3685 1200 3737 scitum
1227 3680 1469 3737 relative
1490 3679 1727 3737 dieitur.
1756 3681 1915 3736 Deus
1941 3683 2135 3736 autem
2156 3690 2280 3736 non
2300 3677 2499 3736 solum
2519 3677 2649 3736 sui-

214 3752 242 3810 ἱ
316 3752 436 3881 ilus,
466 3751 572 3879 seld
603 3752 782 3878 etiam
807 3749 1063 3808 aliorum
1090 3750 1405 3809 scientiam
1435 3750 1631 3807 habet.
1663 3749 1849 3823 igitur
1876 3748 2102 3820 aliquid
2137 3747 2382 3806 relative
2427 3748 2652 3807 dicitur

178 3834 184 3880 ς
263 3837 296 3880 e
374 3837 446 3881 eo
474 3838 507 3881 a
577 3836 613 3879 a
640 3835 718 3879 1a.

290 3893 509 3959 Adhuc,
539 3905 785 3950 movens
816 3891 1033 3951 dicitur
1060 3889 1302 3950 relative
1338 3889 1413 3949 ad
1435 3894 1684 3959 motum,
1731 3892 1792 3947 et
1836 3902 2026 3961 agens
2068 3887 2144 3946 ad
2191 3888 2436 3948 factum.
2492 3891 2654 3949 Deus

224 3969 416 4023 autem
451 3968 546 4022 est
574 3975 763 4035 agens
792 3969 850 4020 et
881 3975 1129 4021 movens
1162 3975 1283 4020 non
1309 3965 1561 4032 motum,
1591 3965 1657 4018 ut
1680 3964 1992 4019 ostensum
2023 3962 2117 4017 est
2144 3957 2210 4032 (1.
2234 3973 2279 4031 1,
2306 3973 2361 4019 c.
2394 3958 2506 4033 13).
2552 3960 2650 4019 ni-

219 4041 435 4094 cuntur
466 4033 652 4106 igitur
689 4033 760 4090 de
791 4034 924 4105 ipso
953 4032 1296 4091 relationes.
1952 4100 1964 4112 ⁶
2037 4099 2048 4111 ‚
2082 4100 2094 4112 ⁶

284 4106 438 4174 Item,
482 4105 739 4176 primum
795 4105 1145 4163 relationem
1201 4102 1518 4176 quamdam
1562 4102 1860 4174 importat.
1906 4100 2191 4181 Similiter
2221 4104 2282 4159 et
2312 4115 2640 4161 summum.

212 4173 541 4235 ostensum
560 4181 654 4232 est
680 4181 876 4233 autem
906 4174 969 4248 (l.
996 4188 1109 4237 t,c.
1144 4178 1209 4231 ¹3
1238 4181 1296 4231 et
1317 4175 1402 4246 ¹4)
1435 4175 1632 4244 ipsum
1661 4185 1797 4231 esse
1821 4183 1932 4251 ens
1963 4185 2218 4242 primum
2247 4177 2307 4229 et
2332 4184 2639 4232 summum

203 4245 464 4306 bonum.
495 4248 660 4303 Patet
688 4244 870 4316 igitur
896 4244 1057 4319 quod
1084 4243 1273 4302 multa
1298 4244 1373 4302 de
1401 4246 1522 4303 Deo
1551 4244 1793 4305 relative
1820 4241 2123 4303 dicuntur.
2147 4242 2196 4317 (1
2214 4248 2392 4317 part„
2419 4258 2482 4319 q.
2510 4252 2647 4311 xm,

202 4322 419 4389 art.‘1;
449 4321 513 4377 et
539 4317 619 4375 De
638 4320 782 4390 pot„
801 4331 863 4391 q.
901 4327 1013 4389 vn,
1041 4320 1155 4377 art.
1186 4314 1265 4388 8.)
