3076 5025
402 321 508 376 212
1253 315 1387 369 LIB.
1427 315 1498 381 ΙΙ,
1540 314 1692 369 CAP.
1733 313 1976 370 Lxxvn.

404 444 472 499 Et
498 439 608 497 has
634 437 876 510 quidem
904 435 1327 495 determinatas
1357 440 1602 493 naturas
1619 447 1816 493 rerum
1846 432 2226 494 sensibilium
2250 441 2617 507 praesentant
2644 439 2823 498 nobis

403 511 842 584 phantasmata,
894 521 1031 635 5131ae
1088 512 1290 565 tamen
1346 506 1620 586 nonduin
1660 511 2057 586 pervenerunt
2101 505 2177 563 ad
2231 519 2366 565 esse
2422 507 2820 580 intelligibile,

405 594 589 654 quum
620 580 744 637 sint
771 579 909 637 simi
938 576 1200 636 itudines
1229 589 1427 634 rerum
1458 576 1840 634 sensibilium
1871 579 2050 633 etiam
2081 575 2413 635 secundum
2442 576 2821 637 conditiones

403 650 766 719 materiales,
797 663 930 723 quae
959 653 1101 707 sunt
1149 647 1541 719 proprietates
1570 646 1970 705 individuales
1998 651 2056 704 et
2094 652 2236 705 sunt
2263 647 2440 705 etiam
2485 647 2551 704 in
2580 650 2821 723 organis

404 720 835 779 materialibus.
870 723 1002 777 Non
1048 718 1230 791 igitur
1263 722 1402 775 sunt
1448 715 1856 789 intelligibilia
1881 722 2057 787 actu;
2088 723 2147 774 et
2185 723 2381 776 tamen
2429 719 2591 790 quia,
2618 719 2680 777 in
2706 721 2821 778 boc

405 792 651 851 homine
680 790 852 863 cujus
895 787 1351 848 similitudinem
1379 802 1441 844 re
1488 792 1809 846 raesentant
1836 787 2274 869 phantasmata,
2300 797 2391 847 est
2421 789 2689 861 accipere
2719 803 2823 848 na-

405 869 600 920 turam
624 860 1022 919 universalem
1045 858 1401 917 denudatam
1422 873 1457 916 a
1521 857 1803 917 omnibus
1823 857 2273 918 conditionibus
2289 859 2825 929 individuantibuS‚

406 937 548 991 sunt
577 930 980 1004 intelligibilia
1027 929 1088 987 in
1120 929 1405 1002 potentia.
1438 929 1535 987 Sic
1573 929 1758 1009 igitur
1782 928 2021 1009 ‘babent
2046 928 2595 1001 intelligibilitatem
2628 930 2694 987 in
2725 945 2832 1002 po-

406 1002 611 1071 tentia,
643 1001 1194 1060 determinationem
1254 1005 1448 1058 autem
1481 999 1896 1057 similitudinis
1949 1013 2148 1057 rerum
2179 1000 2243 1057 in
2270 1007 2425 1058 actu.
2456 1003 2496 1057 E
2523 1002 2831 1059 contrario

405 1077 603 1131 autem
649 1074 864 1130 eratin
893 1071 1092 1129 anima
1133 1070 1511 1128 intellectiva.
1548 1072 1645 1127 Est
1694 1070 1876 1141 igitur
1900 1069 1959 1126 in
1999 1069 2201 1127 anima
2228 1070 2589 1130 intellectiva
2636 1072 2833 1130 virtus

408 1143 600 1201 activa
649 1143 713 1200 in
755 1143 1192 1214 phantasmata,
1224 1139 1451 1199 faciens
1511 1155 1582 1198 ea
1639 1139 2040 1212 intelligibilia
2087 1146 2253 1207 actu;
2286 1147 2342 1198 et
2388 1142 2513 1200 haec
2561 1143 2838 1212 potentia

407 1214 622 1271 animae
668 1218 915 1272 vocatur
959 1211 1298 1271 intellectus
1344 1224 1551 1292 agens.
1586 1213 1686 1267 Est
1713 1211 1891 1268 etiam
1921 1211 1982 1268 in
2015 1225 2086 1268 ea
2110 1211 2300 1268 vii-tus
2331 1226 2462 1284 quae
2508 1212 2695 1269 estin
2723 1226 2834 1284 po-

406 1284 595 1341 tentia
621 1284 696 1342 ad
743 1282 1165 1341 determinatas
1210 1281 1638 1340 similitudines
1667 1294 1865 1338 rerum
1920 1280 2332 1351 sensibilium3
2365 1287 2421 1339 et
2452 1283 2579 1340 haec
2609 1288 2701 1340 est
2731 1297 2836 1355 po-

403 1355 596 1412 tentia
625 1355 965 1412 intellectus
996 1352 1327 1424 possibilis.
1361 1350 1566 1408 Differt
1612 1358 1811 1409 tamen
1837 1352 1952 1409 boc
1998 1351 2158 1424 quod
2191 1352 2491 1409 invenitur
2535 1354 2599 1410 in
2629 1354 2836 1412 anima

407 1425 483 1483 ab
523 1439 594 1482 eo
633 1425 792 1497 quod
843 1423 1143 1481 invenitur
1185 1424 1250 1479 in
1301 1422 1618 1494 agentibus
1661 1421 2056 1492 naturalibuS,
2083 1421 2226 1503 quia
2271 1422 2351 1480 ibi
2406 1436 2592 1480 unum
2647 1429 2741 1482 est
2768 1424 2836 1481 in

409 1495 676 1566 potentia
703 1495 776 1553 ad
832 1493 994 1551 aliud
1023 1492 1353 1552 secundum
1393 1493 1668 1551 eumdem
1716 1492 1960 1551 modum
2014 1505 2134 1566 quo
2178 1506 2242 1549 in
2293 1493 2477 1551 altero
2527 1493 2838 1553 invenitur

407 1572 540 1623 actu
567 1583 581 1634 3
615 1579 753 1622 nam
778 1564 1026 1622 materia
1053 1565 1210 1621 aeris
1234 1569 1324 1621 est
1355 1563 1418 1620 in
1447 1562 1714 1635 potentia
1743 1563 1817 1621 ad
1855 1564 2106 1621 formam
2149 1578 2318 1636 aquae
2364 1578 2436 1621 eo
2480 1564 2661 1622 modo
2711 1578 2834 1638 quo

409 1636 586 1694 estin
615 1650 803 1708 aqua;
835 1640 893 1693 et
919 1634 1054 1693 ideo
1102 1646 1355 1706 corpora
1393 1634 1690 1693 naturalia
1734 1647 1867 1707 quae
1903 1634 2426 1692 communicabant
2453 1635 2516 1692 in
2556 1636 2832 1705 materia,

405 1706 619 1764 eodem
661 1705 873 1766 ordine
918 1711 1105 1778 agunt
1149 1711 1209 1763 et
1235 1704 1543 1777 patiuntur
1569 1704 1643 1763 ad
1686 1704 1939 1763 invicem
1964 1723 1979 1774 ;
2006 1705 2209 1763 anima
2237 1710 2434 1763 autem
2467 1705 2834 1765 intellectiva

407 1790 533 1835 non
563 1781 655 1834 est
682 1777 745 1834 in
772 1776 1041 1849 potentia
1065 1776 1141 1834 ad
1168 1775 1597 1835 similitudines
1625 1789 1823 1833 rerum
1894 1789 1984 1833 uae
2012 1781 2154 1834 sunt
2192 1775 2256 1832 in
2325 1776 2830 1845 hantasmatibuS,

408 1861 515 1918 per
540 1847 782 1906 modum
811 1847 983 1906 illum
1035 1860 1155 1928 quo
1204 1850 1346 1905 sunt
1372 1846 1476 1915 ibi,
1500 1846 1606 1904 sed
1657 1859 1844 1903 secun
1888 1859 1987 1904 um
2037 1844 2198 1919 quod
2250 1846 2291 1903 il
2319 1861 2368 1904 ae
2398 1846 2833 1906 similitudines

409 1918 720 1976 elevantur
765 1917 839 1975 ad
882 1916 1109 1989 aliquid
1166 1917 1366 1985 altiuS,
1398 1922 1464 1974 ut
1504 1916 1735 1974 scilicet
1772 1917 1897 1974 sint
1940 1916 2250 1975 abstractae
2297 1930 2332 1974 a
2379 1917 2833 1976 conditionibus

411 1987 924 2046 individuantibus
950 1987 1382 2054 materialibus,
1413 2001 1487 2045 ex
1514 1999 1632 2059 quo
1673 1986 1824 2044 flunt
1850 1986 2262 2060 intelligibiles
2282 1992 2417 2045 actu
2438 2007 2451 2055 ;
2476 1993 2533 2045 et
2562 1987 2702 2046 ideo
2734 2003 2832 2046 ac-

410 2059 497 2117 tio
525 2059 864 2117 intellectus
907 2058 1142 2131 agentis
1185 2057 1246 2114 in
1318 2057 1694 2115 hantasmata
1743 2057 2023 2128 praecedit
2068 2057 2467 2129 receptionem
2488 2058 2833 2117 intellectus

410 2129 748 2200 possibilis,
779 2143 848 2187 ac
877 2128 967 2188 sic
993 2128 1265 2201 principa
1289 2127 1405 2185 itas
1437 2127 1695 2186 actionis
1733 2140 1857 2186 non
1900 2127 2243 2186 attribuitur
2286 2128 2831 2200 phantasmatibus,

419 2199 525 2258 sed
556 2200 883 2258 intellectui
929 2199 1159 2271 agenti;
1183 2202 1423 2270 propter
1469 2197 1630 2270 quod
1656 2198 2007 2257 Aristoteles
2046 2197 2192 2257 dicit
2235 2203 2309 2255 De
2331 2201 2536 2264 anima,
2570 2213 2659 2268 m,
2687 2204 2830 2257 text.

414 2283 632 2329 comm.
663 2271 748 2342 ¹7)
778 2268 940 2343 quod
981 2284 1047 2328 se
1089 2268 1267 2326 habet
1303 2268 1378 2326 ad
1466 2268 1774 2326 ossibilem
1834 2269 1991 2326 sicut
2031 2282 2130 2328 ars
2175 2283 2211 2327 a
2279 2270 2609 2327 materiam.
2642 2271 2834 2342 liujus

403 2346 612 2399 autem
644 2340 979 2413 exemplum
1006 2340 1255 2398 omnino
1296 2338 1433 2397 simi
1461 2353 1493 2396 e
1522 2346 1706 2409 esset,
1733 2339 1786 2397 si
1833 2339 2069 2408 oculu8‚
2102 2339 2283 2397 simul
2314 2354 2450 2398 cum
2504 2340 2620 2399 hoc
2669 2340 2832 2413 quod

414 2416 506 2469 est
531 2411 894 2482 diaphanum
942 2416 1001 2468 et
1053 2423 1229 2469 susce
1275 2409 1429 2467 tivus
1477 2408 1767 2480 colorum,
1799 2409 2046 2468 haberet
2087 2414 2319 2468 tantum
2364 2410 2436 2467 de
2489 2411 2621 2469 luce
2670 2410 2835 2483 quod

411 2488 620 2553 posset
647 2481 879 2541 colores
909 2480 1104 2540 facere
1126 2480 1239 2540 visi
1282 2480 1393 2538 iles
1424 2485 1560 2538 actu
1582 2497 1596 2549 ;
1620 2480 1778 2539 sicut
1807 2480 2080 2554 quaedam
2108 2480 2394 2540 animalia
2420 2480 2703 2540 dicuntur
2734 2481 2834 2540 sui

415 2553 574 2611 oculi
622 2552 756 2611 luce
809 2550 1175 2611 sufficienter
1219 2550 1334 2609 sibi
1376 2551 1718 2609 illuminare
1761 2551 2011 2624 objecta,
2039 2556 2280 2634 propter
2320 2552 2479 2624 quod
2526 2552 2600 2610 de
2654 2558 2835 2611 nocte

411 2622 615 2681 vident
641 2623 857 2697 magis,
888 2623 948 2680 in
1000 2622 1096 2681 die
1123 2635 1263 2682 vero
1293 2621 1524 2692 minus;
1556 2627 1699 2680 sunt
1743 2623 1900 2679 enim
1934 2621 2221 2681 debilium
2250 2622 2586 2692 oculorum,
2618 2624 2763 2696 quia
2797 2638 2837 2682 a

413 2708 595 2764 parva
621 2694 755 2752 luce
786 2700 1118 2764 moventur,
1150 2693 1225 2751 ad
1270 2693 1517 2750 multam
1548 2698 1747 2751 autem
1777 2692 2240 2752 confunduntur.
2273 2694 2377 2751 Cui
2421 2693 2596 2751 etiam
2629 2694 2835 2752 simile

407 2769 507 2821 -est
558 2765 621 2820 in
669 2764 974 2823 intellectu
998 2769 1226 2832 nostre,
1259 2763 1360 2836 qui
1414 2763 1490 2821 ad
1533 2776 1605 2821 ea
1649 2777 1782 2836 quae
1835 2768 1977 2821 sunt
2003 2763 2498 2822 manifestissima
2552 2777 2618 2822 se
2648 2764 2831 2824 habet

415 2834 574 2891 sicut
616 2834 828 2892 oculus
876 2839 1112 2892 noctuae
1166 2833 1241 2890 ad
1274 2834 1463 2913 solem
1491 2852 1507 2902 ;
1538 2834 1697 2890 unde
1727 2847 1970 2905 parvum
2024 2834 2228 2892 lumen
2260 2834 2639 2906 intelligibile
2668 2834 2832 2908 quod

416 2909 508 2962 est
532 2903 708 2961 nobis
736 2904 1122 2962 connaturale
1153 2902 1378 2961 sufficit
1403 2902 1478 2961 ad
1507 2909 1779 2961 nostrum
1810 2903 2164 2978 intelligere.

486 2972 655 3041 Quod
685 2979 881 3032 autem
910 2975 1114 3032 lumen
1141 2972 1520 3046 intelligibile
1550 2981 1770 3033 nostrae
1797 2974 2011 3032 animae
2039 2976 2428 3034 connaturale
2464 2974 2723 3034 sufficiat
2751 2976 2831 3035 ad

409 3044 753 3103 faciendum
782 3044 1080 3103 actionem
1107 3043 1445 3102 intellectus
1470 3045 1726 3117 agentis,
1753 3049 1932 3117 patet,
1962 3044 2015 3103 si
2038 3045 2175 3118 quis
2203 3045 2542 3105 consideret
2564 3047 2834 3105 necessi-

415 3121 595 3174 tatem
622 3114 884 3194 ponendi
910 3114 1276 3173 intellectum
1323 3120 1618 3195 agentem.
1651 3115 2065 3174 Inveniebatur
2106 3116 2265 3174 enim
2296 3118 2496 3175 anima
2524 3122 2733 3176 nostra
2766 3117 2831 3175 in

414 3191 683 3260 potentia
724 3185 797 3244 ad
844 3185 1269 3259 intelligibilia,
1322 3190 1480 3244 sicut
1519 3197 1741 3245 sensus
1784 3185 1858 3244 ad
1903 3185 2248 3255 sensibilia;
2293 3189 2451 3246 sicut
2497 3188 2655 3245 enim
2703 3201 2834 3246 non

311 3271 318 3322 i
414 3270 651 3328 semper
678 3257 994 3325 sentimus;
1023 3256 1107 3314 ita
1129 3268 1252 3314 non
1290 3269 1525 3328 semper
1564 3257 1981 3330 intelligimus.
2012 3258 2146 3316 Haec
2185 3263 2383 3316 autem
2420 3258 2835 3331 intelligibilia

375 3342 548 3400 --quae
579 3327 779 3384 anima
806 3326 1168 3384 intellectiva
1197 3327 1457 3384 bumana
1494 3327 1796 3400 intelligit,
1833 3326 1999 3385 Plato
2038 3328 2240 3399 posuit
2261 3342 2395 3386 esse
2425 3328 2838 3402 intelligibilia

415 3412 520 3470 per
548 3399 768 3469 seipsa,
799 3396 1028 3456 scilicet
1054 3397 1249 3466 ideas;
1281 3397 1440 3455 unde
1470 3411 1592 3456 non
1619 3403 1743 3455 erat
1772 3397 1827 3454 ei
1866 3398 2275 3456 necessarium
2305 3413 2528 3470 ponere
2559 3399 2834 3458 intellec-

415 3474 542 3527 tum
571 3473 845 3540 agentem
880 3467 1303 3541 intelligibilia.
1338 3468 1398 3525 Si
1428 3473 1624 3526 autem
1676 3468 1789 3524 hoc
1834 3473 1995 3525 esset
2042 3483 2266 3538 verum,
2300 3476 2600 3540 oporteret
2644 3471 2831 3542 quod,

415 3545 639 3612 quanto
673 3539 875 3611 aliqua
909 3544 1054 3597 sunt
1092 3537 1424 3596 secundum
1467 3551 1532 3596 se
1573 3538 1763 3610 magis
1802 3537 2227 3612 intelligibilia,
2265 3553 2337 3597 eo
2373 3554 2469 3597 ma
2513 3541 2567 3598 is
2608 3540 2833 3599 intelli·

416 3616 696 3682 gerentur
725 3623 761 3666 a
783 3608 990 3678 nobis;
1016 3608 1176 3682 quod
1206 3614 1363 3681 patet
1391 3621 1525 3666 esse
1556 3608 1807 3677 salsum3
1847 3621 1985 3666 nam
2017 3610 2211 3683 magis
2244 3615 2386 3668 sunt
2409 3624 2488 3668 no
2531 3611 2586 3668 is
2609 3610 2836 3669 intelli—

459 3680 625 3738 ibilia
656 3694 788 3761 quae
816 3685 959 3738 sunt
985 3680 1192 3737 sensui
1222 3679 1605 3751 proximiora,
1636 3691 1770 3750 quae
1799 3677 1863 3735 in
1905 3692 1971 3738 se
2000 3684 2140 3737 sunt
2171 3679 2373 3740 minus
2400 3680 2832 3754 intelligibilia.

437 3750 579 3808 -nde
605 3750 952 3809 Aristoteles
987 3750 1098 3808 fuit
1135 3755 1334 3808 motus
1359 3749 1436 3807 ad
1463 3748 1806 3820 ponendum
1851 3749 1949 3823 (De
1973 3752 2180 3814 anima,
2211 3764 2301 3823 111,
2331 3756 2473 3808 text.
2508 3765 2730 3812 comm.
2770 3759 2833 3810 Π

415 3825 474 3900 et
505 3820 780 3946 Qssssssuqd
816 3835 889 3879 ea
920 3833 1052 3894 quae
1092 3826 1235 3879 sunt
1275 3820 1452 3878 nobis
1490 3818 1894 3901 intelligibilia
1919 3833 2054 3902 ‘n’on
2092 3827 2238 3880 sunt
2273 3821 2474 3895 aliqua
2512 3822 2836 3882 existentia

415 3890 560 3946 intel
588 3891 821 3962 igibilia
852 3905 957 3963 per
991 3891 1193 3962 seipsa
1252 3889 1359 3947 sed
1397 3889 1549 3948 fiunt
1591 3905 1666 3948 ex
1704 3889 2128 3960 sensibilibus;
2173 3892 2331 3949 unde
2369 3893 2635 3963 oportuit
2672 3894 2836 3967 quod

414 3967 663 4087 generet
710 3961 1158 4043 virtutem-quae
1197 3932 1320 4019 ’boc
1365 3960 1611 4030 faceret;
1658 3966 1717 4018 et
1771 3962 1898 4019 baec
1926 3966 2035 4043 ‘est
2098 3961 2434 4043 intellectus
2482 3977 2691 4035 agenS.
2750 3964 2837 4022 Ad

446 4043 533 4110 ‘oc
561 4043 702 4102 ergo
729 4036 971 4103 ponitur
998 4031 1337 4090 intellectus
1365 4045 1553 4112 agens
1601 4036 1666 4090 ut
1701 4031 1881 4090 faciat
1922 4030 2328 4105 intelligibilia
2362 4032 2541 4091 nobis
2583 4047 2829 4106 propor-

413 4104 661 4158 tionata.
691 4103 811 4159 Hoc
840 4108 1037 4161 autem
1069 4115 1193 4160 non
1222 4102 1448 4160 excedit
1483 4102 1727 4160 modum
1767 4101 2013 4161 luminis
2047 4101 2447 4176 intelligibilis
2476 4103 2655 4162 nobis
2687 4118 2832 4162 con-

413 4170 724 4228 naturalis.
759 4173 922 4231 Unde
952 4172 1104 4230 nihil
1123 4172 1396 4244 probibet
1414 4172 1528 4243 ipsi
1553 4173 1763 4230 lumini
1794 4178 2016 4231 nostrae
2043 4172 2258 4232 animai
2288 4174 2608 4233 attribuere
2637 4177 2833 4233 actio-

412 4254 552 4299 nem
587 4240 923 4301 intellectus
971 4245 1226 4317 agentis,
1274 4249 1332 4300 et
1369 4243 1665 4315 praecipue
1712 4256 1895 4316 quum
1942 4242 2294 4304 Aristoteles
2321 4243 2421 4318 (De
2468 4247 2677 4311 anima,
2735 4258 2832 4320 ω,

412 4317 554 4371 text.
585 4325 801 4372 comm.
836 4314 927 4386 ¹8)
954 4313 1324 4373 intellectum
1353 4319 1633 4387 agentem
1662 4318 1967 4383 comparet
1995 4314 2231 4374 lumini.
