3076 5025
349 255 456 313 ιη
1320 242 1566 320 1.11³.11,
1595 238 1868 303 max.

345 341 651 434 recentiam
685 376 838 431 tuam
870 386 1040 445 usque
1069 371 1136 429 ιιι
1172 370 1449 428 altissima
1475 381 1598 439 qua
1621 364 1811 436 tacisti
1842 358 2127 437 maanatta
2150 353 2335 437 (psat.
2360 366 2508 433 ux,
2545 355 2639 428 te,
2669 348 2792 432 ιο).

349 445 396 519 (t
424 451 598 521 part„
627 460 685 519 q.
716 457 868 516 xxv,
896 448 1008 502 art.
1041 445 1063 500 t
1092 458 1111 514 3
1140 446 1200 501 et
1222 443 1302 500 De
1318 442 1470 514 pot..
1494 453 1558 513 q.
1585 448 1630 501 1.
1659 441 1776 497 art.
1810 434 1887 509 ί.)

1337 631 1596 697 CAPUT
1632 631 1794 696 vm.

898 814 1052 872 QUOD
1084 813 1189 862 mn
1219 810 1514 861 ΡΟΤΕΙΠῚΔ
1545 808 1643 857 81⁴1·
1675 808 1816 858 ltus
1851 803 2234 857 sunsnmu.

423 983 508 1042 Ex
535 982 651 1110 ¹¹ss⁰
695 983 894 1039 autem
939 975 1191 1037 ulterius
1221 972 1501 1036 concludi
1537 976 1739 1047 potest
1774 968 1936 1046 quod
1978 968 2180 1029 divina
2219 966 2487 1041 potentia
2532 965 2616 1027 sit
2656 965 2794 1042 ips&

355 1055 460 1112 Dei
500 1067 570 1111 su
616 1052 855 1110 stantia.
1847 1071 1852 1076 -

423 1124 693 1182 Potentia
707 1122 868 1179 enim
888 1119 1075 1179 activa
1090 1117 1371 1190 competit
1388 1114 1587 1178 alicui.
1605 1111 1939 1195 secuudum
1958 1109 2118 1185 quod
2130 1114 2225 1169 εει
2236 1111 2568 1192 actusneus
2585 1112 2793 1193 autem

359 1202 455 1254 est
482 1201 654 1252 actus
682 1193 854 1264 ipse;
898 1204 1017 1249 uon
1049 1196 1246 1248 autem
1276 1194 1370 1246 est
1405 1200 1516 1246 ens
1545 1191 1682 1244 actu
1725 1198 1830 1255 per
1863 1183 2123 1256 aliquem
2163 1187 2360 1239 actum
2389 1195 2489 1253 qut
2544 1193 2672 1239 non
2716 1184 2787 1240 stt

353 1265 514 1339 quod
545 1269 641 1323 est
659 1264 808 1335 ipse.
832 1276 1015 1335 quum
1043 1261 1107 1319 in
1128 1274 1200 1319 eo
1231 1260 1396 1318 uuita
1419 1258 1500 1316 sit
1530 1254 1958 1340 potentialites,
1988 1258 2056 1313 ut
2081 1258 2394 1312 ostensum
2417 1256 2511 1310 εει
2535 1250 2625 1325 (L.
2646 1265 2694 1315 1.
2725 1265 2775 1312 c.

365 1340 433 1398 16
463 1340 523 1394 et
553 1338 658 1407 Π).
694 1338 795 1393 Est
829 1334 1013 1405 igitur
1039 1333 1170 1404 ipse
1199 1343 1309 1389 sua
1338 1333 1622 1401 potentia.
1880 1395 1893 1407 .
2462 1392 2475 1404 .
2519 1392 2533 1405 ·
2646 1390 2662 1405 ·

423 1407 646 1474 Adhuc,
669 1404 870 1465 omnis
891 1406 1125 1476 potenS,
1143 1401 1385 1475 quinon
1405 1405 1500 1457 est
1518 1413 1632 1456 sua
1666 1400 1954 1477 potentur,
1968 1398 2061 1454 est
2080 1400 2297 1477 poteps
2324 1395 2787 1477 participatione

356 1478 637 1559 potentiae
681 1473 957 1547 alicuju&
993 1475 1076 1531 De
1105 1474 1226 1529 Deo
1255 1478 1451 1529 autem
1484 1469 1634 1526 nihil
1663 1473 1860 1540 potest
1888 1466 2002 1525 dtci
2033 1470 2457 1538 participattve.
2489 1478 2679 1537 quum
2711 1468 2794 1524 stt

358 1562 558 1623 lpsutn
583 1560 762 1604 suum
783 1559 944 1625 esse,
960 1549 1026 1601 ut
1041 1548 1348 1601 ostensum
1375 1546 1462 1598 est
1489 1541 1574 1607 (L.
1597 1552 1639 1607 1,
1664 1553 1717 1595 c.
1741 1538 1856 1619 22).
1885 1536 2181 1618 Est-igitur
2206 1536 2334 1607 ipse
2355 1549 2469 1594 sua
2482 1535 2785 1618 potentia.

428 1620 539 1675 Am
580 1619 707 1685 lius,
723 1621 986 1687 potentia
1005 1613 1195 1671 activa
1207 1610 1279 1669 ad
1306 1609 1730 1682 perlectionem
1749 1623 1836 1666 ret
1858 1613 2132 1679 pertinet,
2146 1612 2212 1664 ut
2229 1621 2300 1664 ex
2316 1605 2615 1690 praedgctis
2629 1609 2786 1679 (cap.

361 1702 537 1763 praec.
591 1693 768 1760 patet.
797 1685 1004 1744 Omnis
1032 1689 1232 1742 autem
1253 1682 1456 1739 divina
1482 1680 1766 1752 perfectio
1793 1678 2017 1749 inipso
2045 1692 2158 1736 suo
2175 1690 2312 1736 esse
2332 1683 2692 1760 conunetur,
2722 1681 2789 1735 ut

360 1767 654 1821 ostensun
686 1757 874 1829 estu..
896 1770 940 1825 1,
969 1770 1022 1813 c.
1042 1754 1155 1827 28).
1189 1752 1398 1810 Divina
1420 1751 1606 1825 igitur
1633 1748 1897 1821 potentia
1925 1760 2048 1806 uon
2078 1754 2170 1806 est
2190 1746 2351 1806 atiud
2384 1747 2459 1806 ab
2484 1760 2622 1818 ipso
2650 1760 2792 1807 esse

362 1832 515 1904 ejus.
547 1831 704 1887 Deus
731 1834 931 1886 autem
960 1831 1053 1884 est
1081 1837 1257 1884 suum
1288 1836 1445 1894 esse,
1479 1828 1544 1880 ut
1571 1828 1883 1879 ostensum
1912 1823 2007 1878 est
2026 1818 2110 1893 (L.
2150 1833 2194 1889 1,
2233 1834 2288 1878 o.
2317 1819 2430 1891 22).
2470 1821 2578 1877 Εει
2605 1820 2800 1893 igitur

398 1916 477 1961 ua
546 1901 787 1959 otentia.

362 1916 395 1962 s
431 1915 585 2040 Ιιεξπ,
628 1971 691 2028 in
755 1968 935 2027 rebus
980 1979 1231 2041 quarum
1274 1963 1555 2037 potentiae
1609 1976 1732 2021 non
1772 1966 1916 2021 sunt
1958 1974 2162 2019 earum
2220 1959 2576 2030 substantia,
2642 1960 2800 2034 ipsae

359 2043 644 2116 potentiae
665 2046 809 2099 sunt
826 2038 1192 2106 accidentia3
1224 2036 1382 2094 unde
1412 2034 1674 2107 potentia
1699 2032 1988 2114 naturalis
2005 2031 2065 2088 in
2089 2030 2355 2113 secunda
2374 2032 2575 2102 specie
2605 2031 2800 2104 quali-

362 2114 505 2172 tatis
530 2117 792 2184 ponitur.
821 2113 889 2168 In
913 2113 1030 2166 Deo
1055 2115 1253 2166 autem
1279 2120 1399 2165 non
1424 2108 1621 2178 potest
1641 2117 1777 2186 esse
1797 2102 2044 2175 aliquod
2068 2102 2371 2172 accidens,
2398 2108 2795 2164 utostensum

364 2189 458 2244 est
486 2184 571 2256 (L.
599 2195 646 2244 1.
671 2196 728 2240 c.
756 2182 870 2253 23).
902 2182 1059 2238 Deus
1080 2179 1267 2252 igitur
1288 2183 1382 2236 est
1408 2190 1520 2235 sua
1551 2180 1835 2248 potentia.

442 2264 729 2326 Praeterea,
750 2271 928 2316 omne
955 2259 1116 2337 quod
1141 2261 1232 2314 est
1259 2269 1365 2329 per
1387 2256 1572 2337 atiud,
1603 2255 1906 2315 reducitur
1930 2255 2009 2338 ed
2036 2255 2097 2315 id
2126 2241 2409 2339 quodem
2435 2270 2544 2338 per
2568 2269 2662 2338 se,
2710 2251 2802 2316 εὖ

373 2337 477 2389 cut
504 2331 578 2389 ad
609 2330 883 2400 primum.
913 2327 1040 2385 Aha
1064 2339 1204 2384 vero
1231 2331 1470 2399 agentia
1516 2326 1883 2385 reducuntur
1924 2340 1990 2385 m
2018 2329 2228 2397 Deum,
2256 2333 2415 2386 stcut
2439 2340 2502 2385 tn
2535 2338 2802 2400 prunum

375 2414 581 2474 agens.
614 2403 714 2458 Est
741 2399 758 2455 i
804 2399 923 2456 itur
945 2409 1132 2470 agens
1154 2410 1259 2468 per
1281 2410 1367 2454 se.
1398 2396 1567 2466 Quod
1598 2403 1797 2455 autem
1832 2410 1935 2469 per
1961 2410 2028 2456 se
2057 2399 2202 2469 agit,
2230 2411 2334 2470 per
2362 2410 2535 2456 suam
2586 2409 2806 2457 essen·

373 2472 519 2530 tiam
544 2470 665 2553 agit
688 2487 704 2539 ;
726 2469 744 2528 i
814 2474 1011 2528 autem
1039 2479 1159 2542 quo
1187 2466 1324 2541 quis
1353 2468 1476 2549 egit
1503 2470 1598 2527 est
1623 2467 1754 2541 ejus
1776 2467 1969 2528 activa
1990 2469 2277 2541 potentia.
2308 2471 2442 2541 ipsa
2472 2467 2664 2541 igitur
2688 2466 2798 2530 Dei

374 2540 917 2686 εῗιεεὶιιιὲᾱεὲιὶεῇιιε
945 2541 1137 2599 activa
1155 2542 1438 2611 potentia.
1467 2537 1514 2612 (t
1542 2544 1718 2613 part„
1746 2553 1808 2615 q.
1834 2551 1982 2611 xxv.
2012 2545 2123 2599 art.
2155 2544 2219 2612 ις
2244 2543 2309 2600 et
2337 2542 2420 2602 De
2454 2542 2606 2614 pot„
2643 2552 2709 2614 q.
2751 2548 2805 2612 ι,

376 2626 411 2671 a
471 2653 489 2675 0
553 2653 572 2689 θ
738 2653 752 2673 0

1383 2811 1635 2879 CAPUT
1674 2811 1782 2878 lx.

1012 2982 1163 3037 QUOD
1197 2981 1299 3029 lm
1340 2980 1636 3029 Pomm
1663 2981 1756 3029 SIT
1792 2982 1930 3032 uus
1962 2982 2161 3033 Aeno.

446 3138 532 3265 {33
555 3135 672 3195 hoc
697 3139 896 3195 autem
923 3134 1160 3194 ostendi
1187 3137 1390 3206 potest
1411 3135 1576 3209 quod
1603 3135 1872 3208 potentia
1898 3134 2002 3196 Dei
2031 3149 2156 3196 nou
2179 3135 2262 3195 sit
2287 3134 2448 3196 aliud
2480 3149 2658 3211 quam
2676 3147 2799 3195 sua

374 3222 446 3269 ac
472 3221 556 3266 10.

446 3280 589 3348 Quae
621 3276 779 3335 enim
811 3275 1000 3335 uniet
1024 3274 1214 3333 eidem
1246 3278 1389 3335 sunt
1414 3276 1644 3346 eadem,
1676 3275 1792 3335 sibi
1813 3332 1820 3339 ,
1839 3277 2094 3336 invicem
2119 3284 2263 3336 sunt
2305 3277 2535 3336 eadem.
2585 3275 2803 3337 Divina

375 3356 570 3408 autem
600 3347 866 3421 potentia
892 3351 984 3405 est
1012 3345 1142 3426 ejus
1169 3345 1525 3417 substantia,
1557 3353 1624 3405 ut
1647 3353 1958 3406 ostensum
1988 3354 2082 3406 est
2130 3364 2182 3406 c.
2214 3348 2271 3420 8)
2294 3347 2461 3407 :e'us
2488 3346 2668 3405 etiam
2698 3361 2806 3407 ac-

373 3419 460 3477 tio
487 3424 581 3477 est
607 3418 737 3490 ejus
764 3417 1118 3485 substantia,
1146 3422 1213 3474 ut
1241 3421 1554 3475 ostensum
1582 3423 1675 3475 est
1701 3417 1771 3498 (l.
1804 3430 1848 3489 1,
1879 3433 1932 3476 c.
1973 3419 2063 3493 45)
2148 3434 2181 3477 ε
2234 3419 2356 3477 inte
2382 3418 2621 3477 tectuaii
2649 3431 2798 3498 ope-

373 3489 639 3569 ratione;
666 3488 869 3615 eatdetm
892 3488 1064 3615 3⁰³¹?
1079 3487 1231 3546 ratio
1258 3487 1322 3545 in
1350 3488 1489 3547 aliis
1516 3491 1820 3560 compettt.
1854 3489 2039 3562 igitur
2064 3489 2131 3546 iu
2173 3491 2298 3548 Deo
2339 3502 2464 3547 non
2500 3494 2593 3547 est
2630 3488 2801 3549 ahud

414 3565 638 3618 utentia
688 3574 719 3616 e
772 3572 808 3616 a
832 3572 892 3615 ιιι
953 3572 1022 3615 ac
1049 3571 1129 3617 ιο.

372 3573 411 3633 p
443 3631 595 3699 lton,
625 3601 782 3709 ictio
801 3627 1056 3698 ancujus
1075 3629 1160 3686 rei
1182 3634 1273 3688 est
1295 3629 1593 3710 quoddam
1618 3628 2119 3700 complementum
2145 3629 2425 3702 potentiae
2442 3628 2572 3702 ejus
2594 3641 2804 3696 ;com·

370 3706 614 3769 paratur
646 3712 805 3756 euim
831 3698 902 3755 ad
934 3700 1256 3771 potentiam
1286 3707 1444 3758 sicut
1472 3705 1643 3758 actus
1677 3699 1978 3758 secundus
2020 3700 2093 3758 ad
2144 3701 2417 3772 primum.
2450 3700 2661 3759 Divina
2687 3713 2802 3759 au·

371 3776 490 3827 tem
520 3770 786 3841 potentia
812 3782 931 3827 non
959 3771 1289 3840 completur
1311 3770 1430 3828 aliu
1448 3784 1628 3842 quam
1657 3770 1879 3852 seipsa,
1908 3785 2094 3843 quum
2122 3771 2205 3830 sit
2230 3772 2362 3843 ipsa
2377 3771 2480 3828 Dei
2502 3770 2792 3830 essentia.

373 3841 439 3897 In
470 3843 590 3897 Deo
622 3841 804 3911 igitur
831 3853 949 3897 non
981 3844 1072 3897 est
1096 3840 1260 3898 aliud
1287 3842 1572 3911 potentia,
1604 3846 1663 3897 et
1684 3841 1846 3899 atiud
1876 3841 2054 3901 actio.

440 3910 716 3989 Amplius,
747 3911 903 3968 sicut
932 3910 1194 3981 potentia
1225 3912 1421 3969 activa
1448 3917 1542 3969 est
1567 3911 1795 3984 aliquid
1824 3924 2033 3984 agens,
2080 3912 2164 3969 ita
2208 3910 2474 3970 essentia
2515 3911 2649 3983 ejus
2697 3916 2799 3970 est

373 3978 599 4052 aliquid
628 3993 756 4038 ειιε.
789 3981 900 4039 Sed
931 3981 1133 4038 divina
1156 3983 1425 4052 potentia
1450 3987 1543 4040 est
1571 3981 1702 4054 ejus
1733 3982 2016 4045 essentie.
2048 3988 2117 4040 ut
2143 3988 2453 4040 ostensum
2482 3987 2576 4039 est
2603 3981 2679 4055 (c.
2710 3981 2794 4054 8).

372 4052 525 4123 Ergo
556 4064 730 4108 suum
757 4066 933 4124 agere
962 4057 1055 4110 est
1081 4065 1257 4109 suum
1288 4065 1444 4110 esse.
1474 4052 1588 4110 Sed
1618 4051 1748 4111 e‘us
1773 4066 1908 4111 esse
1956 4056 2050 4111 est
2093 4067 2206 4111 sua
2247 4053 2603 4112 substantia.
2635 4054 2797 4127 Ergo

371 4119 575 4179 divina
598 4123 753 4180 actio
782 4128 875 4180 est
900 4135 1011 4181 sua
1038 4121 1374 4181 substantia
1397 4128 1455 4180 et
1482 4124 1573 4181 sic
1600 4124 1618 4180 i
1663 4137 1753 4180 em
1784 4121 1943 4196 quod
1977 4122 2167 4195 prius.
2677 4158 2686 4169 ·

374 4260 386 4274 ·
440 4192 657 4254 Adhuc.
684 4193 840 4250 actio
864 4207 996 4265 quae
1025 4206 1146 4251 non
1176 4198 1270 4252 est
1295 4192 1633 4251 substantia
1649 4195 1887 4267 agentis
1912 4194 2071 4252 inest
2093 4194 2145 4251 ei
2168 4194 2325 4252 sicut
2348 4193 2629 4252 accidens
2646 4190 2798 4251 sub-

363 4268 524 4334 Jecto
550 4281 566 4331 ;
598 4262 752 4320 unde
775 4268 833 4320 et
857 4264 1013 4321 actio
1038 4263 1193 4321 inter
1217 4277 1429 4323 novem
1454 4265 1912 4335 praedicamenta
1937 4265 2267 4324 accidentis
2300 4270 2700 4336 computatur.
2723 4264 2798 4321 Iu

370 4336 492 4392 Deo
526 4339 721 4392 autem
754 4346 871 4391 nou
901 4339 1095 4415 potest
1122 4347 1256 4394 esse
1297 4335 1522 4407 aliquid
1547 4334 1655 4406 ‘per
1703 4335 1945 4393 modum
1977 4335 2324 4395 accidentis.
2360 4337 2428 4395 ln
2453 4337 2576 4395 Deo
2600 4332 2808 4409 igitur

370 4417 483 4465 sua
511 4406 665 4466 actio
691 4417 816 4466 non
842 4409 936 4466 est
960 4404 1124 4468 eliud
1152 4419 1190 4466 a
1211 4419 1325 4469 sua
1349 4406 1688 4469 substantia
1714 4413 1775 4467 et
1800 4420 1838 4467 a
1861 4418 1978 4468 sua
2002 4406 2289 4481 potentia.
