3076 5025
1150 376 1283 431 ΠΒ.
1322 375 1422 441 ΠΙ,
1464 374 1617 431 CAP.
1661 375 1746 431 lx.
2558 377 2662 431 267

205 501 466 626 Boneret
514 495 767 555 alterum
820 495 1285 566 contrariorum,
1341 500 1505 554 esset
1578 495 1831 568 privatio
1878 495 1970 553 vel
2019 494 2260 576 negatio
2336 508 2512 566 pura.
2552 496 2666 554 Sed

248 581 441 696 fnum
491 571 550 623 et
617 567 842 625 malum
896 567 1179 625 dicuntur
1231 580 1367 625 esse
1423 567 1744 625 contraria.
1799 566 2017 624 Malum
2075 567 2259 638 igitur
2308 572 2403 624 est
2450 572 2668 625 natura

209 653 292 697 61
339 652 440 695 06.
993 687 1002 704 ,

286 653 441 770 gem,
471 706 701 766 bonum
734 712 793 764 et
817 706 1044 765 malum
1074 705 1358 764 dicuntur
1384 720 1520 764 esse
1546 719 1767 778 genera
1794 706 2232 765 contrariorum
2254 705 2327 764 ab
2347 707 2665 765 Aristotele

212 777 366 850 (Post
387 778 806 850 praedieam.‚c.
827 782 852 834 1
888 777 953 834 in
980 776 1189 850 calce).
1222 776 1553 849 cujuslibet
1576 783 1772 834 autem
1804 776 2043 850 generis
2070 781 2161 834 est
2198 777 2463 835 essentia
2481 784 2541 835 et
2564 792 2667 836 na-

211 855 351 907 tura
377 849 614 922 aliqua;
648 862 787 907 nam
832 861 957 905 non
1000 848 1159 905 entis
1203 862 1327 906 non
1375 852 1518 906 sunt
1559 848 1793 919 species
1838 862 2031 919 neque
2074 845 2446 918 differentiae,
2496 855 2555 906 et
2583 849 2667 906 ita

211 918 382 993 quod
409 932 533 977 non
555 925 648 978 est
676 932 801 978 non
823 923 1023 991 potest
1052 931 1190 976 esse
1218 932 1435 992 genus.
1466 918 1687 976 Malum
1714 923 1809 976 est
1829 918 2014 991 igitur
2057 917 2259 990 aliqua
2297 919 2563 977 essentia
2607 924 2667 976 et

211 996 457 1048 natura.

287 1060 511 1131 Adhuc,
548 1073 727 1118 omne
758 1058 920 1132 quod
946 1057 1073 1130 agit
1097 1062 1190 1116 est
1216 1071 1314 1116 res
1344 1058 1568 1130 aliqua.
1596 1059 1815 1116 Malum
1846 1065 2045 1116 autem
2071 1059 2216 1131 agit,
2262 1058 2326 1115 in
2374 1065 2663 1140 quantum

211 1130 483 1199 malum;
516 1134 811 1203 repugnat
841 1128 1003 1186 enim
1025 1127 1186 1186 bono
1215 1136 1270 1186 et
1297 1128 1628 1200 corrumpit
1655 1129 1878 1201 ipsum.
1908 1130 2124 1187 Malum
2154 1129 2358 1202 igitur,
2390 1143 2453 1187 1n
2482 1144 2666 1203 quan—

210 1207 345 1259 tum
377 1201 627 1269 malum,
659 1206 752 1258 est
778 1213 877 1258 res
906 1199 1131 1271 aliqua.

285 1272 567 1398 Amplius,
598 1272 662 1329 in
731 1270 1051 1329 uibuscum
1095 1284 1175 1327 ue
1205 1269 1509 1327 invenitur
1534 1270 1731 1351 magis
1754 1274 1812 1327 et
1835 1269 2060 1339 011006,
2092 1275 2323 1351 oportet
2354 1271 2515 1342 quod
2544 1270 2669 1329 sint

212 1355 315 1400 res
373 1342 591 1414 610066
644 1342 681 1399 b
766 1347 935 1400 entes
992 1354 1062 1397 or
1103 1342 1300 1409 inem;
1354 1347 1707 1413 negationes
1760 1341 1920 1398 enim
1992 1346 2051 1398 et
2123 1341 2486 1412 privationes
2540 1355 2667 1400 non

214 1412 559 1485 suscipiunt
580 1411 775 1485 magis
799 1416 859 1469 et
873 1411 1097 1469 minus.
1127 1410 1433 1468 Invenitur
1449 1415 1648 1468 autem
1676 1411 1833 1468 inter
1861 1411 2021 1469 mala
2047 1424 2235 1469 unum
2257 1411 2444 1469 altero
2470 1411 2663 1484 pejus.

217 1484 466 1555 oportet
484 1482 693 1555 igitur,
714 1486 780 1540 ut
805 1481 1061 1552 videtur,
1082 1481 1243 1553 quod
1265 1480 1484 1538 malum
1518 1481 1599 1539 sit
1627 1495 1723 1539 res
1750 1482 1971 1554 aliqua.

284 1555 575 1625 Praeterea,
604 1565 703 1610 res
729 1557 786 1609 et
816 1565 926 1611 606
954 1556 1402 1612 convertuntur.
1428 1555 1529 1610 Est
1557 1559 1756 1610 autem
1787 1552 2012 1610 malum
2032 1551 2097 1609 in
2112 1551 2359 1611 mundo.
2385 1553 2540 1624 Ergo
2575 1557 2669 1611 est

217 1636 319 1682 res
343 1623 549 1698 aliqua
576 1628 636 1681 et
663 1627 898 1681 natura.

1245 1840 1503 1907 CAPUT
1544 1843 1648 1906 tx.

820 2022 1138 2069 RESPoNslo
1167 2023 1249 2068 Ab
1285 2024 1625 2070 PnAEmc'rAs
1652 2025 2057 2072 omsscnoNES.

289 2186 410 2244 Has
441 2189 643 2243 autem
671 2186 937 2244 rationes
966 2198 1090 2244 non
1115 2184 1359 2244 difficile
1384 2192 1477 2245 est
1506 2187 1761 2247 solvere.

286 2256 506 2315 Malum
535 2257 699 2314 enim
728 2261 787 2314 et
811 2256 1040 2315 bonum
1065 2256 1129 2313 in
1160 2257 1491 2316 moralibus
1521 2258 1817 2329 specificae
1852 2257 2207 2318 differentiae
2236 2265 2565 2332 ponuntur,
2597 2265 2666 2319 ut

215 2328 413 2456 Brima
439 2327 595 2385 ratio
617 2326 1009 2409 proponebat,
1030 2327 1170 2399 quia
1190 2328 1443 2386 moralia
1487 2343 1524 2385 a
1564 2329 1872 2387 voluntate
1919 2329 2276 2400 dependent.
2323 2331 2666 2390 Secundum

262 2411 336 2456 00
361 2398 525 2455 enim
552 2396 781 2478 altqmd
809 2397 883 2455 ad
915 2410 1109 2469 genus
1134 2401 1322 2456 moris
1351 2398 1608 2469 pertinet
1633 2399 1795 2471 quod
1825 2406 1918 2457 est
1940 2400 2368 2459 voluntarium.
2388 2402 2669 2459 volunta-

216 2468 298 2527 tis
326 2472 528 2528 autem
567 2467 865 2540 objectum
892 2472 983 2527 est
1013 2466 1154 2527 finis
1183 2473 1241 2527 et
1272 2468 1538 2539 bonum;
1571 2468 1731 2527 unde
1758 2484 1795 2528 a
1816 2468 1936 2527 flue
1967 2470 2230 2543 speciem
2260 2471 2515 2530 moralia
2543 2484 2670 2531 sor-

216 2539 471 2609 tiuntur,
502 2539 661 2598 sicut
688 2544 747 2596 et
769 2538 1074 2597 naturales
1103 2541 1372 2597 actiones
1397 2553 1433 2597 a
1454 2540 1650 2597 forma
1683 2540 1962 2613 principii
1995 2541 2193 2610 activi,
2237 2547 2304 2600 ut
2351 2542 2666 2601 calefactio

217 2624 258 2668 a
287 2610 510 2669 calore.
539 2609 692 2679 Quia
716 2610 901 2691 igitur
926 2609 1174 2689 bonum·
1199 2616 1257 2667 et
1295 2609 1520 2667 malum
1567 2610 1850 2668 dicuntur
1893 2610 2225 2669 secundum
2274 2612 2548 2671 ordinem
2591 2613 2669 2671 ad

217 2680 401 2739 finem
429 2679 524 2737 vel
554 2680 949 2753 privatlonem
979 2680 1232 2749 ordinis,
1264 2685 1498 2751 oportet
1541 2681 1702 2752 quod
1753 2681 1813 2738 in
1868 2682 2200 2740 moralibus
2247 2683 2454 2755 primae
2503 2683 2671 2741 diffe—

216 2752 427 2810 rentiae
458 2751 582 2809 sint
608 2751 835 2809 bonum
864 2755 920 2807 et
951 2750 1197 2832 malum.
1243 2751 1433 2807 Unius
1477 2756 1677 2825 autem
1720 2752 1962 2824 generis
2012 2758 2247 2834 oportet
2297 2767 2435 2812 esse
2484 2768 2666 2812 unam

216 2835 567 2880 mensuram
595 2821 871 2893 primam.
901 2820 1213 2879 Moralium
1240 2826 1439 2878 autem
1490 2835 1778 2880 mensura
1820 2829 1914 2880 est
1966 2827 2141 2881 ratio.
2185 2826 2427 2896 Oportet
2481 2824 2501 2881 i
2547 2822 2668 2882 itur

219 2892 383 2966 quod
408 2891 582 2950 atine
603 2892 856 2950 rationis
886 2891 1162 2949 dicantur
1189 2891 1393 2973 aliqua
1427 2892 1490 2949 10
1520 2891 1854 2951 moralibus
1906 2892 2068 2951 bona
2110 2893 2203 2951 vel
2255 2895 2436 2953 mala.
2546 2895 2667 2953 uod

220 2962 410 3090 {ig-itur
433 2963 497 3020 in
528 2962 860 3021 moralibus
881 2963 1130 3021 sortitur
1160 2976 1418 3034 speciem
1450 2978 1487 3020 a
1514 2962 1633 3020 fine
1686 2963 1788 3034 qui
1837 2968 1930 3021 est
1977 2965 2309 3023 secundum
2370 2966 2667 3025 rationem

263 3034 445 3091 icitur
473 3033 808 3091 secundum
838 3033 1098 3105 speciem
1130 3047 1303 3091 suam
1348 3033 1610 3103 bonum;
1664 3034 1826 3108 quod
1870 3048 2011 3093 vero
2060 3037 2309 3094 sortitur
2338 3037 2600 3109 speciem
2631 3051 2668 3095 a

217 3103 340 3162 fine
361 3104 665 3162 contrario
692 3103 798 3161 fini
830 3104 1083 3162 rationis
1112 3103 1330 3162 dicitur
1356 3104 1691 3163 secundum
1721 3105 1985 3176 speciem
2012 3120 2185 3165 suam
2215 3108 2461 3166 malum.
2500 3108 2666 3166 Finis

219 3179 422 3234 autem
455 3174 578 3238 ille,
610 3174 722 3233 etsi
773 3174 948 3232 tollat
990 3173 1169 3232 finem
1215 3175 1491 3243 rationis,
1534 3182 1628 3234 est
1671 3181 1873 3233 tamen
1915 3177 2161 3250 aliquod
2207 3177 2456 3249 bonum,
2507 3177 2668 3237 sicut

219 3244 571 3303 delectabile
592 3244 924 3303 secundum
945 3259 1192 3304 sensum
1213 3245 1306 3303 vel
1326 3245 1552 3327 aliquid
1583 3245 1930 3319 hujusmodi
1955 3266 1970 3317 ;
1997 3248 2156 3306 unde
2180 3254 2240 3306 et
2266 3250 2331 3306 in
2360 3249 2666 3331 aliquibus

218 3314 588 3374 animalibus
623 3320 767 3375 sunt
791 3315 973 3386 bona,
1003 3322 1063 3373 et
1090 3315 1322 3373 bomini
1353 3322 1556 3386 etiam,
1585 3332 1769 3390 quum
1801 3321 1945 3375 sunt
1989 3319 2321 3378 secundum
2370 3326 2664 3379 rationem

217 3386 549 3456 moderata,
578 3391 639 3444 et
684 3386 982 3458 contingit
1029 3385 1189 3459 quod
1236 3391 1330 3445 est
1371 3388 1597 3445 malum
1647 3387 1751 3445 uni
1781 3402 1916 3446 esse
1943 3388 2172 3448 bonum
2207 3390 2399 3448 alteri.
2430 3392 2499 3447 Et
2527 3390 2664 3450 ideo

216 3471 332 3515 nec
359 3456 610 3526 malum,
646 3456 979 3515 secundum
1008 3457 1168 3537 quod
1187 3462 1280 3515 est
1307 3455 1644 3515 differentia
1671 3458 1954 3529 specifica
1979 3459 2040 3516 in
2072 3474 2289 3533 genere
2319 3460 2638 3519 moralium

215 3527 504 3599 importat
536 3527 762 3600 aliquid
794 3527 953 3599 quod
982 3532 1064 3584 sit
1098 3526 1430 3585 secundum
1463 3529 1787 3601 essentiam
1818 3542 1989 3610 suam
2019 3530 2266 3601 malum,
2296 3531 2404 3591 sed
2437 3505 2665 3613 aliquid

217 3597 382 3672 quod
424 3598 757 3656 secundum
787 3611 854 3656 se
890 3602 982 3655 est
1024 3597 1273 3666 bonum,
1300 3598 1525 3656 malum
1552 3603 1750 3657 autem
1776 3599 2030 3670 homini,
2065 3600 2129 3658 in
2159 3609 2448 3674 quantum
2472 3608 2666 3674 privat

217 3669 492 3727 ordinem
521 3668 796 3737 rationis,
824 3667 985 3741 quod
1014 3671 1109 3726 est
1135 3667 1402 3726 hominis
1429 3669 1678 3728 bonum.
1849 3679 1856 3687 ·

290 3742 375 3797 Ex
402 3753 523 3820 quo
553 3740 731 3798 etiam
761 3743 924 3812 patet
994 3737 1113 3819 uod
1143 3738 1368 3821 malum
1414 3745 1474 3796 et
1513 3740 1740 3799 bonum
1786 3745 1930 3799 sunt
1972 3740 2293 3809 contraria,
2325 3743 2657 3802 secundum

217 3810 383 3884 quod
423 3823 488 3867 10
540 3824 761 3884 genere
808 3822 941 3868 mor
1002 3822 1126 3867 ium
1176 3815 1570 3880 accipiuntur,
1601 3823 1724 3869 non
1767 3816 1961 3869 autem
2012 3811 2365 3883 simpliciter
2398 3821 2661 3887 accepta,

217 3880 381 4008 sicut
404 3881 676 4009 {lecunda
701 3880 857 3939 ratio
883 3878 1288 3954 proponebat3
1319 3880 1425 3939 sed
1453 3881 1680 3939 malum
1708 3881 1962 3954 privatio
1983 3886 2077 3941 est
2100 3882 2268 3954 boni,
2286 3883 2350 3940 in
2372 3892 2663 3957 quantum

290 4023 512 4081 Eodem
543 4023 720 4080 etiam
746 4022 929 4081 modo
953 4025 1152 4094 potest
1180 4019 1371 4092 accipi
1399 4021 1644 4092 dictum,
1675 4022 1834 4095 quod
1863 4023 2089 4082 malum
2118 4028 2177 4081 et
2202 4024 2451 4095 bonum,
2485 4035 2666 4099 prout

214 4096 365 4154 sunt
404 4094 467 4150 in
493 4092 826 4174 moralibus
855 4097 998 4152 sunt
1032 4093 1093 4150 in
1148 4106 1367 4174 genere
1397 4093 1854 4159 contrariorum,
1879 4109 1952 4152 ex
2002 4108 2122 4167 quo
2149 4097 2325 4154 tertia
2352 4097 2504 4155 ratio
2532 4113 2666 4171 pro-

213 4164 487 4223 cedebat.
520 4165 801 4221 Omntum
831 4164 992 4221 enim
1021 4168 1461 4221 contrariorum
1487 4163 1807 4222 moralium
1821 4164 1913 4223 vel
1946 4170 2144 4223 utrum
2191 4181 2264 4224 ue
2292 4172 2384 4225 est
2412 4169 2660 4242 malum,

213 4235 377 4294 sicut
460 4233 588 4291 rodi
636 4233 812 4292 alitas
850 4238 911 4291 et
946 4233 1341 4297 illiberalitas,
1394 4233 1489 4291 vel
1537 4248 1724 4292 unum
1766 4234 1992 4294 bonum
2023 4241 2082 4294 et
2126 4242 2377 4296 aterum
2410 4240 2661 4312 malum,

212 4304 376 4365 sicut
444 4304 608 4362 ibera
633 4303 749 4362 itas
773 4308 831 4361 et
859 4303 1251 4363 illiberalitas.
1285 4307 1386 4362 Est
1413 4304 1598 4376 igitur
1619 4305 1844 4364 malum
1873 4307 2097 4366 morale
2140 4313 2200 4366 et
2225 4323 2417 4381 genus
2447 4315 2506 4367 et
2547 4310 2662 4370 dif-

213 4375 512 4445 ferentia3
548 4386 674 4433 non
703 4372 1035 4432 secundum
1074 4375 1236 4447 quod
1264 4379 1357 4433 est
1402 4375 1656 4447 privatio
1682 4375 1827 4434 boni
1860 4378 2135 4459 rationis³
2165 4393 2238 4437 ex
2278 4394 2398 4453 quo
2442 4380 2664 4440 dicitur

214 4446 468 4515 malum,
496 4444 604 4505 sed
634 4457 708 4503 ex
735 4448 950 4503 natura
974 4444 1231 4525 actionis
1269 4445 1363 4502 vel
1387 4444 1631 4504 habitus
1659 4446 1917 4505 ordinati
1948 4448 2023 4507 ad
2057 4450 2316 4523 aliquem
2345 4450 2525 4507 finem
2555 4451 2660 4521 qui

213 4520 514 4590 repugnat
555 4514 758 4575 debito
805 4512 911 4574 fini
954 4515 1249 4586 rationis;
1277 4515 1437 4575 sicut
1464 4516 1647 4575 homo
1673 4531 1870 4576 caecus
1903 4523 1997 4577 est
2049 4518 2314 4578 hominis
2343 4519 2659 4576 inviduum
