3076 5025
442 292 554 347 576
1259 302 1266 311 ·
1299 260 1308 277 '
1371 283 1504 338 uu.
1545 283 1635 342 lv,
1676 281 1828 336 car.
1868 282 1961 336 m.

448 409 621 470 liberi
651 407 901 475 arbitrii,
927 405 1059 465 siue
1101 418 1224 486 quo
1265 403 1471 462 nullus
1498 410 1670 462 actus
1711 402 1939 460 homini
1966 402 2029 459 in
2061 400 2297 473 culpam
2327 401 2679 472 imputatur.
2713 402 2911 474 Opotb

450 487 533 538 tot
565 481 749 559 igitur
776 478 970 535 dicere
998 476 1060 533 in
1088 490 1176 534 eis
1230 488 1366 533 esse
1412 482 1715 555 peccatum
1751 488 1853 544 per
1896 473 2188 545 originem
2218 471 2576 553 traductum,
2606 486 2815 552 quum
2840 472 2899 533 in

451 551 734 624 operibus
780 549 880 606 Dei
913 553 970 604 et
1009 546 1284 604 Ecclesiae
1310 545 1459 602 nihil
1491 545 1571 602 sit
1599 558 1813 602 vanum
1855 548 1913 601 et
1957 544 2193 601 frustra.
2223 570 2295 583 —
2319 543 2382 599 Sl
2426 547 2629 598 autem
2664 541 2899 603 dlcatoe

449 621 610 696 quod
645 620 983 690 Baptismus
1011 616 1343 674 infantibus
1372 616 1564 683 datur,
1597 628 1715 673 non
1747 619 1812 672 ut
1842 629 1880 672 a
1906 619 2148 686 peccato
2176 613 2556 693 mundentur.
2581 612 2697 670 sed
2728 619 2801 671 ut
2828 612 2903 674 αἱ

450 704 701 762 regnum
736 690 838 746 Dei
867 688 1231 760 perveniant,
1257 699 1378 760 quo
1408 685 1696 757 perveniri
1755 699 1876 742 non
1909 690 2103 755 potest
2138 697 2270 741 sine
2317 685 2627 754 Baptismo
2680 682 2899 757 (quum

449 762 744 820 Dominus
782 759 938 816 dicat
970 776 986 814 ε
1011 760 1138 815 Nisi
1197 760 1282 813 uis
1305 763 1528 813 renatus
1550 756 1722 823 fuerit
1746 771 1816 811 em
1841 771 1990 826 aqua
2032 759 2084 811 et
2108 755 2325 824 spiritu
2349 758 2557 817 sancto,
2587 769 2707 810 non
2719 758 2905 825 potest

446 835 677 888 introire
693 834 754 886 in
780 845 1006 899 reanum
1032 830 1134 884 Dei
1158 773 1396 900 florina..
1422 841 1511 894 111,
1544 826 1642 898 5]),
1684 825 1800 884 hoc
1827 838 2045 907 vanum
2069 831 2183 907 est.
2214 824 2424 906 lfiullus
2449 824 2609 906 enim
2629 838 2901 907 aregno

450 903 554 960 Dei
588 900 923 958 excluditur
949 898 1068 957 nisi
1095 904 1336 970 propter
1362 898 1623 971 aliquam
1652 897 1910 969 culpam.
1959 899 2120 954 Finis
2147 909 2301 952 emm
2334 908 2536 952 omnis
2576 895 2901 976 rationalis

447 977 738 1029 creaturae
767 974 859 1028 est
887 973 953 1027 ut
997 969 1071 1027 ad
1107 968 1533 1026 beatitudinem
1579 968 1901 1039 perveniat,
1933 980 2065 1039 quae
2110 979 2246 1023 esse
2279 978 2399 1022 non
2430 969 2635 1036 potest
2679 978 2805 1024 nisi
2830 966 2905 1025 in

450 1055 641 1113 regno
681 1041 824 1111 Dei3
855 1040 1015 1113 quod
1115 1040 1313 1096 uidem
1357 1037 1505 1096 nihil
1534 1044 1628 1095 est
1654 1037 1816 1095 aliud
1863 1050 2042 1110 quam
2075 1036 2354 1116 ordinata·
2383 1036 2653 1117 societas
2682 1048 2901 1096 eorum

450 1113 553 1185 qui
582 1112 784 1169 divina
814 1111 1044 1168 visione
1101 1115 1374 1178 ruuntur,
1405 1110 1468 1166 in
1510 1123 1629 1181 qua
1673 1123 1812 1166 vera
1840 1107 2141 1165 beatitudo
2185 1111 2483 1174 consistit,
2516 1111 2585 1164 ut
2627 1111 2793 1178 patet
2818 1119 2899 1167 cx

450 1181 552 1240 his
591 1196 724 1255 quae
772 1188 913 1240 sunt
964 1184 1210 1238 ostensa
1238 1179 1303 1251 (l.
1330 1192 1419 1248 111,
1456 1194 1509 1238 c.
1540 1183 1607 1237 37
1642 1184 1698 1236 et
1728 1177 1880 1251 seq.)
1905 1177 2061 1236 Nihil
2095 1181 2331 1235 autema
2380 1175 2509 1258 ,θος
2554 1190 2674 1234 suo
2693 1175 2903 1235 deficit

451 1252 571 1310 nisi
599 1258 837 1324 propter
859 1250 1103 1324 aliquod
1132 1254 1460 1321 peccatum.
1490 1249 1750 1322 Siigitur
1768 1248 1933 1321 pueri
1951 1248 2216 1307 nondum
2235 1247 2312 1305 ba
2351 1251 2512 1304 tizan
2531 1246 2610 1305 ad
2636 1260 2893 1320 regnum

451 1323 555 1380 Dei
588 1322 895 1393 pervenire
925 1335 1044 1378 non
1088 1326 1365 1392 possunt,
1396 1326 1630 1392 oportet
1655 1320 1850 1378 dicere
1878 1332 2013 1376 esse
2042 1319 2103 1375 in
2133 1319 2224 1376 eis
2274 1331 2309 1373 a
2335 1316 2518 1389 iquod
2548 1325 2893 1389 peccatum.

452 1393 548 1450 Sic
575 1394 775 1474 igitur.
808 1391 1134 1449 secundum
1167 1389 1473 1449 catholicae
1509 1390 1647 1447 fidei
1698 1389 2097 1458 traditionem,
2125 1387 2450 1446 tenendum
2476 1394 2574 1446 est
2609 1386 2899 1449 homines

449 1476 622 1523 nasci
648 1476 786 1520 cum
811 1469 1056 1534 peccato
1079 1461 1377 1534 originali.
1407 1461 1503 1533 (Dc
1531 1461 1694 1523 malo,
1720 1475 1779 1533 q.
1809 1474 1896 1530 ιν,
1936 1465 2045 1518 art.
2076 1456 2153 1531 6.)

1477 1680 1731 1745 CAPUT
1751 1681 1848 1744 Li.
1950 1650 1959 1659 “

982 1861 1360 1907 OBJEGTIONES
1405 1860 1636 1906 CONTRA
1678 1860 1981 1906 PECGATUI
2016 1858 2349 1905 ommium.

522 2023 671 2080 Sunt
709 2026 906 2080 autem
931 2022 1198 2094 quaedam
1230 2022 1422 2080 adhuc
1452 2036 1584 2095 quae
1609 2022 1837 2079 veritati
1869 2021 2169 2080 adversari
2196 2020 2493 2079 videntur.

529 2095 841 2150 Peccatum
872 2095 1032 2149 enim
1087 2092 1267 2149 unius
1323 2093 1461 2150 aliis
1490 2106 1611 2150 non
1664 2092 1989 2164 imputatur
2027 2092 2101 2150 ad
2150 2092 2422 2164 culpam;
2455 2090 2617 2149 unde
2673 2090 2892 2151 dicitur

445 2163 613 2237 quod
645 2164 792 2233 filius
837 2177 946 2218 non
989 2167 1178 2232 portat
1219 2163 1567 2233 iniquitatem
1583 2165 1768 2233 patris
1795 2161 2032 2234 (Eme-h„
2062 2175 2236 2230 xvnl,
2265 2162 2387 2233 19);
2430 2168 2489 2220 et
2523 2160 2709 2220 hu'us
2735 2162 2889 2219 ratio

457 2239 553 2290 est
571 2233 710 2303 quia
743 2243 859 2288 non
896 2231 1206 2288 laudamur
1241 2243 1434 2303 neque
1459 2235 1863 2300 vituperamur
1890 2233 2007 2289 nisi
2039 2247 2113 2289 ex
2142 2232 2239 2290 his
2267 2246 2400 2305 quae
2420 2233 2483 2289 in
2512 2246 2596 2291 no
2642 2233 2697 2290 is
2722 2236 2887 2290 sunt.

456 2304 593 2361 Haec
619 2307 812 2358 autem
846 2307 988 2357 sunt
1015 2315 1148 2382 quae
1164 2307 1369 2358 nostra
1395 2302 1699 2365 voluntate
1719 2303 2174 2358 committimus,
2204 2305 2336 2359 Non
2366 2301 2550 2373 igitur
2576 2307 2887 2373 peccatum

454 2372 629 2447 primi
659 2370 923 2428 hominis
952 2375 1059 2428 ton
1096 2370 1358 2429 humano
1387 2371 1590 2444 generi
1614 2370 1961 2442 imputatur.

523 2445 577 2500 Si
613 2455 751 2499 vero
781 2442 918 2514 quis
946 2440 1101 2498 dicat
1143 2442 1324 2514 quod,
1369 2454 1489 2500 uno
1517 2446 1819 2511 peccante,
1865 2454 2078 2500 omnes
2124 2447 2519 2515 peccaverunt
2543 2441 2608 2498 in
2636 2442 2795 2515 ipso,
2822 2446 2887 2500 ut

450 2517 498 2572 A
540 2512 774 2571 ostolus
802 2512 998 2570 dicere
1029 2511 1259 2570 videtur
1291 2511 1485 2582 (Rom,
1516 2525 1578 2575 v,
1607 2517 1715 2583 ¹9),
1743 2518 1801 2568 et
1819 2512 1907 2570 sic
1939 2511 2040 2570 uni
2070 2527 2190 2570 non
2213 2512 2540 2583 imputatur
2567 2518 2879 2585 peccatum

449 2528 723 2653 asterius,
766 2582 872 2640 sed
919 2596 1096 2640 suum
1142 2589 1470 2663 peccatum,
1511 2581 1625 2639 hoc
1663 2582 1862 2650 etiam,
1893 2588 1956 2639 ut
1984 2582 2234 2652 videtur,
2282 2590 2441 2641 stare
2482 2596 2608 2640 non
2641 2589 2881 2654 potest;

453 2654 596 2727 quia
623 2653 708 2710 illi
738 2653 839 2725 qui
888 2667 961 2709 ex
991 2652 1172 2732 Adam
1222 2659 1342 2708 nau
1370 2659 1531 2721 sunt,
1582 2652 1822 2733 quando
1849 2652 2031 2733 Adam
2078 2654 2362 2733 peccavit,
2410 2653 2474 2710 in
2502 2666 2578 2712 eo
2606 2654 2876 2713 nondum

453 2730 626 2784 erant
653 2729 810 2792 actu,
859 2722 962 2780 sed
1011 2727 1223 2779 virtute
1264 2727 1515 2789 tantum,
1561 2728 1718 2778 sicut
1756 2734 1816 2778 in
1847 2736 2039 2793 prima
2082 2724 2627 2795 orlgine;peccare
2657 2730 2877 2789 autem,

450 2807 635 2868 quum
667 2793 747 2851 sit
773 2805 968 2873 agere,
1000 2805 1121 2850 non
1147 2793 1431 2863 competit
1455 2792 1577 2849 nisi
1612 2792 1890 2850 existenti
1937 2793 1999 2849 in
2047 2798 2217 2863 actu;
2247 2807 2374 2852 non
2399 2794 2584 2866 igitur
2604 2794 2668 2851 in
2696 2794 2881 2853 Adam

452 2877 666 2922 omnes
692 2875 1090 2933 peccavimus.

522 2935 582 2990 Si
616 2939 813 2990 autem
843 2934 922 2990 ita
974 2932 1205 2990 dicatur
1240 2945 1355 2990 nos
1385 2932 1443 2988 in
1472 2932 1658 2989 Adam
1687 2947 1970 3003 peccasse
1998 2933 2170 3007 quasi
2216 2933 2592 3016 originaliter
2615 2933 2694 2994 ab
2719 2935 2881 2995 eoin

453 3017 568 3062 nos
598 3010 901 3075 peccatum
934 3003 1241 3083 proveniat
1268 3002 1448 3059 simul
1493 3017 1628 3084 curn
1671 3010 1901 3074 natura,
1947 3004 2063 3063 hoc
2105 3005 2281 3062 etiam
2315 3004 2694 3077 impossibile
2716 3005 2879 3065 vide·

450 3079 568 3132 tur.
599 3073 886 3131 Accidens
916 3086 1097 3135 emm.
1148 3087 1329 3146 quum
1362 3071 1434 3130 de
1484 3075 1753 3145 subjecto
1788 3074 1859 3132 ad
1905 3074 2236 3133 sub'ectum
2290 3088 2413 3134 non
2442 3082 2726 3145 transeat,
2758 3089 2877 3135 non

451 3150 651 3217 potest
705 3143 952 3211 traduci,
1009 3143 1126 3202 nisi
1199 3142 1528 3215 subJectum
1601 3144 1961 3202 traducatur.
2059 3145 2352 3217 ubjectum
2404 3152 2604 3204 autem
2654 3146 2876 3219 mccati

450 3216 652 3272 anima
681 3214 990 3272 rationalis
1011 3220 1124 3283 est,
1153 3228 1286 3286 qnae
1328 3227 1447 3271 non
1496 3214 1823 3272 traducitur
1846 3215 1908 3272 in
1952 3228 2066 3274 nos
2098 3231 2173 3274 ex
2196 3216 2390 3288 primo
2415 3222 2660 3288 parente
2710 3216 2821 3276 sed
2844 3231 2881 3276 a

449 3285 571 3365 Deo
605 3284 929 3365 sigillatim·
953 3290 1188 3342 creatur
1212 3284 1272 3342 in
1317 3298 1702 3357 unoquoque,
1733 3292 1795 3342 ut
1845 3292 2156 3344 ostensum
2182 3292 2277 3345 est
2318 3285 2385 3359 (l.
2411 3299 2480 3353 11,
2508 3300 2567 3344 c.
2597 3259 2713 3360 863.
2743 3290 2872 3346 Non

448 3354 627 3427 igitur
657 3369 759 3426 per
783 3368 1069 3427 or1g1nem
1101 3362 1403 3425 peccatum
1438 3356 1506 3413 ad
1543 3369 1654 3412 nos
1684 3355 1758 3413 ab
1786 3356 1968 3413 Adam
1999 3356 2251 3416 derivari
2285 3362 2497 3429 potest.

518 3426 735 3488 Adhuc,
768 3424 820 3483 si
850 3431 1154 3496 peccatum
1182 3439 1219 3483 a
1237 3426 1429 3507 primo
1457 3432 1700 3498 parente
1727 3426 1787 3482 in
1809 3425 1965 3485 alios
1995 3426 2313 3497 derivatur,
2338 3426 2483 3501 quia
2507 3427 2584 3486 ab
2603 3442 2679 3486 co
2697 3428 2876 3502 origi·

448 3507 585 3552 nem
612 3497 874 3576 trahunt,
900 3509 1079 3567 quum
1117 3496 1386 3576 Christus
1415 3511 1453 3554 a
1502 3497 1693 3576 primo
1738 3503 1978 3567 parente
2019 3498 2313 3570 originem
2364 3498 2620 3567 duxerit,
2651 3499 2879 3557 videtur

448 3566 606 3638 quod
638 3566 766 3636 ipse
785 3572 1221 3693 etlamfeccato
1243 3567 1523 3647 originali
1546 3569 1658 3647 sub
1684 3573 1851 3624 ectus
1875 3567 2073 3637 fuerit3
2097 3568 2255 3641 quod
2286 3574 2378 3626 est
2401 3568 2667 3627 alienum
2688 3583 2725 3628 a
2741 3568 2872 3629 fide.

514 3639 803 3699 Praeterea,
836 3650 955 3707 quo
1035 3642 1421 3709 consequ1tur
1448 3639 1630 3717 aliqui
1720 3640 2046 3696 secundum
2089 3652 2259 3697 suam
2311 3639 2611 3709 originem
2642 3645 2877 3699 natura·

447 3706 566 3764 lem
600 3712 691 3764 est
717 3707 771 3764 ei
801 3705 1087 3764 naturale.
1131 3707 1299 3776 Quod
1344 3712 1434 3764 est
1479 3707 1658 3765 alicui
1701 3709 1970 3766 naturale
2000 3721 2119 3766 non
2150 3714 2245 3768 est
2281 3714 2589 3781 peccatum
2618 3709 2681 3766 in
2726 3709 2872 3782 ipso,

433 3777 603 3836 sicut
634 3777 692 3832 in
727 3776 886 3847 talpa
915 3790 1033 3834 non
1065 3783 1158 3835 est
1182 3785 1487 3848 peccatum
1520 3777 1676 3850 quod
1709 3778 1840 3836 visu
1868 3783 2048 3838 caret.
2082 3781 2213 3838 Non
2237 3780 2422 3851 igitur
2446 3792 2554 3850 per
2582 3779 2873 3854 originem

446 3859 481 3904 a
505 3849 699 3918 primo
729 3847 966 3904 homine
996 3853 1301 3919 peccatum
1331 3847 1406 3906 ad
1435 3848 1591 3906 alios
1620 3850 1811 3920 potuit
1839 3848 2109 3907 derivari.

518 3917 575 3973 Si
609 3924 804 3975 autem
836 3918 1066 3976 dicatur
1096 3920 1256 3991 quod
1285 3926 1587 3989 peccatum
1617 3934 1651 3976 a
1680 3920 1873 3989 primo
1904 3925 2144 3991 parente
2167 3920 2229 3978 in
2256 3926 2534 3992 posteros
2579 3919 2875 3980 derivatu‘r

389 4035 392 4042 ,
443 3999 554 4066 per
575 3988 890 4060 originem,
921 4001 1043 4046 non
1070 3987 1133 4045 in
1162 3996 1449 4061 quantum
1469 3995 1558 4046 est
1584 3990 1897 4058 naturalis,
1928 3990 2031 4048 sed
2062 3995 2347 4071 quantum
2378 3996 2474 4048 est
2499 3991 2733 4056 vitiata.
2764 3993 2872 4051 hoe

439 4060 643 4123 etiam,
678 4063 739 4114 ut
767 4059 1016 4126 videtur,
1065 4064 1223 4116 stare
1251 4072 1370 4118 non
1417 4065 1632 4132 potest.
1681 4061 1956 4119 Defectus
2003 4074 2158 4118 emm
2188 4061 2250 4118 iu
2283 4074 2463 4133 opere
2493 4068 2729 4121 naturae
2757 4073 2871 4120 non

440 4127 657 4183 accidit
679 4128 804 4208 ‚nisi
839 4144 940 4200 per
967 4128 1259 4210 desectum
1291 4129 1545 4201 alicujus
1569 4131 1858 4188 naturalis
1881 4131 2179 4202 principii,
2208 4132 2388 4202 sicut,
2417 4146 2524 4203 per
2541 4131 2871 4214 corruptio-

440 4207 579 4252 nem
613 4197 871 4269 aliquam
903 4214 1035 4274 quae
1065 4204 1156 4257 est
1205 4213 1266 4256 in
1297 4201 1547 4269 semine,
1597 4208 1922 4257 causantur
1967 4202 2336 4261 monstruosi
2387 4208 2598 4274 partus
2649 4216 2869 4262 amma·

438 4264 610 4323 lium.
638 4269 763 4324 Non
795 4275 908 4349 est·
932 4277 1130 4327 autem
1176 4270 1316 4328 dare
1365 4271 1623 4353 alicujus
1672 4272 1960 4329 naturalis
2009 4272 2282 4344 principii
2332 4275 2783 4345 corruptionem
2810 4273 2869 4331 in

440 4334 707 4417 humano
762 4350 1010 4418 semine.
1042 4344 1172 4398 Non
1232 4340 1464 4398 videtur
1519 4345 1700 4422 igitur
1727 4343 1883 4414 quod
1927 4341 2170 4417 aliquod
2196 4350 2510 4416 peccatum
2538 4358 2615 4403 ex
2672 4344 2868 4405 vitiata

433 4418 675 4481 origine
695 4407 992 4468 derivetur
1016 4410 1081 4468 in
1105 4417 1385 4485 posteros
1412 4425 1450 4471 a
1473 4425 1670 4485 primo
1700 4417 1960 4485 parente.
