3076 5025
339 256 412 312 78
1260 250 1395 306 LtB.
1432 249 1478 309 Ι.
1520 248 1674 303 CAP.
1713 248 1886 303 Lxxl.

346 377 562 435 dicitur
608 375 829 442 bonus,
899 372 1060 445 quod
1103 386 1308 428 verum
1360 370 1693 443 cognoscit.
1741 372 1957 426 Verum
2008 374 2204 426 autem
2249 382 2372 425 non
2439 368 2638 426 solum
2680 375 2774 428 est

345 448 567 505 bonum
617 460 751 503 esse
802 444 1049 512 bonum,
1079 443 1183 500 sed
1242 443 1419 499 etiam
1462 441 1683 497 malum
1737 454 1872 497 esse
1902 439 2145 496 malum.
2179 440 2342 497 Sicut
2370 439 2527 495 enim
2565 454 2774 500 verum

348 524 437 576 est
490 530 624 573 esse
666 515 824 588 quod
868 521 979 582 est,
1010 516 1093 571 ita
1137 527 1338 570 verum
1368 517 1457 568 εει
1504 525 1622 568 non
1657 525 1790 568 esse
1835 510 1994 582 quod
2020 524 2139 567 non
2186 518 2295 568 est.
2326 512 2553 567 Bonum
2588 512 2778 592 igitur

348 587 690 646 intellectus
740 586 917 642 etiam
964 586 1024 641 in
1079 583 1422 656 cognitione
1472 582 1610 638 mali
1662 581 1958 648 consistit,
1992 580 2096 639 sed
2143 595 2279 638 cum
2327 581 2567 638 divinus
2604 581 2778 641 intel·

347 659 540 716 lectus
572 658 652 714 sit
680 657 978 729 perfectus
1008 655 1294 722 bonitate,
1328 666 1449 710 non
1484 659 1678 724 potest
1698 653 1784 708 itti
1816 652 2024 710 deesse
2049 651 2250 724 aliqua
2277 652 2776 711 intellectualium

296 752 309 780 J
348 729 804 802 perfectionum.
836 727 1013 784 Adest
1045 726 1228 798 igitur
1256 725 1343 780 illi
1376 725 1667 781 malorum
1702 724 1989 794 cognitio.

417 800 692 869 Amplius,
740 800 896 854 Deus
943 795 1255 869 cognoscit
1314 809 1512 851 rerum
1586 794 2067 874 distinctionem,
2118 799 2184 874 ut
2237 806 2430 921 sutpra,
2476 792 2627 865 (cap.
2685 793 2778 875 50)

349 878 661 928 ostensum
706 873 839 926 est:
873 867 1069 925 sedin
1114 866 1341 923 ratione
1391 864 1799 921 distinctionis
1845 871 1937 922 est
1983 870 2260 936 negatio;
2335 870 2578 921 istincta
2613 878 2780 924 enim

351 947 493 1000 sunt
538 953 793 1011 quorum
837 951 1022 995 unum
1071 951 1191 994 non
1222 941 1313 993 est
1359 935 1544 1002 aliud,
1586 935 1741 991 unde
1785 939 1842 991 et
1885 934 2078 1006 prima
2123 949 2254 1007 quae
2302 935 2522 1005 seipsis
2561 934 2780 992 distin·

348 1018 637 1084 guuntur,
682 1016 891 1067 mutuo
922 1008 1016 1066 sui
1063 1008 1441 1080 negationem
1483 1006 1818 1073 includunt,
1871 1006 2102 1063 ratione
2127 1005 2299 1077 cujus
2332 1020 2406 1062 ne
2452 1005 2622 1064 ativae
2645 1019 2786 1087 pro-

432 1082 688 1139 sitio.ies
737 1080 798 1136 in
830 1079 918 1137 eis
958 1085 1100 1136 sunt
1128 1077 1489 1145 immediate,
1518 1083 1585 1133 ut
1615 1095 1645 1126 «
1684 1076 1852 1133 nulla
1893 1076 2195 1148 quantitas
2226 1081 2317 1133 est
2356 1090 2426 1135 su
2474 1082 2784 1135 stantia».

347 1095 672 1224 gognoscit
700 1151 883 1223 igitur
931 1152 1089 1207 Deus
1142 1148 1546 1221 negationem.
1579 1147 1833 1204 Privatio
1877 1153 2074 1203 autem
2100 1147 2340 1218 negatio
2380 1147 2654 1219 quaedam
2688 1152 2782 1205 est

349 1222 412 1281 in
458 1222 728 1292 subjecto
759 1220 1169 1287 determinem,
1193 1225 1257 1276 ιιι
1284 1218 1347 1275 ιιι
1377 1224 1589 1290 quarto
1621 1218 1861 1288 Metaph.
1893 1216 2054 1290 (text.
2084 1231 2301 1275 comm.
2332 1218 2388 1290 4)
2418 1218 2780 1276 ostenditur.

348 1291 637 1374 Agnoscit
682 1291 866 1362 igitur
924 1290 1337 1362 privationem,
1365 1295 1422 1344 et
1464 1303 1571 1360 per
1612 1301 1993 1368 consequens
2016 1287 2261 1357 malum,
2290 1287 2451 1361 quod
2493 1288 2648 1345 nihil
2687 1293 2786 1347 est

352 1363 513 1420 aliud
545 1377 721 1433 quam
749 1361 1001 1432 privatio
1032 1360 1244 1417 debitae
1275 1359 1681 1429 perfectionis.

420 1437 709 1500 Praeterea,
729 1431 780 1488 si
804 1434 960 1488 Deus
988 1429 1299 1502 cognoscit
1329 1443 1542 1487 omnes
1564 1428 1795 1499 species
1816 1442 2037 1497 rerum,
2057 1433 2124 1486 ιιι
2144 1442 2326 1498 supra
2346 1426 2497 1500 (cap.
2516 1433 2585 1486 49
2606 1434 2662 1486 et
2686 1429 2782 1502 50)

350 1504 662 1575 probatum
701 1507 810 1569 est,
837 1508 892 1557 et
923 1500 1101 1557 etiam
1131 1515 1166 1557 a
1195 1499 1550 1572 quibusdam
1582 1500 1962 1570 philosophis
1985 1499 2351 1562 conceditur,
2384 1505 2441 1555 et
2470 1499 2784 1571 probatur,

352 1579 586 1645 oportet
613 1572 770 1645 quod
803 1575 1130 1644 cognoscat
1156 1570 1472 1638 contraria,
1496 1576 1620 1625 tum
1644 1571 1783 1641 quia
1813 1570 2207 1642 quorumdam
2230 1584 2515 1640 generum
2543 1571 2782 1641 species

355 1649 493 1701 sunt
539 1642 872 1703 contrariae.
907 1647 1030 1698 tum
1069 1641 1209 1713 quia
1258 1639 1608 1697 differentiae
1655 1654 1940 1712 generum
1975 1647 2116 1698 sunt
2145 1641 2479 1708 contraria-³,
2522 1648 2585 1698 ut
2620 1647 2780 1712 patet

351 1715 416 1770 in
438 1713 669 1770 decimo
686 1713 927 1782 Metaph.
965 1711 1126 1783 (text.
1149 1725 1365 1769 comm.
1403 1710 1518 1783 ¹3);
1556 1710 1661 1767 sed
1694 1711 1756 1767 in
1782 1712 2099 1769 contrariis
2133 1711 2459 1768 includitur
2476 1711 2781 1783 oppositio

355 1785 564 1841 formae
608 1789 668 1840 et
708 1783 1081 1864 privationis,
1114 1787 1179 1838 ut
1224 1781 1443 1839 ibidem
1492 1781 1763 1850 habetur,
1813 1796 1956 1854 ergo
1985 1787 2217 1854 oportet
2268 1781 2427 1854 quod
2473 1785 2632 1839 Deus
2679 1796 2782 1841 co-

352 1860 609 1926 gnoscat
639 1854 1050 1924 privationem,
1083 1857 1140 1909 et
1171 1867 1275 1925 per
1306 1865 1685 1924 consequens
1715 1854 1960 1909 malum.

425 1926 642 1992 Adhuc,
674 1927 830 1981 Deus
882 1923 1197 1995 cognoscit
1242 1936 1365 1979 non
1422 1924 1617 1980 solum
1665 1923 1937 1992 formam,
1975 1922 2081 1980 sed
2128 1922 2306 1980 etiam
2351 1921 2686 1992 materiam,
2715 1929 2790 1982 ut

357 2009 542 2065 supra
592 1994 743 2066 (cap.
776 1995 864 2065 65)
911 2001 1219 2051 ostensum
1268 1999 1379 2051 εει.
1430 1994 1672 2051 Materia
1701 1999 1921 2060 autem,
1961 2007 2097 2050 cum
2136 1993 2216 2051 sit
2243 2007 2351 2051 ens
2381 1994 2443 2049 in
2484 1993 2782 2065 potentia,

356 2066 645 2134 cognosci
707 2066 965 2136 perfecte
1028 2077 1150 2121 non
1217 2068 1448 2133 potest,
1525 2064 1644 2120 nisi
1707 2072 2109 2135 cognoscatur
2163 2063 2236 2121 ad
2308 2078 2440 2145 quae
2511 2065 2642 2136 ejus
2714 2078 2786 2122 se

358 2136 623 2193 extendit
654 2178 670 2204 ,
728 2136 885 2192 sicut
948 2135 1125 2191 etiam
1198 2135 1260 2190 in
1321 2132 1603 2191 omnibus
1670 2133 1808 2191 aliis
1872 2135 2153 2206 potentiis
2212 2135 2448 2192 accidit.
2508 2136 2792 2192 Extendit

356 2212 553 2263 autem
626 2218 691 2263 se
754 2205 1018 2276 potentia
1081 2204 1343 2262 materiae
1390 2204 1462 2262 ad
1525 2205 1775 2262 sormam
1842 2211 1899 2261 et
1945 2205 2356 2277 privationem.
2406 2206 2574 2274 Quod
2618 2207 2782 2263 enim

352 2282 553 2347 potest
599 2289 755 2344 esse,
802 2281 999 2346 potest
1042 2275 1217 2332 etiam
1267 2288 1385 2332 non
1436 2288 1593 2332 esse.
1641 2278 1793 2347 Ergo
1824 2278 1982 2333 Deus
2008 2277 2322 2349 cognoscit
2360 2277 2782 2347 privationem,

355 2352 414 2403 et
443 2347 530 2402 sic
562 2346 873 2416 cognoscit
902 2361 1006 2416 per
1028 2359 1406 2417 consequens
1436 2347 1684 2403 malum.

422 2418 576 2485 Item,
606 2417 657 2473 ει
686 2419 843 2473 Deus
874 2417 1187 2487 cognoscit
1216 2417 1290 2472 ali
1342 2416 1439 2472 uid
1471 2417 1635 2472 aliud
1661 2430 1695 2472 a
1716 2429 1803 2482 se,
1849 2417 2108 2474 maxime
2138 2422 2465 2489 cognoscet
2492 2417 2658 2489 quod
2690 2423 2782 2475 est

355 2487 661 2560 optimum.
720 2489 839 2544 Hoc
868 2492 1063 2546 autem
1112 2492 1201 2545 est
1231 2432 1377 2545 orgo
1415 2487 1703 2569 universi,
1732 2488 1807 2545 ad
1855 2502 2031 2561 quem
2062 2489 2217 2546 sicut
2257 2489 2330 2547 ad
2361 2487 2539 2545 finem
2578 2489 2786 2548 omnia

352 2559 739 2629 particularia
782 2558 943 2615 bona
986 2559 1357 2616 ordinantur.
1400 2561 1465 2615 in
1513 2559 1721 2615 ordine
1772 2564 1970 2616 autem
2020 2561 2280 2617 universi
2312 2566 2452 2617 sunt
2524 2561 2786 2629 uaedam,

355 2644 487 2700 quae
518 2636 661 2686 sunt
707 2629 778 2685 ad
810 2630 1232 2686 removendum
1287 2636 1664 2700 nocumenta,
1694 2644 1823 2701 quae
1873 2636 2121 2701 possent
2149 2646 2219 2688 ex
2254 2631 2475 2702 quibus
2520 2645 2614 2688 am
2645 2631 2783 2689 aliis

396 2700 688 2768 rovenire‚
721 2705 786 2756 ut
813 2706 971 2770 patet
1000 2701 1062 2756 in
1108 2700 1201 2756 his
1232 2715 1362 2771 qiiae
1393 2700 1609 2756 dantur
1654 2700 2016 2758 animalibus
2042 2701 2115 2758 ad
2151 2701 2585 2759 defensionem.
2629 2705 2782 2774 Ergo

351 2714 699 2839 ssujusmodi
733 2775 1093 2827 nocumenta
1122 2772 1279 2827 Deus
1316 2771 1647 2842 cognoscit.
1678 2772 1997 2843 Cognoscit
2024 2771 2209 2852 igitur
2247 2773 2421 2829 mala.

422 2843 711 2909 Praeterea,
744 2843 806 2896 in
836 2841 1012 2897 nobis
1063 2841 1355 2897 malorum
1384 2842 1651 2912 cognitio
1691 2855 1995 2913 nunquam
2023 2849 2408 2912 vituperatur,
2441 2843 2776 2901 secundum

353 2909 413 2967 id
486 2911 601 2968 uod
628 2925 733 2980 pei·
761 2925 825 2967 se
865 2912 1131 2968 scientias
1171 2916 1280 2979 est,
1329 2912 1388 2968 id
1421 2917 1512 2968 est
1541 2912 1868 2969 secundum
1894 2913 2188 2984 judicium
2219 2913 2379 2985 quod
2421 2914 2669 2970 liabetur
2698 2914 2773 2970 de

356 2993 451 3035 ma
483 2982 554 3045 is,
589 2981 693 3037 sed
781 2995 845 3036 ei·
872 2982 1172 3049 accidens,
1212 2982 1542 3039 secundum
1574 2983 1730 3055 quod
1764 2997 1866 3052 per
1890 2984 2181 3040 malorum
2227 2985 2766 3042 considerationem

354 3050 662 3131 interdum·
698 2996 916 3131 aliquis
946 3052 1019 3108 ad
1063 3051 1220 3108 mala
1261 3052 1603 3110 inclinatur.
1659 3055 1780 3110 Hoc
1823 3060 2021 3111 autem
2069 3068 2190 3134 non
2217 3061 2311 3135 est
2353 3055 2411 3134 in
2459 3057 2593 3122 Dec,
2624 3054 2766 3134 quia

354 3121 747 3200 immutabilis
795 3128 905 3190 est,
946 3127 1011 3178 ut
1054 3136 1236 3192 supra
1268 3122 1419 3195 (cap.
1458 3124 1544 3196 13)
1586 3129 1897 3200 ostensum
1952 3129 2062 3183 est.
2094 3124 2255 3181 Niliil
2288 3131 2473 3198 igitur
2496 3123 2768 3196 prohibet

356 3205 499 3264 quin
533 3194 691 3248 Deus
722 3193 943 3249 malum
971 3198 1317 3264 cognoscat.

425 3263 572 3318 Huic
619 3269 813 3319 autem
841 3270 1136 3320 consonat
1190 3264 1348 3335 quod
1383 3263 1621 3333 dicitur,
1664 3267 1821 3335 Sap„
1851 3278 1961 3333 vii,
1991 3269 2081 3333 30,
2114 3266 2272 3337 quod
2305 3267 2405 3322 Dei
2443 3268 2775 3335 sapientiam

351 3347 462 3388 non
486 3336 658 3387 vincit
684 3335 936 3399 ηιαιίιὶας
968 3336 1161 3402 prom,
1192 3346 1295 3404 xv,
1318 3339 1402 3404 ll,
1434 3335 1687 3392 dicitur:
1721 3337 1975 3403 infernus
2003 3342 2054 3391 et
2075 3337 2315 3407 perditio
2339 3339 2774 3403 coramDomino;

355 3410 412 3459 et
443 3403 500 3458 in
536 3407 630 3460 Ps.
680 3417 888 3471 vain,
917 3408 948 3459 6
982 3422 995 3459 :
1033 3406 1244 3460 Delicta
1270 3421 1389 3461 mea
1418 3422 1453 3461 a
1503 3411 1556 3460 te
1594 3421 1700 3460 vion
1752 3411 1881 3461 sunt
1926 3407 2274 3473 abscondita3
2320 3413 2380 3464 ει
2403 3407 2532 3474 iob,
2572 3420 2656 3475 xl,
2688 3412 2776 3475 11,

355 3474 571 3599 dilgimr
587 3492 614 3583 ἐ
645 3475 767 3544 Ipse
792 3477 934 3530 enim
951 3477 1101 3530 novit
1128 3476 1401 3532 hominum
1427 3479 1746 3545 vanitatem,
1777 3481 1827 3531 et
1851 3476 2042 3532 videns
2070 3480 2413 3547 iniquitatem
2449 3493 2626 3533 nonne
2652 3492 2778 3533 con-

352 3547 404 3600 s'
445 3549 593 3599 erat.

425 3615 742 3671 Sciendum
773 3621 969 3672 autem
1017 3615 1177 3696 quod
1205 3617 1363 3673 circa
1411 3617 1815 3697 cognitionem
1847 3617 1986 3674 mali
2036 3623 2094 3674 et
2112 3618 2466 3688 privationis
2508 3619 2684 3676 aliter
2709 3632 2778 3676 se

352 3684 530 3742 habet
559 3686 897 3744 intellectus
927 3685 1185 3754 divinus,
1217 3693 1392 3758 atque
1423 3688 1595 3744 aliter
1625 3688 1961 3746 intellectus
1992 3695 2216 3745 noster.
2257 3693 2400 3746 Nam
2432 3704 2568 3746 cuin
2598 3690 2778 3746 intel·

351 3754 543 3834 lectus
566 3764 771 3813 noster
796 3757 1187 3838 persingulas
1216 3757 1448 3829 species
1479 3759 1748 3827 propi-ias
1779 3765 2105 3830 cognoscat
2131 3765 2189 3815 et
2217 3760 2504 3828 diversas,
2531 3760 2587 3815 id
2613 3760 2776 3832 quod

353 3830 446 3904 est
473 3838 533 3880 in
565 3833 721 3894 actu,
752 3834 1068 3899 cognoscit
1093 3842 1196 3897 per
1221 3828 1480 3898 speciem
1511 3829 1966 3901 intelligibilem,
1999 3844 2104 3901 per
2130 3845 2305 3902 quam
2338 3830 2403 3886 fit
2428 3831 2774 3889 intellectus

352 3908 415 3950 in
447 3901 604 3952 actu.
636 3896 798 3954 Unde
828 3904 886 3953 et
930 3897 1253 3968 potentiam
1299 3911 1663 3969 cognoscere
1716 3905 1926 3970 potest,
1958 3901 2018 3956 in
2066 3906 2350 3973 quantum
2395 3902 2454 3957 in
2505 3901 2781 3971 potentia.

353 3963 427 4021 ad
474 3966 651 4022 talem
701 3968 960 4038 speciem
1003 3969 1361 4041 quandoque
1407 3982 1473 4025 se
1520 3969 1715 4037 babet,
1758 3976 1821 4027 ut
1866 3972 2022 4027 sicut
2066 3978 2261 4028 actum
2323 3973 2638 4044 cognoscit
2667 3986 2778 4043 per

353 4038 572 4095 actum.
603 4037 687 4093 ita
714 4039 889 4094 etiam
918 4039 1239 4117 potentiam
1267 4054 1371 4111 per
1398 4040 1720 4110 potentiam
1754 4046 2099 4113 cognoscat.
2127 4045 2190 4098 Et
2263 4042 2358 4099 uia
2391 4043 2656 4113 potentia
2678 4048 2776 4101 est

355 4105 426 4162 de
448 4106 681 4187 ratione
764 4109 1073 4167 rivationis
1108 4109 1267 4181 (nam
1302 4109 1550 4181 privatio
1580 4117 1671 4168 est
1696 4112 1934 4183 negatio
1965 4112 2136 4181 cujus
2165 4126 2234 4169 su
2273 4113 2494 4184 jectum
2524 4118 2617 4170 est
2658 4126 2776 4171 ens

353 4177 414 4232 in
462 4182 723 4245 potentia
753 4218 768 4246 ,
834 4179 1103 4249 sequitur
1149 4181 1306 4253 quod
1366 4180 1692 4239 intellectui
1737 4188 1944 4238 nostro
1992 4189 2289 4253 competat
2332 4184 2533 4256 aliquo
2589 4183 2779 4242 modo

350 4259 716 4318 cognoscere
762 4248 1150 4317 privationem
1200 4251 1261 4308 in
1308 4257 1593 4323 quantum
1643 4259 1733 4309 est
1777 4259 1953 4309 natus
1996 4267 2130 4309 esse
2183 4254 2244 4309 in
2294 4256 2575 4324 potentia.
2607 4255 2777 4311 Licet

353 4319 530 4380 etiam
562 4317 674 4398 dici
697 4320 888 4387 possit
914 4321 1069 4391 quod
1101 4322 1317 4392 exipsa
1347 4326 1689 4392 cognitione
1710 4329 1877 4380 actus
1903 4323 2173 4396 sequitur
2195 4326 2459 4395 cognitio
2487 4325 2774 4395 potentiae

352 4390 410 4443 ει
435 4389 810 4461 privationis,
836 4389 1176 4451 intellectus
1198 4398 1395 4452 autem
1424 4394 1685 4464 divinus,
1716 4394 1819 4471 qui
1854 4395 2022 4453 nullo
2050 4394 2229 4454 modo
2256 4401 2347 4454 est
2383 4396 2448 4453 in
2473 4396 2786 4468 potentia,
