3076 5025
400 378 505 435 332
1305 363 1438 422 ΗΒ.
1478 361 1577 430 ln,
1618 360 1768 417 CAP.
1811 356 1941 416 le.

475 497 538 551 ln
569 503 689 564 quo
723 488 901 547 etiam
941 479 1443 545 considerandum
1492 484 1587 538 est
1635 477 1795 551 quod
1836 474 2097 555 quodam
2138 472 2320 554 modo
2370 472 2844 553 contrariusest

404 562 553 624 ordo
582 559 983 631 corporalium
1025 561 1084 613 et
1123 551 1526 626 spiritualium
1584 554 1874 607 motuum.
1907 546 2184 604 Omnium
2225 552 2386 624 enim
2437 541 2844 624 corporalium

405 639 673 694 motuum
708 637 800 689 est
825 628 984 687 idem
1013 636 1265 684 numero
1292 622 1551 693 primum
1577 618 1932 699 subjectum,
1952 615 2106 673 fines
2128 628 2269 672 vero
2290 614 2509 696 diversi
2529 630 2545 682 ;
2564 617 2847 685 spiritua-

407 705 555 763 lium
612 714 753 759 vero
803 704 1097 765 motuum,
1146 693 1380 752 scilicet
1421 687 1917 748 intellectualium
1954 700 1987 745 a
2030 684 2498 756 prehensionum
2542 689 2601 742 et
2627 682 2845 742 volun·

404 780 628 844 tatum,
677 775 819 828 sunt
862 766 1103 840 quidem
1149 763 1386 823 diversa
1435 760 1704 834 subjecta
1748 759 1961 832 prima,
1990 700 2132 816 Finis
2158 768 2299 814 vero
2348 767 2599 815 numero
2657 753 2847 815 idem.

410 845 455 920 (Ι
488 848 663 919 part„
694 857 751 915 q.
782 852 891 928 xii,
929 841 1040 897 art.
1067 833 1147 909 6.)

1391 1050 1646 1128 CAPUT
1706 1050 1856 1115 LIX.

698 1237 971 1294 QUOMODO
1007 1234 1298 1283 vmnN'rlts
1321 1232 1582 1280 mvltvm
1613 1229 2021 1279 sonantium
2055 1227 2242 1275 OMNIA
2277 1227 2560 1276 mum.

487 1403 640 1473 Quia
665 1415 809 1460 vero
833 1400 992 1460 visio
1017 1399 1235 1457 divinae
1264 1396 1623 1456 substantiae
1653 1401 1743 1454 cst
1773 1394 2022 1453 ultimus
2047 1392 2187 1451 finis
2230 1392 2552 1464 cujuslibet
2578 1390 2852 1450 intellec·

413 1474 598 1534 tualis
628 1471 1001 1540 substantiae,
1032 1475 1099 1527 ut
1190 1472 1310 1526 atet
1356 1482 1428 1525 ex
1458 1467 1635 1524 dictis
1668 1465 1816 1539 (cap.
1851 1468 1922 1522 25
1972 1469 2032 1522 et
2080 1463 2193 1545 50),
2260 1463 2465 1522 omnis
2504 1466 2703 1521 autem
2751 1475 2851 1542 res

416 1558 553 1605 cum
597 1543 933 1615 pervenerit
980 1540 1055 1599 ad
1114 1540 1386 1597 utimum
1444 1536 1647 1607 tinem,
1695 1536 1952 1609 quiescit
1997 1548 2034 1592 a
2074 1539 2297 1607 petitus
2341 1533 2472 1607 ejus
2518 1533 2850 1603 naturaliS,

416 1619 653 1687 oportet
680 1613 841 1685 quod
866 1610 1164 1693 appetitus
1190 1607 1484 1667 naturalis
1515 1606 1870 1666 substantiae
1907 1605 2031 1662 inte
2058 1605 2334 1687 lectualis
2379 1603 2643 1685 divinam
2672 1602 2852 1663 subs-

414 1684 663 1744 tantiam
691 1682 950 1742 videntis
974 1680 1224 1739 omnino
1253 1679 1548 1752 quiescat.
1581 1680 1681 1736 Est
1708 1681 1907 1735 autem
1937 1680 2234 1756 appetitus
2276 1675 2569 1757 naturalis
2615 1674 2854 1733 intelle-

415 1761 551 1813 ctus
608 1757 674 1812 ut
721 1756 1045 1826 cognoscat
1090 1750 1362 1810 omnium
1424 1761 1624 1807 rerum
1679 1761 1902 1820 genera
1958 1751 2017 1804 et
2070 1758 2325 1817 species,
2381 1750 2442 1803 et
2490 1749 2763 1814 virtuteS,
2792 1749 2857 1803 et

414 1829 608 1883 totum
634 1823 903 1882 ordinem
934 1820 1220 1891 universi,
1240 1818 1401 1901 quod
1425 1819 1798 1878 demonstrat
1825 1818 2153 1875 humanum
2173 1816 2437 1897 studium
2451 1829 2594 1889 erga
2608 1814 2854 1887 singula

417 1891 1152 2022 praedictorumasttuilibet
1181 1891 1366 1963 igitur
1392 1889 1659 1950 divinam
1699 1887 2097 1948 substantiam
2143 1887 2473 1945 videntium
2520 1891 2854 1959 cognoscet

419 1977 625 2024 omnia
652 1978 724 2022 su
767 1978 833 2022 ra
876 1978 931 2021 ic
958 1976 1014 2021 a.

487 1979 764 2106 Amplius?
782 2033 849 2092 in
878 2033 992 2092 hoc
1011 2030 1353 2090 intellectus
1379 2035 1439 2090 et
1463 2042 1685 2090 sensus
1700 2026 2003 2100 differunt,
2019 2034 2085 2088 ut
2110 2033 2271 2101 patet
2298 2028 2361 2084 in
2377 2027 2553 2086 tertio
2570 2030 2648 2084 De
2663 2029 2855 2084 anima

418 2106 581 2178 (text.
611 2118 832 2163 comm.
859 2104 941 2176 7),
971 2102 1133 2176 quod
1162 2114 1383 2160 sensus
1411 2101 1487 2160 ab
1524 2099 1959 2158 excellentibus
2004 2098 2401 2158 sensibilibus
2442 2098 2853 2169 corrumpitur

414 2175 511 2233 vel
535 2174 898 2245 debilitatur,
935 2179 1003 2231 ut
1030 2172 1415 2245 postmodum
1447 2171 1685 2230 minora
1726 2168 2043 2229 sensibilia
2081 2169 2384 2242 percipere
2435 2181 2558 2227 non
2605 2168 2850 2242 possit;

417 2244 759 2303 intellectus
788 2250 1008 2311 autem,
1040 2243 1186 2316 quia
1215 2255 1339 2300 non
1385 2255 1623 2300 corrum
1669 2242 1793 2299 itur
1832 2253 1945 2299 nec
1994 2240 2318 2311 impeditur
2357 2254 2395 2297 a
2448 2252 2561 2297 suo
2593 2239 2849 2311 objecto,

421 2316 530 2375 sed
560 2317 756 2375 solum
785 2314 1107 2388 perficitur,
1136 2319 1457 2386 postquam
1485 2311 1629 2370 intel
1657 2311 1780 2370 exit
1814 2311 2010 2383 majus
2053 2309 2447 2384 intelligibile,
2479 2321 2602 2368 non
2646 2309 2854 2367 minus

417 2385 639 2459 poterit
693 2385 812 2445 alia
859 2383 1264 2456 intelligibilia
1317 2382 1680 2456 intelligere,
1726 2381 1832 2441 sed
1879 2381 2077 2462 magis
2128 2396 2144 2439 ε
2193 2393 2495 2439 summum
2543 2384 2742 2440 autem
2787 2379 2854 2436 in

417 2469 641 2585 feriere
671 2455 1139 2528 intelligibilium
1170 2459 1264 2512 est
1294 2453 1496 2512 divina
1538 2452 1877 2512 substantia
1920 2469 1936 2509 ε
1982 2450 2322 2510 intellectus
2368 2451 2555 2524 igitur
2599 2449 2699 2525 qui
2747 2463 2854 2531 per

445 2539 624 2586 umen
667 2527 935 2586 divinum
987 2527 1252 2586 elevatur
1292 2524 1367 2585 ad
1408 2524 1724 2583 videndam
1778 2523 1880 2581 D'ei
1915 2522 2358 2605 substantiam,
2416 2523 2605 2582 multo
2653 2534 2853 2594 magis

418 2598 629 2656 eodem
660 2598 887 2656 lumine
913 2595 1216 2669 perficitur
1239 2595 1314 2654 ad
1348 2595 1553 2654 omnia
1580 2595 1700 2654 alia
1737 2593 2127 2666 intelligenda
2173 2606 2306 2666 quae
2355 2598 2499 2651 sunt
2543 2593 2608 2651 in
2651 2604 2852 2651 rerum

420 2673 655 2726 natura.

489 2738 709 2807 Adhuc,
738 2751 874 2818 esse
903 2736 1281 2810 intelligibile
1310 2749 1435 2796 non
1461 2742 1556 2795 est
1581 2735 1836 2794 minoris
1867 2733 2129 2816 ambitu-s
2157 2746 2339 2807 quam
2369 2745 2507 2792 esse
2545 2732 2853 2814 naturale,

420 2807 528 2868 sed
558 2808 708 2868 forte
731 2809 998 2879 majoris.
1029 2806 1372 2866 Intellectus
1402 2807 1565 2866 enim
1611 2812 1788 2865 natus
1818 2811 1912 2864 est
1940 2817 2147 2862 omnia
2214 2817 2305 2862 uae
2353 2807 2498 2863 sunt
2541 2816 2605 2860 in
2651 2818 2853 2862 rerum

418 2885 634 2937 natura
661 2878 1015 2950 intelligere.
1051 2879 1118 2933 Et
1139 2876 1409 2949 quaedam
1458 2876 1744 2948 intelligit
1772 2889 1903 2948 quae
1942 2888 2064 2933 non
2114 2874 2192 2933 ha
2234 2878 2337 2931 ent
2381 2886 2518 2933 esse
2558 2874 2852 2942 naturale,

420 2949 579 3006 sicut
606 2949 962 3021 negationes
986 2952 1044 3005 et
1071 2947 1458 3019 privationes.
1494 2947 1894 3019 Quaecumque
1944 2945 2129 3018 igitur
2173 2945 2559 3018 requiruntur
2603 2944 2679 3003 ad
2726 2958 2856 3027 per—

419 3019 738 3076 fectionem
772 3031 909 3076 esse
939 3017 1251 3080 naturalis,
1289 3017 1676 3089 requiruntur
1703 3016 1776 3075 ad
1805 3016 2231 3087 perfectionem
2259 3028 2397 3074 esse
2428 3014 2854 3088 intelligibilis,

415 3089 512 3146 vel
542 3089 720 3146 etiam
748 3089 942 3160 plura.
974 3087 1267 3146 Perfectio
1298 3095 1494 3145 autem
1525 3100 1663 3146 esse
1695 3086 2093 3158 intelligibilis
2118 3090 2213 3146 est
2239 3100 2377 3144 cum
2406 3085 2747 3144 intellectus
2776 3086 2853 3144 ad

419 3170 599 3217 suum
631 3158 909 3216 ultimum
938 3157 1118 3216 finem
1160 3158 1515 3230 pervenerit,
1566 3158 1724 3216 sicut
1766 3156 2049 3238 perfectio
2097 3170 2234 3216 esse
2279 3156 2570 3214 naturalis
2610 3156 2675 3214 in
2720 3158 2857 3228 ipsa

415 3241 617 3287 rerum
650 3229 1081 3288 constitutione
1112 3229 1415 3287 consistit.
1451 3228 1666 3287 Omnia
1704 3227 1890 3299 igitur
1927 3240 2060 3298 quae
2102 3229 2264 3286 Deus
2309 3226 2385 3286 ad
2424 3226 2853 3299 perfectionem

416 3299 685 3358 universi
714 3300 994 3371 produxit
1047 3298 1375 3357 intellectui
1405 3311 1471 3357 se
1498 3297 1756 3357 videntis
1793 3297 2153 3356 manifestat.

489 3372 641 3434 Item,
675 3370 949 3443 quamvis
982 3369 1309 3427 videntium
1342 3371 1528 3427 Deum
1557 3381 1715 3427 unus
1745 3366 1864 3424 alio
1893 3368 2217 3438 perfectius
2247 3381 2385 3427 eum
2412 3367 2629 3438 videat,
2659 3375 2726 3426 ut
2753 3380 2851 3428 os·

415 3443 660 3498 tensum
685 3446 777 3498 est
796 3441 949 3513 (cap.
979 3441 1096 3513 58),
1171 3439 1379 3498 uilibet
1409 3444 1606 3498 tamen
1634 3438 1720 3496 ita
1745 3437 2002 3517 perfecte
2032 3451 2166 3496 eum
2194 3438 2377 3508 videt,
2395 3439 2554 3510 quod
2570 3439 2850 3511 impletur

415 3515 544 3569 tota
567 3511 866 3583 capacitas
925 3515 1136 3569 natura
1164 3510 1238 3568 is.
1271 3509 1554 3579 Quinimo
1602 3509 1735 3581 ipsa
1765 3508 1920 3566 visio
1977 3522 2214 3566 omnem
2259 3508 2648 3581 capacitatem
2678 3516 2851 3567 natu—

418 3581 605 3638 ralem
636 3581 886 3651 excedit,
921 3585 988 3639 ut
1015 3586 1326 3639 ostensum
1357 3585 1451 3639 est
1496 3581 1645 3653 (cap.
1694 3577 1808 3651 52).
1850 3578 2092 3660 Oportet
2141 3579 2345 3653 igitur,
2392 3579 2554 3652 quod
2603 3579 2855 3652 quilibet

416 3650 629 3709 videns
658 3651 920 3709 divinam
946 3651 1344 3710 substantiam
1374 3650 1479 3708 ini
1524 3664 1593 3708 sa
1620 3649 1960 3707 substantia
1985 3654 2316 3723 cognoscat
2361 3650 2565 3709 omnia
2611 3650 2686 3709 ad
2715 3664 2846 3730 quae

419 3733 486 3779 se
516 3722 780 3779 extendit
811 3736 923 3779 sua
952 3721 1251 3792 capacitas
1279 3725 1492 3778 natura
1517 3721 1593 3778 is,
1623 3720 1931 3793 capacitas
1957 3726 2154 3779 autem
2185 3719 2478 3779 naturalis
2524 3720 2850 3793 cujuslibet

414 3791 758 3852 intellectus
783 3805 849 3850 se
881 3792 1147 3850 extendit
1173 3791 1245 3849 ad
1281 3804 1352 3848 co
1397 3790 1703 3849 noscenda
1730 3791 1937 3849 omnia
1963 3803 2186 3873 genera
2211 3794 2272 3848 et
2308 3789 2544 3862 species
2588 3796 2649 3848 et
2690 3790 2849 3849 ordi·

416 3874 555 3920 nem
585 3875 805 3988 reruni.
839 3864 972 3921 Haec
1022 3863 1209 3935 igitur
1248 3805 1498 3934 quifihet
1542 3862 1729 3920 Deum
1773 3862 2103 3920 videntium
2153 3860 2219 3920 in
2265 3859 2469 3920 divina
2512 3859 2854 3920 substantia

418 3945 491 3991 co
537 3947 718 3992 nosce
748 3976 763 3990 .
2328 3956 2337 3961 ·

538 4003 637 4062 inc
689 4009 782 4061 est
820 4002 981 4075 quod
1032 4002 1323 4061 Dominus
1367 4002 1553 4076 Moysi
1599 4003 1822 4075 petenti
1890 4000 2106 4060 divinae
2150 3998 2504 4061 substantias
2552 4001 2849 4062 visionem

412 4073 745 4143 respondit,
773 4073 979 4143 Exod„
1007 4085 1215 4141 xxxiii,
1260 4076 1361 4130 19:
1391 4076 1508 4144 qu
1556 4074 1833 4130 ostendam
1868 4073 1971 4128 tibi
2011 4086 2164 4128 omne
2189 4072 2405 4131 bonum.
2446 4073 2851 4146 EtGregorius

415 4139 676 4223 (Dia199.‚
708 4143 811 4225 lib.
825 4157 918 4271 ἐξ,
947 4157 1075 4216 cap.
1118 4144 1207 4216 38)
1240 4142 1383 4201 dicit
1430 4163 1445 4201 ε
1490 4165 1519 4197 «
1550 4144 1702 4212 Quid
1734 4148 1827 4203 est
1884 4142 2042 4216 quod
2089 4143 2385 4215 nescient,
2409 4143 2509 4216 qui
2558 4144 2845 4204 scientem

415 4223 621 4270 omnia
648 4226 819 4271 sciun
874 4257 889 4271 .
923 4234 954 4265 η
2320 4258 2325 4262 ,

457 4281 549 4363 ‚Si
578 4288 775 4363 autern
812 4285 1126 4365 praemissa
1149 4283 1468 4367 diligenter
1492 4283 1965 4353 considerentur,
1994 4287 2156 4355 patet
2182 4285 2340 4359 quod
2371 4284 2629 4359 quodam
2660 4284 2843 4344 modo

412 4351 685 4435 videntes
708 4352 969 4413 divinam
999 4356 1395 4415 substantiam
1424 4356 1628 4414 omnia
1655 4353 1875 4425 vident,
1907 4355 2167 4427 quodam
2195 4367 2335 4414 vero
2362 4354 2564 4420 modo,
2607 4368 2750 4413 non.
2785 4355 2848 4414 Si

416 4436 576 4505 enim
646 4437 710 4481 er
735 4425 940 4483 omnia
966 4425 1071 4485 illa
1087 4426 1508 4500 intelligantur
1529 4441 1663 4500 quae
1692 4425 1766 4483 ad
1789 4424 2053 4484 universi
2077 4426 2500 4497 perfectionem
2523 4426 2844 4496 pertinent,

415 4505 578 4559 mani
606 4499 801 4561 esium
862 4499 955 4556 est
1000 4510 1075 4556 ex
1143 4496 1321 4557 dictis
1363 4496 1524 4570 quod
1573 4497 1844 4557 videntes
1890 4494 2152 4557 divinam
2204 4495 2601 4557 substantiam
2634 4496 2841 4557 omnia
