3076 5025
1141 341 1279 399 ms.
1313 341 1363 410 1,
1401 341 1555 398 aar.
1592 341 1782 399 mn.
2600 326 2678 400 ri

294 462 449 527 Rem,
484 477 628 523 esse
655 463 969 536 proprium
998 461 1317 536 cujuslibet
1346 464 1434 521 rei
1475 469 1567 523 est
1593 469 1824 522 tantum
1859 477 2071 522 unum.
2098 463 2212 523 Sed
2240 463 2371 536 ipse
2397 465 2558 523 Deus
2587 468 2683 524 est

229 549 361 664 ess?
388 541 704 662 suum‚Dut
731 548 916 607 supra
959 534 1110 608 (cap.
1138 535 1229 608 22)
1273 540 1586 594 ostensum
1625 540 1735 592 est.
1765 534 2145 608 Impossibile
2195 540 2289 593 est
2330 535 2516 608 igitur
2543 548 2682 594 esse

234 621 335 667 ms
380 619 574 663 unum
654 619 817 663 eum.

306 677 529 744 Adhuc,
559 675 896 735 secundum
942 676 1103 734 hunc
1131 675 1374 734 modum
1406 688 1504 734 res
1532 675 1754 734 habent
1780 689 1939 745 esse,
1969 688 2090 749 quo
2132 675 2447 749 possident
2475 676 2682 735 unita-

232 753 372 807 tem.
404 747 571 804 Unde
601 745 1073 819 unumquodque
1107 760 1232 805 suae
1257 746 1540 804 divisioni
1581 759 1688 817 pro
1721 759 1898 817 posse
1929 761 1990 804 re
2035 762 2070 804 u
2119 752 2240 817 nat,
2292 760 2367 804 ne
2416 760 2521 818 per
2566 746 2683 806 hoe

233 819 303 878 in
333 830 453 876 non
492 831 629 876 esse
658 817 868 875 tendat
893 835 909 887 ;
940 817 1047 875 sed
1075 817 1277 875 divina
1309 826 1519 874 natura
1549 827 1644 875 est
1673 818 1982 888 potissime
2051 833 2086 875 a
2128 830 2238 876 ens
2267 831 2424 876 esse.
2447 819 2548 876 Est
2573 817 2683 891 igi-

233 894 335 949 tur
360 889 417 947 in
452 903 529 945 ea
559 888 817 945 maxime
848 887 1067 946 unitas.
1100 887 1276 946 Nullo
1310 888 1493 961 igitur
1529 887 1711 945 modo
1740 888 1799 944 in
1828 887 1999 957 plura
2022 888 2430 962 distinguitur.

306 960 594 1030 Amplius,
623 958 687 1015 in
720 971 1082 1030 unoquoque
1154 971 1329 1015 enere
1357 959 1628 1016 videmus
1657 958 2095 1016 multitudinem
2127 959 2202 1017 ab
2231 960 2423 1029 aliqua
2456 957 2683 1016 unitate

234 1031 585 1103 procedere.
621 1030 688 1086 Et
710 1028 865 1110 ,ideo
896 1029 957 1085 in
986 973 1151 1110 quo&
1695 1099 1706 1110 ⁶
2568 1099 2579 1109 ⁶

234 1114 529 1161 mensura
558 1113 829 1158 omnium
861 1114 993 1172 quae
1023 1114 1085 1156 in
1116 1099 1222 1156 illo
1251 1112 1470 1171 genere
1509 1100 1914 1157 inveniuntur.
1948 1100 2469 1172 Quorumcumque
2503 1100 2685 1172 igitur

232 1171 544 1229 invenitur
572 1171 635 1226 in
667 1170 871 1242 aliquo
900 1183 1023 1228 uno
1052 1170 1491 1237 convenientia,
1522 1184 1561 1227 o
1603 1175 1756 1227 ortet
1785 1169 1946 1242 quod
1975 1169 2050 1228 ab
2078 1169 2280 1243 aliquo
2311 1184 2433 1228 uno
2463 1170 2683 1240 depen-

236 1240 419 1302 deant
446 1260 461 1298 ε
499 1241 612 1299 sed
642 1241 848 1298 omnia
889 1239 952 1298 in
983 1254 1119 1299 esse
1143 1242 1526 1299 conveniunt.
1611 1246 1802 1312 portet
1839 1239 2026 1314 igitur
2053 1253 2188 1299 esse
2219 1252 2403 1300 unum
2429 1245 2682 1310 tantum,

232 1310 396 1386 quod
422 1317 516 1369 est
551 1325 747 1368 rerum
780 1311 1137 1382 principium
1167 1311 1325 1382 quod
1359 1314 1515 1368 Deus
1546 1316 1656 1367 est.

304 1384 462 1445 Item,
495 1382 562 1439 in
589 1381 861 1453 quolibet
888 1382 1224 1453 principatu
1253 1381 1354 1438 ille
1383 1381 1483 1452 qui
1519 1379 1814 1452 praesidet,
1845 1379 2133 1438 unitatem
2162 1379 2481 1438 desiderat.
2521 1377 2687 1438 Unde

235 1452 394 1510 inter
425 1452 799 1524 principatus
828 1457 921 1509 est
948 1453 1266 1524 potissima
1298 1451 1650 1509 monarchia
1676 1452 1801 1509 sive
1832 1463 2115 1532 regnum3
2144 1451 2470 1509 multorum
2502 1449 2683 1508 etiam

237 1523 648 1581 membrorum
681 1536 867 1580 unum
897 1528 990 1580 est
1016 1529 1214 1594 caput.
1245 1525 1325 1579 Ac
1407 1537 1473 1578 er
1520 1522 1634 1579 boe
1681 1521 1936 1579 evidenti
1988 1522 2166 1594 signo
2209 1526 2472 1603 apparet,
2501 1518 2686 1600 eicui

238 1594 521 1652 convenit
568 1593 962 1664 principatus,
1016 1593 1303 1650 unitatem
1385 1592 1585 1662 eberi;
1626 1592 1785 1650 unde
1822 1595 1883 1650 et
1926 1593 2116 1650 Deum
2157 1606 2261 1667 qm
2292 1597 2386 1651 est
2412 1602 2685 1651 omnium

242 1678 448 1732 eausa,
476 1667 716 1735 oportet
750 1677 935 1721 unum
966 1663 1321 1735 simpliciter
1348 1662 1641 1721 confiteri.

314 1736 480 1792 nanc
527 1740 728 1791 antem
773 1734 1217 1791 consessionem
1270 1734 1487 1791 divinae
1541 1731 1790 1790 unitatis
1841 1732 2021 1790 etiam
2061 1747 2137 1791 ex
2179 1731 2371 1792 sacris
2422 1730 2683 1805 eloquiis

251 1804 511 1875 accipere
535 1817 891 1876 possumus.
915 1806 1063 1862 Nam
1095 1806 1287 1874 Dent„
1307 1816 1393 1873 vi,
1422 1808 1478 1873 4,
1505 1803 1722 1861 dicitur
1752 1803 1963 1866 zAudi.
2003 1802 2198 1871 Israel,
2238 1805 2501 1860 Domivms
2542 1806 2688 1859 Deus

251 1876 397 1943 haus,
422 1877 560 1931 Deus
584 1890 732 1931 unus
760 1880 869 1942 est3
904 1879 963 1931 et
993 1874 1197 1944 Exod„
1222 1886 1325 1942 xx,
1357 1878 1389 1931 3
1419 1890 1434 1928 :
1465 1876 1589 1932 Non
1633 1876 1795 1929 enmt
1819 1874 1925 1929 tibi
1966 1872 2053 1928 dii
2086 1875 2191 1930 alii
2225 1879 2429 1945 prater
2475 1888 2589 1942 πως
2627 1876 2689 1931 et

248 1945 455 2016 Ephes.
483 1958 570 2013 lv,
608 1949 642 2002 5
675 1963 689 2001 ε
725 1946 875 2002 Unus
902 1946 1182 2011 Dominus,
1213 1960 1326 1999 una
1348 1944 1501 2015 fides,
1531 1948 1631 2001 etc.

316 2017 435 2072 flac
463 2021 666 2072 autem
698 2015 945 2073 veritate
974 2015 1342 2086 repelluntur
1369 2014 1626 2086 gentiles
1654 2012 1901 2072 deorum
1928 2013 2373 2073 multitudinem
2404 2011 2688 2072 confiten-

239 2090 349 2153 teS,
396 2086 676 2158 quamvis
720 2085 922 2157 plures
964 2100 1169 2143 eorum
1220 2099 1403 2143 unum
1446 2087 1633 2142 Deum
1671 2097 1975 2142 summum
2015 2098 2149 2143 esse
2179 2085 2463 2146 dicerent,
2496 2098 2531 2141 a
2604 2097 2682 2143 uo

239 2170 459 2216 omnes
500 2157 681 2226 alios,
707 2169 863 2228 quos
912 2155 1058 2215 deos
1103 2156 1514 2225 nominabant,
1547 2161 1779 2214 creatos
1813 2168 1949 2213 esse
1994 2155 2363 2215 asserebant.
2391 2156 2562 2213 Omni
2613 2165 2684 2212 us

238 2227 606 2285 substantiis
661 2227 1046 2298 sempiternis
1105 2226 1432 2284 divinitatis
1490 2240 1712 2283 nomen
1768 2225 2177 2284 adscribentes
2198 2268 2216 2297 ,
2273 2232 2333 2285 et
2382 2226 2558 2298 praeci
2606 2238 2683 2283 ue

237 2298 474 2358 ratione
523 2297 857 2368 sapientiae,
910 2302 967 2354 et
1015 2296 1339 2366 felicitatis,
1388 2301 1444 2355 et
1492 2310 1688 2354 rerum
1740 2296 2216 2369 gubernationis.
2247 2297 2390 2365 Quae
2441 2296 2542 2369 qui
2588 2307 2685 2354 em

234 2367 620 2427 consuetudo
659 2368 718 2425 lo
766 2366 942 2424 uendi
973 2367 1150 2425 etiam
1200 2368 1264 2424 in
1307 2381 1479 2425 sacra
1507 2368 1810 2439 Scriptura
1837 2366 2158 2449 invenitur,
2189 2366 2331 2424 dum
2359 2366 2549 2424 sancti
2577 2378 2684 2423 an-

232 2438 358 2510 geli
384 2444 488 2495 aut
518 2439 698 2496 etiam
772 2437 1026 2506 omineS,
1052 2437 1140 2495 vel
1165 2437 1400 2511 judices
1431 2436 1510 2495 dii
1530 2438 1938 2507 nominantur,
1961 2438 2119 2495 sieut
2138 2437 2307 2505 illud,
2337 2439 2433 2494 Ps.
2462 2447 2683 2506 Lxxxv,

232 2512 273 2568 8
302 2527 319 2565 ε
348 2511 473 2567 Non
499 2512 581 2565 est
606 2509 805 2565 semilis
832 2508 937 2565 tibi
962 2511 1025 2564 in
1051 2508 1182 2578 diis,
1221 2511 1481 2577 Bonane,-
1512 2511 1576 2566 Et
1608 2509 1770 2578 alibi,
1804 2510 1899 2567 Pe.
1930 2521 2134 2577 Lxxxl,
2164 2511 2197 2566 6
2226 2527 2239 2566 :
2269 2510 2386 2578 qu
2410 2507 2536 2563 dimi
2553 2525 2571 2563 ε
2589 2507 2686 2563 Dii

227 2582 365 2637 estis
414 2585 475 2637 et
507 2582 695 2637 multa
725 2578 1070 2651 hujusmodi
1099 2594 1204 2652 per
1226 2580 1390 2637 varia
1427 2581 1746 2660 Scripturae
1772 2580 1905 2637 loca
1931 2579 2337 2638 inveniuntur.
2371 2577 2533 2636 Unde
2559 2591 2687 2636 ma·

240 2650 340 2731 gis
368 2622 515 2708 huic
545 2650 778 2707 veritati
808 2650 1083 2707 videntur
1109 2651 1391 2709 contrarii
1421 2650 1753 2716 Manicbaei,
1785 2648 1904 2706 duo
1935 2650 2125 2730 prima
2150 2655 2441 2730 ponentes
2468 2647 2689 2730 princi:

236 2735 358 2792 pia,
383 2735 648 2794 quorum
679 2722 931 2779 alterum
960 2721 1208 2779 alterius
1234 2733 1418 2777 causa
1448 2732 1570 2777 non
1600 2721 1699 2776 sit.
1729 2721 1891 2776 Hauc
1918 2725 2097 2776 etiam
2139 2725 2445 2776 veritatem
2482 2724 2686 2777 Atiam

238 2790 370 2848 suis
419 2791 730 2849 erroribus
780 2790 1280 2863 impugnaverunt
1324 2789 1465 2846 dum
1515 2789 1879 2846 confitentur
1927 2790 2159 2846 Patrem
2205 2793 2266 2846 et
2305 2788 2519 2846 Filium
2560 2800 2686 2850 non

235 2874 450 2930 unum,
482 2862 592 2920 sed
640 2862 845 2934 plures
885 2861 1032 2920 deos
1062 2875 1219 2930 6886,
1251 2873 1388 2919 cum
1416 2866 1617 2919 tamen
1645 2859 1860 2918 Filium
1889 2870 2095 2917 verum
2121 2860 2310 2920 Deum
2334 2858 2687 2921 auctoritate

233 2930 558 3005 scripturae
586 2932 831 2992 credere
858 2936 1164 3007 cogantur.
1190 2935 1241 3011 (l
1267 2942 1443 3010 part„
1475 2952 1535 3009 q.
1566 2949 1654 3005 xi,
1685 2942 1797 3005 art,
1823 2939 1861 2993 2
1885 2938 1952 2996 et
1974 2937 2057 3009 3.)

1156 1029 1253 1086 bet
1290 1043 1507 1102 genere
1536 1029 1839 1086 invenitur
1876 1042 2060 1086 unum
2091 1030 2370 1101 primum,
2398 1028 2557 1102 quod
2592 1031 2685 1086 est

1211 3143 1725 3215 CAPUTXLIII.

1021 3328 1179 3384 QUOD
1228 3327 1383 3376 DBUS
1434 3327 1546 3376 28⁴1·
1596 3324 1916 3377 mmm

318 3499 470 3557 cum
517 3500 721 3557 autem
765 3493 1069 3553 infinitum
1110 3493 1502 3568 quantitatem
1561 3497 1867 3566 sequatur,
1918 3495 1989 3550 ut
2036 3486 2382 3563 philosophi
2436 3487 2680 3571 tradunt

234 3569 508 3643 (Physic.
537 3582 583 3636 1,
613 3571 755 3624 text.
785 3580 1003 3624 comm.
1038 3569 1125 3634 15,
1160 3569 1225 3623 18
1252 3571 1310 3622 et
1336 3565 1449 3637 23),
1483 3577 1604 3621 non
1642 3567 1840 3634 potest
1868 3560 2135 3619 infinitas
2164 3563 2286 3620 Deo
2315 3561 2555 3619 attribui
2589 3575 2680 3620 ra-

236 3641 410 3698 tione
437 3636 866 3706 multitudinis,
892 3649 1074 3709 quum
1104 3642 1413 3694 ostensum
1446 3635 1523 3692 sit
1553 3633 1714 3707 ¹(cap.
1746 3631 1835 3704 42)
1865 3632 2062 3690 solum
2091 3645 2277 3689 unum
2311 3633 2494 3688 Deum
2521 3645 2678 3702 esse,

238 3711 596 3782 nullamque
639 3709 704 3765 in
744 3720 817 3765 eo
863 3705 1384 3778 compositionem,
1412 3705 1503 3762 vel
1544 3705 1821 3776 partium,
1853 3702 1947 3760 vel
1974 3701 2370 3760 accidentium
2402 3702 2677 3760 inveniri.

239 3782 584 3841 Secundum
633 3778 812 3836 etiam
852 3778 1238 3851 quantitatem
1271 3776 1618 3834 continuam
1666 3773 1938 3831 infinitus
1968 3772 2085 3830 dici
2125 3785 2247 3830 non
2294 3778 2510 3854 potest,
2541 3785 2678 3831 cum

240 3858 559 3911 ostensum
591 3849 674 3907 sit
712 3847 863 3920 (cap.
894 3849 985 3928 20)
1015 3861 1151 3905 eum
1183 3847 1600 3918 incorporeum
1627 3859 1780 3903 esse.
1815 3842 2188 3925 Relinquitur
2224 3843 2408 3916 igitur
2436 3843 2678 3902 investi-

288 3936 386 3979 are
413 3935 495 3979 an
522 3919 855 3977 secundum
886 3917 1258 3989 spiritualem
1287 3915 1760 3990 magnitudinem
1809 3928 1945 3973 esse
1993 3913 2291 3972 infinitum
2340 3916 2673 3974 conveniat.

298 4006 389 4050 uae
418 3991 665 4064 quidem
693 3989 1025 4060 spiritualis
1058 3989 1408 4060 magnitudo
1451 3993 1737 4061 quantum
1777 3985 1849 4043 ad
1897 3985 2017 4043 duo
2065 3986 2408 4053 attenditur,
2448 3986 2679 4044 scilicet

240 4068 539 4134 quantum
571 4060 643 4118 ad
690 4060 1037 4132 potentiam,
1073 4064 1129 4117 et
1158 4065 1444 4131 quantum
1492 4059 1566 4116 ad
1616 4057 1867 4139 propriae
1902 4061 2132 4137 naturae
2173 4056 2521 4125 honitatem,
2551 4057 2679 4114 sive

245 4133 739 4204 completionem.
769 4130 997 4188 Dicitur
1027 4128 1188 4187 enim
1218 4129 1445 4200 aliquid
1473 4142 1667 4201 magis
1699 4127 1785 4184 vel
1835 4139 2037 4184 minus
2085 4126 2287 4185 album
2341 4127 2676 4184 secundum

242 4204 495 4261 modum
525 4215 648 4273 quo
679 4201 741 4258 in
766 4214 839 4258 eo
869 4214 983 4272 sua
1008 4200 1221 4258 albedo
1252 4199 1639 4270 compleatur.
1665 4201 1956 4256 pensatur
1980 4197 2159 4255 etiam
2190 4197 2540 4270 magnitudo
2570 4198 2680 4255 vir-

241 4275 391 4331 tutis
421 4289 495 4330 ex
522 4269 937 4345 magnitudine
960 4271 1218 4330 actionis
1247 4270 1340 4327 vei
1367 4270 1676 4328 sactorum.
1711 4269 1927 4326 Harum
1960 4273 2159 4326 autem
2196 4268 2678 4342 magnitudinum
2753 4333 2758 4338 ,

244 4355 367 4402 una
396 4344 581 4401 aliam
613 4342 1023 4415 consequitur.
1053 4345 1199 4400 Nam
1230 4356 1305 4398 ex
1333 4340 1449 4397 boc
1478 4340 1612 4411 ipso
1641 4338 1799 4412 quod
1830 4338 2058 4410 aliquid
2087 4339 2150 4395 in
2190 4344 2325 4397 actu
2376 4345 2488 4407 est,
2526 4338 2672 4395 acti·

241 4425 380 4471 vum
412 4421 525 4472 est.
558 4413 897 4471 Secundum
922 4412 1107 4482 igitur
1135 4412 1380 4470 modum
1459 4424 1533 4468 uo
1566 4410 1627 4467 in
1657 4415 1792 4467 actu
1818 4421 1930 4466 suo
1960 4409 2311 4480 completur,
2346 4415 2436 4466 est
2461 4406 2678 4485 modus

246 4483 694 4560 magnitudinis
723 4496 850 4545 suae
876 4482 1114 4544 virtutis
1139 4500 1158 4554 ;
1184 4481 1360 4542 etsie
1384 4494 1446 4540 re
1473 4480 1744 4556 inquitur
1769 4487 1870 4539 res
1900 4478 2248 4554 spirituales
2273 4489 2527 4550 magnas
2557 4474 2676 4532 dici
