3076 5025
1103 308 1255 363 LIB.·
1275 307 1364 368 lv,
1406 306 1560 364 GAP.
1598 307 1774 364 wa.
2542 308 2640 365 601

218 435 416 486 tamen
447 442 555 499 per
593 427 839 485 modum
888 398 1256 508 praedictfim,
1288 434 1354 485 ut
1386 429 1612 487 scilicet
1640 429 1772 487 sola
1800 430 2103 502 quantitas
2140 429 2469 489 dimenslva
2505 429 2640 489 sine

219 498 490 570 subjecto
519 498 808 556 subsistat
825 502 886 553 et
912 512 1044 569 ipsa
1068 499 1204 556 aliis
1230 499 1636 557 accidentibus
1657 499 1912 571 praebeat
1938 505 2496 559 sustentamentum.
2520 503 2641 561 Nec

218 580 312 628 est
342 570 421 625 im
466 568 712 626 ossibile
734 567 894 641 quod
921 568 1217 637 accidens,
1260 570 1470 627 virtute
1510 570 1739 639 divina,
1759 570 2088 629 subsistere
2114 571 2306 642 possit
2344 571 2474 629 sine
2503 570 2642 629 sub-

211 640 394 712 jecto.
424 583 586 696 fdem
611 639 767 696 enim
800 645 891 697 est
912 639 1300 711 judicandum
1342 639 1413 696 de
1443 640 1831 711 productione
1862 654 2060 698 rerum
2106 647 2163 698 et
2211 640 2284 698 de
2329 654 2645 700 conserva-

213 710 381 767 tione
410 723 616 767 earum
645 710 707 766 in
736 722 892 767 esse.
925 710 1136 766 Divina
1164 718 1356 767 autem
1390 712 1578 770 virtus
1606 716 1804 792 potest
1838 711 2164 783 producere
2211 711 2459 770 effectus
2489 725 2636 785 qua-

214 794 611 851 rumcumque
658 793 975 837 causarum
1006 780 1403 838 secundarum
1429 781 1562 839 sine
1602 782 1749 853 ipsis
1776 783 2311 847 causis‘secundis,
2349 783 2507 840 sicut
2529 796 2637 855 po·

214 852 333 912 tuit
355 851 613 908 formare
645 851 949 908 hominem
979 850 1108 909 sine
1138 851 1364 909 semine
1394 856 1451 907 et
1497 866 1709 910 sanare
1740 851 1961 910 febrem
1991 853 2123 909 sine
2153 853 2502 922 operatione
2530 867 2635 911 na-

211 926 406 989 turae3
452 922 611 994 quod
654 920 871 979 accidit
911 927 1150 992 propter
1197 919 1551 979 infinitatem
1604 923 1840 980 virtutis
1881 922 2013 995 ejus
2060 928 2119 979 et
2160 926 2303 995 quia
2352 923 2635 983 omnibus

215 992 422 1052 causis
469 992 752 1048 secundis
795 991 1045 1063 largitur
1078 992 1351 1049 virtutem
1402 993 1654 1064 agendi;
1696 992 1855 1051 unde
1909 998 1969 1050 et
2021 992 2271 1051 effectus
2321 1007 2641 1053 causarum

215 1062 620 1121 secundarum
649 1075 1004 1119 conservare
1072 1067 1225 1119 otest
1256 1062 1318 1119 in
1340 1075 1475 1120 esse
1504 1064 1637 1122 sine
1651 1063 1852 1121 causis
1879 1064 2184 1122 secundis.
2212 1066 2277 1120 Et
2300 1064 2414 1121 boc
2435 1065 2638 1133 modo,

213 1133 278 1191 in
306 1134 425 1192 hoc
460 1139 854 1201 sacramentO,
887 1132 1011 1191 acci
1057 1146 1165 1190 ens
1195 1137 1509 1191 conservat
1552 1134 1614 1190 in
1647 1147 1801 1203 esse,
1850 1134 2085 1193 sublata
2128 1134 2465 1192 substantia
2546 1148 2637 1193 uae

214 1204 418 1333 {ipsum
441 1203 835 1284 conservabat
857 1203 1062 1284 {quod
1090 1203 1328 1284 quidem
1361 1204 1651 1275 praecipue
1700 1204 1816 1263 dici
1860 1209 2058 1277 potest
2093 1205 2164 1261 de
2206 1205 2519 1277 quantitati
2565 1217 2642 1263 us

258 1274 592 1342 imensivis,
623 1286 772 1345 quas
807 1280 984 1331 etiam
1033 1273 1321 1331 Platonici
1372 1279 1704 1346 posuerunt
1794 1288 1858 1332 er
1902 1288 1970 1334 se
2015 1274 2365 1343 subsistere,
2398 1279 2644 1346 propter

215 1344 332 1403 hoc
362 1344 524 1417 quod
553 1344 884 1402 secundum
923 1342 1292 1405 intellectum
1322 1349 1693 1416 separantur.
1781 1344 2101 1403 anitestum
2132 1352 2225 1403 est
2253 1351 2450 1403 autem
2523 1345 2643 1403 uod

216 1415 354 1487 plus
392 1420 591 1486 potest
620 1417 776 1472 Deus
805 1414 1199 1496 inooperando
1227 1429 1406 1497 quam
1438 1415 1777 1473 intellectus
1803 1415 1863 1473 in
1909 1415 2427 1488 apprehendendo.
2510 1415 2649 1474 abet

219 1491 417 1544 autem
459 1490 516 1542 et
544 1485 659 1543 hoc
703 1498 1008 1555 proprium
1056 1490 1355 1557 quantitas
1399 1485 1755 1548 dimensiva‚
1814 1485 1969 1543 inter
2014 1486 2342 1544 accidentia
2392 1486 2646 1559 reliqua,

221 1556 376 1629 quod
402 1555 533 1626 ipsa
562 1556 893 1614 secundum
921 1568 987 1612 se
1015 1554 1453 1625 individuatur;
1485 1556 1646 1629 quod
1672 1556 1807 1614 ideo
1836 1560 1928 1614 est
1954 1556 2097 1630 quia
2125 1557 2368 1628 positio,
2400 1570 2532 1629 quae
2553 1562 2651 1615 est

221 1627 368 1684 ordo
399 1626 656 1697 partium
687 1625 748 1682 in
769 1631 915 1694 tot0,
939 1626 1002 1682 in
1029 1625 1159 1696 ejus
1188 1627 1417 1684 ratione
1448 1626 1812 1696 includitur3
1843 1632 1937 1685 est
1962 1627 2123 1684 enim
2153 1627 2454 1699 quantitas
2484 1627 2646 1699 posi-

215 1696 445 1755 tionem
468 1695 719 1754 babenS.
762 1696 1005 1754 Ubicum
1054 1710 1126 1753 ue
1156 1702 1352 1755 autem
1385 1697 1739 1769 intelligitur
1758 1697 2072 1756 diversitas
2094 1698 2350 1769 partium
2376 1698 2646 1768 ejusdem

215 1768 463 1849 speciei,
495 1780 745 1825 necesse
773 1772 865 1824 est
891 1766 1013 1823 inte
1062 1765 1144 1839 igi
1187 1766 1754 1835 individuationem3
1807 1781 1944 1825 nam
1975 1782 2107 1840 quae
2140 1773 2280 1825 sunt
2306 1769 2484 1825 unius
2509 1779 2645 1840 spe-

217 1839 332 1896 ciei
363 1851 488 1895 non
519 1837 687 1895 multi
735 1836 992 1893 licentur
1013 1837 1131 1894 nisi
1163 1837 1493 1894 secundum
1520 1838 1892 1895 individuum
1921 1857 1935 1907 ;
1966 1845 2025 1895 et
2049 1837 2186 1895 inde
2216 1843 2307 1896 est
2337 1837 2497 1920 quod
2520 1850 2647 1898 non

213 1912 477 1981 possunt
507 1922 684 1979 appre
732 1907 868 1964 endi
895 1906 1097 1964 multae
1125 1907 1453 1975 albedines,
1486 1908 1604 1966 nisi
1637 1908 1966 1967 secundum
1998 1908 2159 1983 quod
2189 1914 2419 1966 suntin
2458 1908 2647 1966 diver-

211 1980 304 2038 sis
329 1978 618 2049 subjectis
642 1996 657 2046 ;
687 1981 946 2057 possunt
970 1982 1167 2034 autem
1198 1979 1560 2048 apprehendi
1596 1978 1799 2037 multae
1829 1979 2022 2045 lineae,
2051 1979 2284 2037 etiamsi
2312 1978 2646 2037 secundum

212 2063 284 2109 se
314 2048 807 2107 considerentur·
842 2048 1115 2106 diversus
1144 2049 1303 2105 enim
1333 2049 1621 2121 situs,qui
1644 2064 1749 2121 per
1768 2062 1833 2107 se
1851 2050 2219 2118 lineaeinest,
2239 2049 2308 2107 ad
2335 2049 2645 2119 pluralita-

209 2126 335 2201 tem
367 2119 657 2177 linearum
703 2092 1168 2199 sufficiensest.
1221 2121 1489 2201 &linqui-a·
1519 2120 1652 2178 sola
1697 2114 2002 2200 quantitas
2045 2118 2379 2178 dimensiva
2429 2118 2500 2201 de
2546 2120 2646 2178 sui

210 2196 450 2249 ratione
474 2189 653 2247 babet
679 2188 835 2247 unde
866 2188 1280 2260 multiplicatio
1309 2190 1750 2249 individuorum
1778 2204 1842 2247 in
1873 2190 2079 2248 eadem
2109 2192 2308 2261 specie
2334 2195 2526 2262 possit
2554 2203 2652 2249 ac·

213 2261 440 2330 cidere,
468 2260 664 2341 prima
690 2260 858 2317 radix
889 2259 1233 2332 hujusmodi
1265 2260 1431 2317 multi
1483 2261 1783 2318 licationis
1822 2275 1895 2319 ex
1924 2260 2296 2318 dimensione
2325 2275 2461 2319 esse
2490 2259 2648 2319 vide·

213 2337 349 2400 tur3
382 2346 523 2403 quia
552 2336 609 2386 et
637 2330 695 2388 in
720 2344 935 2403 genere
975 2330 1323 2388 substantiae
1339 2344 1438 2387 mu
1467 2332 1753 2402 tiplicatio
1773 2329 1837 2387 {it
1856 2332 2186 2388 secundum
2209 2331 2646 2389 dimensionem

215 2402 507 2469 materiae,
539 2414 670 2472 quae
701 2413 810 2458 nec
838 2399 1092 2472 intelligi
1122 2406 1327 2471 posset
1371 2402 1488 2458 nisi
1534 2401 1863 2458 secundum
1910 2401 2070 2471 quod
2121 2401 2368 2457 materia
2414 2400 2527 2458 sub
2560 2399 2648 2458 di-

213 2471 640 2531 mensionibus
687 2470 1142 2540 consideratur;
1189 2483 1349 2535 nam,
1402 2475 1631 2528 remota
1680 2469 2028 2542 quantitate,
2078 2470 2412 2528 substantia
2443 2470 2645 2531 omnis

211 2542 604 2601 indivisibilis
638 2548 748 2611 est,
775 2547 838 2599 ut
870 2546 1028 2612 patet
1073 2554 1179 2611 per
1224 2541 1655 2610 Philosophum
1707 2539 1988 2612 (Physic.,
2018 2553 2060 2608 1,
2091 2545 2230 2598 text.
2278 2553 2496 2597 comm.
2531 2539 2643 2614 ¹5).

211 2614 596 2672 Manifestum
624 2618 714 2671 est
743 2616 940 2669 autem
969 2609 1148 2682 quod,
1181 2610 1242 2667 in
1274 2611 1405 2668 aliis
1435 2610 1758 2683 generibus
1787 2610 2204 2674 accidentium,
2238 2611 2642 2682 multiplican-

211 2689 315 2743 tur
339 2684 646 2742 individua
674 2682 938 2753 ejusdem
967 2680 1186 2751 speciei
1218 2695 1290 2738 ex
1321 2686 1483 2750 parte
1528 2679 1800 2754 subjecti.
1832 2683 1897 2737 Et
1940 2681 2027 2738 sic
2073 2680 2429 2752 relinquitur
2459 2681 2643 2753 quod,

215 2769 404 2828 quum
435 2755 498 2811 in
529 2752 869 2825 hujusmodi
902 2756 1275 2809 sacramento
1324 2763 1618 2822 ponamus
1648 2750 2053 2809 dimensiones
2084 2765 2189 2822 per
2218 2763 2284 2808 se
2314 2751 2643 2809 subsistere

217 2830 279 2884 et
304 2824 421 2883 alia
449 2823 780 2882 accidentia
806 2823 869 2879 in
899 2822 987 2881 eis
1016 2821 1171 2879 sicut
1197 2823 1259 2879 in
1296 2822 1564 2893 subjecto
1592 2821 1852 2901 fundari,
1882 2834 2005 2878 non
2036 2825 2410 2901 oportet-nos
2440 2821 2639 2902 dicere

261 2895 381 2953 uod
414 2894 743 2952 accidentia
767 2891 1110 2972 hujusmodi
1142 2891 1513 2951 individuata
1540 2905 1664 2951 non
1692 2897 1815 2951 sint
1841 2909 1858 2962 ;
1886 2898 2156 2952 remanet
2195 2904 2354 2951 enim
2381 2893 2447 2949 in
2484 2892 2636 2963 ipsis

213 2911 701 3024 dimensionibus
731 2963 1225 3021 individuationis
1254 2962 1443 3021 radix.

1188 3179 1442 3245 CAPUT
1479 3178 1685 3247 LXVI.

308 3361 548 3411 somno
584 3360 785 3406 EORUM
820 3359 951 3412 011AE
989 3354 1443 3403 OBJIGJEBANTUR
1474 3354 1555 3403 Ex
1587 3354 1780 3401 PARTE
1814 3353 2081 3403 Ac'rtoms
2117 3355 2193 3401 m·
2227 3352 2549 3402 Passloms.

292 3527 395 3584 His
423 3530 620 3585 autem
662 3525 1078 3593 considera‘tiS,
1106 3537 1239 3597 quae
1267 3521 1341 3580 ad
1369 3527 1642 3596 quartam
1669 3520 2076 3580 difficultatem
2106 3522 2401 3593 pertinent
2438 3518 2641 3601 consi-

215 3596 481 3656 deranda
511 3600 684 3666 sunt;
716 3597 870 3654 circa
890 3609 1021 3668 quae
1042 3593 1262 3666 aliquid
1291 3598 1381 3651 est
1411 3592 1568 3664 quod
1596 3592 1668 3649 de
1692 3592 1851 3650 facili
1881 3592 2141 3663 expediri
2169 3599 2386 3663 potest,
2421 3590 2645 3663 aliquid

179 3669 186 3700 z
219 3673 422 3726 autem
451 3667 611 3739 quod
644 3667 928 3738 majorem
955 3664 1362 3722 difficultatem
1395 3662 1722 3732 praetendit.

169 3731 187 3804 ‚2
294 3737 463 3806 Quod
521 3738 677 3795 enim
719 3738 780 3794 in
826 3741 1202 3796 sacramento
1248 3734 1469 3791 eaedem
1514 3734 1783 3791 actiones
1831 3740 2153 3806 appareant
2194 3748 2325 3806 quae
2369 3732 2534 3805 prius
2577 3731 2646 3789 in

164 3839 170 3856 ι
218 3809 555 3869 substantia
582 3807 754 3880 panis
774 3811 833 3865 et
852 3806 973 3863 vini
997 3803 1376 3878 apparebant,
1401 3810 1545 3874 puta
1562 3804 1723 3875 quod
1748 3804 2023 3862 similiter
2041 3805 2353 3861 immutent
2372 3815 2645 3873 sensum,

177 3877 183 3880 ’
215 3878 498 3939 similiter
543 3879 717 3936 etiam
768 3877 1017 3935 alterent
1057 3888 1255 3934 aerem
1297 3875 1778 3954 circumstantem
1805 3875 1899 3931 vel
1929 3874 2232 3957 quodlibet
2267 3873 2428 3955 aliud
2460 3873 2648 3931 odore

217 3956 326 4010 aut
354 3948 577 4018 colore,
609 3948 759 4007 satis
787 3947 1153 4006 conveniens
1180 3945 1410 4002 videtur
1448 3959 1520 4000 ex
1562 3944 1656 4002 bis
1681 3958 1813 4016 quae
1844 3950 2043 4017 posita
2083 3948 2243 4003 sunt.
2279 3946 2505 4001 Dictum
2553 3947 2647 4002 est

177 4021 182 4026 ’
217 4021 386 4079 enim
417 4019 492 4091 (c.
524 4020 613 4093 63)
659 4018 817 4092 quod
847 4019 910 4074 in
953 4018 1065 4075 boc
1104 4020 1477 4074 sacramento
1508 4021 1817 4072 remanent
1858 4015 2186 4073 accidentia
2214 4015 2388 4086 panis
2415 4020 2474 4071 et
2498 4013 2643 4084 vini,

217 4091 381 4148 inter
407 4105 539 4164 quae
569 4094 709 4148 sunt
740 4089 1054 4161 qualitates
1092 4086 1429 4147 sensibiles,
1458 4099 1590 4157 quae
1621 4091 1760 4143 sunt
1786 4085 2130 4157 hujusmodi
2161 4085 2460 4142 actionum
2490 4086 2649 4156 prin·

221 4159 401 4232 cipia.
430 4191 500 4203 —
527 4163 778 4228 RursuS,
804 4160 964 4217 circa
990 4158 1308 4230 passiones
1335 4156 1590 4226 aliquas,
1622 4161 1765 4227 puta
1788 4169 1921 4237 quae
1951 4154 2102 4212 fiunt
2130 4156 2460 4213 secundum
2501 4157 2646 4213 alte-

217 4231 487 4289 rationes
519 4230 864 4303 hujusmodi
898 4229 1463 4307 accidentium-non
1510 4239 1728 4306 magna
1756 4232 1931 4307 etiam
1972 4224 2293 4306 difficultas
2321 4227 2559 4292 accidit,
2590 4224 2645 4306 si

217 4302 536 4385 praemissa
559 4315 671 4372 sup
714 4305 991 4358 onantur.
1023 4300 1216 4367 Quum
1244 4311 1402 4354 emm
1444 4309 1815 4367 praemissum
1854 4301 1935 4353 sit
1980 4296 2140 4369 quod
2171 4297 2288 4353 alia
2317 4296 2649 4354 accidentia

218 4387 285 4431 in
315 4372 674 4430 dimensioni
723 4384 792 4428 us
824 4369 1150 4427 fundantur
1178 4368 1333 4426 sicut
1361 4368 1421 4422 in
1456 4368 1747 4439 subject0,
1784 4380 1886 4435 per
1911 4367 2186 4423 eumdem
2222 4367 2460 4424 modum
2486 4366 2648 4421 circa

219 4442 572 4515 hujusmodi
618 4442 951 4513 subjectum
996 4439 1265 4497 alteratio
1305 4438 1564 4496 aliorum
1608 4435 2003 4496 accidentium
2048 4436 2415 4497 considerari
2452 4434 2652 4505 potest
