3076 5025
508 237 615 293 636
1429 229 1565 284 Ltss.
1605 228 1697 295 IV,
1735 227 1888 284 CAP.
1924 228 2030 284 XC.

511 354 742 413 ratione
768 353 1024 420 alicujus
1052 349 1511 411 contrarietatis,
1546 349 1705 406 sicut
1730 363 1984 421 corpora
2008 354 2147 421 post
2169 349 2672 408 resurrectionem
2711 351 2917 422 patien-

508 431 642 494 tur;
673 425 816 496 quia
856 422 1206 480 substantiae
1240 421 1609 491 incorporeae
1654 434 1886 491 organa
1924 434 2213 478 sensuum
2268 434 2386 477 non
2440 421 2685 489 liabent,
2747 434 2911 494 neque

510 495 791 577 potentiis
821 492 1128 550 sensitivis
1159 496 1425 549 utuntur.
1459 489 1769 547 patiuntur
1792 491 1977 563 igitur
2003 491 2076 548 ab
2105 491 2245 564 igne
2275 503 2566 562 corporeo
2588 492 2912 551 substantie

507 577 874 635 incorporem
916 577 1020 634 per
1065 560 1309 620 modum
1359 560 1728 632 alligationis
1771 561 2109 633 cujusdam.
2172 563 2438 642 Possunt
2491 562 2655 643 enim
2713 563 2920 634 alligari

508 649 539 694 s
583 635 757 692 iritus
787 632 1138 704 corporibus
1169 631 1262 689 vel
1288 645 1395 703 per
1421 631 1664 688 modum
1702 631 1928 701 formae,
1979 632 2136 689 sicut
2160 645 2364 689 anima
2409 644 2648 702 corpori
2678 630 2921 714 humano

508 719 546 764 a
569 706 804 775 ligatur,
834 711 901 761 ut
927 704 1027 761 det
1053 703 1108 760 ei
1132 701 1315 759 vitam
1338 720 1354 771 ς
1379 702 1471 758 vel
1501 702 1681 759 etiain
1711 702 1938 783 absque
1959 703 2074 761 hoc
2100 702 2260 774 quod
2288 704 2372 783 sit
2392 701 2538 784 ejus·
2555 703 2924 784 forma‚sicut

507 774 936 833 necromantici
1006 773 1222 830 virtute
1293 771 1634 830 daemonum
1705 773 1954 843 spiritus
2025 773 2277 854 alligant
2358 774 2724 853 imaginibus
2754 816 2771 843 ‚
2830 779 2921 855 ant

509 844 853 917 hujusmodi
900 843 1100 901 rebus.
1148 843 1330 900 Multo
1372 843 1555 915 igitur
1604 845 1799 916 magis
1848 843 2061 902 virtute
2090 844 2291 901 divina
2335 850 2587 913 spiritus
2618 844 2921 901 damnandi

506 916 631 988 igni
673 929 962 986 corporeo
986 913 1228 995 alligari·
1248 918 1502 995 possunt
1533 931 1550 970 ε
1582 919 1641 996 et
1672 915 1785 972 hoc
1809 915 2008 985 ipsum
2037 919 2131 974 est
2153 914 2244 972 eis
2271 915 2336 971 in
2362 912 2750 972 afflictionem
2780 915 2923 988 quod

511 986 714 1043 sciunt
742 999 808 1043 se
838 985 1016 1043 rebus
1041 983 1267 1042 intimis
1294 984 1575 1057 alligatos
1604 998 1663 1041 in
1696 998 1953 1055 poenam.

583 1058 685 1112 Est
740 1057 915 1113 etiam
975 1055 1338 1113 conveniens
1392 1054 1550 1127 quod
1624 1054 1885 1113 damnati
1956 1054 2205 1127 spiritus
2258 1054 2458 1126 poenis
2527 1056 2925 1128 corporalibus

508 1128 854 1198 puniantur.
887 1127 1072 1184 Omne
1103 1125 1260 1182 enim
1289 1130 1600 1194 peccatum
1628 1126 1939 1185 rationalis
1967 1132 2253 1207 creaturae
2279 1126 2496 1207 eii-hoc
2524 1132 2618 1183 est
2646 1127 2801 1198 quod
2818 1130 2925 1184 Deo

514 1196 847 1255 obediendo
903 1209 1026 1254 non
1084 1195 1378 1253 subditur.
1444 1198 1627 1252 Poena
1691 1200 1886 1254 autem
1944 1198 2470 1268 proportionaliter
2519 1196 2700 1254 debet
2749 1199 2924 1267 culpae
3012 1238 3013 1247 l

511 1267 892 1338 respondere,
919 1274 984 1325 ut
1005 1267 1281 1323 voluntas
1312 1279 1413 1347 per
1449 1278 1683 1337 poenam
1715 1267 1776 1322 in
1807 1268 2108 1325 contrario
2137 1266 2267 1339 eius
2295 1265 2600 1347 affligatur
2620 1269 2787 1349 ‘quod
2814 1268 2928 1349 dili3
3012 1320 3013 1323 ,

514 1337 710 1410 gendo
762 1337 1046 1408 peccavit.
1098 1339 1197 1394 Est
1244 1336 1427 1405 igitur
1463 1337 1832 1395 conveniens
1869 1351 2046 1409 poena
2087 1343 2315 1396 naturae
2352 1338 2635 1395 rationali
2662 1345 2927 1410 peccanti
3012 1368 3013 1375 ι

511 1413 576 1466 ut
599 1407 809 1534 b{labus
865 1422 930 1465 se
975 1406 1382 1475 inferioribus,
1427 1406 1657 1464 scilicet
1710 1409 2147 1479 corporalibus,
2199 1408 2648 1480 quodammodo
2703 1410 2927 1482 alligata

518 1489 590 1535 su
678 1482 826 1535 atur.

579 1550 733 1615 Ιιεηι,
767 1553 1007 1617 peccato
1031 1546 1189 1619 quod
1223 1547 1286 1603 in'
1329 1550 1511 1604 Deum
1559 1549 1950 1607 committitur
1981 1562 2103 1607 nou
2134 1548 2333 1607 solum
2365 1562 2543 1618 poena
2584 1550 2807 1619 damni,
2830 1549 2929 1608 sed

511 1618 685 1678 ctiam
721 1632 895 1689 poena
933 1630 1153 1676 sensus
1189 1617 1455 1680 debetur,
1493 1619 1645 1674 utin
1676 1620 1848 1677 tertio
1899 1620 2052 1677 libro
2095 1620 2246 1691 (cap.
2297 1620 2418 1689 ¹45)
2450 1625 2763 1679 ostensum
2808 1626 2927 1701 est;

510 1701 689 1761 poena
718 1690 878 1746 enim
908 1701 1128 1746 sensus
1156 1688 1478 1758 respondet
1518 1689 1710 1759 culpae
1759 1695 2047 1761 qnantum
2097 1690 2170 1748 ad
2209 1690 2671 1749 conversionem
2722 1691 2927 1749 inordi-

512 1765 712 1817 natam
762 1759 836 1816 ad
886 1758 1310 1816 commutabile
1364 1758 1614 1827 bonum,
1674 1760 1830 1816 sicut
1875 1775 2053 1832 poena
2100 1759 2301 1818 damni
2365 1761 2692 1832 respondet
2753 1763 2927 1833 culpae

513 1835 800 1901 quantum
878 1829 950 1887 ad
1017 1829 1390 1886 aversionem
1456 1828 1530 1885 ab
1602 1829 2076 1889 incommutabili
2136 1831 2317 1889 bono.
2385 1832 2673 1890 creatura
2748 1839 2929 1890 autem
3012 1850 3013 1867 ι

512 1900 858 1969 rationalis,
915 1905 974 1956 et
1041 1900 1334 1969 praecipue
1401 1898 1666 1955 humana
1719 1902 1917 1958 anima
1940 1944 1956 1970 ,
2015 1907 2257 1972 peccat,
2328 1902 2669 1960 inordinate
2734 1917 2799 1962 se
2862 1903 2931 1961 ad
3012 1940 3013 1979 q

515 1970 854 2095 cffiporalia
894 1969 1316 2027 convertendo.
1362 1971 1513 2041 Ergo
1559 1972 1923 2030 conveniens
1963 1986 2141 2043 poena
2194 1976 2288 2029 est
2334 1978 2401 2029 ut
2450 1986 2560 2045 per
2610 1974 2932 2046 corporalia

513 2050 548 2095 a
622 2043 632 2093 i
683 2045 832 2095 atur.

581 2054 867 2177 Pigaeterea,
899 2109 950 2166 si
980 2122 1158 2179 poena
1180 2108 1462 2168 afflictiva
1493 2118 1738 2181 peccato
1767 2111 2034 2182 debetur,
2054 2127 2232 2186 quam
2249 2113 2507 2172 dicimus
2577 2129 2783 2172 uenam
2809 2126 2930 2173 sen-

510 2190 641 2247 sus·‚
678 2180 825 2235 utin
859 2180 1031 2235 tertio
1076 2178 1228 2236 libro
1274 2180 1425 2250 (cap.
1464 2180 1585 2251 ¹45)
1617 2188 1928 2240 ostensum
1972 2190 2085 2249 est,
2120 2188 2353 2253 oportet
2394 2199 2515 2256 quo
2584 2200 2658 2242 ex
2690 2186 2796 2243 illo
2820 2185 2931 2243 bac
3012 2188 3013 2203 ¹

511 2261 690 2328 poena
718 2249 1024 2319 proveniat
1051 2249 1209 2321 quod
1241 2255 1439 2319 potest
1465 2250 1846 2309 afflictionem
1874 2253 2116 2311 inferre.
2140 2255 2295 2311 Nihil
2326 2259 2527 2312 autem
2555 2255 2929 2314 afflictionem

509 2317 707 2380 infert,
744 2319 858 2375 nisi
885 2319 1235 2390 inquantum
1270 2325 1362 2377 est
1387 2324 1753 2378 contrarium
1800 2323 2109 2381 voluntati.
2140 2327 2273 2382 Non
2314 2330 2408 2382 est
2454 2332 2661 2383 autem
2709 2333 2930 2384 contra-

514 2388 665 2445 rium
699 2388 953 2444 naturali
976 2388 1263 2445 voluntati
1288 2389 1601 2448 rationalis
1633 2398 1856 2450 naturae
1881 2395 2042 2465 quod
2071 2396 2365 2466 spirituali
2415 2397 2775 2455 substantiae
2802 2411 2935 2456 con·

506 2458 814 2530 jungatur,
848 2458 1116 2531 quinimo
1161 2459 1276 2518 hoc
1321 2465 1415 2518 est
1451 2461 1800 2520 delectabile
1846 2464 1899 2521 ei
1933 2469 1992 2522 et
2033 2465 2104 2524 ad
2135 2465 2267 2536 ejus
2310 2467 2739 2537 perfectionem
2770 2468 2934 2540 perti·

509 2542 664 2586 nens
693 2547 708 2586 ι
741 2538 830 2587 est
860 2531 1017 2586 enim
1049 2531 1358 2601 conjuntio
1380 2531 1596 2591 similis
1624 2534 1696 2590 ad
1731 2535 1926 2592 simile
1951 2542 2010 2594 et
2037 2537 2429 2617 intelligibilis
2446 2538 2520 2596 ad
2550 2538 2932 2604 intellectum,

508 2612 651 2656 nam
676 2600 876 2658 omnis
901 2601 1238 2658 substantia
1266 2602 1594 2672 spiritualis
1619 2605 1947 2662 secundum
1971 2620 2037 2665 se
2068 2607 2462 2680 intelligibilis
2482 2616 2597 2667 est.
2618 2611 2723 2668 Est
2750 2617 2936 2668 autem

512 2670 878 2727 contrarium
906 2670 1158 2728 naturali
1191 2671 1477 2729 voluntati
1506 2675 1838 2743 spiritualis
1874 2677 2223 2736 substantiae
2251 2684 2315 2735 ut
2343 2682 2580 2750 corpori
2626 2681 2931 2749 subdatur,

511 2752 548 2795 a
570 2753 690 2811 quo
720 2741 1049 2798 secundum
1082 2741 1350 2799 ordinem
1391 2755 1515 2800 suae
1546 2750 1771 2804 naturae
1804 2746 1990 2804 libera
2016 2761 2150 2805 esse
2201 2748 2392 2807 debet.
2426 2751 2807 2809 Conveniens
2832 2751 2935 2824 igi·

509 2811 607 2866 tur
635 2814 726 2866 est
757 2818 820 2866 ut
843 2810 1179 2868 substantia
1205 2812 1532 2882 spiritualis
1562 2829 1664 2884 per
1691 2817 2027 2887 corporalia
2055 2818 2350 2890 puniatur.

580 2879 728 2958 Hinc
756 2882 927 2938 etiam
959 2886 1206 2952 apparet
1231 2882 1412 2963 quod,
1448 2883 1585 2941 licet
1609 2887 1936 2957 corporalia
1971 2903 2101 2960 quae
2131 2889 2201 2946 de
2233 2890 2496 2961 praemiis
2530 2891 2849 2952 beatorum
2876 2893 2932 2949 in

508 2947 825 3030 scripturis
855 2951 1134 3030 leguntur
1169 2953 1553 3023 spiritualiter
1608 2956 2043 3030 intelliguntur,
2075 2959 2229 3017 sicut
2268 2961 2489 3018 dictum
2540 2969 2635 3020 est
2685 2964 2763 3021 de
2812 2975 2933 3035 pro-

506 3031 797 3098 missione
828 3021 1095 3078 ciborum
1126 3028 1185 3078 et
1209 3030 1491 3093 potuum;
1522 3027 1794 3097 quaedam
1822 3032 2021 3086 tamen
2073 3031 2407 3101 corporalia
2452 3047 2585 3105 quae
2636 3034 2930 3105 Scriptura

506 3089 893 3160 peccantibus
939 3092 1339 3150 comminatur
1378 3094 1438 3150 in
1483 3109 1718 3165 poenam
1781 3099 2166 3170 corporaliter
2226 3107 2370 3159 sunt
2415 3102 2837 3177 intelligenda,
2879 3109 2933 3161 et
3012 3129 3013 3132 ¹

506 3160 676 3230 quasi
708 3161 940 3240 proprie
955 3162 1147 3241 dicta.
1173 3165 1304 3243 Non
1335 3165 1492 3221 enim
1524 3173 1614 3224 est
1663 3171 2030 3228 conveniens
2072 3171 2233 3243 quod
2276 3176 2489 3230 natura
2531 3175 2810 3245 superior
2834 3188 2932 3245 per

511 3242 682 3287 usum
705 3230 1004 3289 inferioris
1029 3239 1383 3302 praemletut·‚
1416 3236 1520 3293 sed
1554 3239 1747 3310 magis
1779 3253 1880 3309 per
1922 3241 2036 3298 hoc
2084 3241 2245 3313 quod
2294 3243 2589 3314 superiori
2622 3246 2844 3318 conjun
2891 3245 2929 3285 ’·
3012 3257 3013 3278 l

506 3304 603 3378 tur
625 3318 645 3379 ;⁴
674 3301 913 3371 punitur
939 3309 1136 3359 autem
1167 3305 1591 3383 convenienter
1621 3315 1831 3366 natura
1858 3311 2132 3381 superior
2150 3326 2256 3383 ρει·
2277 3312 2394 3371 hoc
2421 3315 2581 3387 quod
2614 3331 2756 3373 cum
2793 3258 2903 3373 in?¹

506 3372 764 3427 rioribus
795 3372 1128 3452 deputatur.
1153 3372 1302 3454 Nihil
1335 3380 1531 3433 tamen
1565 3378 1835 3449 prohibet
1880 3382 2151 3453 quaedam
2191 3384 2369 3440 etiam
2417 3399 2551 3465 quae
2580 3385 2654 3443 de
2702 3387 2931 3444 damna·

502 3443 698 3496 torum
739 3454 930 3511 poenis
958 3456 1016 3522 ιη
1049 3444 1366 3525 scripturis
1391 3446 1548 3504 dicta
1578 3451 1968 3520 corporaliter
1995 3453 2275 3525 leguntur
2302 3455 2695 3525 spiritualiter
2725 3456 2923 3527 accipi.

505 3513 562 3565 et
601 3511 760 3566 velut
791 3527 892 3581 per
937 3513 1380 3573 similitudinem
1434 3517 1635 3586 dicta;
1684 3520 1839 3577 sicut
1881 3521 2116 3591 dicitur,
2161 3525 2332 3582 Isaiae
2386 3525 2516 3594 ult.‚
2564 3531 2685 3583 24:
2731 3530 2927 3585 Vei-mis

500 3592 680 3635 eorum
708 3596 816 3636 non
843 3586 1100 3663 morietur
1117 3601 1149 3664 ς·
1161 3589 1362 3664 potest
1387 3588 1547 3645 enim
1580 3603 1685 3661 per
1717 3606 1972 3650 vermem
2010 3592 2263 3666 intelligi
2293 3597 2681 3655 conscientiae
2710 3610 2925 3656 remor·

504 3661 632 3717 sus,
658 3665 776 3722 quo
802 3659 1171 3734 etiamimpii
1205 3657 1656 3730 torquebuntur.
1690 3664 1818 3719 Non
1864 3663 2021 3721 enim
2051 3670 2145 3723 est
2186 3666 2474 3736 possibile
2513 3668 2675 3739 quod
2728 3681 2921 3739 corpo—

503 3731 642 3777 reus
674 3736 886 3779 vermis
915 3725 1280 3804 spiritualem
1311 3729 1590 3808 corrodat
1616 3733 2031 3803 substantiam,
2065 3748 2256 3808 neque
2283 3736 2460 3794 etiam
2490 3751 2752 3808 corpora
2780 3739 2925 3797 dam-

501 3793 797 3872 natorum,
841 3806 972 3865 quae
1019 3798 1490 3868 incorruptibilia
1528 3809 1721 3859 erunt.
1775 3806 1971 3863 Fletus
2018 3805 2196 3862 etiam
2240 3811 2298 3863 et
2327 3807 2549 3865 stridor
2578 3809 2848 3868 dentium
2868 3809 2925 3866 in

500 3863 907 3942 spiritualibus
935 3863 1287 3923 substantiIs
1317 3870 1560 3928 nonnisi
1591 3873 1989 3943 metaphorice
2027 3876 2279 3958 intelligi
2324 3885 2579 3948 possunt
2606 3898 2622 3949 ;
2655 3879 2921 3953 quamvis

498 3943 559 4010 iii
592 3933 939 4013 eoi-poribus
970 3934 1382 4015 damnatorum
1413 3948 1552 4011 post
1579 3945 2074 4004 resurrectionem
2125 3948 2273 4004 niliil
2306 3948 2619 4018 prohibeat
2662 3963 2923 4023 corpora·

496 3997 630 4056 liter
655 4018 729 4083 ea
751 4004 999 4084 intelligi
1025 4022 1040 4073 ;
1071 4006 1377 4087 itatamen
1403 4011 1563 4092 qnod
1594 4027 1699 4083 per
1724 4013 1928 4073 fletum
1959 4029 2081 4074 non
2116 4017 2490 4091 intelligatur
2535 4019 2917 4094 lacrymarum

497 4065 791 4140 deductio,
823 4090 965 4145 quia
992 4075 1066 4132 ab
1094 4076 1220 4134 illis
1251 4082 1605 4150 corporibus
1644 4085 1811 4142 nulla
1844 4087 2134 4145 resolutio
2162 4087 2289 4145 fieri
2323 4095 2517 4159 potest
2544 4108 2560 4156 3
2592 4094 2704 4149 sed
2734 4093 2915 4151 solum

495 4135 676 4267 381ng
712 4144 941 4213 cordis,
992 4147 1366 4207 conturbatio
1412 4152 1758 4226 oculorum,
1788 4160 1850 4214 et
1893 4157 2134 4229 capitis,
2177 4165 2358 4229 prout
2398 4159 2462 4217 in
2512 4159 2761 4223 fletibus
2799 4174 2915 4221 esse
